3966 6334
572 368 718 429 1085

1570 368 1630 425 s.
1669 365 1932 425 nemon
1970 361 2464 425 LUGDIJNENSIS
2501 363 2805 426 Episcopi
3648 384 3744 444 ιω

538 520 542 526 -
572 488 849 545 neminem
867 496 1074 553 natum,
1096 486 1201 543 nisi
1244 482 1593 543 damnatione
1621 483 1874 551 detineri,
1902 492 1958 540 et
1985 483 2159 539 nemid
2181 488 2233 548 Α
2330 484 2461 553 Quae
2497 484 2682 540 omnia
2710 498 2776 540 ex
2826 483 3259 543 tidelisstmorum
3311 497 3363 545 et
3408 492 3749 565 clarissimorum

574 597 721 648 nem,
768 580 873 638 nisi
932 580 987 637 in
1041 578 1256 638 Christo
1301 587 1573 645 renatum,
1619 594 1651 633 a
1700 576 2046 635 damnatione
2086 576 2153 632 li-

574 672 805 748 berari.]

643 769 775 824 item
802 768 937 841 (cap.
960 766 1052 838 94)
1083 786 1098 822 :
1156 766 1623 841 [Remanentibus
1647 765 1829 837 itaque
1853 764 2062 835 angelis
2099 773 2157 820 et

538 859 883 915 'bominibus
929 860 1177 931 reprobis
1227 860 1282 914 in
1312 869 1517 915 aeterna
1568 873 1751 930 poena,
1802 865 1932 915 tunc
1981 856 2156 913 sancti

538 950 743 1007 ’scient
778 950 986 1022 plenius
1030 951 1160 1023 quid
1195 951 1323 1007 boni
1372 951 1453 1006 eis
1500 950 1728 1006 contulit
1757 951 1955 1023 gratia.
2004 947 2155 1004 Tunc

530 1058 539 1063 ’
564 1043 732 1107 rebus
762 1043 892 1115 ipsis
912 1042 1213 1099 evidentius
1235 1042 1512 1113 apparebit
1534 1043 1676 1112 quod
1700 1043 1751 1097 in
1776 1041 1988 1113 psalmo
2022 1041 2155 1097 scri-

529 1140 541 1154 ’
568 1141 719 1205 ptum
747 1143 832 1189 est
857 1152 870 1189 :
902 1154 922 1187 ί
958 1133 1382 1190 Misericordiam
1414 1140 1469 1188 et
1489 1133 1753 1204 judicium
1779 1133 2011 1188 cantabo
2034 1132 2151 1198 tibi,

534 1242 541 1249 '
567 1225 796 1282 Domine
824 1226 999 1298 (Psal.
1020 1242 1075 1291 c,
1103 1228 1192 1297 l):
1224 1247 1240 1277 ›
1272 1227 1399 1296 quia
1430 1226 1535 1280 nisi
1567 1240 1664 1296 per
1687 1225 1979 1280 indebitam
2008 1243 2026 1276 t
2059 1224 2155 1279 mi-

567 1316 923 1372 sericordiam
964 1337 981 1369 ι
1016 1333 1175 1372 nemo
1200 1317 1501 1382 liberatur;
1544 1325 1602 1371 et
1648 1315 1752 1371 nisi
1790 1329 1888 1385 per
1913 1315 2152 1371 debitum

532 1429 545 1439 ε
572 1409 875 1479 «judicium
906 1431 926 1463 ι
961 1426 1122 1466 nemo
1149 1408 1501 1484 damuatur.]

638 1501 768 1557 item
792 1503 927 1575 (cap.
956 1503 1049 1573 98)
1078 1521 1090 1556 :
1140 1502 1502 1576 [Universum
1542 1518 1711 1576 genus
1740 1502 2018 1558 hominum
2044 1511 2153 1557 tam

559 1591 709 1662 justo
727 1593 931 1662 judicio
954 1594 1217 1650 divinoin
1244 1594 1541 1664 apostatica
1596 1594 1778 1650 radice
1817 1592 2152 1660 damnatum,

534 1716 541 1723 ο
565 1690 625 1736 ut
655 1683 867 1737 etiamsi
888 1683 1070 1739 nullus
1092 1684 1216 1738 inde
1238 1684 1581 1750 liberaretur,
1608 1700 1767 1739 nemo
1793 1694 1943 1740 recte
1970 1691 2155 1755 posset

568 1774 661 1830 Dei
692 1775 1000 1843 vituperare
1022 1777 1313 1847 justitiam.
1342 1777 1405 1831 Et
1430 1778 1518 1847 qui
1552 1777 1867 1843 liberantur,
1895 1778 1975 1833 sic
1996 1792 2156 1848 opor-

2259 574 2482 634 Patrum
2504 576 2965 647 disputationibus
2997 587 3231 649 sumpta,
3261 582 3318 637 et
3345 589 3484 639 tanta
3513 586 3749 655 divinonm

2260 667 2714 735 testimoniorum,
2769 677 2934 741 atque
2984 669 3501 731 evidentissimarum
3546 684 3749 746 rationum

2256 761 2652 816 contestatione
2676 761 2952 819 declarata
2974 771 3138 834 atque
3164 766 3398 834 limata,
3424 784 3537 828 cum
3572 775 3632 831 ita
3668 796 3749 836 um-
3832 794 3837 801 '

2256 852 2386 909 nino
2434 854 2804 911 indubitanter
2857 857 3125 913 credenda
3173 874 3241 915 ac
3272 863 3493 918 tenenda
3537 867 3644 931 sint,
3682 875 3750 929 tria

2257 945 2501 1015 quaedam
2552 946 2931 1017 principaliter
2977 963 3172 1021 magna
3224 957 3283 1005 et
3329 951 3576 1010 horrenda
3617 961 3749 1030 mala,

2258 1046 2520 1107 quantum
2551 1038 2775 1111 intelligi
2805 1042 3007 1095 datur:
3063 1050 3121 1097 et
3167 1042 3220 1096 in
3267 1044 3502 1113 reprobis
3531 1047 3666 1103 divini
3696 1057 3751 1123 ju-

2256 1130 2381 1185 dicii
2408 1132 2693 1187 severitate
2726 1143 2955 1199 retenta,
2995 1133 3125 1188 etin
3151 1134 3342 1190 electis
3364 1136 3545 1192 divina:
3566 1138 3752 1201 bonitatis

2219 1233 2222 1237 ‘
2254 1223 2605 1279 miseratione
2642 1224 2865 1280 remissa
2894 1234 3020 1281 sunt
3049 1241 3113 1281 ac
3151 1227 3349 1281 soluta.
3401 1229 3566 1284 Manet
3586 1248 3751 1304 namque

2256 1316 2310 1371 in
2355 1317 2458 1373 illis
2503 1319 2738 1389 antiqum
2765 1328 2821 1376 et
2863 1320 3054 1392 prima:
3100 1322 3551 1391 praevaricationis
3596 1335 3743 1394 reatus,

2253 1412 2346 1482 qui
2375 1412 2429 1467 in
2463 1414 2581 1469 istis
2615 1413 2817 1469 Christi
2862 1415 3125 1485 sanguine
3152 1423 3239 1470 est
3281 1416 3508 1471 deletus.
3546 1416 3688 1473 Manet
3718 1422 3751 1477 in

2256 1504 2363 1559 illis
2391 1505 2657 1561 sententia
2699 1514 2920 1560 aeternae
2964 1505 3354 1572 damnationis,
3400 1506 3451 1559 in
3495 1506 3600 1562 istis
3632 1507 3752 1563 soluta

2254 1612 2352 1668 per
2374 1598 2603 1670 gratiam
2633 1597 3036 1670 redemptionis.
3077 1598 3217 1655 Sunt
3260 1597 3336 1653 illi
3387 1598 3441 1653 in
3466 1608 3683 1656 aeternum
3701 1602 3752 1656 di-

2254 1689 2364 1744 vini
2394 1690 2580 1761 judicii
2626 1692 3102 1762 przedestinatione
3154 1692 3416 1758 damnati,
3470 1694 3552 1748 isti
3592 1710 3685 1749 vero
3719 1712 3752 1749 ta

2258 1770 2511 1836 retentum
2555 1782 2746 1838 divina:
2799 1784 3175 1839 misericordiae
3230 1784 3655 1856 pra-destinatione
3682 1786 3751 1841 tal-

540 1866 740 1920 'tuisse
768 1866 1005 1931 liberari,
1038 1877 1185 1923 utex
1216 1868 1462 1939 pluribus
1488 1869 2065 1938 nonliberatis,atque
2101 1862 2381 1929 inBuan'.
2460 1914 2475 1929 .
2553 1912 2572 1929 .
2647 1913 2664 1929 .
2742 1915 2757 1931 .
2835 1915 2851 1931 .
2940 1914 2954 1929 .
3043 1914 3061 1931 .
3137 1915 3154 1933 .
3244 1917 3260 1932 .
3340 1915 3358 1933 .
3443 1916 3460 1933 .
3528 1917 3543 1932 .

569 1956 921 2013 damnatione
943 1960 1246 2029 justissima
1279 1961 1554 2016 derelictis
1586 1962 1980 2025 ostenderetur,
2026 1960 2154 2031 quid

567 2053 980 2108 commeruisset
1029 2055 1281 2108 universa
1337 2055 1688 2124 conspersio:
1742 2063 1798 2109 et
1840 2069 1948 2123 quo
1990 2053 2154 2107 etiam

540 2143 700 2198 ’istos
719 2143 959 2199 debitum
979 2143 1242 2212 judicium
1268 2144 1359 2198 Dei
1382 2146 1624 2211 duceret,
1648 2145 1750 2201 nisi
1775 2144 1891 2216 ejus
1918 2143 2156 2198 indebita

550 2230 937 2289 misericordia
974 2234 1334 2298 subvenisset,
1369 2243 1428 2289 ut
1469 2236 1764 2290 volentium
1794 2235 1861 2289 de
1903 2235 2017 2289 suis
2044 2248 2155 2288 me-

536 2324 686 2379 »ritis
712 2325 929 2395 gloriari
959 2344 979 2377 ι
1007 2341 1172 2382 oume
1203 2342 1266 2382 os
1295 2328 1631 2393 obstruatur,
1662 2335 1715 2383 et
1741 2326 1832 2398 qui
1858 2326 2145 2398 gloriatur,

538 2412 616 2472 7iu
641 2418 869 2475 Domino
899 2418 1160 2490 glorietur
1183 2418 1356 2486 (Rom.
1385 2436 1470 2487 ιιι,
1494 2419 1606 2490 19).
1629 2418 1680 2493 ι]

2330 2050 2553 2124 (Desunt
2573 2050 2814 2123 quaedam
2834 2063 2854 2103 :
2882 2067 3005 2107 nam
3031 2060 3081 2107 et
3106 2051 3163 2108 in
3188 2051 3537 2122 manuscripto
3556 2051 3643 2107 duo
3662 2050 3751 2121 [alia

2258 2147 2432 2200 excisa
2453 2151 2573 2199 sunt
2597 2159 2616 2209 ;
2644 2145 2734 2197 sed
2761 2143 2817 2197 in
2844 2143 2918 2198 eis
2946 2143 3079 2198 nihil
3108 2143 3221 2214 fere
3249 2143 3495 2214 scriptum
3512 2150 3625 2205 erat,
3649 2141 3749 2196 idu-

2256 2253 2356 2310 que
2383 2234 2514 2292 nihil
2556 2236 2731 2289 deesse
2780 2234 2988 2290 videtur
3037 2246 3236 2307 praeter
3282 2238 3556 2290 membrum
3592 2235 3751 2289 altam

2256 2330 2395 2387 tertii
2417 2327 2548 2384 mali
2566 2328 2622 2383 in
2646 2326 2822 2384 electis
2843 2328 3093 2399 remissi.)

1305 2584 3746 2621 Μ

1469 2725 2140 2843 εΔΝσνιἹ
2214 2726 2964 2843 BEMIGII

1768 2940 2259 3015 LUGDUNENSIS
2295 2942 2605 3002 EPISCOPI

1178 3116 1371 3199 SUB
1449 3115 1858 3199 NOMINE
1910 3113 2423 3198 ECCLESIE
2480 3114 3212 3199 LUGDUNENSIS

1813 3260 2541 3442 /LIBELLUS

798 3543 965 3687 DE.
1013 3559 1482 3711 TENENDA
1562 3556 2266 3690 IMMOBILITER
2349 3556 2949 3691 SCRIPTUM]
3054 3559 3646 3732 VERITATE/

994 3949 1094 4009 SS.
1139 3948 1723 4010 ORTHODOXORUM
1762 3943 2055 4005 PATRUM
2089 3943 2587 4004 AUCTORITATE
2622 3945 2988 4005 FIDELITER
3029 3947 3413 4009 SECTANDA.

1077 4213 1304 4272 CAPUT
1344 4215 1634 4273 PRIMUM.
2173 4217 2219 4281 C
2251 4217 2351 4287 ipsi
2380 4217 2595 4287 docere,
2630 4226 2685 4274 et
2710 4216 2830 4275 aliis
2862 4218 3089 4275 tenenda
3127 4226 3366 4274 statuere
3392 4224 3538 4287 atque
3568 4206 3734 4268 conscri-

555 4306 718 4380 Origo
745 4309 998 4366 Iuvreseos
1026 4327 1091 4366 ea:
1114 4324 1403 4384 contempta
1429 4310 1716 4381 Scriptura!
1739 4327 1904 4366 sacra:
1944 4318 1992 4365 et
2024 4327 2150 4365 san—
2251 4308 2413 4377 bere;
2451 4324 2571 4365 cum
2616 4321 2669 4365 et
2696 4310 2809 4382 ipse
2841 4311 3181 4381 omnipotens
3226 4311 3366 4367 Deus
3394 4301 3677 4381 speculatori,
3700 4296 3732 4351 id

1119 4382 1321 4438 οεοηιπῐ
1354 4382 1597 4441 Palmm-
2249 4415 2333 4459 est
2362 4404 2651 4476 unicuique
2677 4406 2882 4476 pastori
2918 4404 3193 4471 Ecclesiae,
3219 4420 3284 4459 ea
3308 4402 3414 4461 sola
3443 4415 3548 4474 quae
3581 4396 3633 4450 ab
3660 4394 3733 4462 ίρδο

616 4491 765 4551 later
802 4493 983 4548 omnia
1012 4493 1284 4565 pericula,
1323 4503 1374 4550 et
1418 4494 1730 4551 innumeras
1775 4494 2135 4560 calamitates,
2249 4496 2479 4552 audierit
2517 4497 2888 4557 annuntianda
2929 4496 3231 4569 praecipiat,
3262 4497 3474 4553 dicens:
3507 4508 3523 4543 ι
3556 4479 3732 4559 Spw“?

553 4596 717 4657 atque
756 4586 1002 4643 miserias
1041 4589 1237 4660 quibus
1272 4587 1508 4645 Ecclesia
1544 4589 1704 4657 hujus
1733 4590 1883 4661 regni
1918 4588 2143 4644 terribili
2250 4596 2419 4643 torem
2471 4597 2522 4643 te
2548 4586 2670 4643 dedi
2711 4588 2890 4644 domui
2921 4585 3123 4643 lsrael:
3154 4596 3207 4642 et
3250 4583 3430 4641 audies
3464 4598 3520 4637 ex
3546 4590 3619 4632 ore
3652 4582 3731 4626 ηκο

541 4670 606 4735 ’θι
648 4679 864 4735 occulto
912 4679 1007 4734 Dei
1049 4678 1257 4750 judicio
1306 4680 1647 4736 incessanter
1682 4680 1936 4752 allligitur
1981 4689 2145 4750 atque
2245 4677 2493 4743 verbum,
2520 4686 2573 4733 et
2596 4678 2944 4733 annuntiabis
2967 4679 3046 4733 eis
3076 4693 3140 4733 ex
3168 4693 3255 4733 me
3285 4674 3487 4749 (Eua/1.
3513 4686 3582 4734 ill,
3611 4663 3725 4734 l7);’

548 4758 816 4841 vastatur,
844 4758 916 4823 ita
939 4779 999 4825 ut
1028 4772 1175 4841 regni
1202 4771 1381 4827 unitas
1409 4771 1477 4826 sit
1503 4772 1723 4828 discissa
1742 4789 1805 4827 ac
1829 4772 2140 4838 dilacerata,
2245 4781 2299 4826 et
2321 4771 2379 4824 Β.
2411 4771 2685 4842 apostolus
2713 4769 2905 4825 Petrus
2932 4770 3181 4833 similiter
3207 4775 3521 4826 contestetur
3543 4770 3587 4816 et
3607 4757 3725 4812 dicali

554 4862 898 4917 sacerdotum
934 4860 1209 4932 generalia
1248 4873 1301 4917 et
1335 4861 1687 4918 saluberrima
1720 4863 1945 4919 concilia
1978 4865 2144 4918 inter-
2249 4883 2268 4916 ι
2291 4862 2479 4934 Siquis
2496 4862 3213 4934 quuitur,quasisermones
3228 4861 3319 4917 Dei
3335 4858 3384 4934 (Ι
3400 4847 3723 4915 Petr.tv.ll);t

544 4942 741 5015 imissa,
790 4952 966 5026 legum
1017 4954 1284 5010 severitas
1322 4964 1375 5011 et
1398 4955 1659 5027 judicium
1693 4956 1967 5028 vigilantia
2014 4957 2142 5012 sub-
2244 4964 2298 5009 et
2326 4953 2389 5008 Β.
2427 4952 2627 5010 Paulus
2655 4955 2889 5026 idipsum
2923 4956 3211 5009 admoneat
3248 4963 3303 5007 et
3335 4948 3543 5008 inculcet
3567 4942 3723 5028 dicens!

554 5049 755 5109 tracta,
805 5025 1056 5116 specialis
1100 5046 1360 5101 doctrinae
1402 5025 1608 5113 studia,
1664 5025 1857 5119 quibus
1911 5049 2044 5105 fides
2086 5058 2143 5104 et
2249 5065 2267 5096 ι
2303 5045 2573 5103 Doctrinis
2600 5025 2787 5113 variis,
2815 5056 2869 5103 et
2910 5047 3208 5119 peregrinis
3244 5046 3402 5103 nolite
3427 5035 3589 5097 abduci
3614 5025 3720 5101 (Μ’

551 5134 779 5190 scientia
826 5137 921 5192 Dei
962 5139 1204 5210 quotidie
1234 5140 1461 5195 entitriri
1511 5157 1575 5196 ac
1622 5142 1884 5212 prolicere
1930 5141 2134 5210 debuit,
2242 5155 2365 5203 xm,
2415 5139 2492 5209 9).
2528 5159 2546 5192 ι
2602 5138 2917 5209 Hujusmodi
2963 5140 3107 5195 enim
3156 5139 3405 5195 doctrinae
3444 5129 3580 5187 varia:
3613 5127 3724 5212 αιίιυς

548 5217 692 5298 pene
723 5230 918 5299 ubique
943 5234 1238 5300 exstincta;
1272 5244 1517 5290 exortum
1538 5246 1622 5290 est
1651 5237 1821 5307 magis
1851 5235 2137 5291 dolendum
2239 5233 2557 5303 peregrinae,
2608 5228 2661 5286 in
2708 5233 2906 5303 quibus
2935 5248 3041 5288 non
3085 5241 3169 5288 est
3210 5232 3382 5286 unitas
3408 5219 3624 5281 veritatis,
3660 5206 3721 5264 Sed

549 5335 614 5377 ac
663 5319 948 5392 lugendum
997 5324 1221 5394 malum,
1260 5337 1317 5382 ut
1354 5327 1625 5394 videlicet,
1662 5339 1967 5400 contempta
1994 5329 2137 5385 veri-
2240 5323 2572 5380 introductio
2606 5325 2801 5380 diversi
2844 5335 2898 5381 et
2944 5324 3158 5396 profani
3187 5325 3402 5386 erroris,
3439 5313 3723 5388 signiﬁcant"?

547 5418 660 5472 late
710 5413 1116 5488 Scripturarum
1175 5436 1453 5477 sacrarum
1481 5464 1495 5489 ,
1553 5422 1755 5477 calcata
1811 5423 2135 5478 auctoritate
2242 5417 2292 5472 in
2333 5415 2449 5486 lege
2480 5417 2645 5490 Moysi
2678 5433 2777 5489 per
2801 5419 2949 5475 varia
2995 5434 3196 5493 genera
3223 5419 3501 5489 leprarums
3532 5415 3626 5477 (1⁸³⁵
3649 5406 3719 5448 ¹¹⁰¹¹

546 5507 987 5581 beatissimorum
1038 5522 1197 5584 atque
1246 5515 1672 5572 orthodoxorum
1729 5517 1986 5583 Patrum,
2039 5532 2135 5588 per
2164 5585 2193 5588 _
2239 5504 2409 5562 SOIllm
2455 5518 2684 5564 caileras
2731 5509 2977 5580 corporis
3020 5520 3200 5582 partes
3244 5497 3721 5588 cantanda-1mm?"

544 5616 680 5672 quos
727 5604 965 5661 Ecclesia
1009 5605 1097 5662 Dei
1136 5606 1437 5664 aedificatur
1481 5618 1534 5663 et
1567 5596 1886 5677 illustratur,
1930 5585 2136 5681 przesu-
2162 5585 2198 5651 Ε

2254 5615 2615 5678 :orrumpunt,
2646 5608 2739 5663 sed
2767 5608 2930 5662 etiam
2959 5608 3011 5662 in
3036 5609 3211 5680 capite
3234 5615 3286 5663 et
3310 5602 3458 5660 barba
3477 5586 3713 5685 gertltinaltl,

545 5707 692 5752 mant
724 5700 886 5769 aliqui
919 5702 1084 5756 etiam
1111 5702 1176 5757 de
1200 5702 1361 5757 rebus
1392 5704 1658 5774 praecipue
1684 5705 1749 5759 ad
1780 5705 1935 5760 ﬁdem
1966 5705 2132 5776 perti-
2242 5716 2364 5757 cum
2399 5701 2483 5758 vel
2529 5703 2593 5758 de
2634 5702 2751 5774 ipso
2774 5703 3001 5758 Domino
3045 5704 3174 5758 Jesu
3201 5700 3425 5762 Christo,
3458 5690 3526 5746 vel
3561 5686 3610 5739 de
3628 5690 3717 5783 In“

543 5791 796 5848 nentibus
826 5809 888 5847 ex
920 5795 1123 5869 preprii
1154 5810 1345 5867 sensus
1376 5795 1657 5850 temeraria
1687 5775 2127 5868 praesumptione,
2240 5796 2551 5869 apostolicis
2583 5808 2743 5868 atque
2783 5798 3202 5867 ecclesiasticis,
3249 5797 3333 5869 qui
3368 5793 3411 5848 ei
3439 5775 3717 5879 principalilff

541 5896 661 5961 quae
710 5857 1052 5955 apertissime
1102 5887 1375 5944 contraria
1419 5898 1544 5947 sunt
1573 5857 1768 5946 divina:
1792 5889 2041 5963 veritati,
2076 5897 2132 5947 et
2240 5857 2520 5949 adhaerent
2563 5901 2621 5949 et
2656 5857 2851 5948 iaciem
2879 5892 2999 5964 ejus
3038 5857 3541 5961 ornant,.indignllm
3572 5857 3714 5936 “15‘1"”
