3966 6334
211 379 361 436 1085

1226 380 1316 436 os
1353 349 1668 436 restium
1713 376 2127 437 SCRIPTURE
2166 379 2532 439 manus.

3386 383 3520 440 1086

210 495 484 552 sentitur.
543 495 833 564 Quoniam,
865 495 1004 550 sicut
1035 494 1325 565 Apostolus
1354 495 1548 549 docet:
1582 514 1600 544 ‹
1633 491 1821 548 Omnis
1853 495 1896 554 Α
1925 493 2210 551 destinavit
2241 505 2526 553 aeternam.
2560 497 2801 555 Caeteros
2825 505 3034 565 autem,
3065 507 3200 570 quos
3222 498 3428 570 justitia
3457 508 3516 555 et

208 587 317 641 viri
349 597 530 658 eaput
555 587 808 643 Christus
839 596 920 643 est
942 586 992 658 (I
1011 585 1134 642 Cor.
1153 587 1334 660 x1,i3)
1356 605 1401 653 ;ι
1430 596 1484 642 et
1503 586 1656 658 juxta
1676 585 1817 641 Psal-

207 680 398 736 mistze
425 695 652 747 vocem,
683 689 1013 752 unguentum
1043 680 1097 734 in
1131 682 1304 749 capite
1334 682 1564 751 primum
1599 681 1825 734 descen-

206 772 292 826 dit
322 772 377 826 in
407 773 672 840 barbam,
704 774 928 828 barbam
958 773 1159 837 Aaron,
1187 783 1242 827 et
1274 773 1552 828 descendit
1578 773 1742 828 etiam
1770 772 1823 826 in

206 879 310 920 ora
346 868 679 923 vestimenti
713 866 830 938 ejus
859 865 1029 940 (Psal.
1063 883 1276 932 exxxn,
1311 866 1364 930 2,
1391 866 1466 936 5).

281 957 652 1029 Quapropter
682 957 828 1012 omni
870 957 1048 1012 studio
1092 966 1146 1011 et
1174 957 1445 1027 vigilantia
1479 954 1695 1025 pietatis
1733 968 1826 1007 ca-

203 1051 391 1103 venda
422 1061 516 1104 est
551 1051 892 1105 immunditia
928 1051 1153 1114 erroris,
1185 1059 1241 1106 et
1287 1050 1562 1104 humiliter
1589 1065 1652 1104 ac
1694 1048 1824 1102 ﬁde-

201 1143 342 1200 liter
393 1147 892 1217 obtemperantium
935 1145 1192 1215 Apostolo
1236 1146 1333 1197 sub
1382 1158 1608 1214 persona
1641 1143 1823 1196 Timo-

202 1238 320 1292 thei
362 1239 438 1293 ad
475 1240 920 1310 unuu'upiemque
966 1249 1229 1292 rectorem
1275 1237 1531 1291 Ecclesiic
1580 1235 1818 1290 dicenti:

210 1349 228 1381 ‹
255 1331 303 1386 Ο
336 1331 662 1396 Timothcc,
698 1333 1000 1404 depositum
1027 1333 1258 1394 custodi,
1292 1331 1539 1384 devitans
1567 1328 1822 1399 profanas

203 1442 412 1480 vocum
451 1429 729 1481 novitates
756 1435 808 1480 et
841 1426 1205 1496 oppositioncs
1232 1424 1348 1478 falsi
1386 1423 1618 1477 nominis
1647 1423 1824 1476 scien-

205 1517 332 1582 ti:e;
371 1536 552 1587 quam
593 1521 807 1587 quidam
842 1521 1214 1589 promittentes
1242 1516 1383 1570 circa
1423 1515 1580 1568 ﬁdem
1609 1513 1823 1567 excide-

203 1621 338 1665 runt
367 1612 544 1681 (Tim.
581 1631 652 1679 vi,
683 1614 769 1678 20,
802 1613 913 1683 2i).
950 1634 966 1664 ι
1004 1611 1275 1665 Habemus
1310 1625 1540 1678 namque
1569 1622 1821 1678 magnum

201 1704 523 1774 depositum
550 1706 692 1771 ﬁdci,
728 1717 782 1760 et
813 1705 1072 1760 doctrina:
1097 1704 1340 1758 veritatis
1364 1717 1425 1755 ex
1460 1701 1657 1755 divinis
1681 1699 1822 1754 Scri-

199 1797 394 1864 pturis
431 1806 492 1851 et
537 1808 845 1851 sanctorum
886 1796 1104 1850 Patrum
1138 1796 1317 1858 dictis,
1347 1794 1493 1848 velut
1525 1791 1818 1862 pretiosum

1925 587 2128 656 judicio
2151 589 2204 643 in
2235 603 2415 644 massa
2458 587 2776 661 perditionis
2805 590 3039 662 reliquit,
3078 591 3347 662 perituros
3376 605 3516 662 prte-

1928 679 2106 745 scivit,
2151 680 2244 735 sed
2283 696 2388 736 non
2434 691 2494 736 ut
2543 683 2783 752 perirent
2830 682 3265 754 praedestinavit;
3295 695 3512 752 paruam

1928 779 2106 825 autem
2141 771 2267 837 illis,
2299 775 2423 842 quia
2447 773 2627 842 justus
2654 783 2757 841 est,
2786 774 3189 846 praedestinavit
3209 783 3464 830 aeternam
3492 793 3509 843 ;

1929 878 1991 917 ac
2019 879 2117 933 per
2144 865 2244 918 hoc
2270 881 2431 919 unam
2463 867 2557 922 Dei
2581 867 3106 936 prtcdestinationem
3144 868 3516 925 tantummodo

1926 955 2176 1021 dicimus,
2207 973 2325 1027 quze
2351 959 2417 1012 ad
2440 959 2638 1014 donum
2667 961 2901 1030 pertinet
2927 960 3134 1032 gratia},
3158 969 3251 1016 aut
3285 960 3517 1016 retribu-

1929 1049 2124 1103 tionem
2149 1049 2391 1117 justitize.
2424 1071 2444 1103 ι

1996 1141 2122 1198 (ΞΜ).
2160 1143 2221 1198 ll.
2274 1164 2292 1196 ‹
2345 1144 2674 1201 Libertatem
2726 1145 2938 1202 arbitrii
2984 1148 3037 1202 in
3082 1147 3258 1218 primo
3298 1149 3517 1204 homine

1923 1239 2253 1308 perdidimus
2272 1281 2284 1301 ,
2314 1255 2477 1309 quam
2524 1256 2622 1309 per
2648 1239 2921 1296 Christum
2953 1242 3235 1295 Dominum
3266 1251 3512 1296 nostrum

1925 1331 2260 1399 recepimus,
2288 1340 2343 1386 et
2392 1332 2652 1387 habemus
2702 1333 2927 1388 liberum
2983 1333 3266 1388 arbitrium
3301 1333 3368 1387 ad
3412 1332 3511 1386 bo-

1924 1435 2086 1480 num.
2124 1433 2453 1493 prmventum
2506 1433 2560 1477 et
2614 1423 2854 1491 adjutum
2898 1424 3106 1494 gratia;
3153 1432 3206 1477 et
3252 1424 3512 1478 habemus

1923 1514 2149 1568 liberum
2201 1518 2484 1572 arbitrium
2529 1516 2593 1571 ad
2643 1518 2844 1572 malum
2895 1520 3166 1573 desertum
3212 1519 3417 1589 gratia;
3455 1517 3515 1571 li-

1923 1607 2109 1660 berum
2136 1616 2314 1662 autmn
2353 1611 2614 1664 habemus
2655 1610 2961 1676 arbitrium,
2989 1611 3115 1680 quia
3157 1610 3331 1680 gratia
3377 1609 3514 1664 libe-

1923 1708 2098 1752 ratum
2130 1709 2181 1754 et
2203 1701 2377 1768 gratia
2409 1701 2473 1754 de
2509 1711 2762 1772 corrupto
2791 1710 3059 1756 sanatum.
3093 1721 3110 1752 ι

1991 1793 2117 1848 ΟΜ».
2161 1794 2241 1847 Ill.
2285 1814 2300 1845 ε
2345 1795 2485 1849 Deus
2537 1799 2876 1864 omnipotens
2911 1814 2930 1846 ‹
2969 1811 3159 1851 omnes
3201 1796 3446 1851 homines
3481 1816 3499 1849 υ

198 1890 584 1960 multiplicem
619 1891 930 1945 thesaurum
964 1888 1219 1943 divinitus
1249 1887 1401 1941 nobis
1421 1889 1486 1940 ad
1517 1884 1815 1942 cusloiiam
1848 1868 1895 1928 Β
1923 1884 2040 1940 sine
2081 1887 2397 1956 exceptione
2447 1906 2465 1938 ς
2511 1886 2626 1942 vnlt
2655 1888 2832 1942 salvos
2877 1886 2992 1942 ﬁeri
3029 1886 3250 1958 (I'Tim.
3285 1901 3340 1951 tt,
3371 1886 3450 1958 4).
3482 1906 3500 1939 ι
3549 1935 3562 1946 ,

197 1984 666 2036 commendatum
706 1998 719 2035 :
771 1997 928 2052 quem
969 1981 1084 2036 sine
1115 1981 1515 2034 iutermissimre
1561 1978 1810 2043 Domino,

197 2074 546 2140 auxiliante,
575 2075 830 2129 debemus
857 2074 1141 2144 inspicere,
1175 2083 1470 2144 extergere,
1504 2072 1690 2141 polire,
1732 2079 1814 2124 at-

194 2182 312 2238 que
342 2186 434 2223 ext
459 2179 635 2234 utere,
661 2185 722 2222 ac
744 2167 1152 2239 diligentissime
1177 2183 1329 2220 serva
1342 2182 1421 2232 re,
1446 2181 1513 2218 ne
1539 2181 1635 2235 per
1663 2166 1812 2218 incu-

194 2262 344 2316 riam
374 2275 434 2315 ct
463 2264 735 2334 ignaviam
763 2271 1002 2317 nostram
1036 2272 1128 2317 aut
1152 2263 1370 2333 pulvere
1397 2263 1693 2324 sonlescat,
1719 2269 1810 2314 aut

196 2353 460 2424 :erugine
490 2354 572 2408 vel
605 2353 764 2409 tineis
791 2354 1135 2418 demoliatur,
1186 2363 1278 2408 aut
1316 2353 1672 2424 malignorum
1702 2353 1808 2422 spi-

197 2443 416 2498 rituum
452 2445 692 2512 insidiis,
743 2445 822 2500 vel
849 2460 881 2499 a
912 2447 1213 2511 nocturnis,
1265 2455 1318 2499 ct
1347 2445 1572 2498 occultis
1602 2443 1808 2500 furibus

194 2534 509 2590 ell'odiatur
538 2552 600 2592 ac
630 2537 916 2608 diripiatur
939 2536 1132 2610 (Marc.
1151 2554 1224 2592 γι.
1258 2537 1367 2598 19).
1399 2537 1532 2605 Quia
1561 2546 1615 2590 et
1643 2536 1809 2590 Sesac

200 2645 299 2682 rex
346 2628 614 2702 Aigypti,
665 2646 759 2700 per
789 2647 946 2700 quem
981 2630 1327 2700 signiﬁcatur
1372 2631 1623 2700 princeps
1648 2628 1808 2696 hujus

200 2725 442 2791 mundi,
502 2727 983 2780 armamentarium
1044 2726 1158 2779 veri
1217 2724 1523 2779 Salomonis
1575 2723 1806 2794 spoliare

198 2819 424 2888 quierit.
482 2818 550 2872 Et
596 2828 834 2873 trecenta
877 2828 1028 2872 scuta
1072 2834 1234 2872 aurea
1265 2828 1577 2887 exportans,
1629 2817 1678 2871 id
1725 2823 1806 2871 est

200 2925 354 2966 vera:
378 2920 437 2966 et
465 2926 629 2965 mera:
651 2911 772 2966 ﬁdei
799 2912 1110 2982 mysterium
1140 2911 1205 2965 de
1232 2912 1394 2965 corde
1422 2910 1802 2982 negligentiam

201 3004 501 3075 diripiens,
542 3020 639 3075 pro
677 3005 856 3058 aureis
885 3021 1026 3059 aerea
1074 3005 1329 3059 fabricari
1381 3004 1652 3074 compellit
1684 3002 1803 3074 (ΙΙΙ

204 3094 336 3167 Reg.
370 3113 490 3162 xw,
522 3096 609 3159 26,
643 3096 754 3166 27),
781 3107 839 3152 ut
865 3097 1024 3152 faciat
1052 3113 1168 3161 nos,
1198 3097 1337 3166 quod
1367 3097 1527 3156 absit,
1557 3117 1574 3146 ε
1603 3096 1804 3150 haben-

205 3196 290 3244 tes
339 3191 582 3261 speciem
617 3189 833 3260 quidem
876 3191 1115 3260 pietatis,
1163 3189 1416 3244 virtutem
1464 3197 1643 3244 autem
1685 3189 1801 3261 ejus

206 3280 553 3354 abnegantes
589 3302 606 3334 ι
645 3281 730 3354 (II
763 3281 898 3336 Tim.
929 3297 1011 3347 ιιι,
1047 3281 1122 3352 5).

843 3414 1072 3472 CAPUT
1115 3414 1176 3469 ll.

203 3522 274 3578 In
300 3524 534 3579 medium
558 3526 896 3581 adducuntur
916 3538 1144 3597 quatuor
1173 3527 1515 3582 conventio-uti
1541 3526 1801 3583 Carisiaci

889 3599 1140 3668 capitula.

277 3707 412 3763 Hmc
442 3710 644 3765 idcirco
675 3710 920 3772 dicimus,
953 3711 1077 3780 quia
1109 3712 1356 3780 pervenit
1385 3713 1450 3765 ad
1482 3726 1597 3776 nos,
1636 3711 1686 3766 id
1717 3719 1802 3767 est

203 3798 512 3858 Ecclesium
565 3800 984 3872 Lugdunensem,
1034 3804 1278 3873 qumdam
1328 3803 1576 3857 schedula
1623 3805 1800 3859 studio

203 3889 475 3958 ﬁdelium,
497 3904 550 3948 et
580 3895 841 3947 bonorum
869 3895 1123 3960 virorum,
1157 3895 1247 3964 qui
1275 3902 1328 3949 et
1356 3910 1464 3949 suze
1490 3904 1543 3948 et
1570 3895 1799 3950 aliorum

197 3983 405 4039 salutis
438 3987 629 4042 devote
660 4002 722 4041 ac
753 3987 1094 4043 laudabiliter
1117 3989 1533 4044 sollicitudinem
1581 3999 1793 4060 gerunt,

198 4077 253 4132 in
283 4088 536 4134 nostram
562 4082 809 4136 notitiam
836 4082 1064 4152 perlata,
1088 4090 1249 4152 atque
1283 4093 1336 4136 ut
1366 4084 1429 4137 ad
1461 4100 1580 4139 eam
1614 4084 1798 4138 scdulo

201 4174 540 4240 respondere
566 4174 883 4228 deberemus
903 4176 1160 4229 attentius
1185 4177 1578 4230 commendata.
1610 4175 1664 4230 lu
1691 4192 1797 4246 qua

210 4264 399 4318 insunt
440 4274 672 4334 quatuor
699 4266 931 4337 capitula
964 4269 1197 4323 maxime
1231 4284 1490 4323 novarum
1524 4269 1793 4324 deﬁnitio-

207 4372 342 4436 num
391 4374 584 4429 nuper,
646 4367 702 4412 ut
750 4360 1130 4428 comperimus,
1189 4359 1239 4414 in
1290 4360 1521 4429 quodam
1568 4360 1794 4416 fratrum

210 4459 522 4504 nostrorum
561 4450 936 4520 episc0porum
977 4460 1246 4506 conventu
1281 4459 1532 4515 tractata,
1587 4451 1794 4522 digesta

210 4547 375 4609 atque
407 4540 734 4609 conscripta,
771 4540 912 4593 velut
938 4542 1004 4595 ad
1039 4543 1498 4611 comprimendam
1530 4553 1582 4596 et
1609 4553 1792 4596 retun-

1915 1976 2038 2031 licct
2079 1994 2183 2032 non
2250 1993 2440 2033 omnes
2493 1977 2807 2043 solventur;
2872 1979 3014 2048 quod
3059 1986 3239 2032 autem
3288 1979 3505 2047 quidam

1914 2070 2213 2133 salvantur,
2242 2071 2503 2124 salvantis
2525 2079 2606 2124 est
2632 2071 2862 2134 donum;
2897 2071 3039 2139 quod
3083 2078 3260 2122 autem
3290 2069 3509 2138 quidam

1910 2171 2160 2233 pereunt,
2194 2165 2535 2231 pereuntium
2567 2170 2650 2217 est
2686 2163 2959 2215 meritum.
3003 2181 3022 2213 ι

1982 2251 2108 2307 Car.
2136 2251 2220 2306 lV.
2262 2271 2279 2303 ‹
2336 2253 2584 2308 Christus
2611 2252 2769 2307 Jesus
2819 2253 3076 2306 Dominus
3118 2258 3337 2316 noster,
3364 2251 3507 2306 sicut

1910 2345 2087 2400 nullus
2128 2346 2287 2399 homo
2332 2355 2434 2410 est,
2477 2345 2575 2398 fuit
2623 2345 2704 2400 vel
2739 2345 2845 2399 erit
2887 2343 3041 2412 cujus
3083 2352 3274 2397 natura
3309 2343 3358 2396 iu
3412 2343 3506 2397 illo

1911 2447 2187 2508 assumpta
2250 2452 2354 2491 non
2412 2435 2576 2491 fuerit
2607 2453 2619 2490 :
2653 2436 2724 2490 ita
2759 2435 2936 2489 nullus
2971 2444 3088 2499 est,
3120 2434 3219 2488 fuit
3271 2434 3353 2490 vel
3400 2435 3506 2489 erit

1910 2529 2070 2583 homo
2115 2543 2214 2597 pro
2245 2543 2350 2596 quo
2380 2543 2571 2598 passus
2601 2543 2705 2582 non
2759 2527 2952 2591 fuerit,
3003 2527 3130 2581 licet
3180 2541 3286 2580 non
3315 2541 3506 2583 omnes

1908 2623 2175 2692 passionis
2197 2621 2312 2690 ejus
2334 2622 2593 2693 mysterio
2618 2623 2968 2675 redimantur.
2996 2619 3132 2688 Quia
3160 2635 3286 2675 vero
3314 2635 3504 2676 omnes

1907 2713 2178 2784 passionis
2215 2713 2329 2781 ejus
2357 2715 2618 2784 mysterio
2644 2730 2749 2768 non
2781 2715 3144 2777 redimuntur,
3175 2729 3276 2768 non
3327 2713 3500 2783 respi-

1909 2805 1984 2859 cit
2008 2805 2072 2857 ad
2104 2805 2526 2874 magnitudinem
2565 2814 2617 2860 et
2664 2805 2820 2875 pretii
2872 2805 3268 2875 copiositatem,
3297 2804 3389 2859 sed
3436 2803 3501 2860 ad

1907 2899 2202 2954 inﬁdelium
2230 2909 2283 2954 et
2309 2900 2374 2953 ad
2403 2914 2507 2953 non
2561 2898 2894 2954 credentium
2943 2913 3004 2952 ea
3047 2896 3152 2951 ﬁde
3187 2915 3207 2948 ‹
3234 2910 3356 2966 qua:
3400 2909 3498 2965 per

1906 2992 2248 3048 dilectionem
2291 2999 2548 3062 operatur
2585 2989 2726 3062 (Gal.
2763 3006 2816 3055 v,
2865 2989 2940 3060 ϐ),
2975 3009 2992 3042 ι
3026 2989 3492 3059 respicitpartem,

1910 3086 2034 3154 quia
2075 3085 2324 3155 poculum
2362 3086 2611 3138 humanm
2654 3082 2844 3138 salutis
2876 3081 3018 3152 quod
3061 3080 3367 3137 confectum
3417 3086 3502 3135 est

1908 3177 2222 3232 inﬁrmitate
2269 3186 2455 3232 nostra
2508 3184 2563 3230 et
2596 3175 2798 3229 virtute
2833 3174 3044 3239 divina,
3090 3172 3250 3228 habet
3279 3171 3499 3242 quidem

1829 3236 1877 3302 θ
1907 3271 2067 3336 inse,
2121 3279 2179 3324 ut
2227 3271 2475 3326 omnibus
2525 3269 2720 3340 prosit,
2757 3267 2852 3324 sed
2898 3267 2944 3323 si
2984 3282 3092 3323 non
3139 3266 3363 3332 bibitur,
3391 3280 3499 3320 non

1906 3362 2171 3417 medetur.
2212 3381 2230 3413 ι

1975 3454 2100 3509 Haec
2121 3455 2286 3525 igitur
2305 3468 2426 3507 cum
2448 3452 2786 3521 legissemus,
2817 3468 2834 3500 ι
2855 3450 3175 3521 etadjnncto
3198 3449 3353 3504 nobis
3371 3447 3499 3502 Fra-

1904 3560 2047 3604 trum
2079 3558 2406 3608 nostrorum,
2441 3546 2550 3600 Deo
2593 3546 2848 3608 donante,
2877 3544 3012 3598 bene
3057 3541 3412 3604 studentium,
3442 3546 3500 3594 et

1906 3651 2053 3695 recte
2083 3639 2496 3709 iutclligentium
2533 3635 2782 3707 collegio,
2815 3637 2903 3706 pia
2933 3644 2985 3688 et
3030 3634 3168 3688 ﬁdeli
3201 3633 3496 3687 attentione

1904 3732 2112 3802 singula
2140 3741 2650 3802 pcrtractassemus,
2669 3754 2684 3778 ι
2705 3731 2944 3800 graviter
2963 3728 3194 3799 perculsi
3210 3735 3263 3783 et
3285 3725 3497 3782 confusi

1903 3825 2102 3887 animo,
2141 3822 2370 3876 vidimus
2402 3823 2453 3876 in
2494 3822 2574 3876 eis
2608 3830 2662 3875 et
2692 3820 2988 3890 Scriptura:
3015 3829 3217 3875 sanctae
3252 3818 3493 3874 certissi-

1903 3930 2045 3968 mam
2077 3914 2360 3968 vcritatcm
2389 3922 2445 3968 et
2470 3913 2903 3968 beatissimorum
2934 3912 3176 3976 Patrum,
3202 3913 3470 3981 praecipue

1901 4021 2006 4078 que
2038 4009 2208 4062 sancti
2246 4007 2532 4078 Augustini
2575 4009 2948 4073 reverendam,
2988 4015 3044 4061 et
3097 4007 3148 4060 in
3207 4008 3352 4062 omni
3400 4006 3498 4062 Ec-

1901 4097 2063 4153 clesia
2117 4098 2384 4152 catholica
2432 4098 2862 4168 receptissimam
2918 4099 3296 4153 auctoritatem
3353 4114 3493 4155 novo

1901 4200 2096 4247 conatu
2147 4200 2201 4244 et
2259 4207 2393 4246 ausu
2444 4192 2607 4246 nimis
2662 4191 2950 4246 temerario
3005 4191 3346 4262 impugnari?
3402 4199 3494 4258 et,

1895 4272 2159 4353 quantum
2189 4283 2239 4336 in
2273 4283 2404 4353 ipsis
2448 4283 2576 4347 fuit,
2624 4283 2925 4352 improvide
2981 4293 3144 4352 atque
3199 4283 3496 4337 insolenter

1893 4373 2235 4429 labefactari.
2270 4371 2424 4429 Unde
2454 4375 2566 4444 ipsa
2611 4374 2880 4428 charitate
2922 4375 3201 4444 provocati
3249 4382 3303 4428 et
3345 4389 3494 4428 com-

1891 4467 2112 4530 moniti,
2143 4482 2425 4540 perquam
2464 4485 2482 4517 ε
2531 4467 2584 4520 in
2631 4483 2739 4520 uno
2789 4466 2992 4520 Christi
3025 4481 3252 4536 corpore
3305 4479 3493 4519 omnes

1901 4576 2067 4614 unum
2083 4576 2202 4614 esse
2223 4558 2396 4630 (Rom.
2415 4575 2514 4623 xu,
2539 4558 2615 4620 5),
2634 4559 2912 4622 debemus,
2935 4577 2955 4610 ι
2976 4567 3033 4611 ιιι
3054 4556 3495 4627 sicutApostolus

210 4631 441 4705 dendam
471 4631 749 4701 cujusdam
777 4632 978 4704 garruli
1008 4643 1061 4686 et
1095 4634 1317 4702 inquieti
1351 4635 1582 4688 hominis
1608 4634 1794 4703 loqua-
1822 4621 1880 4685 Β
1903 4655 2050 4714 dicit,
2085 4671 2102 4702 ε
2136 4621 2363 4705 invicem
2396 4621 2573 4720 worse
2603 4650 2832 4705 sollicita
2866 4621 2972 4704 sim
3002 4621 3269 4707 membra:
3290 4657 3345 4701 ιη
3378 4650 3493 4703 sive

210 4725 454 4787 citatcm,
500 4724 590 4792 qui
642 4739 924 4788 novarum,
975 4733 1034 4778 ut
1073 4723 1262 4787 fertur,
1297 4725 1655 4793 quaestionum
1684 4725 1798 4778 avi-

207 4817 307 4870 tlus
331 4826 389 4870 et
419 4816 849 4887 indiscipliuatus
879 4817 1184 4881 ventilator,
1217 4826 1269 4871 et
1291 4818 1410 4872 aliis
1441 4835 1546 4891 non
1572 4833 1794 4887 parvam

211 4909 675 4980 perturlmtirmem
728 4916 780 4961 ct
831 4908 931 4961 sibi
984 4908 1083 4978 ipsi
1128 4923 1424 4961 aerumnam
1479 4909 1795 4962 llllsel‘l'tlliil}

210 5000 638 5057 cladisimluxit.
671 5000 910 5068 Quorum
945 5000 1302 5070 capitulorum
1333 5002 1524 5066 series,
1553 5002 1694 5056 sicut
1725 5001 1791 5055 ad

207 5079 308 5150 nos
338 5093 543 5166 perlata
569 5103 670 5160 est,
704 5094 777 5148 ita
808 5109 864 5149 se
891 5095 1070 5150 habet.

279 5206 408 5261 CAP.
441 5206 480 5259 l.
524 5227 539 5258 ι
574 5206 712 5260 Deus
738 5207 1080 5276 onmipotens
1110 5207 1380 5261 hominem
1413 5208 1528 5262 sine
1570 5217 1792 5276 peccato

211 5311 416 5354 rectum
447 5316 568 5354 cum
614 5300 783 5354 libero
813 5300 1040 5354 arbitrio
1070 5301 1332 5366 condidit,
1362 5307 1418 5354 et
1454 5301 1508 5355 in
1539 5303 1792 5372 paradiso

211 5392 407 5458 posuit,
431 5403 588 5459 quem
616 5392 668 5444 in
700 5391 988 5446 sanctitate
1010 5392 1232 5461 justitia‘.
1259 5409 1579 5462 permanere
1601 5395 1786 5451 voluit.

211 5477 402 5544 Homo,
435 5480 602 5534 libero
628 5482 854 5535 arbitrio
887 5482 1025 5536 male
1053 5492 1234 5549 utens,
1265 5485 1528 5552 peccavit,
1571 5496 1624 5540 et
1651 5486 1789 5540 ccci-

129 5623 132 5627 .
212 5575 301 5636 dit,
333 5584 386 5629 et
420 5576 595 5630 factus
620 5587 701 5631 est
730 5593 905 5632 massa
939 5579 1262 5648 perditionis
1297 5581 1514 5635 humani
1555 5584 1786 5652 generis.

209 5667 350 5731 Deus
379 5677 560 5724 autem
591 5671 760 5725 bonus
793 5680 847 5724 et
871 5669 1052 5740 justus
1089 5672 1250 5744 elegit
1280 5689 1344 5728 ex
1385 5675 1583 5742 eadem.
1612 5691 1788 5730 massa

215 5761 542 5824 perditionis,
587 5761 880 5816 secundum
909 5765 1302 5832 prtcseientiam
1333 5779 1508 5829 suam,
1531 5782 1667 5834 quos
1697 5782 1792 5836 per

214 5852 436 5926 gratiam
467 5852 872 5924 praedestinavit
897 5856 965 5911 ad
990 5857 1182 5923 vitam,
1233 5866 1288 5914 et
1306 5857 1471 5913 vitam
1513 5859 1621 5914 illis
1644 5875 1788 5929 pra:-

1903 4745 2166 4813 gloriatur
2205 4758 2369 4796 uutnn
2433 4741 2732 4795 membrum
2785 4751 2838 4796 et
2882 4743 3256 4813 eougaudeaut
3310 4741 3492 4796 omnia

1902 4837 2163 4899 membra,
2197 4842 2250 4890 et
2275 4835 2388 4890 sive
2412 4834 2706 4889 inﬁrmatur
2742 4851 2908 4890 unum
2930 4837 3252 4898 membrum,
3276 4850 3495 4906 compa-

1901 4923 2104 4985 tiautur
2137 4930 2316 4984 omnia
2343 4933 2580 4984 membra
2622 4929 2673 5000 (1
2705 4928 2826 4984 Cor.
2861 4947 2966 4996 xu,
2998 4928 3103 4994 25,
3132 4929 3255 4996 26);
3295 4949 3313 4981 ι
3363 4931 3486 4996 hac,

1901 5024 2118 5092 inquam
2139 5064 2152 5086 ,
2177 5021 2459 5076 charitatis
2484 5020 2771 5076 affectione
2799 5022 2974 5077 visum
3016 5030 3098 5077 est
3127 5022 3281 5076 nobis
3327 5032 3488 5092 atque

1902 5115 2244 5185 complacuit,
2278 5125 2336 5169 ut
2384 5115 2499 5169 lucc
2531 5115 2928 5187 qualiacunque
2977 5124 3118 5180 sunt,
3149 5126 3201 5170 et
3229 5116 3293 5170 ad
3339 5131 3490 5170 com-

1901 5210 2195 5263 motionem
2240 5217 2520 5273 nostram,
2548 5219 2602 5261 et
2626 5210 2691 5261 ad
2729 5224 2916 5263 eorum
2958 5208 3049 5278 qui
3095 5208 3274 5283 legere
3305 5209 3490 5265 volue-

1898 5301 2009 5355 rint
2032 5300 2444 5364 tcdiﬁcationem
2489 5308 2542 5354 et
2579 5300 3070 5366 conﬁrmationem,
3106 5301 3488 5370 compendioso

1897 5405 1954 5450 et
1979 5395 2178 5458 lucido,
2203 5402 2362 5464 prout
2397 5393 2652 5452 Dominus
2681 5394 2921 5464 aspirare
2941 5394 3207 5462 dignatur,
3233 5407 3483 5447 sermone

1897 5485 2276 5543 scriberemus,
2309 5484 2570 5554 quidquid
2619 5485 2669 5538 in
2730 5500 2796 5539 eo
2845 5484 3130 5540 dicendum
3178 5484 3484 5554 putmimus

1897 5594 2002 5631 non
2032 5587 2216 5631 nostro
2241 5590 2402 5630 sensu
2431 5585 2524 5629 aut
2559 5578 3002 5647 praesumptione,
3035 5579 3128 5632 sed
3157 5573 3483 5632 manifestis-

1897 5669 2050 5724 simis
2112 5667 2514 5739 Scripturarum
2577 5670 2942 5732 testimoniis,
3013 5677 3068 5721 et
3133 5666 3479 5736 przci'atorutr-

1896 5772 2208 5821 sanctorum
2240 5762 2460 5818 Patrum
2486 5764 2780 5820 venerabili
2806 5763 3128 5819 auctoritate
3161 5764 3480 5840 ﬁrmantes;

1899 5877 1931 5919 a
1967 5876 2198 5932 quorum
2229 5859 2467 5932 vestigiis
2505 5868 2562 5916 et
2591 5861 2799 5916 unitate
2842 5859 2986 5914 absit
3024 5867 3081 5913 ut
3128 5858 3214 5914 vel
3241 5874 3373 5926 nos,
3397 5863 3483 5922 vel
