3966 6334
577 367 714 424 l081

575 482 651 539 illi
683 478 913 554 quorum
940 479 1205 537 charitate
1230 476 1492 549 compulsi
1536 478 1652 535 haec
1676 476 1926 542 dicimus,
1951 475 2150 532 ullate-
2177 479 2234 538 Α

578 590 683 631 nus
707 573 1046 639 recedamus,
1071 586 1161 638 ne,
1184 572 1252 627 ab
1273 568 1405 640 ipsis
1432 568 1610 635 divisi,
1634 567 1800 623 etiam
1821 568 1889 623 ab
1915 568 2032 638 ipso
2054 567 2159 623 Do-

581 668 729 724 mino
778 667 1098 731 dividemur,
1146 664 1238 735 qui
1289 663 1395 719 illis
1437 662 1746 733 specialiter
1788 661 1964 717 dicit:
1994 680 2015 714 ‹
2052 659 2157 729 Qui

578 776 676 816 vos
703 758 871 823 audit,
906 773 995 814 me
1045 757 1224 823 audit;
1253 766 1307 813 et
1330 757 1423 829 qui
1447 771 1543 812 vos
1568 756 1805 825 spernit,
1836 770 1925 810 me
1952 756 2160 826 spernit

582 852 729 925 (Luc.
762 868 817 918 χ,
849 851 961 924 16).
1000 872 1020 905 ι
1062 851 1207 919 Quos
1231 851 1488 907 nimirum
1514 857 1677 905 tantm
1703 847 1758 903 in
1788 847 2031 903 Ecclesia
2059 862 2157 903 sua

578 955 698 998 esse
721 940 892 996 voluit
917 940 1102 1012 gratiae
1125 949 1181 996 et
1208 940 1410 1012 gloriae,
1433 947 1495 993 ut
1515 936 1849 995 conﬁdenter
1866 950 1989 991 cum
2013 936 2157 1007 Apo-

579 1031 720 1087 stolo
747 1031 926 1086 dicere
948 1032 1158 1101 possint
1184 1049 1199 1085 :
1235 1049 1255 1083 ι
1289 1031 1474 1102 Itaque
1503 1030 1596 1101 qui
1622 1032 1737 1087 haec
1778 1030 2017 1101 spernit,
2046 1044 2156 1086 non

580 1122 853 1178 hominem
884 1123 1110 1193 spernit,
1138 1122 1233 1178 sed
1273 1123 1465 1188 Deum,
1492 1123 1583 1193 qui
1626 1122 1789 1177 etiam
1837 1121 1984 1177 dedit
2034 1120 2157 1192 Spi-

578 1213 742 1269 ritum
782 1229 939 1269 suum
987 1223 1235 1270 sanctum
1280 1214 1335 1269 in
1380 1213 1536 1270 nobis
1566 1212 1620 1285 (1
1648 1212 1828 1268 Thess.
1876 1228 1930 1267 tv
1954 1252 1971 1278 ,
1999 1212 2089 1285 8);
2128 1231 2150 1265 ι

577 1305 777 1377 quique
797 1306 957 1362 etiam
986 1321 1084 1377 per
1104 1306 1335 1362 Phinees
1378 1306 1714 1362 sacerdotem
1741 1304 1900 1361 nobis
1925 1303 2155 1360 sollicite

578 1394 852 1450 mandavit
885 1413 897 1448 :
942 1413 961 1446 ‹
1000 1393 1230 1451 Tantum
1259 1404 1371 1451 uta
1391 1394 1619 1451 Domino
1639 1403 1695 1451 et
1718 1403 1904 1451 nostro
1927 1409 2154 1451 consor-

579 1489 656 1545 tio
680 1503 787 1544 non
816 1489 1104 1555 recedatis,
1135 1488 1401 1546 aediﬁcato
1429 1490 1585 1546 altari
1605 1499 1801 1561 praeter
1838 1490 2008 1547 altare
2050 1491 2155 1546 Do-

579 1580 712 1635 mini
743 1579 835 1635 Dei
864 1580 1034 1636 nostri
1060 1581 1201 1650 quod
1226 1590 1566 1638 exstructum
1584 1590 1672 1637 est
1692 1590 1816 1638 ante
1840 1582 2156 1637 tabernacu-

581 1671 691 1727 lum
720 1672 838 1743 ejus
866 1670 1051 1743 (Josue
1072 1689 1210 1740 χχιι,
1241 1674 1349 1746 19).
1390 1694 1410 1727 ι
2020 1665 2034 1681 ⁸

1198 1786 1426 1851 CAPUT
1461 1788 1547 1844 Ill.

579 1870 655 1928 De
677 1874 845 1945 primo
868 1874 1118 1947 capitulo.
1148 1873 1347 1931 Gratim
1390 1878 1579 1932 divina:
1604 1877 1927 1947 adjutorium
1971 1875 2155 1947 angelo

645 1956 694 2017 et
741 1946 937 2017 homini
992 1948 1339 2017 necessarium
1384 1950 1542 2002 etiam
1590 1950 1644 2002 in
1690 1948 1857 2017 primo
1902 1946 2051 2001 statu
2086 1947 2155 2001 ad

640 2014 829 2071 bonum
853 2015 1172 2085 faciendum.
1202 2048 1274 2058 —
1303 2016 1543 2073 Conditio
1564 2014 1719 2089 primi
1748 2017 1993 2071 hominis.

644 2124 810 2183 Primi
840 2127 1023 2198 itaque
1046 2129 1267 2200 capituli
1293 2138 1472 2187 textus
1499 2131 1578 2186 sic
1605 2130 1737 2186 dicit
1766 2148 1780 2184 :

646 2216 788 2275 Deus
836 2220 1176 2292 omnipotens
1217 2221 1488 2277 hominem
1517 2222 1635 2277 sine
1677 2230 1901 2293 peccato
1945 2230 2153 2279 rectum

575 2323 699 2365 cum
741 2310 913 2366 libero
953 2310 1179 2366 arbitrio
1204 2311 1481 2377 condidit,
1509 2321 1567 2366 et
1593 2312 1645 2366 in
1671 2312 1923 2382 paradiso
1949 2314 2148 2384 posuit,

574 2413 735 2469 quem
758 2398 812 2453 in
836 2398 1126 2455 sanctitate
1151 2397 1377 2468 justitia:
1403 2414 1723 2472 permanere
1743 2402 1949 2470 voluit;
1990 2404 2154 2462 homo

571 2489 746 2545 libero
792 2490 1021 2547 arbitrio
1071 2490 1214 2547 male
1264 2500 1422 2548 utens
1471 2493 1737 2563 peccavit,
1770 2504 1825 2549 et
1849 2495 2068 2562 cecidit,
2096 2504 2153 2552 et

572 2577 747 2635 factus
767 2588 853 2635 est
877 2596 1057 2637 massa
1094 2582 1418 2653 perditionis
1451 2583 1668 2640 humani
1722 2587 1958 2656 generis.
2007 2589 2151 2645 Deus

574 2678 755 2724 autem
778 2670 951 2726 bonus
971 2669 1220 2740 etjustus
1259 2672 1420 2744 elegit
1446 2689 1512 2729 ex
1533 2675 1723 2730 eadem
1753 2692 1932 2734 massa
1968 2678 2151 2750 perdi-

573 2758 755 2827 tionis,
784 2763 1077 2818 secundum
1101 2764 1498 2834 praescientiam
1526 2780 1700 2834 suam,
1732 2783 1869 2837 quos
1905 2783 2001 2839 per
2028 2785 2151 2840 gra-

573 2853 702 2909 tiam
725 2856 1127 2926 prtedestinavit
1147 2860 1217 2915 ad
1243 2861 1431 2927 vitam,
1456 2870 1511 2917 et
1530 2862 1697 2918 vitam
1731 2863 1837 2919 illis
1864 2866 2147 2934 praedesti-

573 2943 1014 3003 navitaeternam.
1046 2948 1283 3008 Caeteros
1309 2962 1510 3018 autem,
1534 2969 1669 3025 quos
1690 2952 1904 3024 justitia
1929 2965 1984 3012 et
2005 2955 2152 3027 judi-

568 3036 656 3092 cio
676 3036 731 3092 in
756 3053 932 3096 massa
956 3042 1273 3111 perditionis
1295 3044 1534 3116 reliquit,
1565 3048 1838 3117 perituros
1858 3050 2141 3119 praescivit,

573 3126 670 3182 sed
705 3143 811 3183 non
840 3139 898 3185 ut
935 3132 1175 3202 perirent
1224 3136 1654 3205 praedestinavit;
1695 3154 1912 3209 poenam
1965 3150 2144 3197 autem

570 3217 698 3285 illis,
723 3222 848 3290 quia
870 3222 1050 3294 justus
1073 3237 1178 3293 est,
1202 3229 1602 3298 prmdestinavit
1620 3242 1877 3290 aeternam
1905 3249 1920 3289 :
1952 3250 2016 3291 ac
2052 3251 2146 3307 per
2171 3209 2222 3277 ο

573 3312 677 3368 hoc
710 3329 872 3370 unam
912 3314 1008 3373 Dei
1033 3319 1560 3388 pmdestinationem
1595 3329 1965 3383 tantummodo
2011 3329 2149 3385 dici-

571 3419 711 3472 mus,
736 3421 855 3476 quaa
879 3410 947 3464 ad
969 3409 1170 3467 donum
1194 3413 1431 3485 pertinet
1447 3415 1635 3487 gratiae
1653 3458 1670 3485 ,
1709 3428 1803 3474 aut
1839 3420 2150 3476 retributio-

566 3512 688 3556 nem
719 3498 963 3570 justitiae.

1229 3616 1485 3659 CENSURA.

645 3684 713 3742 Ut
738 3701 867 3758 ergo
912 3688 998 3744 his
1046 3690 1264 3758 verbis,
1321 3702 1375 3748 et
1430 3691 1798 3763 hujuscemodi
1843 3696 2147 3754 deﬁnitioni

565 3780 904 3835 commodius
932 3789 987 3836 et
1034 3783 1374 3840 manifestius
1425 3785 1878 3856 respondeamus,
1914 3788 2019 3845 hoc
2048 3804 2148 3867 nos

566 3870 800 3940 primum
832 3873 884 3927 in
922 3873 1003 3928 eis
1029 3885 1237 3942 movet,
1261 3879 1403 3948 quod
1432 3879 1636 3949 absque
1668 3879 1774 3935 ulla
1815 3895 2147 3939 commemo-

558 3963 772 4019 ratione
790 3968 977 4035 gratiae
996 3967 1089 4022 Dei
1113 3967 1252 4039 (sine
1274 3985 1380 4041 qua
1402 3970 1544 4028 nulla
1570 3972 1849 4030 rationalis
1870 3983 2143 4044 creatura,

562 4054 767 4109 scilicet
792 4072 890 4111 nec
914 4058 1154 4127 angelica
1189 4074 1287 4116 nec
1317 4063 1571 4132 humana,
1601 4080 1835 4136 unquam
1859 4067 2032 4137 potuit
2052 4078 2148 4125 aut

560 4155 759 4215 potest,
793 4147 873 4202 vel
903 4150 1100 4218 poterit
1121 4151 1172 4204 in
1203 4151 1414 4221 justitia
1439 4163 1494 4210 et
1526 4157 1812 4211 sanctitate
1856 4173 1994 4221 esse,
2029 4173 2145 4213 ma-

561 4252 694 4293 nere
716 4278 731 4304 ,
759 4248 922 4309 atque
958 4242 1283 4312 persistere)
1315 4244 1389 4299 ita
1438 4244 1643 4315 primus
1680 4247 1844 4303 homo
1891 4247 2145 4305 deﬁnitur

562 4328 716 4386 liberi
775 4332 985 4388 arbitrii
1034 4350 1064 4388 a
1115 4336 1227 4392 Deo
1274 4339 1557 4408 conditus,
1584 4347 1745 4413 atque
1790 4342 1846 4398 in
1889 4344 2144 4416 paradiso

560 4426 915 4494 constitutus,
943 4437 1197 4500 tanquam
1231 4448 1330 4504 per
1355 4434 1530 4505 ipsum
1578 4438 1951 4494 tantummodo
1994 4437 2145 4495 arbi-

557 4520 717 4575 trium
749 4521 975 4575 libcrum
1003 4521 1056 4577 in
1089 4525 1378 4582 sanctitate
1412 4535 1467 4582 et
1491 4524 1704 4596 iustitia
1728 4530 1995 4600 potuisset
2016 4544 2141 4602 per-

556 4628 795 4667 manere.
827 4612 978 4681 Quod
1009 4614 1060 4669 in
1087 4615 1359 4686 praedictis
1396 4620 1577 4676 verbis
1615 4620 1758 4679 Deus
1799 4622 2136 4681 solummodo

551 4703 786 4761 voluisse
825 4706 1021 4761 dicitur
1047 4724 1061 4762 :
1093 4724 1224 4775 non,
1262 4720 1319 4764 ut
1343 4710 1457 4766 ﬁeri
1484 4722 1667 4782 posset
1701 4713 1842 4770 dono
1862 4730 1974 4771 suae
2006 4731 2134 4786 gra-

556 4798 642 4852 tia:
674 4798 999 4870 inspirasse,
1030 4802 1115 4858 vel
1140 4804 1417 4861 annuisse.
1455 4804 1568 4863 Hoc
1596 4822 1831 4878 namque
1868 4823 1979 4865 non
2014 4823 2137 4867 esse

554 4887 712 4957 plene
751 4899 807 4946 et
849 4891 1112 4949 catholica
1157 4894 1359 4965 pietate
1387 4895 1699 4967 definitum,
1732 4907 1789 4956 et
1841 4897 2135 4972 Scriptura:

553 4988 754 5036 sanctae
778 4985 1096 5052 auctoritas,
1131 4994 1187 5043 et
1215 4988 1360 5044 beati
1388 4988 1672 5063 Augustini
1706 4991 1932 5064 diligens
1954 4993 2134 5064 dispu-

556 5069 709 5137 tatio,
766 5080 823 5128 et
861 5072 1087 5131 aliorum
1135 5085 1450 5135 sanctorum
1501 5088 1663 5151 atque
1706 5082 2127 5138 orthodoxorum

551 5159 773 5218 Patrum
795 5163 1124 5223 lucidissima
1144 5168 1386 5227 deﬁnitio
1408 5171 1659 5227 ostendit.

1564 362 1621 418 S.
1659 358 1933 417 REMIGH'
1958 358 2442 418 LUGDUNENSIS
2480 357 2785 417 EPlSCOPI

3630 372 3723 430 1088

2328 486 2354 514 ι
2371 475 2429 530 1η
2451 476 2590 533 libro
2602 477 2799 549 quippe
2809 477 3060 547 Genesis,
3072 478 3162 536 ubi
3185 478 3355 552 primo
3375 479 3452 535 die
3470 482 3555 539 sub
3570 491 3724 546 conﬁne

2260 567 2412 632 lueis,
2448 575 2659 623 naturae
2690 568 2947 637 angelicas
2967 569 3170 625 creatio
3209 569 3521 644 intelligitur,
3558 576 3617 633 ita
3636 583 3724 636 seri.

2258 668 2408 729 ptum
2443 666 2565 715 est:
2609 676 2629 711 ι
2662 658 2731 714 Et
2754 659 2889 715 dixit
2916 659 3061 717 Deus
3091 678 3106 716 :
3133 660 3267 743 Fiat.
3289 661 3404 730 lux;
3451 671 3502 720 et
3542 666 3727 729 factust

2256 749 2368 805 lux.
2400 748 2469 805 Et
2488 749 2622 804 vidit
2645 747 2789 805 Deus
2807 748 2985 807 lucem
3007 749 3150 822 quod
3176 760 3315 809 esset
3341 752 3488 819 bona,
3525 764 3571 810 et
3599 759 3727 817 divisit

2255 840 2398 898 inter
2419 841 2592 898 lucem
2613 848 2670 898 et
2691 842 2960 910 tenebras,
2982 842 3367 914 appellavitque
3384 844 3537 902 lucem
3560 849 3681 916 diem,
3695 864 3729 907 et

2257 935 2506 992 tenebras
2533 945 2746 993 noctem
2764 934 2919 1007 (Gen.
2952 952 3034 1004 ιιι,
3063 936 3122 1003 4,
3151 937 3226 1009 5).
3268 957 3287 993 ι
3313 937 3369 994 Si
3396 954 3512 1012 ergo
3531 942 3729 1011 hocjuxu

2256 1040 2473 1082 sensum
2488 1026 2872 1083 catholicorum
2887 1027 3110 1083 Patrum
3122 1028 3188 1084 de
3200 1030 3399 1101 angelis
3412 1033 3729 1107 recteintelligi-

2256 1125 2344 1173 tur
2357 1118 2580 1183 dictum,
2604 1117 2948 1175 manifestum
2964 1128 3048 1176 est
3065 1119 3190 1190 quia
3205 1121 3258 1176 in
3273 1122 3414 1176 verba
3427 1137 3530 1187 suo,
3543 1125 3653 1194 quod
3671 1127 3729 1182 «in

2254 1208 2519 1281 principio
2536 1218 2673 1277 erat,
2705 1211 2849 1267 Deus
2876 1214 3017 1282 apud
3043 1213 3210 1268 Deum
3235 1212 3413 1286 (Joan.
3438 1231 3473 1280 ι,
3500 1216 3564 1289 l),
3598 1237 3612 1270 ι
3646 1235 3732 1275 cou-

2259 1301 2573 1359 stitueritet
2594 1303 2783 1360 fecerit
2803 1303 2947 1361 Deus
2988 1305 3169 1372 Pater,
3217 1315 3278 1362 ut
3308 1307 3384 1363 illi
3420 1309 3573 1381 angeli
3607 1310 3729 1380 electi,

2258 1408 2385 1449 mox
2420 1401 2481 1448 ut
2522 1404 2648 1450 sunt
2689 1397 2880 1464 creati,
2936 1398 3236 1454 existerent
3256 1399 3439 1455 eodem
3487 1400 3584 1469 ejus
3622 1406 3732 1459 verbo

2258 1483 2564 1553 illuminati,
2627 1495 2683 1542 et
2739 1488 2934 1544 ﬁerent
2963 1507 2983 1541 ι
3009 1489 3103 1546 lux
3151 1490 3208 1545 in
3244 1489 3461 1546 Domino
3496 1491 3666 1563 (Ephet.
3697 1511 3730 1561 r,

2256 1571 2338 1643 8),
2387 1594 2406 1628 ι
2461 1575 2556 1645 qui
2606 1591 2705 1646 per
2746 1579 2973 1648 seipsos,
3035 1589 3092 1635 et
3140 1581 3197 1635 in
3250 1581 3433 1652 seipsis
3492 1582 3604 1636 nihil
3639 1584 3732 1638 aliud

2260 1679 2426 1734 quam
2474 1669 2711 1724 tenebrae
2750 1684 2872 1726 esse
2913 1671 3217 1742 potuissent
3255 1689 3269 1726 :
3301 1672 3436 1727 sicut
3472 1680 3580 1727 sunt
3608 1675 3733 1743 utique

2259 1768 2449 1812 omnes
2501 1757 2703 1831 refuga:
2742 1760 2937 1832 angeli,
2989 1761 3081 1832 qui
3134 1761 3335 1817 deserti
3389 1761 3566 1817 lumine
3609 1764 3734 1833 gratia

2184 1841 2231 1903 B
2258 1846 2567 1905 Conditoris
2595 1850 2729 1906 nihil
2755 1851 2900 1906 aliud
2930 1852 2982 1906 in
3006 1852 3219 1924 seipsis,
3248 1852 3349 1907 nisi
3374 1852 3571 1906 tenebrae
3595 1867 3738 1906 reman-

2259 1950 2471 1997 serunt.
2510 1942 2664 1999 Unde
2686 1944 2850 1999 etiam
2873 1945 2940 2000 de
2965 1960 3156 2001 eorum
3183 1945 3347 2016 impio
3369 1944 3626 2011 dominatu,
3644 1944 3736 1999 unde

2253 2050 2354 2107 per
2384 2039 2698 2110 sanguinem
2727 2040 2874 2096 unici
2914 2040 3039 2098 Filii
3079 2042 3174 2097 Dei
3204 2042 3412 2098 liberati
3436 2059 3608 2107 sumus,
3641 2045 3733 2114 Apo~

2255 2130 2427 2186 stolus
2452 2130 2585 2187 dicit
2618 2148 2631 2184 :
2673 2150 2691 2182 ι
2727 2130 2829 2199 Qui
2856 2133 3054 2203 eripuit
3073 2135 3185 2189 nos'
3205 2135 3271 2189 de
3300 2142 3546 2204 potestate
3570 2134 3736 2189 tenebra-

2255 2239 2396 2285 rum,
2420 2231 2475 2278 et
2502 2223 2779 2279 transtulit
2803 2224 2858 2279 in
2884 2241 3110 2297 regnum
3124 2224 3252 2282 Filii
3268 2226 3530 2282 charitatis
3549 2242 3635 2281 sure
3646 2225 3733 2297 (Col.

2256 2331 2296 2380 ι,
2338 2313 2449 2387 15).
2496 2334 2515 2365 ι
2550 2314 2619 2369 Ει
2645 2313 2770 2369 alibi
2800 2315 2917 2371 ait:
2951 2335 2971 2369 ι
3007 2315 3141 2373 Nam
3171 2326 3229 2373 et
3259 2319 3370 2388 ipse
3392 2317 3595 2374 Satanas
3618 2326 3735 2373 trans-

2256 2406 2452 2475 ﬁgurat
2478 2422 2538 2462 se
2562 2406 2618 2461 in
2648 2406 2897 2478 angelum
2918 2407 3054 2464 lucis
3083 2406 3170 2480 (II
3203 2408 3327 2463 Cor.
3358 2425 3431 2474 xi,
3466 2407 3560 2477 ιι),
3589 2428 3603 2459 ι
3629 2408 3737 2461 mani-

2256 2496 2391 2553 feste
2430 2498 2722 2554 ostendens
2775 2498 2913 2555 alios
2946 2515 3067 2556 esse
3116 2501 3337 2574 angelos
3381 2500 3522 2565 lucis,
3560 2499 3733 2571 qui,Dru

2255 2589 2610 2658 illuminante,
2635 2594 2690 2647 in
2718 2593 2934 2648 veritate
2959 2596 3337 2665 perstiterunt,
3370 2602 3422 2649 et
3441 2595 3559 2649 alios
3585 2592 3735 2664 angelos

2257 2683 2625 2751 tenebrarum,
2671 2685 2738 2740 de
2768 2701 2999 2756 quorum
3053 2685 3302 2757 principe
3352 2685 3584 2741 Dominus
3607 2684 3735 2738 dicit:

2257 2794 2277 2827 ι
2308 2774 2375 2830 Et
2412 2775 2468 2831 in
2502 2777 2730 2832 veritate
2757 2792 2864 2832 non
2898 2777 3051 2833 stetit
3077 2775 3262 2848 (Joan.
3294 2792 3412 2842 vm,
3442 2776 3541 2846 ll).
3577 2795 3592 2827 ι
3626 2775 3735 2829 Facla
3791 2789 3799 2805 ο

2252 2877 2378 2926 sunt
2426 2886 2556 2943 ergo
2600 2887 2708 2928 non
2750 2879 2959 2928 tantum
2999 2878 3057 2926 ut
3088 2871 3448 2928 essentialiter
3487 2877 3648 2932 essent,
3676 2866 3736 2921 sed

2251 2964 2420 3020 etiam
2453 2964 2635 3020 divina
2656 2967 2828 3039 gratia
2856 2964 3193 3021 illuminante
3224 2983 3243 3017 ι
3275 2964 3365 3020 lux
3389 2974 3443 3020 et
3482 2963 3582 3018 dies
3615 2962 3654 3015 in
3674 2958 3739 3013 Do-

2250 3056 2400 3113 mino
2441 3075 2461 3110 ι
2489 3066 2689 3113 essent.
2727 3056 2830 3125 Qui
2870 3073 2998 3115 vero
3021 3073 3089 3114 ex
3114 3055 3206 3113 illa
3233 3056 3549 3112 illuminante
3572 3051 3732 3107 veritate

2250 3165 2279 3204 a
2325 3156 2642 3207 czeterorum
2698 3149 2956 3204 societate
2997 3164 3096 3219 per
3138 3148 3446 3219 superbiam
3490 3143 3733 3201 ceciderant,

2253 3239 2447 3295 merito
2473 3258 2491 3292 ι
2519 3240 2755 3295 tenebrze
2775 3248 2830 3294 et
2859 3254 2964 3294 nox
2986 3259 3003 3290 ι
3038 3238 3299 3309 appellari
3322 3243 3623 3297 meruerunt;
3642 3231 3735 3284 hanc

2257 3348 2277 3381 ι
2318 3330 2492 3386 lucem
2513 3330 2650 3385 vidit
2677 3330 2818 3385 Deus
2856 3332 2983 3401 quia
3027 3330 3168 3386 bona
3215 3339 3321 3397 est,
3368 3349 3387 3382 ι
3417 3344 3528 3385 cum
3554 3322 3732 3381 eamsibi

2251 3421 2559 3493 placentem
2611 3436 2710 3478 suo
2748 3422 2953 3493 judicio
2996 3422 3320 3494 approbavit
3355 3437 3370 3476 :
3406 3440 3424 3473 ι
3491 3418 3686 3474 tenebras
3719 3432 3730 3464 l

2249 3518 2429 3565 autem
2458 3508 2579 3567 illas
2613 3524 2719 3566 non
2761 3510 3020 3575 laudavit,
3049 3511 3179 3583 quia
3228 3525 3330 3567 nec
3361 3507 3655 3583 approbavit,
3676 3503 3735 3559 sed

2252 3608 2461 3657 tantum
2475 3602 2624 3674 justo
2643 3600 2870 3671 judicio,
2909 3612 2970 3659 ut
3010 3603 3065 3659 in
3109 3618 3224 3659 sine
3276 3603 3441 3659 ruina:
3479 3597 3733 3656 damnatione

2247 3696 2624 3767 persisterent,
2652 3695 2940 3751 ordinavit.
2979 3694 3093 3754 Hoc
3113 3696 3180 3752 de
3207 3695 3412 3768 angelis
3429 3693 3605 3751 sanctis
3624 3690 3733 3746 etiam

2248 3790 2303 3845 in
2327 3788 2536 3859 psalmo
2563 3788 2867 3845 ostenditur
2892 3787 2983 3843 ubi
3030 3786 3237 3844 dictum
3290 3796 3371 3845 est
3403 3804 3417 3840 :
3455 3804 3472 3838 ι
3510 3783 3647 3838 Verbo
3673 3778 3735 3834 Do

2248 3882 2381 3939 mini
2428 3881 2550 3939 cmli
2598 3881 2802 3938 ﬁrmati
2852 3889 2998 3949 sunt,
3028 3891 3084 3937 et
3115 3882 3313 3954 spiritu
3349 3880 3455 3937 oris
3497 3877 3594 3947 ejus
3617 3871 3733 3930 omnis

2248 3975 2421 4030 virtus
2438 3989 2625 4031 eorum
2655 3971 2829 4043 (Psal.
2860 3989 3034 4042 χχιιι,
3075 3974 3166 4044 6);
3214 3994 3232 4027 ι
3279 3990 3425 4039 nam,
3450 3973 3491 4028 si
3512 3986 3592 4043 per
3621 3981 3735 4020 iver-

2245 4067 2376 4123 bum
2407 4065 2639 4133 Domini,
2695 4085 2714 4118 »
2758 4065 2812 4121 id
2852 4074 2956 4131 est,
3013 4065 3281 4137 unigeniti
3318 4065 3437 4121 Filii
3465 4065 3631 4119 virtute
3654 4054 3733 4114 ccli

2248 4159 2448 4216 ﬁrmati
2477 4167 2620 4225 sunt,
2687 4178 2705 4212 ι
2752 4166 2807 4214 et
2852 4158 3046 4230 spiritu
3088 4158 3202 4213 oris
3254 4157 3391 4227 ejus,
3423 4177 3442 4209 ι
3485 4156 3532 4211 id
3565 4162 3646 4213 est,
3672 4163 3735 4219 per

2244 4250 2502 4305 virtutem
2554 4248 2789 4320 Spiritus
2843 4249 3019 4304 sancti
3070 4263 3263 4304 omnes
3309 4247 3551 4304 caelorum
3579 4243 3734 4297 virtutes

2242 4338 2331 4395 vel
2376 4347 2575 4396 creatre
2596 4348 2720 4396 sunt
2745 4349 2806 4396 ut
2829 4349 3036 4406 essent,
3070 4339 3156 4395 vel
3180 4339 3406 4397 ﬁrmate
3433 4350 3488 4395 ut
3509 4338 3555 4392 in
3577 4333 3734 4389 veritate

2240 4429 2617 4501 persisterent,
2653 4430 2823 4486 claret
2841 4430 3064 4487 omnino
3098 4446 3192 4487 eos
3217 4440 3273 4487 et
3301 4431 3483 4502 spiritu
3509 4426 3585 4485 Dei
3606 4418 3732 4480 condi-

2245 4532 2353 4590 tos,
2405 4530 2463 4579 et
2511 4522 2757 4595 ejusdem
2801 4524 2977 4595 gratia
3038 4525 3091 4579 in
3145 4532 3347 4579 aeterna
3369 4523 3456 4579 illa
3482 4515 3732 4576 beatitudine

2241 4615 2522 4673 solidatos.

2313 4706 2406 4764 Sic
2438 4717 2495 4765 et
2519 4707 2727 4778 primus
2749 4709 2909 4765 homo
2926 4705 3082 4765 liberi
3111 4707 3322 4764 arbitrii
3348 4721 3378 4763 a
3412 4707 3513 4764 Deo
3534 4700 3729 4760 conditus.

2241 4800 2479 4872 quandiu
2536 4816 2555 4851 ι
2613 4806 2769 4856 scuto
2813 4799 2966 4855 bona:
3019 4799 3316 4856 voluntatis
3361 4798 3451 4855 Dei
3506 4790 3646 4869 (Ptol.
3692 4800 3729 4851 τι

2242 4893 2357 4964 l5),
2390 4910 2410 4945 ι
2446 4891 2499 4949 id
2521 4900 2626 4959 est,
2655 4892 2851 4949 divinae
2872 4893 3060 4964 gratiae
3083 4902 3362 4965 protectus
3395 4899 3476 4947 est
3498 4895 3632 4957 atque
3650 4893 3730 4936 mll-

2241 4988 2410 5053 nitus,
2459 4987 2672 5042 beatam
2727 4986 2894 5041 vitam
2940 4984 3096 5042 duxit
3145 5002 3269 5043 cum
3324 4985 3460 5052 Deo;
3514 4984 3727 5054 postquam

2237 5088 2419 5138 autem
2443 5077 2513 5134 de
2532 5093 2633 5135 sua
2656 5078 2856 5135 virtute
2881 5078 3261 5150 praesumendo
3299 5086 3355 5135 et
3380 5084 3550 5133 contra
3568 5068 3727 5125 Creato-

2236 5188 2355 5231 rem
2377 5188 2436 5230 se
2457 5170 2766 5229 extollendo
2791 5186 3014 5229 aversus
3042 5180 3127 5229 est
3160 5173 3229 5228 ab
3275 5170 3384 5238 illo,
3426 5166 3531 5238 ejus
3550 5159 3727 5229 indigna-

1501 5304 1710 5363 ΝΟΤΛΕ
1751 5306 2075 5365 DUVALLII
2112 5306 2455 5367 DOCTORIS
2489 5306 2873 5366 SORBONICI.

621 5430 649 5458 ι
685 5413 922 5489 Adverte
949 5414 1219 5474 Iulianum
1243 5417 1415 5485 illum,
1449 5426 1637 5489 contra
1663 5433 1828 5488 quem
1859 5426 1941 5474 tot
1974 5417 2128 5476 libris
2232 5419 2402 5477 fuisse
2452 5419 2671 5475 nomine
2718 5419 2841 5477 creti
2893 5429 2988 5478 aut
3028 5423 3193 5480 etiam
3232 5420 3385 5479 lucis.
3446 5418 3561 5489 Qua.-
3594 5422 3724 5470 tamen

549 5486 805 5563 disseruit
832 5486 1182 5558 Augustinus,
1208 5504 1489 5545 accusasse
1505 5486 1918 5563 Moyse'mquasi
1941 5490 2126 5563 existi-

2232 5491 2513 5565 responsio
2562 5490 2746 5547 multis
2774 5507 2879 5565 non
2905 5493 3116 5564 placet,
3165 5495 3290 5565 quia
3316 5493 3369 5565 in
3397 5490 3635 5565 Scriptura
3652 5496 3723 5565 πο·

551 5558 713 5614 marit
746 5552 1063 5614 Deum'non
1107 5552 1227 5617 esse
1268 5570 1566 5617 creatorem
1592 5552 1924 5631 'angelorum
1946 5601 1963 5626 ,
2036 5561 2124 5616 uia
2229 5552 2374 5618 mine
2395 5560 2518 5618 caeli
2546 5570 2601 5617 et
2623 5571 2782 5617 terra:
2804 5552 3119 5635 intelligitur
3140 5552 3333 5622 coelum
3357 5562 3486 5618 istud
3505 5552 3722 5617 sensibile;

551 5628 760 5685 scilicet
804 5631 1096 5686 creatiouis
1143 5634 1381 5686 ipsorum
1433 5648 1539 5686 non
1590 5632 1929 5686 meminerat.
1985 5577 2122 5686 ﬂuic
2228 5643 2282 5686 et
2303 5633 2520 5686 nomine
2545 5632 2751 5686 pariter
2772 5634 2909 5686 lucis
2938 5635 3116 5686 lumen
3146 5636 3271 5686 illud
3303 5631 3519 5686 visibile.
3540 5630 3600 5684 ita
3622 5633 3722 5679 utea

551 5628 1096 5703 scilicetgcreatiouis
1143 5634 1381 5703 ipsorum
1433 5648 1539 5687 non
1590 5628 1929 5703 meminerat.

551 5701 828 5775 respondit
872 5701 1202 5775 Augustinus
1229 5712 1285 5775 et
1328 5713 1512 5774 postea
1560 5702 1620 5775 D7.
1652 5702 1890 5775 Thomas
1924 5712 2113 5773 quaest.

2035 5633 2122 5687 uic
2228 5643 2282 5688 et
2303 5633 2520 5690 nomine
2538 5632 2751 5703 pariter
2772 5634 2909 5690 lucis
2938 5630 3116 5692 lumen
3146 5636 3271 5691 illud
3303 5631 3519 5697 visibile,
3540 5630 3600 5703 ita
3622 5633 3724 5703 Ille}

2225 5704 2495 5778 expositio
2536 5699 2910 5778 Lugdunensis
2934 5707 3188 5763 Ecclesiae
3234 5705 3453 5778 mystica
3492 5700 3640 5774 potius
3670 5699 3723 5747 tit

549 5769 826 5838 σίδη-εἰς.
852 5788 869 5827 ι
894 5769 1086 5845 partis,
1114 5769 1443 5831 creationem
1462 5774 1770 5842 angelorum
1793 5769 2118 5830 insinuatam
2223 5769 2387 5843 quam
2407 5769 2677 5865 litterali's.
