  <div class='ocr_page' id='page_1' title='image "/cluster/home/n/w/nwhite01/storage/ocr_20150623/121/hvd.32044015471642/550.png"; bbox 0 0 3966 6334; ppageno 0'>
   <div class='ocr_carea' id='block_1_1' title="bbox 234 362 3548 429">
    <p class='ocr_par' dir='ltr' id='par_1_1' title="bbox 234 362 3548 429">
     <span class='ocr_line' id='line_1_1' title="bbox 234 362 3548 429; baseline -0.003 -1"><span class='ocrx_word' id='word_1_1' title='bbox 234 370 395 429; x_wconf 74' lang='grc'><strong>1089</strong></span> <span class='ocrx_word' id='word_1_2' title='bbox 1234 367 1324 424; x_wconf 86' lang='lat' dir='ltr'><strong>DE</strong></span> <span class='ocrx_word' id='word_1_3' title='bbox 1361 363 1685 425; x_wconf 79' lang='lat' dir='ltr'><strong>TENENDA</strong></span> <span class='ocrx_word' id='word_1_4' title='bbox 1723 362 2139 423; x_wconf 65' lang='lat' dir='ltr'><strong>SCRIPTUM</strong></span> <span class='ocrx_word' id='word_1_5' title='bbox 2186 364 2557 422; x_wconf 78' lang='lat' dir='ltr'><strong>VERITATE.</strong></span> <span class='ocrx_word' id='word_1_6' title='bbox 3408 366 3548 428; x_wconf 71' lang='lat' dir='ltr'><strong>i090</strong></span> 
     </span>
    </p>
   </div>
   <div class='ocr_carea' id='block_1_2' title="bbox 218 474 3543 556">
    <p class='ocr_par' dir='ltr' id='par_1_2' title="bbox 218 474 3543 556">
     <span class='ocr_line' id='line_1_2' title="bbox 218 474 3543 556; baseline 0.001 -18"><span class='ocrx_word' id='word_1_7' title='bbox 218 474 405 540; x_wconf 62' lang='lat' dir='ltr'><strong>&#39;tione</strong></span> <span class='ocrx_word' id='word_1_8' title='bbox 434 483 591 539; x_wconf 88' lang='lat' dir='ltr'><strong>iram</strong></span> <span class='ocrx_word' id='word_1_9' title='bbox 622 524 638 551; x_wconf 96' lang='lat'><strong>,</strong></span> <span class='ocrx_word' id='word_1_10' title='bbox 675 481 729 540; x_wconf 99' lang='lat' dir='ltr'><strong>id</strong></span> <span class='ocrx_word' id='word_1_11' title='bbox 755 492 859 551; x_wconf 91' lang='lat' dir='ltr'><strong>est,</strong></span> <span class='ocrx_word' id='word_1_12' title='bbox 907 482 1068 556; x_wconf 69' lang='lat' dir='ltr'><strong>justas</strong></span> <span class='ocrx_word' id='word_1_13' title='bbox 1109 480 1476 538; x_wconf 78' lang='lat' dir='ltr'><strong>damnationis</strong></span> <span class='ocrx_word' id='word_1_14' title='bbox 1505 494 1724 551; x_wconf 63' lang='lat' dir='ltr'><strong>poenam</strong></span> <span class='ocrx_word' id='word_1_15' title='bbox 1770 478 1857 534; x_wconf 86' lang='lat' dir='ltr'><strong>in-</strong></span> <span class='ocrx_word' id='word_1_16' title='bbox 1881 485 1935 543; x_wconf 78' lang='grc' dir='ltr'>Α</span> <span class='ocrx_word' id='word_1_17' title='bbox 1957 477 2185 535; x_wconf 90' lang='lat' dir='ltr'><strong>liberum</strong></span> <span class='ocrx_word' id='word_1_18' title='bbox 2233 494 2341 535; x_wconf 91' lang='lat' dir='ltr'><strong>non</strong></span> <span class='ocrx_word' id='word_1_19' title='bbox 2385 478 2717 537; x_wconf 89' lang='lat' dir='ltr'><strong>deseruisset</strong></span> <span class='ocrx_word' id='word_1_20' title='bbox 2773 480 3081 548; x_wconf 88' lang='lat' dir='ltr'><strong>arbitrium,</strong></span> <span class='ocrx_word' id='word_1_21' title='bbox 3134 495 3352 553; x_wconf 79' lang='lat' dir='ltr'><strong>semper</strong></span> <span class='ocrx_word' id='word_1_22' title='bbox 3396 494 3543 540; x_wconf 77' lang='lat' dir='ltr'><strong>esset</strong></span> 
     </span>
    </p>
   </div>
   <div class='ocr_carea' id='block_1_3' title="bbox 234 571 3541 647">
    <p class='ocr_par' dir='ltr' id='par_1_3' title="bbox 234 571 3541 647">
     <span class='ocr_line' id='line_1_3' title="bbox 234 571 3541 647; baseline 0.001 -18"><span class='ocrx_word' id='word_1_23' title='bbox 234 573 471 638; x_wconf 88' lang='lat' dir='ltr'><strong>currit;</strong></span> <span class='ocrx_word' id='word_1_24' title='bbox 518 591 687 647; x_wconf 85' lang='lat' dir='ltr'><strong>quam</strong></span> <span class='ocrx_word' id='word_1_25' title='bbox 711 585 895 647; x_wconf 88' lang='lat' dir='ltr'><strong>postea</strong></span> <span class='ocrx_word' id='word_1_26' title='bbox 926 574 982 630; x_wconf 93' lang='lat' dir='ltr'><strong>in</strong></span> <span class='ocrx_word' id='word_1_27' title='bbox 1027 573 1133 631; x_wconf 85' lang='lat' dir='ltr'><strong>illis</strong></span> <span class='ocrx_word' id='word_1_28' title='bbox 1157 572 1253 645; x_wconf 88' lang='lat' dir='ltr'><strong>qui</strong></span> <span class='ocrx_word' id='word_1_29' title='bbox 1284 588 1355 630; x_wconf 78' lang='lat' dir='ltr'><strong>ex</strong></span> <span class='ocrx_word' id='word_1_30' title='bbox 1400 573 1519 644; x_wconf 91' lang='lat' dir='ltr'><strong>ejus</strong></span> <span class='ocrx_word' id='word_1_31' title='bbox 1562 571 1861 645; x_wconf 76' lang='lat' dir='ltr'><strong>propagine</strong></span> <span class='ocrx_word' id='word_1_32' title='bbox 1959 572 2169 639; x_wconf 79' lang='lat' dir='ltr'><strong>bonus;</strong></span> <span class='ocrx_word' id='word_1_33' title='bbox 2212 572 2308 629; x_wconf 90' lang='lat' dir='ltr'><strong>sed</strong></span> <span class='ocrx_word' id='word_1_34' title='bbox 2340 572 2601 640; x_wconf 76' lang='lat' dir='ltr'><strong>deseruit,</strong></span> <span class='ocrx_word' id='word_1_35' title='bbox 2630 580 2688 631; x_wconf 89' lang='lat' dir='ltr'><strong>et</strong></span> <span class='ocrx_word' id='word_1_36' title='bbox 2733 573 2983 631; x_wconf 84' lang='lat' dir='ltr'><strong>desertus</strong></span> <span class='ocrx_word' id='word_1_37' title='bbox 3008 571 3140 647; x_wconf 87' lang='lat' dir='ltr'><strong>est.]</strong></span> <span class='ocrx_word' id='word_1_38' title='bbox 3188 573 3257 629; x_wconf 87' lang='lat' dir='ltr'><strong>Et</strong></span> <span class='ocrx_word' id='word_1_39' title='bbox 3282 581 3406 646; x_wconf 90' lang='lat' dir='ltr'><strong>post</strong></span> <span class='ocrx_word' id='word_1_40' title='bbox 3441 574 3541 631; x_wconf 90' lang='lat' dir='ltr'><strong>ali-</strong></span> 
     </span>
    </p>
   </div>
   <div class='ocr_carea' id='block_1_4' title="bbox 230 661 1860 736">
    <p class='ocr_par' dir='ltr' id='par_1_4' title="bbox 230 661 1860 736">
     <span class='ocr_line' id='line_1_4' title="bbox 230 661 1860 736; baseline -0.002 -17"><span class='ocrx_word' id='word_1_41' title='bbox 230 674 350 736; x_wconf 82' lang='lat' dir='ltr'><strong>per</strong></span> <span class='ocrx_word' id='word_1_42' title='bbox 375 662 487 720; x_wconf 85' lang='lat' dir='ltr'><strong>Dei</strong></span> <span class='ocrx_word' id='word_1_43' title='bbox 509 665 953 722; x_wconf 74' lang='lat' dir='ltr'><strong>“misericordiam</strong></span> <span class='ocrx_word' id='word_1_44' title='bbox 987 663 1287 730; x_wconf 88' lang='lat' dir='ltr'><strong>salvantur,</strong></span> <span class='ocrx_word' id='word_1_45' title='bbox 1308 662 1453 734; x_wconf 90' lang='lat' dir='ltr'><strong>juste</strong></span> <span class='ocrx_word' id='word_1_46' title='bbox 1477 678 1537 719; x_wconf 91' lang='lat' dir='ltr'><strong>se</strong></span> <span class='ocrx_word' id='word_1_47' title='bbox 1563 661 1860 718; x_wconf 83' lang='lat' dir='ltr'><strong>incurrisse</strong></span> 
     </span>
    </p>
   </div>
   <div class='ocr_carea' id='block_1_5' title="bbox 234 753 1858 828">
    <p class='ocr_par' dir='ltr' id='par_1_5' title="bbox 234 753 1858 828">
     <span class='ocr_line' id='line_1_5' title="bbox 234 753 1858 828; baseline -0.001 -18"><span class='ocrx_word' id='word_1_48' title='bbox 234 753 612 828; x_wconf 71' lang='lat' dir='ltr'><strong>intelligens,</strong></span> <span class='ocrx_word' id='word_1_49' title='bbox 666 774 685 809; x_wconf 84' lang='grc'><em>‹</em></span> <span class='ocrx_word' id='word_1_50' title='bbox 751 755 1068 813; x_wconf 76' lang='lat' dir='ltr'><strong>humiliatus</strong></span> <span class='ocrx_word' id='word_1_51' title='bbox 1140 757 1241 812; x_wconf 88' lang='lat' dir='ltr'><strong>sub</strong></span> <span class='ocrx_word' id='word_1_52' title='bbox 1293 755 1502 828; x_wconf 87' lang='lat' dir='ltr'><strong>potenti</strong></span> <span class='ocrx_word' id='word_1_53' title='bbox 1550 769 1713 810; x_wconf 91' lang='lat' dir='ltr'><strong>manu</strong></span> <span class='ocrx_word' id='word_1_54' title='bbox 1764 754 1858 810; x_wconf 92' lang='lat' dir='ltr'><strong>Dei</strong></span> 
     </span>
    </p>
   </div>
   <div class='ocr_carea' id='block_1_6' title="bbox 236 843 1855 922">
    <p class='ocr_par' dir='ltr' id='par_1_6' title="bbox 236 843 1855 922">
     <span class='ocr_line' id='line_1_6' title="bbox 236 843 1855 922; baseline 0.001 -21"><span class='ocrx_word' id='word_1_55' title='bbox 236 843 301 919; x_wconf 89' lang='grc' dir='ltr'><strong>(Ι</strong></span> <span class='ocrx_word' id='word_1_56' title='bbox 335 845 507 904; x_wconf 84' lang='lat' dir='ltr'><strong>Petr.</strong></span> <span class='ocrx_word' id='word_1_57' title='bbox 537 866 595 918; x_wconf 91' lang='lat' dir='ltr'><strong>v,</strong></span> <span class='ocrx_word' id='word_1_58' title='bbox 625 850 704 922; x_wconf 88' lang='grc'><strong>6),</strong></span> <span class='ocrx_word' id='word_1_59' title='bbox 737 870 755 904; x_wconf 69' lang='grc' dir='ltr'><strong>ι</strong></span> <span class='ocrx_word' id='word_1_60' title='bbox 785 849 851 907; x_wconf 88' lang='lat' dir='ltr'><strong>ad</strong></span> <span class='ocrx_word' id='word_1_61' title='bbox 877 850 1054 920; x_wconf 91' lang='lat' dir='ltr'><strong>ipsum</strong></span> <span class='ocrx_word' id='word_1_62' title='bbox 1076 850 1193 906; x_wconf 89' lang='lat' dir='ltr'><strong>sine</strong></span> <span class='ocrx_word' id='word_1_63' title='bbox 1218 849 1618 906; x_wconf 74' lang='lat' dir='ltr'><strong>intermissione</strong></span> <span class='ocrx_word' id='word_1_64' title='bbox 1637 848 1855 914; x_wconf 88' lang='lat' dir='ltr'><strong>clamat,</strong></span> 
     </span>
    </p>
   </div>
   <div class='ocr_carea' id='block_1_7' title="bbox 235 939 1855 1013">
    <p class='ocr_par' dir='ltr' id='par_1_7' title="bbox 235 939 1855 1013">
     <span class='ocr_line' id='line_1_7' title="bbox 235 939 1855 1013; baseline -0.001 -20"><span class='ocrx_word' id='word_1_65' title='bbox 235 946 298 994; x_wconf 89' lang='lat' dir='ltr'><strong>et</strong></span> <span class='ocrx_word' id='word_1_66' title='bbox 330 939 537 1010; x_wconf 87' lang='lat' dir='ltr'><strong>ipsum</strong></span> <span class='ocrx_word' id='word_1_67' title='bbox 565 941 885 1013; x_wconf 76' lang='lat' dir='ltr'><strong>deprecatur</strong></span> <span class='ocrx_word' id='word_1_68' title='bbox 926 949 986 997; x_wconf 91' lang='lat' dir='ltr'><strong>ut</strong></span> <span class='ocrx_word' id='word_1_69' title='bbox 1016 939 1237 997; x_wconf 89' lang='lat' dir='ltr'><strong>liberari</strong></span> <span class='ocrx_word' id='word_1_70' title='bbox 1266 949 1322 997; x_wconf 89' lang='lat' dir='ltr'><strong>et</strong></span> <span class='ocrx_word' id='word_1_71' title='bbox 1344 939 1525 997; x_wconf 87' lang='lat' dir='ltr'><strong>sanari</strong></span> <span class='ocrx_word' id='word_1_72' title='bbox 1562 946 1855 996; x_wconf 87' lang='lat' dir='ltr'><strong>mereatur.</strong></span> 
     </span>
    </p>
   </div>
   <div class='ocr_carea' id='block_1_8' title="bbox 236 1027 1856 1103">
    <p class='ocr_par' dir='ltr' id='par_1_8' title="bbox 236 1027 1856 1103">
     <span class='ocr_line' id='line_1_8' title="bbox 236 1027 1856 1103; baseline -0.001 -18"><span class='ocrx_word' id='word_1_73' title='bbox 236 1027 368 1085; x_wconf 83' lang='lat' dir='ltr'><strong>Hoc</strong></span> <span class='ocrx_word' id='word_1_74' title='bbox 404 1040 595 1086; x_wconf 92' lang='lat' dir='ltr'><strong>totum</strong></span> <span class='ocrx_word' id='word_1_75' title='bbox 624 1031 911 1087; x_wconf 83' lang='lat' dir='ltr'><strong>verissime</strong></span> <span class='ocrx_word' id='word_1_76' title='bbox 942 1032 1015 1087; x_wconf 91' lang='lat' dir='ltr'><strong>ita</strong></span> <span class='ocrx_word' id='word_1_77' title='bbox 1053 1046 1196 1097; x_wconf 90' lang='lat' dir='ltr'><strong>esse,</strong></span> <span class='ocrx_word' id='word_1_78' title='bbox 1227 1046 1294 1087; x_wconf 82' lang='lat' dir='ltr'><strong>ex</strong></span> <span class='ocrx_word' id='word_1_79' title='bbox 1328 1045 1564 1103; x_wconf 80' lang='lat' dir='ltr'><strong>persona</strong></span> <span class='ocrx_word' id='word_1_80' title='bbox 1612 1031 1856 1103; x_wconf 86' lang='lat' dir='ltr'><strong>ejusdem</strong></span> 
     </span>
    </p>
   </div>
   <div class='ocr_carea' id='block_1_9' title="bbox 236 1111 1858 1196">
    <p class='ocr_par' dir='ltr' id='par_1_9' title="bbox 236 1111 1858 1196">
     <span class='ocr_line' id='line_1_9' title="bbox 236 1111 1858 1196; baseline -0.002 -16"><span class='ocrx_word' id='word_1_81' title='bbox 236 1124 511 1181; x_wconf 86' lang='lat' dir='ltr'><strong>hominis</strong></span> <span class='ocrx_word' id='word_1_82' title='bbox 553 1125 692 1182; x_wconf 88' lang='lat' dir='ltr'><strong>bene</strong></span> <span class='ocrx_word' id='word_1_83' title='bbox 711 1126 935 1193; x_wconf 89' lang='lat' dir='ltr'><strong>conditi,</strong></span> <span class='ocrx_word' id='word_1_84' title='bbox 967 1126 1198 1195; x_wconf 79' lang='lat' dir='ltr'><strong>benigne</strong></span> <span class='ocrx_word' id='word_1_85' title='bbox 1225 1111 1422 1196; x_wconf 36' lang='lat' dir='ltr'><strong>&#39;adjuti,</strong></span> <span class='ocrx_word' id='word_1_86' title='bbox 1475 1122 1858 1180; x_wconf 83' lang='lat' dir='ltr'><strong>miserabiliter</strong></span> 
     </span>
    </p>
   </div>
   <div class='ocr_carea' id='block_1_10' title="bbox 235 1200 1858 1289">
    <p class='ocr_par' dir='ltr' id='par_1_10' title="bbox 235 1200 1858 1289">
     <span class='ocr_line' id='line_1_10' title="bbox 235 1200 1858 1289; baseline 0 -18"><span class='ocrx_word' id='word_1_87' title='bbox 235 1214 418 1287; x_wconf 87' lang='lat' dir='ltr'><strong>lapsi,</strong></span> <span class='ocrx_word' id='word_1_88' title='bbox 452 1233 595 1274; x_wconf 89' lang='lat' dir='ltr'><strong>vere</strong></span> <span class='ocrx_word' id='word_1_89' title='bbox 621 1218 885 1284; x_wconf 85' lang='lat' dir='ltr'><strong>conversi,</strong></span> <span class='ocrx_word' id='word_1_90' title='bbox 935 1226 991 1273; x_wconf 87' lang='lat' dir='ltr'><strong>et</strong></span> <span class='ocrx_word' id='word_1_91' title='bbox 1041 1216 1462 1289; x_wconf 88' lang='lat' dir='ltr'><strong>lacrymabiliter</strong></span> <span class='ocrx_word' id='word_1_92' title='bbox 1504 1200 1858 1287; x_wconf 81' lang='lat' dir='ltr'><strong>supplicantis</strong></span> 
     </span>
    </p>
   </div>
   <div class='ocr_carea' id='block_1_11' title="bbox 238 1308 1856 1382">
    <p class='ocr_par' dir='ltr' id='par_1_11' title="bbox 238 1308 1856 1382">
     <span class='ocr_line' id='line_1_11' title="bbox 238 1308 1856 1382; baseline -0.003 -15"><span class='ocrx_word' id='word_1_93' title='bbox 238 1309 339 1367; x_wconf 87' lang='lat' dir='ltr'><strong>bis</strong></span> <span class='ocrx_word' id='word_1_94' title='bbox 379 1311 582 1367; x_wconf 84' lang='lat' dir='ltr'><strong>verbis</strong></span> <span class='ocrx_word' id='word_1_95' title='bbox 614 1311 898 1367; x_wconf 88' lang='lat' dir='ltr'><strong>Psalmista</strong></span> <span class='ocrx_word' id='word_1_96' title='bbox 950 1310 1221 1382; x_wconf 88' lang='lat' dir='ltr'><strong>implorat,</strong></span> <span class='ocrx_word' id='word_1_97' title='bbox 1254 1310 1494 1367; x_wconf 72' lang='lat' dir='ltr'><strong>dicens:</strong></span> <span class='ocrx_word' id='word_1_98' title='bbox 1533 1329 1552 1362; x_wconf 74' lang='grc' dir='ltr'>ι</span> <span class='ocrx_word' id='word_1_99' title='bbox 1590 1308 1856 1377; x_wconf 86' lang='lat' dir='ltr'><strong>Quoniam</strong></span> 
     </span>
    </p>
   </div>
   <div class='ocr_carea' id='block_1_12' title="bbox 238 1400 1854 1477">
    <p class='ocr_par' dir='ltr' id='par_1_12' title="bbox 238 1400 1854 1477">
     <span class='ocr_line' id='line_1_12' title="bbox 238 1400 1854 1477; baseline -0.002 -20"><span class='ocrx_word' id='word_1_100' title='bbox 238 1401 331 1458; x_wconf 90' lang='lat' dir='ltr'><strong>ira</strong></span> <span class='ocrx_word' id='word_1_101' title='bbox 362 1402 426 1458; x_wconf 88' lang='lat' dir='ltr'><strong>in</strong></span> <span class='ocrx_word' id='word_1_102' title='bbox 470 1403 848 1477; x_wconf 84' lang='lat' dir='ltr'><strong>indignatione</strong></span> <span class='ocrx_word' id='word_1_103' title='bbox 872 1402 1011 1472; x_wconf 88' lang='lat' dir='ltr'><strong>ejus,</strong></span> <span class='ocrx_word' id='word_1_104' title='bbox 1048 1410 1105 1458; x_wconf 93' lang='lat' dir='ltr'><strong>et</strong></span> <span class='ocrx_word' id='word_1_105' title='bbox 1139 1402 1249 1457; x_wconf 89' lang='lat' dir='ltr'><strong>vita</strong></span> <span class='ocrx_word' id='word_1_106' title='bbox 1291 1401 1347 1458; x_wconf 92' lang='lat' dir='ltr'><strong>in</strong></span> <span class='ocrx_word' id='word_1_107' title='bbox 1390 1401 1670 1457; x_wconf 87' lang='lat' dir='ltr'><strong>voluntate</strong></span> <span class='ocrx_word' id='word_1_108' title='bbox 1713 1400 1854 1472; x_wconf 92' lang='lat' dir='ltr'><strong>ejus,</strong></span> 
     </span>
    </p>
   </div>
   <div class='ocr_carea' id='block_1_13' title="bbox 239 1492 1855 1567">
    <p class='ocr_par' dir='ltr' id='par_1_13' title="bbox 239 1492 1855 1567">
     <span class='ocr_line' id='line_1_13' title="bbox 239 1492 1855 1567; baseline -0.001 -18"><span class='ocrx_word' id='word_1_109' title='bbox 239 1494 315 1550; x_wconf 87' lang='lat' dir='ltr'><strong>ad</strong></span> <span class='ocrx_word' id='word_1_110' title='bbox 340 1508 651 1567; x_wconf 88' lang='lat' dir='ltr'><strong>vesperum</strong></span> <span class='ocrx_word' id='word_1_111' title='bbox 681 1494 1049 1551; x_wconf 87' lang='lat' dir='ltr'><strong>demorabitur</strong></span> <span class='ocrx_word' id='word_1_112' title='bbox 1075 1492 1255 1561; x_wconf 85' lang='lat' dir='ltr'><strong>ﬂetus,</strong></span> <span class='ocrx_word' id='word_1_113' title='bbox 1303 1503 1361 1550; x_wconf 90' lang='lat' dir='ltr'><strong>et</strong></span> <span class='ocrx_word' id='word_1_114' title='bbox 1405 1494 1473 1550; x_wconf 90' lang='lat' dir='ltr'><strong>ad</strong></span> <span class='ocrx_word' id='word_1_115' title='bbox 1524 1493 1855 1549; x_wconf 88' lang='lat' dir='ltr'><strong>matutinum</strong></span> 
     </span>
    </p>
   </div>
   <div class='ocr_carea' id='block_1_14' title="bbox 238 1584 1853 1666">
    <p class='ocr_par' dir='ltr' id='par_1_14' title="bbox 238 1584 1853 1666">
     <span class='ocr_line' id='line_1_14' title="bbox 238 1584 1853 1666; baseline -0.001 -24"><span class='ocrx_word' id='word_1_116' title='bbox 238 1586 474 1643; x_wconf 77' lang='lat' dir='ltr'><strong>laetitia.</strong></span> <span class='ocrx_word' id='word_1_117' title='bbox 530 1588 644 1661; x_wconf 90' lang='lat' dir='ltr'><strong>Ego</strong></span> <span class='ocrx_word' id='word_1_118' title='bbox 688 1596 870 1644; x_wconf 90' lang='lat' dir='ltr'><strong>autem</strong></span> <span class='ocrx_word' id='word_1_119' title='bbox 907 1586 1018 1643; x_wconf 79' lang='lat' dir='ltr'><strong>dixi</strong></span> <span class='ocrx_word' id='word_1_120' title='bbox 1064 1587 1120 1642; x_wconf 93' lang='lat' dir='ltr'><strong>in</strong></span> <span class='ocrx_word' id='word_1_121' title='bbox 1158 1586 1692 1666; x_wconf 36' lang='lat' dir='ltr'><strong>abundantia‘mea:</strong></span> <span class='ocrx_word' id='word_1_122' title='bbox 1737 1584 1853 1640; x_wconf 86' lang='lat' dir='ltr'><strong>Non</strong></span> 
     </span>
    </p>
   </div>
   <div class='ocr_carea' id='block_1_15' title="bbox 239 1665 1855 1745">
    <p class='ocr_par' dir='ltr' id='par_1_15' title="bbox 239 1665 1855 1745">
     <span class='ocr_line' id='line_1_15' title="bbox 239 1665 1855 1745; baseline -0.002 -10"><span class='ocrx_word' id='word_1_123' title='bbox 239 1681 533 1737; x_wconf 77' lang='lat' dir='ltr'><strong>movebar</strong></span> <span class='ocrx_word' id='word_1_124' title='bbox 581 1681 638 1737; x_wconf 91' lang='lat' dir='ltr'><strong>in</strong></span> <span class='ocrx_word' id='word_1_125' title='bbox 692 1665 986 1737; x_wconf 62' lang='lat' dir='ltr'><strong>&#39;aeternum.</strong></span> <span class='ocrx_word' id='word_1_126' title='bbox 1032 1678 1282 1745; x_wconf 88' lang='lat' dir='ltr'><strong>Domine,</strong></span> <span class='ocrx_word' id='word_1_127' title='bbox 1325 1678 1381 1734; x_wconf 93' lang='lat' dir='ltr'><strong>in</strong></span> <span class='ocrx_word' id='word_1_128' title='bbox 1434 1665 1711 1733; x_wconf 89' lang='lat' dir='ltr'><strong>voluntate</strong></span> <span class='ocrx_word' id='word_1_129' title='bbox 1763 1685 1855 1732; x_wconf 87' lang='lat' dir='ltr'><strong>tua</strong></span> 
     </span>
    </p>
   </div>
   <div class='ocr_carea' id='block_1_16' title="bbox 222 1769 1855 1846">
    <p class='ocr_par' dir='ltr' id='par_1_16' title="bbox 222 1769 1855 1846">
     <span class='ocr_line' id='line_1_16' title="bbox 222 1769 1855 1846; baseline -0.002 -18"><span class='ocrx_word' id='word_1_130' title='bbox 222 1775 570 1846; x_wconf 69' lang='lat' dir='ltr'><strong>praestitisti</strong></span> <span class='ocrx_word' id='word_1_131' title='bbox 634 1773 818 1830; x_wconf 89' lang='lat' dir='ltr'><strong>decori</strong></span> <span class='ocrx_word' id='word_1_132' title='bbox 889 1788 1011 1830; x_wconf 91' lang='lat' dir='ltr'><strong>meo</strong></span> <span class='ocrx_word' id='word_1_133' title='bbox 1090 1772 1382 1838; x_wconf 86' lang='lat' dir='ltr'><strong>virtutem;</strong></span> <span class='ocrx_word' id='word_1_134' title='bbox 1458 1770 1698 1826; x_wconf 88' lang='lat' dir='ltr'><strong>avertisti</strong></span> <span class='ocrx_word' id='word_1_135' title='bbox 1774 1769 1855 1824; x_wconf 85' lang='lat' dir='ltr'><strong>fa-</strong></span> 
     </span>
    </p>
   </div>
   <div class='ocr_carea' id='block_1_17' title="bbox 1960 663 3541 739">
    <p class='ocr_par' dir='ltr' id='par_1_17' title="bbox 1960 663 3541 739">
     <span class='ocr_line' id='line_1_17' title="bbox 1960 663 3541 739; baseline 0.002 -19"><span class='ocrx_word' id='word_1_136' title='bbox 1960 673 2182 736; x_wconf 90' lang='lat' dir='ltr'><strong>quanta,</strong></span> <span class='ocrx_word' id='word_1_137' title='bbox 2209 664 2356 721; x_wconf 92' lang='lat' dir='ltr'><strong>idem</strong></span> <span class='ocrx_word' id='word_1_138' title='bbox 2388 665 2580 722; x_wconf 89' lang='lat' dir='ltr'><strong>doctor</strong></span> <span class='ocrx_word' id='word_1_139' title='bbox 2611 663 2927 739; x_wconf 89' lang='lat' dir='ltr'><strong>subjungit:</strong></span> <span class='ocrx_word' id='word_1_140' title='bbox 2961 664 3137 739; x_wconf 89' lang='lat' dir='ltr'><strong>[Tunc</strong></span> <span class='ocrx_word' id='word_1_141' title='bbox 3158 680 3289 737; x_wconf 90' lang='lat' dir='ltr'><strong>ergo</strong></span> <span class='ocrx_word' id='word_1_142' title='bbox 3315 666 3541 724; x_wconf 87' lang='lat' dir='ltr'><strong>dederat</strong></span> 
     </span>
    </p>
   </div>
   <div class='ocr_carea' id='block_1_18' title="bbox 1959 754 3536 829">
    <p class='ocr_par' dir='ltr' id='par_1_18' title="bbox 1959 754 3536 829">
     <span class='ocr_line' id='line_1_18' title="bbox 1959 754 3536 829; baseline 0.002 -17"><span class='ocrx_word' id='word_1_143' title='bbox 1959 754 2163 812; x_wconf 83' lang='lat' dir='ltr'><strong>homini</strong></span> <span class='ocrx_word' id='word_1_144' title='bbox 2195 757 2337 813; x_wconf 92' lang='lat' dir='ltr'><strong>Deus</strong></span> <span class='ocrx_word' id='word_1_145' title='bbox 2370 759 2572 814; x_wconf 88' lang='lat' dir='ltr'><strong>bonam</strong></span> <span class='ocrx_word' id='word_1_146' title='bbox 2594 757 2962 825; x_wconf 89' lang='lat' dir='ltr'><strong>voluntatem;</strong></span> <span class='ocrx_word' id='word_1_147' title='bbox 2992 757 3047 813; x_wconf 93' lang='lat' dir='ltr'><strong>in</strong></span> <span class='ocrx_word' id='word_1_148' title='bbox 3074 756 3164 813; x_wconf 91' lang='lat' dir='ltr'><strong>illa</strong></span> <span class='ocrx_word' id='word_1_149' title='bbox 3194 757 3389 829; x_wconf 85' lang='lat' dir='ltr'><strong>quippe</strong></span> <span class='ocrx_word' id='word_1_150' title='bbox 3413 773 3536 815; x_wconf 91' lang='lat' dir='ltr'><strong>eum</strong></span> 
     </span>
    </p>
   </div>
   <div class='ocr_carea' id='block_1_19' title="bbox 1957 846 3537 920">
    <p class='ocr_par' dir='ltr' id='par_1_19' title="bbox 1957 846 3537 920">
     <span class='ocr_line' id='line_1_19' title="bbox 1957 846 3537 920; baseline 0.001 -17"><span class='ocrx_word' id='word_1_151' title='bbox 1957 846 2184 915; x_wconf 80' lang='lat' dir='ltr'><strong>fecerat,</strong></span> <span class='ocrx_word' id='word_1_152' title='bbox 2241 847 2333 920; x_wconf 88' lang='lat' dir='ltr'><strong>qui</strong></span> <span class='ocrx_word' id='word_1_153' title='bbox 2379 848 2587 906; x_wconf 91' lang='lat' dir='ltr'><strong>fecerat</strong></span> <span class='ocrx_word' id='word_1_154' title='bbox 2632 857 2880 916; x_wconf 88' lang='lat' dir='ltr'><strong>rectum,</strong></span> <span class='ocrx_word' id='word_1_155' title='bbox 2922 848 3145 906; x_wconf 87' lang='lat' dir='ltr'><strong>dederat</strong></span> <span class='ocrx_word' id='word_1_156' title='bbox 3208 848 3537 920; x_wconf 88' lang='lat' dir='ltr'><strong>adjutorium</strong></span> 
     </span>
    </p>
   </div>
   <div class='ocr_carea' id='block_1_20' title="bbox 1923 939 3541 1029">
    <p class='ocr_par' dir='ltr' id='par_1_20' title="bbox 1923 939 3541 1029">
     <span class='ocr_line' id='line_1_20' title="bbox 1923 939 3541 1029; baseline 0 -33"><span class='ocrx_word' id='word_1_157' title='bbox 1923 939 2078 1029; x_wconf 29' lang='lat' dir='ltr'><strong>\sine</strong></span> <span class='ocrx_word' id='word_1_158' title='bbox 2114 956 2222 1012; x_wconf 91' lang='lat' dir='ltr'><strong>quo</strong></span> <span class='ocrx_word' id='word_1_159' title='bbox 2249 941 2304 996; x_wconf 91' lang='lat' dir='ltr'><strong>in</strong></span> <span class='ocrx_word' id='word_1_160' title='bbox 2331 956 2396 998; x_wconf 90' lang='lat' dir='ltr'><strong>ea</strong></span> <span class='ocrx_word' id='word_1_161' title='bbox 2427 957 2533 999; x_wconf 91' lang='lat' dir='ltr'><strong>non</strong></span> <span class='ocrx_word' id='word_1_162' title='bbox 2572 952 2755 1013; x_wconf 84' lang='lat' dir='ltr'><strong>posset</strong></span> <span class='ocrx_word' id='word_1_163' title='bbox 2797 956 3122 1014; x_wconf 89' lang='lat' dir='ltr'><strong>permanere</strong></span> <span class='ocrx_word' id='word_1_164' title='bbox 3157 940 3205 997; x_wconf 88' lang='lat' dir='ltr'><strong>si</strong></span> <span class='ocrx_word' id='word_1_165' title='bbox 3244 940 3439 1008; x_wconf 87' lang='lat' dir='ltr'><strong>vellet;</strong></span> <span class='ocrx_word' id='word_1_166' title='bbox 3480 950 3541 1011; x_wconf 66' lang='lat' dir='ltr'><strong>ut</strong></span> 
     </span>
    </p>
   </div>
   <div class='ocr_carea' id='block_1_21' title="bbox 1957 1034 3540 1108">
    <p class='ocr_par' dir='ltr' id='par_1_21' title="bbox 1957 1034 3540 1108">
     <span class='ocr_line' id='line_1_21' title="bbox 1957 1034 3540 1108; baseline 0.003 -20"><span class='ocrx_word' id='word_1_167' title='bbox 1957 1041 2137 1089; x_wconf 90' lang='lat' dir='ltr'><strong>autem</strong></span> <span class='ocrx_word' id='word_1_168' title='bbox 2172 1034 2349 1100; x_wconf 85' lang='lat' dir='ltr'><strong>vellet,</strong></span> <span class='ocrx_word' id='word_1_169' title='bbox 2392 1035 2449 1091; x_wconf 90' lang='lat' dir='ltr'><strong>in</strong></span> <span class='ocrx_word' id='word_1_170' title='bbox 2498 1036 2836 1108; x_wconf 72' lang='lat' dir='ltr'><strong>ejusJibero</strong></span> <span class='ocrx_word' id='word_1_171' title='bbox 2880 1035 3099 1108; x_wconf 76' lang='lat' dir='ltr'><strong>reliquit</strong></span> <span class='ocrx_word' id='word_1_172' title='bbox 3143 1034 3403 1101; x_wconf 89' lang='lat' dir='ltr'><strong>arbitrio;</strong></span> <span class='ocrx_word' id='word_1_173' title='bbox 3444 1035 3540 1092; x_wconf 88' lang='lat' dir='ltr'><strong>sed</strong></span> 
     </span>
    </p>
   </div>
   <div class='ocr_carea' id='block_1_22' title="bbox 1955 1126 3538 1201">
    <p class='ocr_par' dir='ltr' id='par_1_22' title="bbox 1955 1126 3538 1201">
     <span class='ocr_line' id='line_1_22' title="bbox 1955 1126 3538 1201; baseline 0.002 -20"><span class='ocrx_word' id='word_1_174' title='bbox 1955 1127 2081 1198; x_wconf 90' lang='lat' dir='ltr'><strong>quia</strong></span> <span class='ocrx_word' id='word_1_175' title='bbox 2112 1127 2283 1184; x_wconf 88' lang='lat' dir='ltr'><strong>noluit</strong></span> <span class='ocrx_word' id='word_1_176' title='bbox 2308 1143 2645 1199; x_wconf 84' lang='lat' dir='ltr'><strong>permanere,</strong></span> <span class='ocrx_word' id='word_1_177' title='bbox 2678 1129 2928 1201; x_wconf 87' lang='lat' dir='ltr'><strong>profecto</strong></span> <span class='ocrx_word' id='word_1_178' title='bbox 2952 1129 3069 1200; x_wconf 88' lang='lat' dir='ltr'><strong>ejus</strong></span> <span class='ocrx_word' id='word_1_179' title='bbox 3094 1138 3178 1186; x_wconf 91' lang='lat' dir='ltr'><strong>est</strong></span> <span class='ocrx_word' id='word_1_180' title='bbox 3209 1129 3364 1200; x_wconf 90' lang='lat' dir='ltr'><strong>culpa</strong></span> <span class='ocrx_word' id='word_1_181' title='bbox 3384 1126 3538 1198; x_wconf 85' lang='lat' dir='ltr'><strong>cujus</strong></span> 
     </span>
    </p>
   </div>
   <div class='ocr_carea' id='block_1_23' title="bbox 1944 1218 3535 1293">
    <p class='ocr_par' dir='ltr' id='par_1_23' title="bbox 1944 1218 3535 1293">
     <span class='ocr_line' id='line_1_23' title="bbox 1944 1218 3535 1293; baseline -0.001 -19"><span class='ocrx_word' id='word_1_182' title='bbox 1944 1220 2209 1275; x_wconf 80' lang='lat' dir='ltr'><strong>meritum</strong></span> <span class='ocrx_word' id='word_1_183' title='bbox 2240 1218 2452 1286; x_wconf 83' lang='lat' dir='ltr'><strong>fuisset,</strong></span> <span class='ocrx_word' id='word_1_184' title='bbox 2481 1220 2525 1276; x_wconf 91' lang='lat' dir='ltr'><strong>si</strong></span> <span class='ocrx_word' id='word_1_185' title='bbox 2557 1234 2879 1290; x_wconf 87' lang='lat' dir='ltr'><strong>permanere</strong></span> <span class='ocrx_word' id='word_1_186' title='bbox 2922 1219 3228 1293; x_wconf 90' lang='lat' dir='ltr'><strong>voluisset.]</strong></span> <span class='ocrx_word' id='word_1_187' title='bbox 3260 1219 3337 1276; x_wconf 91' lang='lat' dir='ltr'><strong>De</strong></span> <span class='ocrx_word' id='word_1_188' title='bbox 3361 1218 3535 1291; x_wconf 91' lang='lat' dir='ltr'><strong>gratia</strong></span> 
     </span>
    </p>
   </div>
   <div class='ocr_carea' id='block_1_24' title="bbox 1956 1308 3541 1382">
    <p class='ocr_par' dir='ltr' id='par_1_24' title="bbox 1956 1308 3541 1382">
     <span class='ocr_line' id='line_1_24' title="bbox 1956 1308 3541 1382; baseline 0.001 -18"><span class='ocrx_word' id='word_1_189' title='bbox 1956 1324 2173 1380; x_wconf 87' lang='lat' dir='ltr'><strong>quoque</strong></span> <span class='ocrx_word' id='word_1_190' title='bbox 2198 1311 2403 1367; x_wconf 89' lang='lat' dir='ltr'><strong>sanctis</strong></span> <span class='ocrx_word' id='word_1_191' title='bbox 2437 1309 2642 1382; x_wconf 84' lang='lat' dir='ltr'><strong>angelis</strong></span> <span class='ocrx_word' id='word_1_192' title='bbox 2686 1311 2947 1367; x_wconf 90' lang='lat' dir='ltr'><strong>divinitus</strong></span> <span class='ocrx_word' id='word_1_193' title='bbox 2971 1310 3199 1378; x_wconf 89' lang='lat' dir='ltr'><strong>collata,</strong></span> <span class='ocrx_word' id='word_1_194' title='bbox 3229 1310 3284 1365; x_wconf 92' lang='lat' dir='ltr'><strong>in</strong></span> <span class='ocrx_word' id='word_1_195' title='bbox 3313 1325 3419 1381; x_wconf 90' lang='lat' dir='ltr'><strong>qua</strong></span> <span class='ocrx_word' id='word_1_196' title='bbox 3449 1308 3541 1365; x_wconf 88' lang='lat' dir='ltr'><strong>alii</strong></span> 
     </span>
    </p>
   </div>
   <div class='ocr_carea' id='block_1_25' title="bbox 1956 1402 3530 1474">
    <p class='ocr_par' dir='ltr' id='par_1_25' title="bbox 1956 1402 3530 1474">
     <span class='ocr_line' id='line_1_25' title="bbox 1956 1402 3530 1474; baseline 0.001 -19"><span class='ocrx_word' id='word_1_197' title='bbox 1956 1410 2290 1468; x_wconf 89' lang='lat' dir='ltr'><strong>manserunt,</strong></span> <span class='ocrx_word' id='word_1_198' title='bbox 2321 1411 2380 1457; x_wconf 87' lang='lat' dir='ltr'><strong>et</strong></span> <span class='ocrx_word' id='word_1_199' title='bbox 2403 1417 2472 1458; x_wconf 80' lang='lat' dir='ltr'><strong>ex</strong></span> <span class='ocrx_word' id='word_1_200' title='bbox 2498 1418 2605 1473; x_wconf 93' lang='lat' dir='ltr'><strong>qua</strong></span> <span class='ocrx_word' id='word_1_201' title='bbox 2640 1402 2732 1458; x_wconf 90' lang='lat' dir='ltr'><strong>alii</strong></span> <span class='ocrx_word' id='word_1_202' title='bbox 2777 1411 3123 1468; x_wconf 87' lang='lat' dir='ltr'><strong>corruerunt,</strong></span> <span class='ocrx_word' id='word_1_203' title='bbox 3144 1404 3217 1457; x_wconf 88' lang='lat' dir='ltr'><strong>ita</strong></span> <span class='ocrx_word' id='word_1_204' title='bbox 3243 1402 3488 1474; x_wconf 89' lang='lat' dir='ltr'><strong>adjungit</strong></span> <span class='ocrx_word' id='word_1_205' title='bbox 3516 1421 3530 1457; x_wconf 90' lang='lat'><strong>:</strong></span> 
     </span>
    </p>
   </div>
   <div class='ocr_carea' id='block_1_26' title="bbox 1957 1492 3539 1568">
    <p class='ocr_par' dir='ltr' id='par_1_26' title="bbox 1957 1492 3539 1568">
     <span class='ocr_line' id='line_1_26' title="bbox 1957 1492 3539 1568; baseline 0.004 -21"><span class='ocrx_word' id='word_1_206' title='bbox 1957 1492 2168 1565; x_wconf 75' lang='lat' dir='ltr'><strong>{Angeli</strong></span> <span class='ocrx_word' id='word_1_207' title='bbox 2196 1495 2391 1561; x_wconf 84' lang='lat' dir='ltr'><strong>sancti,</strong></span> <span class='ocrx_word' id='word_1_208' title='bbox 2414 1511 2506 1567; x_wconf 88' lang='lat' dir='ltr'><strong>qut</strong></span> <span class='ocrx_word' id='word_1_209' title='bbox 2533 1496 2849 1553; x_wconf 89' lang='lat' dir='ltr'><strong>cadentibus</strong></span> <span class='ocrx_word' id='word_1_210' title='bbox 2879 1497 3001 1553; x_wconf 77' lang='lat' dir='ltr'><strong>aliis</strong></span> <span class='ocrx_word' id='word_1_211' title='bbox 3024 1512 3120 1568; x_wconf 85' lang='lat' dir='ltr'><strong>per</strong></span> <span class='ocrx_word' id='word_1_212' title='bbox 3149 1497 3377 1552; x_wconf 89' lang='lat' dir='ltr'><strong>liberum</strong></span> <span class='ocrx_word' id='word_1_213' title='bbox 3399 1497 3539 1553; x_wconf 85' lang='lat' dir='ltr'><strong>arbi-</strong></span> 
     </span>
    </p>
   </div>
   <div class='ocr_carea' id='block_1_27' title="bbox 1957 1588 3535 1661">
    <p class='ocr_par' dir='ltr' id='par_1_27' title="bbox 1957 1588 3535 1661">
     <span class='ocr_line' id='line_1_27' title="bbox 1957 1588 3535 1661; baseline 0.003 -19"><span class='ocrx_word' id='word_1_214' title='bbox 1957 1588 2138 1652; x_wconf 88' lang='lat' dir='ltr'><strong>trium,</strong></span> <span class='ocrx_word' id='word_1_215' title='bbox 2179 1603 2277 1659; x_wconf 86' lang='lat' dir='ltr'><strong>per</strong></span> <span class='ocrx_word' id='word_1_216' title='bbox 2308 1589 2451 1645; x_wconf 88' lang='lat' dir='ltr'><strong>idem</strong></span> <span class='ocrx_word' id='word_1_217' title='bbox 2501 1589 2731 1645; x_wconf 91' lang='lat' dir='ltr'><strong>liberum</strong></span> <span class='ocrx_word' id='word_1_218' title='bbox 2770 1589 3055 1646; x_wconf 86' lang='lat' dir='ltr'><strong>arbitrium</strong></span> <span class='ocrx_word' id='word_1_219' title='bbox 3102 1598 3371 1646; x_wconf 90' lang='lat' dir='ltr'><strong>steterunt</strong></span> <span class='ocrx_word' id='word_1_220' title='bbox 3412 1589 3535 1661; x_wconf 91' lang='lat' dir='ltr'><strong>ipsi,</strong></span> 
     </span>
    </p>
   </div>
   <div class='ocr_carea' id='block_1_28' title="bbox 1952 1679 3533 1752">
    <p class='ocr_par' dir='ltr' id='par_1_28' title="bbox 1952 1679 3533 1752">
     <span class='ocr_line' id='line_1_28' title="bbox 1952 1679 3533 1752; baseline 0.003 -17"><span class='ocrx_word' id='word_1_221' title='bbox 1952 1679 2113 1751; x_wconf 87' lang='lat' dir='ltr'><strong>hujus</strong></span> <span class='ocrx_word' id='word_1_222' title='bbox 2137 1681 2435 1738; x_wconf 88' lang='lat' dir='ltr'><strong>mansionis</strong></span> <span class='ocrx_word' id='word_1_223' title='bbox 2462 1682 2696 1739; x_wconf 87' lang='lat' dir='ltr'><strong>debitam</strong></span> <span class='ocrx_word' id='word_1_224' title='bbox 2721 1682 3027 1739; x_wconf 88' lang='lat' dir='ltr'><strong>mercedem</strong></span> <span class='ocrx_word' id='word_1_225' title='bbox 3050 1682 3294 1752; x_wconf 90' lang='lat' dir='ltr'><strong>recipere</strong></span> <span class='ocrx_word' id='word_1_226' title='bbox 3317 1697 3533 1739; x_wconf 86' lang='lat' dir='ltr'><strong>merue-</strong></span> 
     </span>
    </p>
   </div>
   <div class='ocr_carea' id='block_1_29' title="bbox 1952 1773 3534 1846">
    <p class='ocr_par' dir='ltr' id='par_1_29' title="bbox 1952 1773 3534 1846">
     <span class='ocr_line' id='line_1_29' title="bbox 1952 1773 3534 1846; baseline 0.002 -19"><span class='ocrx_word' id='word_1_227' title='bbox 1952 1783 2099 1828; x_wconf 91' lang='lat' dir='ltr'><strong>runt.</strong></span> <span class='ocrx_word' id='word_1_228' title='bbox 2124 1773 2354 1830; x_wconf 85' lang='lat' dir='ltr'><strong>Tantam</strong></span> <span class='ocrx_word' id='word_1_229' title='bbox 2382 1773 2588 1831; x_wconf 89' lang='lat' dir='ltr'><strong>scilicet</strong></span> <span class='ocrx_word' id='word_1_230' title='bbox 2614 1775 2967 1832; x_wconf 89' lang='lat' dir='ltr'><strong>beatitudinis</strong></span> <span class='ocrx_word' id='word_1_231' title='bbox 2990 1775 3398 1846; x_wconf 87' lang='lat' dir='ltr'><strong>plenitudinem,</strong></span> <span class='ocrx_word' id='word_1_232' title='bbox 3426 1791 3534 1846; x_wconf 86' lang='lat' dir='ltr'><strong>qua</strong></span> 
     </span>
    </p>
   </div>
   <div class='ocr_carea' id='block_1_30' title="bbox 238 1851 3535 1937">
    <p class='ocr_par' dir='ltr' id='par_1_30' title="bbox 238 1851 3535 1937">
     <span class='ocr_line' id='line_1_30' title="bbox 238 1851 3535 1937; baseline -0.001 -15"><span class='ocrx_word' id='word_1_233' title='bbox 238 1865 398 1922; x_wconf 86' lang='lat' dir='ltr'><strong>ciem</strong></span> <span class='ocrx_word' id='word_1_234' title='bbox 436 1874 594 1921; x_wconf 90' lang='lat' dir='ltr'><strong>tuam</strong></span> <span class='ocrx_word' id='word_1_235' title='bbox 639 1881 669 1920; x_wconf 93' lang='lat' dir='ltr'><strong>a</strong></span> <span class='ocrx_word' id='word_1_236' title='bbox 692 1880 799 1933; x_wconf 90' lang='lat' dir='ltr'><strong>me,</strong></span> <span class='ocrx_word' id='word_1_237' title='bbox 832 1873 888 1920; x_wconf 91' lang='lat' dir='ltr'><strong>et</strong></span> <span class='ocrx_word' id='word_1_238' title='bbox 907 1863 1082 1921; x_wconf 89' lang='lat' dir='ltr'><strong>factus</strong></span> <span class='ocrx_word' id='word_1_239' title='bbox 1123 1878 1242 1919; x_wconf 90' lang='lat' dir='ltr'><strong>sum</strong></span> <span class='ocrx_word' id='word_1_240' title='bbox 1273 1862 1643 1919; x_wconf 90' lang='lat' dir='ltr'><strong>conturbatus.</strong></span> <span class='ocrx_word' id='word_1_241' title='bbox 1673 1861 1756 1915; x_wconf 86' lang='lat' dir='ltr'><strong>Ad</strong></span> <span class='ocrx_word' id='word_1_242' title='bbox 1779 1869 1851 1929; x_wconf 90' lang='lat' dir='ltr'><strong>te,</strong></span> <span class='ocrx_word' id='word_1_243' title='bbox 1885 1851 2039 1937; x_wconf 24' lang='lat' dir='ltr'><strong>B‘eis</strong></span> <span class='ocrx_word' id='word_1_244' title='bbox 2061 1865 2424 1921; x_wconf 91' lang='lat' dir='ltr'><strong>certissimum</strong></span> <span class='ocrx_word' id='word_1_245' title='bbox 2449 1866 2520 1921; x_wconf 90' lang='lat' dir='ltr'><strong>sit</strong></span> <span class='ocrx_word' id='word_1_246' title='bbox 2549 1881 2761 1937; x_wconf 89' lang='lat' dir='ltr'><strong>semper</strong></span> <span class='ocrx_word' id='word_1_247' title='bbox 2789 1882 2848 1922; x_wconf 90' lang='lat' dir='ltr'><strong>se</strong></span> <span class='ocrx_word' id='word_1_248' title='bbox 2876 1866 3054 1922; x_wconf 79' lang='lat' dir='ltr'><strong>in&#39;illa</strong></span> <span class='ocrx_word' id='word_1_249' title='bbox 3077 1881 3196 1922; x_wconf 90' lang='lat' dir='ltr'><strong>esse</strong></span> <span class='ocrx_word' id='word_1_250' title='bbox 3227 1880 3535 1922; x_wconf 90' lang='lat' dir='ltr'><strong>mansuros.</strong></span> 
     </span>
    </p>
   </div>
   <div class='ocr_carea' id='block_1_31' title="bbox 236 1953 1859 2027">
    <p class='ocr_par' dir='ltr' id='par_1_31' title="bbox 236 1953 1859 2027">
     <span class='ocr_line' id='line_1_31' title="bbox 236 1953 1859 2027; baseline -0.002 -15"><span class='ocrx_word' id='word_1_251' title='bbox 236 1957 521 2027; x_wconf 88' lang='lat' dir='ltr'><strong>Domine,</strong></span> <span class='ocrx_word' id='word_1_252' title='bbox 559 1956 824 2024; x_wconf 88' lang='lat' dir='ltr'><strong>clamabo,</strong></span> <span class='ocrx_word' id='word_1_253' title='bbox 880 1963 937 2012; x_wconf 91' lang='lat' dir='ltr'><strong>et</strong></span> <span class='ocrx_word' id='word_1_254' title='bbox 982 1956 1051 2011; x_wconf 91' lang='lat' dir='ltr'><strong>ad</strong></span> <span class='ocrx_word' id='word_1_255' title='bbox 1079 1953 1369 2011; x_wconf 90' lang='lat' dir='ltr'><strong>Dominum</strong></span> <span class='ocrx_word' id='word_1_256' title='bbox 1398 1968 1578 2008; x_wconf 90' lang='lat' dir='ltr'><strong>meum</strong></span> <span class='ocrx_word' id='word_1_257' title='bbox 1609 1953 1859 2024; x_wconf 63' lang='lat' dir='ltr'><strong>depreca-</strong></span> 
     </span>
    </p>
   </div>
   <div class='ocr_carea' id='block_1_32' title="bbox 237 2034 1858 2121">
    <p class='ocr_par' dir='ltr' id='par_1_32' title="bbox 237 2034 1858 2121">
     <span class='ocr_line' id='line_1_32' title="bbox 237 2034 1858 2121; baseline -0.004 -15"><span class='ocrx_word' id='word_1_258' title='bbox 237 2048 354 2106; x_wconf 87' lang='lat' dir='ltr'><strong>bor</strong></span> <span class='ocrx_word' id='word_1_259' title='bbox 380 2047 735 2121; x_wconf 71' lang='lat' dir='ltr'><strong>(Psal.xxrx,</strong></span> <span class='ocrx_word' id='word_1_260' title='bbox 757 2046 812 2113; x_wconf 88' lang='lat'><strong>6,</strong></span> <span class='ocrx_word' id='word_1_261' title='bbox 843 2047 896 2114; x_wconf 87' lang='lat'><strong>7,</strong></span> <span class='ocrx_word' id='word_1_262' title='bbox 941 2048 995 2113; x_wconf 93' lang='lat'><strong>8,</strong></span> <span class='ocrx_word' id='word_1_263' title='bbox 1018 2046 1095 2118; x_wconf 87' lang='lat'><strong>9).</strong></span> <span class='ocrx_word' id='word_1_264' title='bbox 1136 2066 1155 2099; x_wconf 76' lang='grc' dir='ltr'><strong><em>ι</em></strong></span> <span class='ocrx_word' id='word_1_265' title='bbox 1197 2043 1332 2113; x_wconf 83' lang='lat' dir='ltr'><strong>Quia</strong></span> <span class='ocrx_word' id='word_1_266' title='bbox 1364 2045 1528 2101; x_wconf 87' lang='lat' dir='ltr'><strong>homo</strong></span> <span class='ocrx_word' id='word_1_267' title='bbox 1559 2034 1689 2100; x_wconf 72' lang='lat' dir='ltr'><strong>tunc</strong></span> <span class='ocrx_word' id='word_1_268' title='bbox 1711 2052 1858 2099; x_wconf 86' lang='lat' dir='ltr'><strong>certe</strong></span> 
     </span>
    </p>
   </div>
   <div class='ocr_carea' id='block_1_33' title="bbox 239 2136 1857 2213">
    <p class='ocr_par' dir='ltr' id='par_1_33' title="bbox 239 2136 1857 2213">
     <span class='ocr_line' id='line_1_33' title="bbox 239 2136 1857 2213; baseline -0.004 -16"><span class='ocrx_word' id='word_1_269' title='bbox 239 2140 459 2197; x_wconf 87' lang='lat' dir='ltr'><strong>habuit</strong></span> <span class='ocrx_word' id='word_1_270' title='bbox 492 2154 802 2213; x_wconf 90' lang='lat' dir='ltr'><strong>vesperum,</strong></span> <span class='ocrx_word' id='word_1_271' title='bbox 828 2154 951 2195; x_wconf 87' lang='lat' dir='ltr'><strong>eum</strong></span> <span class='ocrx_word' id='word_1_272' title='bbox 978 2138 1031 2194; x_wconf 86' lang='lat' dir='ltr'><strong>ei</strong></span> <span class='ocrx_word' id='word_1_273' title='bbox 1072 2138 1319 2210; x_wconf 89' lang='lat' dir='ltr'><strong>peccanti</strong></span> <span class='ocrx_word' id='word_1_274' title='bbox 1353 2146 1433 2193; x_wconf 85' lang='lat' dir='ltr'><strong>sol</strong></span> <span class='ocrx_word' id='word_1_275' title='bbox 1447 2137 1672 2206; x_wconf 73' lang='lat' dir='ltr'><strong>justitim</strong></span> <span class='ocrx_word' id='word_1_276' title='bbox 1713 2136 1857 2193; x_wconf 84' lang='lat' dir='ltr'><strong>occi-</strong></span> 
     </span>
    </p>
   </div>
   <div class='ocr_carea' id='block_1_34' title="bbox 241 2228 1855 2303">
    <p class='ocr_par' dir='ltr' id='par_1_34' title="bbox 241 2228 1855 2303">
     <span class='ocr_line' id='line_1_34' title="bbox 241 2228 1855 2303; baseline -0.004 -13"><span class='ocrx_word' id='word_1_277' title='bbox 241 2234 457 2290; x_wconf 88' lang='lat' dir='ltr'><strong>disset.</strong></span> <span class='ocrx_word' id='word_1_278' title='bbox 483 2232 542 2289; x_wconf 89' lang='lat' dir='ltr'><strong>lu</strong></span> <span class='ocrx_word' id='word_1_279' title='bbox 569 2248 672 2303; x_wconf 91' lang='lat' dir='ltr'><strong>qua</strong></span> <span class='ocrx_word' id='word_1_280' title='bbox 699 2240 857 2288; x_wconf 90' lang='lat' dir='ltr'><strong>nocte</strong></span> <span class='ocrx_word' id='word_1_281' title='bbox 875 2246 1019 2287; x_wconf 82' lang='lat' dir='ltr'><strong>caeca</strong></span> <span class='ocrx_word' id='word_1_282' title='bbox 1045 2245 1114 2286; x_wconf 81' lang='lat' dir='ltr'><strong>ex</strong></span> <span class='ocrx_word' id='word_1_283' title='bbox 1145 2230 1265 2301; x_wconf 85' lang='lat' dir='ltr'><strong>ipso</strong></span> <span class='ocrx_word' id='word_1_284' title='bbox 1284 2230 1645 2286; x_wconf 89' lang='lat' dir='ltr'><strong>descendente</strong></span> <span class='ocrx_word' id='word_1_285' title='bbox 1673 2228 1855 2284; x_wconf 85' lang='lat' dir='ltr'><strong>demo-</strong></span> 
     </span>
    </p>
   </div>
   <div class='ocr_carea' id='block_1_35' title="bbox 241 2318 1854 2394">
    <p class='ocr_par' dir='ltr' id='par_1_35' title="bbox 241 2318 1854 2394">
     <span class='ocr_line' id='line_1_35' title="bbox 241 2318 1854 2394; baseline -0.004 -14"><span class='ocrx_word' id='word_1_286' title='bbox 241 2332 417 2380; x_wconf 86' lang='lat' dir='ltr'><strong>ratur</strong></span> <span class='ocrx_word' id='word_1_287' title='bbox 443 2324 504 2378; x_wconf 92' lang='lat' dir='ltr'><strong>in</strong></span> <span class='ocrx_word' id='word_1_288' title='bbox 541 2321 670 2380; x_wconf 83' lang='lat' dir='ltr'><strong>ﬂetu</strong></span> <span class='ocrx_word' id='word_1_289' title='bbox 719 2337 889 2394; x_wconf 89' lang='lat' dir='ltr'><strong>genus</strong></span> <span class='ocrx_word' id='word_1_290' title='bbox 916 2321 1234 2386; x_wconf 89' lang='lat' dir='ltr'><strong>humanum,</strong></span> <span class='ocrx_word' id='word_1_291' title='bbox 1257 2320 1345 2374; x_wconf 91' lang='lat' dir='ltr'><strong>cui</strong></span> <span class='ocrx_word' id='word_1_292' title='bbox 1385 2337 1405 2370; x_wconf 75' lang='grc' dir='ltr'><strong><em>ι</em></strong></span> <span class='ocrx_word' id='word_1_293' title='bbox 1435 2320 1502 2374; x_wconf 92' lang='lat' dir='ltr'><strong>ad</strong></span> <span class='ocrx_word' id='word_1_294' title='bbox 1525 2318 1854 2374; x_wconf 89' lang='lat' dir='ltr'><strong>matutinum</strong></span> 
     </span>
    </p>
   </div>
   <div class='ocr_carea' id='block_1_36' title="bbox 241 2401 1854 2483">
    <p class='ocr_par' dir='ltr' id='par_1_36' title="bbox 241 2401 1854 2483">
     <span class='ocr_line' id='line_1_36' title="bbox 241 2401 1854 2483; baseline -0.003 -11"><span class='ocrx_word' id='word_1_295' title='bbox 241 2414 490 2483; x_wconf 69' lang='lat' dir='ltr'><strong>laetitiae,</strong></span> <span class='ocrx_word' id='word_1_296' title='bbox 530 2434 551 2468; x_wconf 82' lang='grc'><strong>›</strong></span> <span class='ocrx_word' id='word_1_297' title='bbox 584 2414 848 2471; x_wconf 90' lang='lat' dir='ltr'><strong>matutina</strong></span> <span class='ocrx_word' id='word_1_298' title='bbox 901 2411 1102 2468; x_wconf 86' lang='lat' dir='ltr'><strong>Christi</strong></span> <span class='ocrx_word' id='word_1_299' title='bbox 1131 2411 1535 2468; x_wconf 83' lang='lat' dir='ltr'><strong>resurrectione</strong></span> <span class='ocrx_word' id='word_1_300' title='bbox 1578 2401 1854 2482; x_wconf 89' lang='lat' dir='ltr'><strong>promitti-</strong></span> 
     </span>
    </p>
   </div>
   <div class='ocr_carea' id='block_1_37' title="bbox 246 2506 1670 2580">
    <p class='ocr_par' dir='ltr' id='par_1_37' title="bbox 246 2506 1670 2580">
     <span class='ocr_line' id='line_1_37' title="bbox 246 2506 1670 2580; baseline -0.003 -16"><span class='ocrx_word' id='word_1_301' title='bbox 246 2514 367 2576; x_wconf 88' lang='lat' dir='ltr'><strong>tur,</strong></span> <span class='ocrx_word' id='word_1_302' title='bbox 425 2516 491 2564; x_wconf 88' lang='lat' dir='ltr'><strong>ut</strong></span> <span class='ocrx_word' id='word_1_303' title='bbox 519 2524 617 2580; x_wconf 87' lang='lat' dir='ltr'><strong>per</strong></span> <span class='ocrx_word' id='word_1_304' title='bbox 651 2523 771 2565; x_wconf 88' lang='lat' dir='ltr'><strong>eam</strong></span> <span class='ocrx_word' id='word_1_305' title='bbox 791 2523 859 2564; x_wconf 80' lang='lat' dir='ltr'><strong>ex</strong></span> <span class='ocrx_word' id='word_1_306' title='bbox 885 2516 1060 2564; x_wconf 91' lang='lat' dir='ltr'><strong>morte</strong></span> <span class='ocrx_word' id='word_1_307' title='bbox 1086 2507 1155 2563; x_wconf 91' lang='lat' dir='ltr'><strong>ad</strong></span> <span class='ocrx_word' id='word_1_308' title='bbox 1174 2506 1345 2562; x_wconf 89' lang='lat' dir='ltr'><strong>vitam</strong></span> <span class='ocrx_word' id='word_1_309' title='bbox 1368 2513 1670 2577; x_wconf 88' lang='lat' dir='ltr'><strong>reparetur.</strong></span> 
     </span>
    </p>
   </div>
   <div class='ocr_carea' id='block_1_38' title="bbox 323 2596 1852 2671">
    <p class='ocr_par' dir='ltr' id='par_1_38' title="bbox 323 2596 1852 2671">
     <span class='ocr_line' id='line_1_38' title="bbox 323 2596 1852 2671; baseline -0.002 -15"><span class='ocrx_word' id='word_1_310' title='bbox 323 2600 491 2657; x_wconf 76' lang='lat' dir='ltr'><strong>lianc</strong></span> <span class='ocrx_word' id='word_1_311' title='bbox 510 2599 627 2671; x_wconf 89' lang='lat' dir='ltr'><strong>ejus</strong></span> <span class='ocrx_word' id='word_1_312' title='bbox 652 2599 866 2657; x_wconf 83' lang='lat' dir='ltr'><strong>felicem</strong></span> <span class='ocrx_word' id='word_1_313' title='bbox 895 2608 952 2655; x_wconf 91' lang='lat' dir='ltr'><strong>et</strong></span> <span class='ocrx_word' id='word_1_314' title='bbox 970 2599 1184 2655; x_wconf 86' lang='lat' dir='ltr'><strong>beatam</strong></span> <span class='ocrx_word' id='word_1_315' title='bbox 1209 2596 1265 2651; x_wconf 91' lang='lat' dir='ltr'><strong>in</strong></span> <span class='ocrx_word' id='word_1_316' title='bbox 1287 2596 1541 2669; x_wconf 89' lang='lat' dir='ltr'><strong>paradiso</strong></span> <span class='ocrx_word' id='word_1_317' title='bbox 1564 2597 1731 2652; x_wconf 90' lang='lat' dir='ltr'><strong>vitam</strong></span> <span class='ocrx_word' id='word_1_318' title='bbox 1768 2597 1852 2653; x_wconf 92' lang='lat' dir='ltr'><strong>lu-</strong></span> 
     </span>
    </p>
   </div>
   <div class='ocr_carea' id='block_1_39' title="bbox 247 2689 1852 2763">
    <p class='ocr_par' dir='ltr' id='par_1_39' title="bbox 247 2689 1852 2763">
     <span class='ocr_line' id='line_1_39' title="bbox 247 2689 1852 2763; baseline -0.004 -10"><span class='ocrx_word' id='word_1_319' title='bbox 247 2695 547 2753; x_wconf 84' lang='lat' dir='ltr'><strong>cidissime</strong></span> <span class='ocrx_word' id='word_1_320' title='bbox 574 2703 632 2752; x_wconf 91' lang='lat' dir='ltr'><strong>et</strong></span> <span class='ocrx_word' id='word_1_321' title='bbox 659 2693 972 2750; x_wconf 90' lang='lat' dir='ltr'><strong>dulcissimo</strong></span> <span class='ocrx_word' id='word_1_322' title='bbox 1017 2705 1270 2748; x_wconf 90' lang='lat' dir='ltr'><strong>sermone</strong></span> <span class='ocrx_word' id='word_1_323' title='bbox 1311 2691 1504 2747; x_wconf 89' lang='lat' dir='ltr'><strong>beatus</strong></span> <span class='ocrx_word' id='word_1_324' title='bbox 1519 2689 1852 2763; x_wconf 84' lang='lat' dir='ltr'><strong>Augustinus</strong></span> 
     </span>
    </p>
   </div>
   <div class='ocr_carea' id='block_1_40' title="bbox 247 2780 1851 2856">
    <p class='ocr_par' dir='ltr' id='par_1_40' title="bbox 247 2780 1851 2856">
     <span class='ocr_line' id='line_1_40' title="bbox 247 2780 1851 2856; baseline -0.002 -14"><span class='ocrx_word' id='word_1_325' title='bbox 247 2785 306 2843; x_wconf 86' lang='lat' dir='ltr'><strong>in</strong></span> <span class='ocrx_word' id='word_1_326' title='bbox 361 2787 511 2845; x_wconf 91' lang='lat' dir='ltr'><strong>libro</strong></span> <span class='ocrx_word' id='word_1_327' title='bbox 572 2786 784 2843; x_wconf 90' lang='lat' dir='ltr'><strong>decimo</strong></span> <span class='ocrx_word' id='word_1_328' title='bbox 832 2793 1028 2856; x_wconf 90' lang='lat' dir='ltr'><strong>quarto</strong></span> <span class='ocrx_word' id='word_1_329' title='bbox 1095 2784 1163 2839; x_wconf 91' lang='lat' dir='ltr'><strong>de</strong></span> <span class='ocrx_word' id='word_1_330' title='bbox 1217 2782 1451 2840; x_wconf 87' lang='lat' dir='ltr'><strong>Civitate</strong></span> <span class='ocrx_word' id='word_1_331' title='bbox 1509 2780 1601 2839; x_wconf 89' lang='lat' dir='ltr'><strong>Dei</strong></span> <span class='ocrx_word' id='word_1_332' title='bbox 1647 2783 1851 2839; x_wconf 90' lang='lat' dir='ltr'><strong>descri-</strong></span> 
     </span>
    </p>
   </div>
   <div class='ocr_carea' id='block_1_41' title="bbox 246 2873 1851 2950">
    <p class='ocr_par' dir='ltr' id='par_1_41' title="bbox 246 2873 1851 2950">
     <span class='ocr_line' id='line_1_41' title="bbox 246 2873 1851 2950; baseline -0.004 -15"><span class='ocrx_word' id='word_1_333' title='bbox 246 2879 358 2945; x_wconf 89' lang='lat' dir='ltr'><strong>bit,</strong></span> <span class='ocrx_word' id='word_1_334' title='bbox 438 2879 520 2935; x_wconf 90' lang='lat' dir='ltr'><strong>ita</strong></span> <span class='ocrx_word' id='word_1_335' title='bbox 599 2879 787 2935; x_wconf 89' lang='lat' dir='ltr'><strong>dicens</strong></span> <span class='ocrx_word' id='word_1_336' title='bbox 830 2876 913 2950; x_wconf 84' lang='grc' dir='ltr'><strong>(ι.</strong></span> <span class='ocrx_word' id='word_1_337' title='bbox 967 2886 1083 2943; x_wconf 75' lang='lat' dir='ltr'><strong>xw,</strong></span> <span class='ocrx_word' id='word_1_338' title='bbox 1112 2891 1161 2930; x_wconf 86' lang='lat' dir='ltr'><strong>c.</strong></span> <span class='ocrx_word' id='word_1_339' title='bbox 1192 2874 1284 2947; x_wconf 76' lang='lat'><strong>26)</strong></span> <span class='ocrx_word' id='word_1_340' title='bbox 1318 2890 1331 2928; x_wconf 89' lang='lat'><strong>:</strong></span> <span class='ocrx_word' id='word_1_341' title='bbox 1365 2873 1615 2948; x_wconf 81' lang='lat' dir='ltr'><strong>[Vivebat</strong></span> <span class='ocrx_word' id='word_1_342' title='bbox 1667 2873 1851 2944; x_wconf 90' lang='lat' dir='ltr'><strong>itaque</strong></span> 
     </span>
    </p>
   </div>
   <div class='ocr_carea' id='block_1_42' title="bbox 247 2966 1849 3039">
    <p class='ocr_par' dir='ltr' id='par_1_42' title="bbox 247 2966 1849 3039">
     <span class='ocr_line' id='line_1_42' title="bbox 247 2966 1849 3039; baseline -0.003 -11"><span class='ocrx_word' id='word_1_343' title='bbox 247 2972 427 3029; x_wconf 91' lang='lat' dir='ltr'><strong>homo</strong></span> <span class='ocrx_word' id='word_1_344' title='bbox 491 2972 548 3028; x_wconf 90' lang='lat' dir='ltr'><strong>in</strong></span> <span class='ocrx_word' id='word_1_345' title='bbox 616 2971 892 3039; x_wconf 87' lang='lat' dir='ltr'><strong>paradiso,</strong></span> <span class='ocrx_word' id='word_1_346' title='bbox 971 2968 1114 3025; x_wconf 76' lang='lat' dir='ltr'><strong>Sicut</strong></span> <span class='ocrx_word' id='word_1_347' title='bbox 1172 2966 1411 3033; x_wconf 87' lang='lat' dir='ltr'><strong>volebat,</strong></span> <span class='ocrx_word' id='word_1_348' title='bbox 1457 2966 1696 3038; x_wconf 89' lang='lat' dir='ltr'><strong>quandiu</strong></span> <span class='ocrx_word' id='word_1_349' title='bbox 1743 2966 1849 3023; x_wconf 88' lang='lat' dir='ltr'><strong>hoc</strong></span> 
     </span>
    </p>
   </div>
   <div class='ocr_carea' id='block_1_43' title="bbox 250 3054 1848 3134">
    <p class='ocr_par' dir='ltr' id='par_1_43' title="bbox 250 3054 1848 3134">
     <span class='ocr_line' id='line_1_43' title="bbox 250 3054 1848 3134; baseline -0.003 -16"><span class='ocrx_word' id='word_1_350' title='bbox 250 3064 480 3120; x_wconf 87' lang='lat' dir='ltr'><strong>volebat</strong></span> <span class='ocrx_word' id='word_1_351' title='bbox 566 3063 711 3134; x_wconf 89' lang='lat' dir='ltr'><strong>quod</strong></span> <span class='ocrx_word' id='word_1_352' title='bbox 789 3061 933 3116; x_wconf 89' lang='lat' dir='ltr'><strong>Deus</strong></span> <span class='ocrx_word' id='word_1_353' title='bbox 1003 3058 1260 3129; x_wconf 80' lang='lat' dir='ltr'><strong>iusserat.</strong></span> <span class='ocrx_word' id='word_1_354' title='bbox 1352 3054 1582 3113; x_wconf 79' lang='lat' dir='ltr'><strong>Vivebat</strong></span> <span class='ocrx_word' id='word_1_355' title='bbox 1663 3054 1848 3114; x_wconf 85' lang='lat' dir='ltr'><strong>fruens</strong></span> 
     </span>
    </p>
   </div>
   <div class='ocr_carea' id='block_1_44' title="bbox 1960 1953 3536 2029">
    <p class='ocr_par' dir='ltr' id='par_1_44' title="bbox 1960 1953 3536 2029">
     <span class='ocr_line' id='line_1_44' title="bbox 1960 1953 3536 2029; baseline 0.001 -19"><span class='ocrx_word' id='word_1_356' title='bbox 1960 1953 2019 2011; x_wconf 90' lang='lat' dir='ltr'><strong>Si</strong></span> <span class='ocrx_word' id='word_1_357' title='bbox 2050 1966 2228 2012; x_wconf 88' lang='lat' dir='ltr'><strong>autem</strong></span> <span class='ocrx_word' id='word_1_358' title='bbox 2259 1956 2365 2013; x_wconf 90' lang='lat' dir='ltr'><strong>hoc</strong></span> <span class='ocrx_word' id='word_1_359' title='bbox 2391 1956 2719 2029; x_wconf 80' lang='lat' dir='ltr'><strong>adiutorium</strong></span> <span class='ocrx_word' id='word_1_360' title='bbox 2746 1956 2832 2014; x_wconf 89' lang='lat' dir='ltr'><strong>vel</strong></span> <span class='ocrx_word' id='word_1_361' title='bbox 2865 1958 3056 2029; x_wconf 88' lang='lat' dir='ltr'><strong>angelo</strong></span> <span class='ocrx_word' id='word_1_362' title='bbox 3077 1957 3161 2014; x_wconf 90' lang='lat' dir='ltr'><strong>vel</strong></span> <span class='ocrx_word' id='word_1_363' title='bbox 3188 1956 3392 2013; x_wconf 93' lang='lat' dir='ltr'><strong>homini</strong></span> <span class='ocrx_word' id='word_1_364' title='bbox 3413 1972 3536 2012; x_wconf 90' lang='lat' dir='ltr'><strong>cum</strong></span> 
     </span>
    </p>
   </div>
   <div class='ocr_carea' id='block_1_45' title="bbox 1955 2046 3539 2119">
    <p class='ocr_par' dir='ltr' id='par_1_45' title="bbox 1955 2046 3539 2119">
     <span class='ocr_line' id='line_1_45' title="bbox 1955 2046 3539 2119; baseline -0.001 -17"><span class='ocrx_word' id='word_1_365' title='bbox 1955 2047 2190 2117; x_wconf 90' lang='lat' dir='ltr'><strong>primum</strong></span> <span class='ocrx_word' id='word_1_366' title='bbox 2217 2046 2347 2104; x_wconf 89' lang='lat' dir='ltr'><strong>facti</strong></span> <span class='ocrx_word' id='word_1_367' title='bbox 2372 2057 2499 2104; x_wconf 91' lang='lat' dir='ltr'><strong>sunt</strong></span> <span class='ocrx_word' id='word_1_368' title='bbox 2526 2047 2805 2115; x_wconf 78' lang='lat' dir='ltr'><strong>defuisset,</strong></span> <span class='ocrx_word' id='word_1_369' title='bbox 2850 2048 3104 2119; x_wconf 89' lang='lat' dir='ltr'><strong>quoniam</strong></span> <span class='ocrx_word' id='word_1_370' title='bbox 3157 2062 3264 2102; x_wconf 92' lang='lat' dir='ltr'><strong>non</strong></span> <span class='ocrx_word' id='word_1_371' title='bbox 3297 2046 3419 2102; x_wconf 88' lang='lat' dir='ltr'><strong>talis</strong></span> <span class='ocrx_word' id='word_1_372' title='bbox 3442 2061 3539 2101; x_wconf 89' lang='lat' dir='ltr'><strong>na-</strong></span> 
     </span>
    </p>
   </div>
   <div class='ocr_carea' id='block_1_46' title="bbox 1942 2140 3537 2219">
    <p class='ocr_par' dir='ltr' id='par_1_46' title="bbox 1942 2140 3537 2219">
     <span class='ocr_line' id='line_1_46' title="bbox 1942 2140 3537 2219; baseline 0.001 -25"><span class='ocrx_word' id='word_1_373' title='bbox 1942 2148 2076 2219; x_wconf 78' lang='lat' dir='ltr'><strong>tura</strong></span> <span class='ocrx_word' id='word_1_374' title='bbox 2099 2140 2245 2198; x_wconf 89' lang='lat' dir='ltr'><strong>facta</strong></span> <span class='ocrx_word' id='word_1_375' title='bbox 2267 2148 2408 2207; x_wconf 88' lang='lat' dir='ltr'><strong>erat,</strong></span> <span class='ocrx_word' id='word_1_376' title='bbox 2441 2149 2500 2195; x_wconf 91' lang='lat' dir='ltr'><strong>ut</strong></span> <span class='ocrx_word' id='word_1_377' title='bbox 2538 2142 2658 2197; x_wconf 90' lang='lat' dir='ltr'><strong>sine</strong></span> <span class='ocrx_word' id='word_1_378' title='bbox 2705 2142 2888 2197; x_wconf 87' lang='lat' dir='ltr'><strong>divino</strong></span> <span class='ocrx_word' id='word_1_379' title='bbox 2916 2140 3194 2211; x_wconf 84' lang='lat' dir='ltr'><strong>adjutorio</strong></span> <span class='ocrx_word' id='word_1_380' title='bbox 3220 2148 3402 2212; x_wconf 90' lang='lat' dir='ltr'><strong>posset</strong></span> <span class='ocrx_word' id='word_1_381' title='bbox 3423 2154 3537 2195; x_wconf 90' lang='lat' dir='ltr'><strong>ma-</strong></span> 
     </span>
    </p>
   </div>
   <div class='ocr_carea' id='block_1_47' title="bbox 1956 2231 3530 2303">
    <p class='ocr_par' dir='ltr' id='par_1_47' title="bbox 1956 2231 3530 2303">
     <span class='ocr_line' id='line_1_47' title="bbox 1956 2231 3530 2303; baseline 0.001 -18"><span class='ocrx_word' id='word_1_382' title='bbox 1956 2245 2088 2286; x_wconf 92' lang='lat' dir='ltr'><strong>nere</strong></span> <span class='ocrx_word' id='word_1_383' title='bbox 2111 2231 2158 2287; x_wconf 88' lang='lat' dir='ltr'><strong>si</strong></span> <span class='ocrx_word' id='word_1_384' title='bbox 2202 2231 2386 2299; x_wconf 90' lang='lat' dir='ltr'><strong>vellet,</strong></span> <span class='ocrx_word' id='word_1_385' title='bbox 2440 2246 2548 2287; x_wconf 92' lang='lat' dir='ltr'><strong>non</strong></span> <span class='ocrx_word' id='word_1_386' title='bbox 2594 2232 2782 2303; x_wconf 84' lang='lat' dir='ltr'><strong>utique</strong></span> <span class='ocrx_word' id='word_1_387' title='bbox 2826 2247 2924 2288; x_wconf 91' lang='lat' dir='ltr'><strong>sua</strong></span> <span class='ocrx_word' id='word_1_388' title='bbox 2974 2232 3130 2302; x_wconf 86' lang='lat' dir='ltr'><strong>culpa</strong></span> <span class='ocrx_word' id='word_1_389' title='bbox 3185 2231 3530 2289; x_wconf 81' lang='lat' dir='ltr'><strong>cecidissent.</strong></span> 
     </span>
    </p>
   </div>
   <div class='ocr_carea' id='block_1_48' title="bbox 1953 2320 3532 2396">
    <p class='ocr_par' dir='ltr' id='par_1_48' title="bbox 1953 2320 3532 2396">
     <span class='ocr_line' id='line_1_48' title="bbox 1953 2320 3532 2396; baseline 0.001 -17"><span class='ocrx_word' id='word_1_390' title='bbox 1953 2320 2296 2393; x_wconf 83' lang='lat' dir='ltr'><strong>Adjutorium</strong></span> <span class='ocrx_word' id='word_1_391' title='bbox 2341 2325 2539 2396; x_wconf 87' lang='lat' dir='ltr'><strong>quippe</strong></span> <span class='ocrx_word' id='word_1_392' title='bbox 2575 2323 2855 2390; x_wconf 80' lang='lat' dir='ltr'><strong>defuisset,</strong></span> <span class='ocrx_word' id='word_1_393' title='bbox 2885 2325 3003 2382; x_wconf 88' lang='lat' dir='ltr'><strong>sine</strong></span> <span class='ocrx_word' id='word_1_394' title='bbox 3036 2340 3145 2396; x_wconf 92' lang='lat' dir='ltr'><strong>quo</strong></span> <span class='ocrx_word' id='word_1_395' title='bbox 3171 2339 3391 2380; x_wconf 87' lang='lat' dir='ltr'><strong>manere</strong></span> <span class='ocrx_word' id='word_1_396' title='bbox 3424 2340 3532 2381; x_wconf 89' lang='lat' dir='ltr'><strong>non</strong></span> 
     </span>
    </p>
   </div>
   <div class='ocr_carea' id='block_1_49' title="bbox 1940 2415 3536 2489">
    <p class='ocr_par' dir='ltr' id='par_1_49' title="bbox 1940 2415 3536 2489">
     <span class='ocr_line' id='line_1_49' title="bbox 1940 2415 3536 2489; baseline 0.001 -16"><span class='ocrx_word' id='word_1_397' title='bbox 1940 2415 2218 2489; x_wconf 82' lang='lat' dir='ltr'><strong>‘possent.]</strong></span> <span class='ocrx_word' id='word_1_398' title='bbox 2267 2415 2326 2471; x_wconf 91' lang='lat' dir='ltr'><strong>Si</strong></span> <span class='ocrx_word' id='word_1_399' title='bbox 2369 2417 2516 2472; x_wconf 91' lang='lat' dir='ltr'><strong>enim</strong></span> <span class='ocrx_word' id='word_1_400' title='bbox 2558 2432 2656 2473; x_wconf 90' lang='lat' dir='ltr'><strong>nos</strong></span> <span class='ocrx_word' id='word_1_401' title='bbox 2695 2416 2762 2473; x_wconf 90' lang='lat' dir='ltr'><strong>de</strong></span> <span class='ocrx_word' id='word_1_402' title='bbox 2811 2415 3105 2487; x_wconf 85' lang='lat' dir='ltr'><strong>Scripturis</strong></span> <span class='ocrx_word' id='word_1_403' title='bbox 3143 2415 3347 2472; x_wconf 88' lang='lat' dir='ltr'><strong>sanctis</strong></span> <span class='ocrx_word' id='word_1_404' title='bbox 3375 2431 3536 2475; x_wconf 85' lang='lat' dir='ltr'><strong>nosse</strong></span> 
     </span>
    </p>
   </div>
   <div class='ocr_carea' id='block_1_50' title="bbox 1951 2506 3528 2581">
    <p class='ocr_par' dir='ltr' id='par_1_50' title="bbox 1951 2506 3528 2581">
     <span class='ocr_line' id='line_1_50' title="bbox 1951 2506 3528 2581; baseline 0.001 -19"><span class='ocrx_word' id='word_1_405' title='bbox 1951 2510 2246 2580; x_wconf 89' lang='lat' dir='ltr'><strong>potuimus,</strong></span> <span class='ocrx_word' id='word_1_406' title='bbox 2277 2517 2497 2564; x_wconf 87' lang='lat' dir='ltr'><strong>sanctos</strong></span> <span class='ocrx_word' id='word_1_407' title='bbox 2524 2507 2745 2581; x_wconf 87' lang='lat' dir='ltr'><strong>angelos</strong></span> <span class='ocrx_word' id='word_1_408' title='bbox 2770 2506 2883 2578; x_wconf 91' lang='lat' dir='ltr'><strong>jam</strong></span> <span class='ocrx_word' id='word_1_409' title='bbox 2907 2507 3083 2563; x_wconf 89' lang='lat' dir='ltr'><strong>nullos</strong></span> <span class='ocrx_word' id='word_1_410' title='bbox 3108 2523 3230 2564; x_wconf 91' lang='lat' dir='ltr'><strong>esse</strong></span> <span class='ocrx_word' id='word_1_411' title='bbox 3267 2524 3489 2565; x_wconf 87' lang='lat' dir='ltr'><strong>casuros</strong></span> <span class='ocrx_word' id='word_1_412' title='bbox 3515 2527 3528 2563; x_wconf 91' lang='lat'><strong>:</strong></span> 
     </span>
    </p>
   </div>
   <div class='ocr_carea' id='block_1_51' title="bbox 1953 2599 3533 2673">
    <p class='ocr_par' dir='ltr' id='par_1_51' title="bbox 1953 2599 3533 2673">
     <span class='ocr_line' id='line_1_51' title="bbox 1953 2599 3533 2673; baseline -0.001 -16"><span class='ocrx_word' id='word_1_413' title='bbox 1953 2609 2156 2673; x_wconf 85' lang='lat' dir='ltr'><strong>quanto</strong></span> <span class='ocrx_word' id='word_1_414' title='bbox 2180 2601 2355 2671; x_wconf 87' lang='lat' dir='ltr'><strong>magis</strong></span> <span class='ocrx_word' id='word_1_415' title='bbox 2382 2602 2486 2658; x_wconf 89' lang='lat' dir='ltr'><strong>hoc</strong></span> <span class='ocrx_word' id='word_1_416' title='bbox 2528 2601 2631 2672; x_wconf 93' lang='lat' dir='ltr'><strong>ipsi</strong></span> <span class='ocrx_word' id='word_1_417' title='bbox 2662 2607 2903 2657; x_wconf 87' lang='lat' dir='ltr'><strong>revelata</strong></span> <span class='ocrx_word' id='word_1_418' title='bbox 2930 2601 3031 2658; x_wconf 89' lang='lat' dir='ltr'><strong>sibi</strong></span> <span class='ocrx_word' id='word_1_419' title='bbox 3077 2599 3364 2657; x_wconf 86' lang='lat' dir='ltr'><strong>sublimius</strong></span> <span class='ocrx_word' id='word_1_420' title='bbox 3389 2600 3533 2656; x_wconf 90' lang='lat' dir='ltr'><strong>veri-</strong></span> 
     </span>
    </p>
   </div>
   <div class='ocr_carea' id='block_1_52' title="bbox 1951 2692 3532 2768">
    <p class='ocr_par' dir='ltr' id='par_1_52' title="bbox 1951 2692 3532 2768">
     <span class='ocr_line' id='line_1_52' title="bbox 1951 2692 3532 2768; baseline -0.002 -17"><span class='ocrx_word' id='word_1_421' title='bbox 1951 2703 2067 2752; x_wconf 89' lang='lat' dir='ltr'><strong>tate</strong></span> <span class='ocrx_word' id='word_1_422' title='bbox 2092 2697 2400 2752; x_wconf 86' lang='lat' dir='ltr'><strong>noveruntl</strong></span> <span class='ocrx_word' id='word_1_423' title='bbox 2454 2694 2644 2768; x_wconf 78' lang='lat' dir='ltr'><strong>[Nobis</strong></span> <span class='ocrx_word' id='word_1_424' title='bbox 2687 2696 2885 2767; x_wconf 90' lang='lat' dir='ltr'><strong>quippe</strong></span> <span class='ocrx_word' id='word_1_425' title='bbox 2910 2695 3069 2750; x_wconf 85' lang='lat' dir='ltr'><strong>beata</strong></span> <span class='ocrx_word' id='word_1_426' title='bbox 3111 2695 3227 2751; x_wconf 89' lang='lat' dir='ltr'><strong>sine</strong></span> <span class='ocrx_word' id='word_1_427' title='bbox 3276 2695 3384 2749; x_wconf 79' lang='lat' dir='ltr'><strong>fine</strong></span> <span class='ocrx_word' id='word_1_428' title='bbox 3422 2692 3532 2749; x_wconf 90' lang='lat' dir='ltr'><strong>vita</strong></span> 
     </span>
    </p>
   </div>
   <div class='ocr_carea' id='block_1_53' title="bbox 1948 2784 3530 2859">
    <p class='ocr_par' dir='ltr' id='par_1_53' title="bbox 1948 2784 3530 2859">
     <span class='ocr_line' id='line_1_53' title="bbox 1948 2784 3530 2859; baseline -0.001 -18"><span class='ocrx_word' id='word_1_429' title='bbox 1948 2784 2347 2859; x_wconf 71' lang='lat' dir='ltr'><strong>promissa‘est,</strong></span> <span class='ocrx_word' id='word_1_430' title='bbox 2388 2794 2442 2842; x_wconf 91' lang='lat' dir='ltr'><strong>et</strong></span> <span class='ocrx_word' id='word_1_431' title='bbox 2470 2785 2753 2858; x_wconf 82' lang='lat' dir='ltr'><strong>aequalitas</strong></span> <span class='ocrx_word' id='word_1_432' title='bbox 2789 2790 3134 2859; x_wconf 87' lang='lat' dir='ltr'><strong>angelorum;</strong></span> <span class='ocrx_word' id='word_1_433' title='bbox 3170 2800 3239 2842; x_wconf 77' lang='lat' dir='ltr'><strong>ex</strong></span> <span class='ocrx_word' id='word_1_434' title='bbox 3278 2800 3383 2855; x_wconf 88' lang='lat' dir='ltr'><strong>qua</strong></span> <span class='ocrx_word' id='word_1_435' title='bbox 3402 2798 3530 2856; x_wconf 89' lang='lat' dir='ltr'><strong>pro-</strong></span> 
     </span>
    </p>
   </div>
   <div class='ocr_carea' id='block_1_54' title="bbox 1950 2875 3532 2948">
    <p class='ocr_par' dir='ltr' id='par_1_54' title="bbox 1950 2875 3532 2948">
     <span class='ocr_line' id='line_1_54' title="bbox 1950 2875 3532 2948; baseline -0.002 -13"><span class='ocrx_word' id='word_1_436' title='bbox 1950 2879 2210 2937; x_wconf 86' lang='lat' dir='ltr'><strong>missione</strong></span> <span class='ocrx_word' id='word_1_437' title='bbox 2237 2880 2372 2936; x_wconf 89' lang='lat' dir='ltr'><strong>certi</strong></span> <span class='ocrx_word' id='word_1_438' title='bbox 2397 2894 2608 2947; x_wconf 90' lang='lat' dir='ltr'><strong>sumus,</strong></span> <span class='ocrx_word' id='word_1_439' title='bbox 2640 2895 2763 2935; x_wconf 89' lang='lat' dir='ltr'><strong>cum</strong></span> <span class='ocrx_word' id='word_1_440' title='bbox 2795 2880 2864 2935; x_wconf 92' lang='lat' dir='ltr'><strong>ad</strong></span> <span class='ocrx_word' id='word_1_441' title='bbox 2902 2877 3048 2934; x_wconf 87' lang='lat' dir='ltr'><strong>illam</strong></span> <span class='ocrx_word' id='word_1_442' title='bbox 3076 2878 3244 2933; x_wconf 90' lang='lat' dir='ltr'><strong>vitam</strong></span> <span class='ocrx_word' id='word_1_443' title='bbox 3282 2885 3407 2948; x_wconf 90' lang='lat' dir='ltr'><strong>post</strong></span> <span class='ocrx_word' id='word_1_444' title='bbox 3444 2875 3532 2948; x_wconf 92' lang='lat' dir='ltr'><strong>ju-</strong></span> 
     </span>
    </p>
   </div>
   <div class='ocr_carea' id='block_1_55' title="bbox 1950 2970 3533 3044">
    <p class='ocr_par' dir='ltr' id='par_1_55' title="bbox 1950 2970 3533 3044">
     <span class='ocr_line' id='line_1_55' title="bbox 1950 2970 3533 3044; baseline 0 -17"><span class='ocrx_word' id='word_1_445' title='bbox 1950 2970 2152 3027; x_wconf 90' lang='lat' dir='ltr'><strong>dicium</strong></span> <span class='ocrx_word' id='word_1_446' title='bbox 2173 2972 2502 3038; x_wconf 87' lang='lat' dir='ltr'><strong>venerimus,</strong></span> <span class='ocrx_word' id='word_1_447' title='bbox 2527 2987 2634 3027; x_wconf 90' lang='lat' dir='ltr'><strong>non</strong></span> <span class='ocrx_word' id='word_1_448' title='bbox 2664 2972 2791 3027; x_wconf 89' lang='lat' dir='ltr'><strong>inde</strong></span> <span class='ocrx_word' id='word_1_449' title='bbox 2816 2986 2916 3028; x_wconf 90' lang='lat' dir='ltr'><strong>nos</strong></span> <span class='ocrx_word' id='word_1_450' title='bbox 2938 2987 3058 3028; x_wconf 88' lang='lat' dir='ltr'><strong>esse</strong></span> <span class='ocrx_word' id='word_1_451' title='bbox 3085 2970 3353 3044; x_wconf 90' lang='lat' dir='ltr'><strong>lapsuros.</strong></span> <span class='ocrx_word' id='word_1_452' title='bbox 3379 2970 3533 3039; x_wconf 86' lang='lat' dir='ltr'><strong>Quod</strong></span> 
     </span>
    </p>
   </div>
   <div class='ocr_carea' id='block_1_56' title="bbox 1950 3060 3531 3134">
    <p class='ocr_par' dir='ltr' id='par_1_56' title="bbox 1950 3060 3531 3134">
     <span class='ocr_line' id='line_1_56' title="bbox 1950 3060 3531 3134; baseline -0.001 -16"><span class='ocrx_word' id='word_1_453' title='bbox 1950 3061 1997 3118; x_wconf 89' lang='lat' dir='ltr'><strong>si</strong></span> <span class='ocrx_word' id='word_1_454' title='bbox 2024 3061 2092 3117; x_wconf 91' lang='lat' dir='ltr'><strong>de</strong></span> <span class='ocrx_word' id='word_1_455' title='bbox 2134 3062 2328 3132; x_wconf 88' lang='lat' dir='ltr'><strong>seipsis</strong></span> <span class='ocrx_word' id='word_1_456' title='bbox 2368 3061 2543 3134; x_wconf 79' lang='lat' dir='ltr'><strong>angeli</strong></span> <span class='ocrx_word' id='word_1_457' title='bbox 2587 3062 2855 3129; x_wconf 88' lang='lat' dir='ltr'><strong>nesciunt,</strong></span> <span class='ocrx_word' id='word_1_458' title='bbox 2885 3078 2994 3119; x_wconf 91' lang='lat' dir='ltr'><strong>non</strong></span> <span class='ocrx_word' id='word_1_459' title='bbox 3030 3082 3050 3116; x_wconf 83' lang='grc'><strong>‹</strong></span> <span class='ocrx_word' id='word_1_460' title='bbox 3097 3061 3334 3133; x_wconf 60' lang='lat' dir='ltr'><strong>aequales</strong></span> <span class='ocrx_word' id='word_1_461' title='bbox 3370 3081 3388 3115; x_wconf 71' lang='grc' dir='ltr'><strong><em>ι</em></strong></span> <span class='ocrx_word' id='word_1_462' title='bbox 3435 3060 3531 3117; x_wconf 90' lang='lat' dir='ltr'><strong>sed</strong></span> 
     </span>
    </p>
   </div>
   <div class='ocr_carea' id='block_1_57' title="bbox 251 3141 3531 3227">
    <p class='ocr_par' dir='ltr' id='par_1_57' title="bbox 251 3141 3531 3227">
     <span class='ocr_line' id='line_1_57' title="bbox 251 3141 3531 3227; baseline -0.001 -15"><span class='ocrx_word' id='word_1_463' title='bbox 251 3157 393 3223; x_wconf 90' lang='lat' dir='ltr'><strong>Deo,</strong></span> <span class='ocrx_word' id='word_1_464' title='bbox 424 3171 495 3212; x_wconf 80' lang='lat' dir='ltr'><strong>ex</strong></span> <span class='ocrx_word' id='word_1_465' title='bbox 526 3171 631 3227; x_wconf 87' lang='lat' dir='ltr'><strong>quo</strong></span> <span class='ocrx_word' id='word_1_466' title='bbox 648 3156 792 3211; x_wconf 88' lang='lat' dir='ltr'><strong>bono</strong></span> <span class='ocrx_word' id='word_1_467' title='bbox 813 3163 932 3209; x_wconf 90' lang='lat' dir='ltr'><strong>erat</strong></span> <span class='ocrx_word' id='word_1_468' title='bbox 962 3153 1157 3209; x_wconf 91' lang='lat' dir='ltr'><strong>bonus.</strong></span> <span class='ocrx_word' id='word_1_469' title='bbox 1186 3151 1416 3209; x_wconf 81' lang='lat' dir='ltr'><strong>Vivebat</strong></span> <span class='ocrx_word' id='word_1_470' title='bbox 1436 3150 1553 3207; x_wconf 91' lang='lat' dir='ltr'><strong>sine</strong></span> <span class='ocrx_word' id='word_1_471' title='bbox 1581 3150 1690 3206; x_wconf 92' lang='lat' dir='ltr'><strong>ulla</strong></span> <span class='ocrx_word' id='word_1_472' title='bbox 1716 3165 1843 3223; x_wconf 88' lang='lat' dir='ltr'><strong>ege-</strong></span> <span class='ocrx_word' id='word_1_473' title='bbox 1950 3151 2224 3209; x_wconf 87' lang='lat' dir='ltr'><strong>beatiores</strong></span> <span class='ocrx_word' id='word_1_474' title='bbox 2256 3171 2276 3205; x_wconf 74' lang='grc' dir='ltr'>ι</span> <span class='ocrx_word' id='word_1_475' title='bbox 2305 3153 2507 3209; x_wconf 89' lang='lat' dir='ltr'><strong>erimus</strong></span> <span class='ocrx_word' id='word_1_476' title='bbox 2538 3152 2753 3226; x_wconf 80' lang='lat' dir='ltr'><strong>(Matth.</strong></span> <span class='ocrx_word' id='word_1_477' title='bbox 2780 3170 2918 3222; x_wconf 69' lang='grc' dir='ltr'>χχιι,</span> <span class='ocrx_word' id='word_1_478' title='bbox 2942 3154 3033 3225; x_wconf 74' lang='grc'><strong>50)</strong></span> <span class='ocrx_word' id='word_1_479' title='bbox 3068 3172 3089 3208; x_wconf 72' lang='grc' dir='ltr'><strong><em>ι</em></strong></span> <span class='ocrx_word' id='word_1_480' title='bbox 3118 3153 3330 3211; x_wconf 89' lang='lat' dir='ltr'><strong>Veritas</strong></span> <span class='ocrx_word' id='word_1_481' title='bbox 3351 3163 3531 3210; x_wconf 89' lang='lat' dir='ltr'><strong>autem</strong></span> 
     </span>
    </p>
   </div>
   <div class='ocr_carea' id='block_1_58' title="bbox 253 3213 3532 3320">
    <p class='ocr_par' dir='ltr' id='par_1_58' title="bbox 253 3213 3532 3320">
     <span class='ocr_line' id='line_1_58' title="bbox 253 3213 3532 3320; baseline -0.002 -13"><span class='ocrx_word' id='word_1_482' title='bbox 253 3261 425 3317; x_wconf 89' lang='lat' dir='ltr'><strong>state,</strong></span> <span class='ocrx_word' id='word_1_483' title='bbox 460 3251 535 3306; x_wconf 90' lang='lat' dir='ltr'><strong>ita</strong></span> <span class='ocrx_word' id='word_1_484' title='bbox 577 3264 788 3320; x_wconf 88' lang='lat' dir='ltr'><strong>semper</strong></span> <span class='ocrx_word' id='word_1_485' title='bbox 806 3248 988 3304; x_wconf 87' lang='lat' dir='ltr'><strong>vivere</strong></span> <span class='ocrx_word' id='word_1_486' title='bbox 1028 3245 1234 3303; x_wconf 88' lang='lat' dir='ltr'><strong>habens</strong></span> <span class='ocrx_word' id='word_1_487' title='bbox 1268 3245 1323 3300; x_wconf 92' lang='lat' dir='ltr'><strong>in</strong></span> <span class='ocrx_word' id='word_1_488' title='bbox 1362 3252 1648 3316; x_wconf 85' lang='lat' dir='ltr'><strong>potestate.</strong></span> <span class='ocrx_word' id='word_1_489' title='bbox 1681 3243 1847 3302; x_wconf 89' lang='lat' dir='ltr'><strong>Cibus</strong></span> <span class='ocrx_word' id='word_1_490' title='bbox 1875 3213 1921 3278; x_wconf 69' lang='grc' dir='ltr'>Ο</span> <span class='ocrx_word' id='word_1_491' title='bbox 1951 3244 2109 3302; x_wconf 91' lang='lat' dir='ltr'><strong>nobis</strong></span> <span class='ocrx_word' id='word_1_492' title='bbox 2141 3260 2329 3301; x_wconf 88' lang='lat' dir='ltr'><strong>eorum</strong></span> <span class='ocrx_word' id='word_1_493' title='bbox 2352 3213 2602 3316; x_wconf 74' lang='lat' dir='ltr'><strong>promisit</strong></span> <span class='ocrx_word' id='word_1_494' title='bbox 2635 3213 3027 3317; x_wconf 53' lang='lat' dir='ltr'><strong>aequalitatem:</strong></span> <span class='ocrx_word' id='word_1_495' title='bbox 3064 3244 3285 3302; x_wconf 87' lang='lat' dir='ltr'><strong>Certum</strong></span> <span class='ocrx_word' id='word_1_496' title='bbox 3326 3254 3411 3303; x_wconf 88' lang='lat' dir='ltr'><strong>est</strong></span> <span class='ocrx_word' id='word_1_497' title='bbox 3432 3246 3532 3317; x_wconf 88' lang='lat' dir='ltr'><strong>igi-</strong></span> 
     </span>
    </p>
   </div>
   <div class='ocr_carea' id='block_1_59' title="bbox 254 3337 3527 3413">
    <p class='ocr_par' dir='ltr' id='par_1_59' title="bbox 254 3337 3527 3413">
     <span class='ocr_line' id='line_1_59' title="bbox 254 3337 3527 3413; baseline -0.001 -14"><span class='ocrx_word' id='word_1_498' title='bbox 254 3347 473 3410; x_wconf 88' lang='lat' dir='ltr'><strong>aderat,</strong></span> <span class='ocrx_word' id='word_1_499' title='bbox 522 3359 590 3400; x_wconf 92' lang='lat' dir='ltr'><strong>ne</strong></span> <span class='ocrx_word' id='word_1_500' title='bbox 629 3343 894 3410; x_wconf 90' lang='lat' dir='ltr'><strong>esurirct;</strong></span> <span class='ocrx_word' id='word_1_501' title='bbox 922 3350 1099 3413; x_wconf 91' lang='lat' dir='ltr'><strong>potus,</strong></span> <span class='ocrx_word' id='word_1_502' title='bbox 1124 3356 1194 3396; x_wconf 89' lang='lat' dir='ltr'><strong>ne</strong></span> <span class='ocrx_word' id='word_1_503' title='bbox 1229 3339 1427 3405; x_wconf 89' lang='lat' dir='ltr'><strong>sitiret,</strong></span> <span class='ocrx_word' id='word_1_504' title='bbox 1455 3337 1660 3412; x_wconf 85' lang='lat' dir='ltr'><strong>lignum</strong></span> <span class='ocrx_word' id='word_1_505' title='bbox 1697 3338 1843 3405; x_wconf 72' lang='lat' dir='ltr'><strong>vitae,</strong></span> <span class='ocrx_word' id='word_1_506' title='bbox 1950 3349 2040 3398; x_wconf 91' lang='lat' dir='ltr'><strong>tur</strong></span> <span class='ocrx_word' id='word_1_507' title='bbox 2072 3341 2175 3397; x_wconf 90' lang='lat' dir='ltr'><strong>hoc</strong></span> <span class='ocrx_word' id='word_1_508' title='bbox 2200 3350 2303 3398; x_wconf 81' lang='lat' dir='ltr'><strong>eos’</strong></span> <span class='ocrx_word' id='word_1_509' title='bbox 2320 3355 2481 3398; x_wconf 89' lang='lat' dir='ltr'><strong>nosse</strong></span> <span class='ocrx_word' id='word_1_510' title='bbox 2519 3356 2617 3413; x_wconf 90' lang='lat' dir='ltr'><strong>per</strong></span> <span class='ocrx_word' id='word_1_511' title='bbox 2650 3341 2885 3412; x_wconf 88' lang='lat' dir='ltr'><strong>speciem</strong></span> <span class='ocrx_word' id='word_1_512' title='bbox 2920 3340 3063 3411; x_wconf 91' lang='lat' dir='ltr'><strong>quod</strong></span> <span class='ocrx_word' id='word_1_513' title='bbox 3090 3353 3191 3395; x_wconf 90' lang='lat' dir='ltr'><strong>nos</strong></span> <span class='ocrx_word' id='word_1_514' title='bbox 3220 3354 3318 3411; x_wconf 88' lang='lat' dir='ltr'><strong>per</strong></span> <span class='ocrx_word' id='word_1_515' title='bbox 3346 3341 3527 3407; x_wconf 79' lang='lat' dir='ltr'><strong>fidem,</strong></span> 
     </span>
    </p>
   </div>
   <div class='ocr_carea' id='block_1_60' title="bbox 254 3428 3529 3503">
    <p class='ocr_par' dir='ltr' id='par_1_60' title="bbox 254 3428 3529 3503">
     <span class='ocr_line' id='line_1_60' title="bbox 254 3428 3529 3503; baseline -0.003 -8"><span class='ocrx_word' id='word_1_516' title='bbox 254 3454 330 3495; x_wconf 90' lang='lat' dir='ltr'><strong>ne</strong></span> <span class='ocrx_word' id='word_1_517' title='bbox 360 3438 513 3493; x_wconf 90' lang='lat' dir='ltr'><strong>illum</strong></span> <span class='ocrx_word' id='word_1_518' title='bbox 560 3444 778 3493; x_wconf 87' lang='lat' dir='ltr'><strong>senecta</strong></span> <span class='ocrx_word' id='word_1_519' title='bbox 810 3434 1149 3492; x_wconf 88' lang='lat' dir='ltr'><strong>dissolveret.</strong></span> <span class='ocrx_word' id='word_1_520' title='bbox 1200 3431 1347 3489; x_wconf 85' lang='lat' dir='ltr'><strong>Nihil</strong></span> <span class='ocrx_word' id='word_1_521' title='bbox 1377 3431 1743 3503; x_wconf 90' lang='lat' dir='ltr'><strong>corruptionis</strong></span> <span class='ocrx_word' id='word_1_522' title='bbox 1790 3432 1847 3487; x_wconf 90' lang='lat' dir='ltr'><strong>in</strong></span> <span class='ocrx_word' id='word_1_523' title='bbox 1950 3431 2151 3487; x_wconf 90' lang='lat' dir='ltr'><strong>nullam</strong></span> <span class='ocrx_word' id='word_1_524' title='bbox 2173 3431 2381 3487; x_wconf 88' lang='lat' dir='ltr'><strong>scilicet</strong></span> <span class='ocrx_word' id='word_1_525' title='bbox 2405 3432 2618 3486; x_wconf 91' lang='lat' dir='ltr'><strong>ruinam</strong></span> <span class='ocrx_word' id='word_1_526' title='bbox 2643 3430 2963 3501; x_wconf 92' lang='lat' dir='ltr'><strong>cujusquam</strong></span> <span class='ocrx_word' id='word_1_527' title='bbox 2993 3429 3168 3486; x_wconf 84' lang='lat' dir='ltr'><strong>sancti</strong></span> <span class='ocrx_word' id='word_1_528' title='bbox 3209 3428 3385 3502; x_wconf 86' lang='lat' dir='ltr'><strong>angeli</strong></span> <span class='ocrx_word' id='word_1_529' title='bbox 3415 3430 3529 3503; x_wconf 89' lang='lat' dir='ltr'><strong>jam</strong></span> 
     </span>
    </p>
   </div>
   <div class='ocr_carea' id='block_1_61' title="bbox 255 3520 2237 3601">
    <p class='ocr_par' dir='ltr' id='par_1_61' title="bbox 255 3520 2237 3601">
     <span class='ocr_line' id='line_1_61' title="bbox 255 3520 2237 3601; baseline -0.005 -16"><span class='ocrx_word' id='word_1_530' title='bbox 255 3545 513 3601; x_wconf 81' lang='lat' dir='ltr'><strong>corpore,</strong></span> <span class='ocrx_word' id='word_1_531' title='bbox 545 3529 629 3584; x_wconf 88' lang='lat' dir='ltr'><strong>vel</strong></span> <span class='ocrx_word' id='word_1_532' title='bbox 669 3545 737 3583; x_wconf 81' lang='lat' dir='ltr'><strong>ex</strong></span> <span class='ocrx_word' id='word_1_533' title='bbox 776 3540 1007 3596; x_wconf 89' lang='lat' dir='ltr'><strong>corpore</strong></span> <span class='ocrx_word' id='word_1_534' title='bbox 1048 3524 1158 3579; x_wconf 91' lang='lat' dir='ltr'><strong>ulla</strong></span> <span class='ocrx_word' id='word_1_535' title='bbox 1204 3523 1451 3580; x_wconf 88' lang='lat' dir='ltr'><strong>molestia</strong></span> <span class='ocrx_word' id='word_1_536' title='bbox 1494 3539 1553 3579; x_wconf 90' lang='lat' dir='ltr'><strong>se</strong></span> <span class='ocrx_word' id='word_1_537' title='bbox 1580 3523 1687 3579; x_wconf 89' lang='lat' dir='ltr'><strong>illis</strong></span> <span class='ocrx_word' id='word_1_538' title='bbox 1730 3523 1848 3595; x_wconf 90' lang='lat' dir='ltr'><strong>ejus</strong></span> <span class='ocrx_word' id='word_1_539' title='bbox 1951 3520 2237 3594; x_wconf 88' lang='lat' dir='ltr'><strong>futuram.]</strong></span> 
     </span>
    </p>
   </div>
   <div class='ocr_carea' id='block_1_62' title="bbox 256 3613 3530 3688">
    <p class='ocr_par' dir='ltr' id='par_1_62' title="bbox 256 3613 3530 3688">
     <span class='ocr_line' id='line_1_62' title="bbox 256 3613 3530 3688; baseline -0.002 -11"><span class='ocrx_word' id='word_1_540' title='bbox 256 3621 517 3677; x_wconf 88' lang='lat' dir='ltr'><strong>sensibus</strong></span> <span class='ocrx_word' id='word_1_541' title='bbox 552 3618 850 3688; x_wconf 86' lang='lat' dir='ltr'><strong>ingerebat.</strong></span> <span class='ocrx_word' id='word_1_542' title='bbox 884 3614 1071 3670; x_wconf 86' lang='lat' dir='ltr'><strong>Nullus</strong></span> <span class='ocrx_word' id='word_1_543' title='bbox 1101 3613 1428 3670; x_wconf 89' lang='lat' dir='ltr'><strong>intrinsecus</strong></span> <span class='ocrx_word' id='word_1_544' title='bbox 1451 3613 1693 3680; x_wconf 87' lang='lat' dir='ltr'><strong>morbus,</strong></span> <span class='ocrx_word' id='word_1_545' title='bbox 1729 3613 1848 3668; x_wconf 90' lang='lat' dir='ltr'><strong>nul-</strong></span> <span class='ocrx_word' id='word_1_546' title='bbox 1942 3640 1945 3643; x_wconf 57' lang='grc' dir='ltr'>λ</span> <span class='ocrx_word' id='word_1_547' title='bbox 2020 3613 2135 3671; x_wconf 87' lang='lat' dir='ltr'><strong>Hac</strong></span> <span class='ocrx_word' id='word_1_548' title='bbox 2176 3613 2275 3669; x_wconf 90' lang='lat' dir='ltr'><strong>Dei</strong></span> <span class='ocrx_word' id='word_1_549' title='bbox 2320 3615 2491 3686; x_wconf 88' lang='lat' dir='ltr'><strong>gratia</strong></span> <span class='ocrx_word' id='word_1_550' title='bbox 2518 3622 2737 3671; x_wconf 87' lang='lat' dir='ltr'><strong>sanctos</strong></span> <span class='ocrx_word' id='word_1_551' title='bbox 2780 3613 3000 3685; x_wconf 89' lang='lat' dir='ltr'><strong>angelos</strong></span> <span class='ocrx_word' id='word_1_552' title='bbox 3045 3613 3288 3684; x_wconf 85' lang='lat' dir='ltr'><strong>indigere</strong></span> <span class='ocrx_word' id='word_1_553' title='bbox 3339 3613 3530 3672; x_wconf 89' lang='lat' dir='ltr'><strong>beatus</strong></span> 
     </span>
    </p>
   </div>
   <div class='ocr_carea' id='block_1_63' title="bbox 256 3705 3529 3778">
    <p class='ocr_par' dir='ltr' id='par_1_63' title="bbox 256 3705 3529 3778">
     <span class='ocr_line' id='line_1_63' title="bbox 256 3705 3529 3778; baseline -0.002 -9"><span class='ocrx_word' id='word_1_554' title='bbox 256 3716 347 3769; x_wconf 90' lang='lat' dir='ltr'><strong>lus</strong></span> <span class='ocrx_word' id='word_1_555' title='bbox 376 3712 517 3767; x_wconf 90' lang='lat' dir='ltr'><strong>ictus</strong></span> <span class='ocrx_word' id='word_1_556' title='bbox 543 3708 883 3765; x_wconf 87' lang='lat' dir='ltr'><strong>metuebatur</strong></span> <span class='ocrx_word' id='word_1_557' title='bbox 924 3706 1281 3762; x_wconf 79' lang='lat' dir='ltr'><strong>extrinsecus.</strong></span> <span class='ocrx_word' id='word_1_558' title='bbox 1331 3705 1553 3761; x_wconf 88' lang='lat' dir='ltr'><strong>Summa</strong></span> <span class='ocrx_word' id='word_1_559' title='bbox 1591 3705 1645 3758; x_wconf 90' lang='lat' dir='ltr'><strong>in</strong></span> <span class='ocrx_word' id='word_1_560' title='bbox 1685 3719 1849 3760; x_wconf 90' lang='lat' dir='ltr'><strong>carne</strong></span> <span class='ocrx_word' id='word_1_561' title='bbox 1949 3708 2115 3764; x_wconf 88' lang='lat' dir='ltr'><strong>etiam</strong></span> <span class='ocrx_word' id='word_1_562' title='bbox 2169 3707 2489 3765; x_wconf 87' lang='lat' dir='ltr'><strong>Ambrosius</strong></span> <span class='ocrx_word' id='word_1_563' title='bbox 2531 3707 2587 3762; x_wconf 92' lang='lat' dir='ltr'><strong>in</strong></span> <span class='ocrx_word' id='word_1_564' title='bbox 2629 3707 2962 3778; x_wconf 81' lang='lat' dir='ltr'><strong>expositione</strong></span> <span class='ocrx_word' id='word_1_565' title='bbox 3006 3706 3197 3777; x_wconf 89' lang='lat' dir='ltr'><strong>psalmi</strong></span> <span class='ocrx_word' id='word_1_566' title='bbox 3247 3706 3529 3764; x_wconf 91' lang='lat' dir='ltr'><strong>centesimi</strong></span> 
     </span>
    </p>
   </div>
   <div class='ocr_carea' id='block_1_64' title="bbox 235 3794 3531 3873">
    <p class='ocr_par' dir='ltr' id='par_1_64' title="bbox 235 3794 3531 3873">
     <span class='ocr_line' id='line_1_64' title="bbox 235 3794 3531 3873; baseline -0.003 -12"><span class='ocrx_word' id='word_1_567' title='bbox 235 3804 492 3871; x_wconf 84' lang='lat' dir='ltr'><strong>&#39;sanitas,</strong></span> <span class='ocrx_word' id='word_1_568' title='bbox 537 3804 594 3859; x_wconf 93' lang='lat' dir='ltr'><strong>in</strong></span> <span class='ocrx_word' id='word_1_569' title='bbox 641 3802 822 3858; x_wconf 89' lang='lat' dir='ltr'><strong>animo</strong></span> <span class='ocrx_word' id='word_1_570' title='bbox 875 3799 993 3873; x_wconf 86' lang='lat' dir='ltr'><strong>[al.,</strong></span> <span class='ocrx_word' id='word_1_571' title='bbox 1045 3797 1246 3871; x_wconf 78' lang='lat' dir='ltr'><strong>anima}</strong></span> <span class='ocrx_word' id='word_1_572' title='bbox 1297 3806 1406 3854; x_wconf 89' lang='lat' dir='ltr'><strong>tota</strong></span> <span class='ocrx_word' id='word_1_573' title='bbox 1460 3796 1842 3868; x_wconf 87' lang='lat' dir='ltr'><strong>tranquillitas.</strong></span> <span class='ocrx_word' id='word_1_574' title='bbox 1949 3798 2131 3855; x_wconf 89' lang='lat' dir='ltr'><strong>octavi</strong></span> <span class='ocrx_word' id='word_1_575' title='bbox 2178 3798 2372 3855; x_wconf 89' lang='lat' dir='ltr'><strong>decimi</strong></span> <span class='ocrx_word' id='word_1_576' title='bbox 2403 3799 2478 3854; x_wconf 90' lang='lat' dir='ltr'><strong>ita</strong></span> <span class='ocrx_word' id='word_1_577' title='bbox 2501 3797 2805 3863; x_wconf 80' lang='lat' dir='ltr'><strong>confirmat,</strong></span> <span class='ocrx_word' id='word_1_578' title='bbox 2834 3798 3020 3853; x_wconf 89' lang='lat' dir='ltr'><strong>dicens</strong></span> <span class='ocrx_word' id='word_1_579' title='bbox 3061 3794 3239 3869; x_wconf 70' lang='lat' dir='ltr'><strong>(mm.</strong></span> <span class='ocrx_word' id='word_1_580' title='bbox 3266 3797 3361 3868; x_wconf 89' lang='lat'><strong>8):</strong></span> <span class='ocrx_word' id='word_1_581' title='bbox 3396 3795 3531 3871; x_wconf 80' lang='lat' dir='ltr'><strong>[Ali-</strong></span> 
     </span>
    </p>
   </div>
   <div class='ocr_carea' id='block_1_65' title="bbox 237 3886 3526 3967">
    <p class='ocr_par' dir='ltr' id='par_1_65' title="bbox 237 3886 3526 3967">
     <span class='ocr_line' id='line_1_65' title="bbox 237 3886 3526 3967; baseline -0.003 -14"><span class='ocrx_word' id='word_1_582' title='bbox 237 3896 426 3953; x_wconf 79' lang='lat' dir='ltr'><strong>Sicut</strong></span> <span class='ocrx_word' id='word_1_583' title='bbox 456 3897 511 3952; x_wconf 94' lang='lat' dir='ltr'><strong>in</strong></span> <span class='ocrx_word' id='word_1_584' title='bbox 535 3894 787 3967; x_wconf 87' lang='lat' dir='ltr'><strong>paradiso</strong></span> <span class='ocrx_word' id='word_1_585' title='bbox 810 3892 989 3948; x_wconf 89' lang='lat' dir='ltr'><strong>nullus</strong></span> <span class='ocrx_word' id='word_1_586' title='bbox 1017 3900 1181 3947; x_wconf 84' lang='lat' dir='ltr'><strong>aestus</strong></span> <span class='ocrx_word' id='word_1_587' title='bbox 1205 3897 1299 3946; x_wconf 90' lang='lat' dir='ltr'><strong>aut</strong></span> <span class='ocrx_word' id='word_1_588' title='bbox 1318 3888 1512 3962; x_wconf 90' lang='lat' dir='ltr'><strong>frigus,</strong></span> <span class='ocrx_word' id='word_1_589' title='bbox 1550 3890 1622 3945; x_wconf 90' lang='lat' dir='ltr'><strong>ita</strong></span> <span class='ocrx_word' id='word_1_590' title='bbox 1653 3889 1709 3944; x_wconf 91' lang='lat' dir='ltr'><strong>in</strong></span> <span class='ocrx_word' id='word_1_591' title='bbox 1732 3887 1849 3958; x_wconf 90' lang='lat' dir='ltr'><strong>ejus</strong></span> <span class='ocrx_word' id='word_1_592' title='bbox 1952 3898 2036 3946; x_wconf 90' lang='lat' dir='ltr'><strong>ter</strong></span> <span class='ocrx_word' id='word_1_593' title='bbox 2060 3898 2186 3961; x_wconf 88' lang='lat' dir='ltr'><strong>eget</strong></span> <span class='ocrx_word' id='word_1_594' title='bbox 2212 3888 2587 3946; x_wconf 89' lang='lat' dir='ltr'><strong>misericordia</strong></span> <span class='ocrx_word' id='word_1_595' title='bbox 2608 3886 2983 3959; x_wconf 87' lang='lat' dir='ltr'><strong>arebangelus,</strong></span> <span class='ocrx_word' id='word_1_596' title='bbox 3010 3887 3168 3943; x_wconf 86' lang='lat' dir='ltr'><strong>aliter</strong></span> <span class='ocrx_word' id='word_1_597' title='bbox 3200 3889 3397 3955; x_wconf 88' lang='lat' dir='ltr'><strong>homo;</strong></span> <span class='ocrx_word' id='word_1_598' title='bbox 3429 3903 3526 3943; x_wconf 88' lang='lat' dir='ltr'><strong>an-</strong></span> 
     </span>
    </p>
   </div>
   <div class='ocr_carea' id='block_1_66' title="bbox 260 3977 3527 4061">
    <p class='ocr_par' dir='ltr' id='par_1_66' title="bbox 260 3977 3527 4061">
     <span class='ocr_line' id='line_1_66' title="bbox 260 3977 3527 4061; baseline -0.004 -15"><span class='ocrx_word' id='word_1_599' title='bbox 260 3988 580 4046; x_wconf 87' lang='lat' dir='ltr'><strong>habitatore</strong></span> <span class='ocrx_word' id='word_1_600' title='bbox 626 3986 771 4042; x_wconf 92' lang='lat' dir='ltr'><strong>nulla</strong></span> <span class='ocrx_word' id='word_1_601' title='bbox 810 3999 877 4040; x_wconf 84' lang='lat' dir='ltr'><strong>ex</strong></span> <span class='ocrx_word' id='word_1_602' title='bbox 910 3982 1311 4061; x_wconf 68' lang='lat' dir='ltr'><strong>cupiditateyel</strong></span> <span class='ocrx_word' id='word_1_603' title='bbox 1352 3982 1545 4037; x_wconf 89' lang='lat' dir='ltr'><strong>timore</strong></span> <span class='ocrx_word' id='word_1_604' title='bbox 1572 3981 1853 4037; x_wconf 87' lang='lat' dir='ltr'><strong>accidebat</strong></span> <span class='ocrx_word' id='word_1_605' title='bbox 1958 3981 2063 4053; x_wconf 88' lang='lat' dir='ltr'><strong>geli</strong></span> <span class='ocrx_word' id='word_1_606' title='bbox 2086 3981 2235 4038; x_wconf 90' lang='lat' dir='ltr'><strong>enim</strong></span> <span class='ocrx_word' id='word_1_607' title='bbox 2260 3989 2452 4037; x_wconf 90' lang='lat' dir='ltr'><strong>natura</strong></span> <span class='ocrx_word' id='word_1_608' title='bbox 2478 3995 2586 4035; x_wconf 90' lang='lat' dir='ltr'><strong>non</strong></span> <span class='ocrx_word' id='word_1_609' title='bbox 2610 3979 2795 4050; x_wconf 89' lang='lat' dir='ltr'><strong>utique</strong></span> <span class='ocrx_word' id='word_1_610' title='bbox 2840 3978 2913 4033; x_wconf 89' lang='lat' dir='ltr'><strong>ita</strong></span> <span class='ocrx_word' id='word_1_611' title='bbox 2951 3978 3271 4050; x_wconf 78' lang='lat' dir='ltr'><strong>corruptelae</strong></span> <span class='ocrx_word' id='word_1_612' title='bbox 3295 3977 3527 4034; x_wconf 79' lang='lat' dir='ltr'><strong>obnoxia</strong></span> 
     </span>
    </p>
   </div>
   <div class='ocr_carea' id='block_1_67' title="bbox 258 4073 1851 4141">
    <p class='ocr_par' dir='ltr' id='par_1_67' title="bbox 258 4073 1851 4141">
     <span class='ocr_line' id='line_1_67' title="bbox 258 4073 1851 4141; baseline -0.008 0"><span class='ocrx_word' id='word_1_613' title='bbox 258 4082 424 4141; x_wconf 77' lang='lat' dir='ltr'><strong>bona:</strong></span> <span class='ocrx_word' id='word_1_614' title='bbox 459 4081 751 4138; x_wconf 87' lang='lat' dir='ltr'><strong>voluntatis</strong></span> <span class='ocrx_word' id='word_1_615' title='bbox 778 4077 1022 4134; x_wconf 77' lang='lat' dir='ltr'><strong>oll&#39;ensio.</strong></span> <span class='ocrx_word' id='word_1_616' title='bbox 1069 4074 1215 4131; x_wconf 83' lang='lat' dir='ltr'><strong>Nihil</strong></span> <span class='ocrx_word' id='word_1_617' title='bbox 1240 4075 1460 4130; x_wconf 91' lang='lat' dir='ltr'><strong>omnino</strong></span> <span class='ocrx_word' id='word_1_618' title='bbox 1491 4075 1668 4140; x_wconf 87' lang='lat' dir='ltr'><strong>triste,</strong></span> <span class='ocrx_word' id='word_1_619' title='bbox 1715 4073 1851 4130; x_wconf 89' lang='lat' dir='ltr'><strong>nihil</strong></span> 
     </span>
    </p>
   </div>
   <div class='ocr_carea' id='block_1_68' title="bbox 261 4166 1852 4240">
    <p class='ocr_par' dir='ltr' id='par_1_68' title="bbox 261 4166 1852 4240">
     <span class='ocr_line' id='line_1_68' title="bbox 261 4166 1852 4240; baseline -0.006 -10"><span class='ocrx_word' id='word_1_620' title='bbox 261 4182 387 4231; x_wconf 88' lang='lat' dir='ltr'><strong>erat</strong></span> <span class='ocrx_word' id='word_1_621' title='bbox 415 4173 649 4229; x_wconf 88' lang='lat' dir='ltr'><strong>inaniter</strong></span> <span class='ocrx_word' id='word_1_622' title='bbox 690 4170 908 4235; x_wconf 66' lang='lat' dir='ltr'><strong>laetum;</strong></span> <span class='ocrx_word' id='word_1_623' title='bbox 958 4166 1211 4240; x_wconf 88' lang='lat' dir='ltr'><strong>gaudium</strong></span> <span class='ocrx_word' id='word_1_624' title='bbox 1255 4181 1384 4221; x_wconf 90' lang='lat' dir='ltr'><strong>vero</strong></span> <span class='ocrx_word' id='word_1_625' title='bbox 1429 4166 1852 4237; x_wconf 85' lang='lat' dir='ltr'><strong>perpetuabatur</strong></span> 
     </span>
    </p>
   </div>
   <div class='ocr_carea' id='block_1_69' title="bbox 265 4260 1848 4336">
    <p class='ocr_par' dir='ltr' id='par_1_69' title="bbox 265 4260 1848 4336">
     <span class='ocr_line' id='line_1_69' title="bbox 265 4260 1848 4336; baseline -0.006 -12"><span class='ocrx_word' id='word_1_626' title='bbox 265 4284 335 4325; x_wconf 80' lang='lat' dir='ltr'><strong>ex</strong></span> <span class='ocrx_word' id='word_1_627' title='bbox 357 4268 489 4333; x_wconf 89' lang='lat' dir='ltr'><strong>Deo,</strong></span> <span class='ocrx_word' id='word_1_628' title='bbox 520 4266 573 4321; x_wconf 91' lang='lat' dir='ltr'><strong>in</strong></span> <span class='ocrx_word' id='word_1_629' title='bbox 596 4279 755 4336; x_wconf 89' lang='lat' dir='ltr'><strong>quem</strong></span> <span class='ocrx_word' id='word_1_630' title='bbox 776 4260 1039 4335; x_wconf 84' lang='lat' dir='ltr'><strong>ﬂagrabat</strong></span> <span class='ocrx_word' id='word_1_631' title='bbox 1068 4280 1088 4314; x_wconf 74' lang='grc' dir='ltr'><strong><em>ι</em></strong></span> <span class='ocrx_word' id='word_1_632' title='bbox 1125 4260 1365 4317; x_wconf 87' lang='lat' dir='ltr'><strong>charitas</strong></span> <span class='ocrx_word' id='word_1_633' title='bbox 1392 4260 1461 4316; x_wconf 88' lang='lat' dir='ltr'><strong>de</strong></span> <span class='ocrx_word' id='word_1_634' title='bbox 1499 4262 1660 4317; x_wconf 87' lang='lat' dir='ltr'><strong>corde</strong></span> <span class='ocrx_word' id='word_1_635' title='bbox 1691 4276 1848 4331; x_wconf 90' lang='lat' dir='ltr'><strong>puro,</strong></span> 
     </span>
    </p>
   </div>
   <div class='ocr_carea' id='block_1_70' title="bbox 265 4351 1844 4423">
    <p class='ocr_par' dir='ltr' id='par_1_70' title="bbox 265 4351 1844 4423">
     <span class='ocr_line' id='line_1_70' title="bbox 265 4351 1844 4423; baseline -0.007 -7"><span class='ocrx_word' id='word_1_636' title='bbox 265 4368 324 4417; x_wconf 92' lang='lat' dir='ltr'><strong>et</strong></span> <span class='ocrx_word' id='word_1_637' title='bbox 349 4358 678 4415; x_wconf 89' lang='lat' dir='ltr'><strong>conscientia</strong></span> <span class='ocrx_word' id='word_1_638' title='bbox 707 4358 848 4412; x_wconf 90' lang='lat' dir='ltr'><strong>bona</strong></span> <span class='ocrx_word' id='word_1_639' title='bbox 866 4363 922 4410; x_wconf 91' lang='lat' dir='ltr'><strong>et</strong></span> <span class='ocrx_word' id='word_1_640' title='bbox 945 4353 1050 4409; x_wconf 79' lang='lat' dir='ltr'><strong>fide</strong></span> <span class='ocrx_word' id='word_1_641' title='bbox 1081 4367 1191 4408; x_wconf 92' lang='lat' dir='ltr'><strong>non</strong></span> <span class='ocrx_word' id='word_1_642' title='bbox 1219 4351 1344 4409; x_wconf 83' lang='lat' dir='ltr'><strong>ﬁcta</strong></span> <span class='ocrx_word' id='word_1_643' title='bbox 1387 4351 1439 4423; x_wconf 90' lang='grc' dir='ltr'><strong>(Ι</strong></span> <span class='ocrx_word' id='word_1_644' title='bbox 1472 4351 1607 4407; x_wconf 81' lang='lat' dir='ltr'><strong>Tim.</strong></span> <span class='ocrx_word' id='word_1_645' title='bbox 1632 4368 1685 4418; x_wconf 86' lang='grc' dir='ltr'><strong>ι,</strong></span> <span class='ocrx_word' id='word_1_646' title='bbox 1708 4351 1790 4423; x_wconf 80' lang='grc'><strong>5),</strong></span> <span class='ocrx_word' id='word_1_647' title='bbox 1825 4372 1844 4405; x_wconf 73' lang='grc' dir='ltr'><strong><em>ι</em></strong></span> 
     </span>
    </p>
   </div>
   <div class='ocr_carea' id='block_1_71' title="bbox 269 4443 1853 4537">
    <p class='ocr_par' dir='ltr' id='par_1_71' title="bbox 269 4443 1853 4537">
     <span class='ocr_line' id='line_1_71' title="bbox 269 4443 1853 4537; baseline -0.006 -29"><span class='ocrx_word' id='word_1_648' title='bbox 269 4461 434 4523; x_wconf 88' lang='lat' dir='ltr'><strong>atque</strong></span> <span class='ocrx_word' id='word_1_649' title='bbox 458 4451 601 4506; x_wconf 91' lang='lat' dir='ltr'><strong>inter</strong></span> <span class='ocrx_word' id='word_1_650' title='bbox 632 4464 690 4504; x_wconf 91' lang='lat' dir='ltr'><strong>se</strong></span> <span class='ocrx_word' id='word_1_651' title='bbox 711 4446 998 4518; x_wconf 89' lang='lat' dir='ltr'><strong>conjugum</strong></span> <span class='ocrx_word' id='word_1_652' title='bbox 1041 4443 1149 4499; x_wconf 85' lang='lat' dir='ltr'><strong>fida</strong></span> <span class='ocrx_word' id='word_1_653' title='bbox 1188 4460 1255 4500; x_wconf 81' lang='lat' dir='ltr'><strong>ex</strong></span> <span class='ocrx_word' id='word_1_654' title='bbox 1294 4443 1530 4537; x_wconf 60' lang='lat' dir='ltr'><strong>honesto</strong></span> <span class='ocrx_word' id='word_1_655' title='bbox 1558 4458 1744 4498; x_wconf 83' lang='lat' dir='ltr'><strong>amore</strong></span> <span class='ocrx_word' id='word_1_656' title='bbox 1771 4458 1853 4498; x_wconf 86' lang='lat' dir='ltr'><strong>so-</strong></span> 
     </span>
    </p>
   </div>
   <div class='ocr_carea' id='block_1_72' title="bbox 267 4534 1849 4610">
    <p class='ocr_par' dir='ltr' id='par_1_72' title="bbox 267 4534 1849 4610">
     <span class='ocr_line' id='line_1_72' title="bbox 267 4534 1849 4610; baseline -0.008 -11"><span class='ocrx_word' id='word_1_657' title='bbox 267 4545 466 4610; x_wconf 88' lang='lat' dir='ltr'><strong>cietas;</strong></span> <span class='ocrx_word' id='word_1_658' title='bbox 493 4556 722 4600; x_wconf 88' lang='lat' dir='ltr'><strong>concors</strong></span> <span class='ocrx_word' id='word_1_659' title='bbox 760 4537 975 4595; x_wconf 74' lang='lat' dir='ltr'><strong>mentis.</strong></span> <span class='ocrx_word' id='word_1_660' title='bbox 998 4534 1351 4607; x_wconf 82' lang='lat' dir='ltr'><strong>corporisque</strong></span> <span class='ocrx_word' id='word_1_661' title='bbox 1374 4534 1575 4606; x_wconf 87' lang='lat' dir='ltr'><strong>vigilia,</strong></span> <span class='ocrx_word' id='word_1_662' title='bbox 1605 4543 1663 4589; x_wconf 87' lang='lat' dir='ltr'><strong>et</strong></span> <span class='ocrx_word' id='word_1_663' title='bbox 1695 4549 1849 4588; x_wconf 91' lang='lat' dir='ltr'><strong>man-</strong></span> 
     </span>
    </p>
   </div>
   <div class='ocr_carea' id='block_1_73' title="bbox 267 4626 1851 4699">
    <p class='ocr_par' dir='ltr' id='par_1_73' title="bbox 267 4626 1851 4699">
     <span class='ocr_line' id='line_1_73' title="bbox 267 4626 1851 4699; baseline -0.007 -7"><span class='ocrx_word' id='word_1_664' title='bbox 267 4636 379 4693; x_wconf 86' lang='lat' dir='ltr'><strong>dati</strong></span> <span class='ocrx_word' id='word_1_665' title='bbox 407 4636 524 4692; x_wconf 88' lang='lat' dir='ltr'><strong>sine</strong></span> <span class='ocrx_word' id='word_1_666' title='bbox 562 4634 747 4690; x_wconf 87' lang='lat' dir='ltr'><strong>labore</strong></span> <span class='ocrx_word' id='word_1_667' title='bbox 792 4630 1057 4688; x_wconf 90' lang='lat' dir='ltr'><strong>custodia.</strong></span> <span class='ocrx_word' id='word_1_668' title='bbox 1106 4627 1229 4684; x_wconf 85' lang='lat' dir='ltr'><strong>Non</strong></span> <span class='ocrx_word' id='word_1_669' title='bbox 1281 4628 1542 4684; x_wconf 88' lang='lat' dir='ltr'><strong>lassitudo</strong></span> <span class='ocrx_word' id='word_1_670' title='bbox 1587 4626 1851 4699; x_wconf 83' lang='lat' dir='ltr'><strong>fatigabat</strong></span> 
     </span>
    </p>
   </div>
   <div class='ocr_carea' id='block_1_74' title="bbox 266 4720 1496 4796">
    <p class='ocr_par' dir='ltr' id='par_1_74' title="bbox 266 4720 1496 4796">
     <span class='ocr_line' id='line_1_74' title="bbox 266 4720 1496 4796; baseline -0.009 -10"><span class='ocrx_word' id='word_1_671' title='bbox 266 4730 524 4796; x_wconf 88' lang='lat' dir='ltr'><strong>otiosum,</strong></span> <span class='ocrx_word' id='word_1_672' title='bbox 544 4742 650 4783; x_wconf 90' lang='lat' dir='ltr'><strong>non</strong></span> <span class='ocrx_word' id='word_1_673' title='bbox 676 4740 897 4783; x_wconf 87' lang='lat' dir='ltr'><strong>somnus</strong></span> <span class='ocrx_word' id='word_1_674' title='bbox 915 4723 1193 4795; x_wconf 89' lang='lat' dir='ltr'><strong>premebat</strong></span> <span class='ocrx_word' id='word_1_675' title='bbox 1220 4720 1496 4795; x_wconf 89' lang='lat' dir='ltr'><strong>invitum.]</strong></span> 
     </span>
    </p>
   </div>
   <div class='ocr_carea' id='block_1_75' title="bbox 335 4812 1848 4883">
    <p class='ocr_par' dir='ltr' id='par_1_75' title="bbox 335 4812 1848 4883">
     <span class='ocr_line' id='line_1_75' title="bbox 335 4812 1848 4883; baseline -0.008 -4"><span class='ocrx_word' id='word_1_676' title='bbox 335 4824 474 4879; x_wconf 88' lang='lat' dir='ltr'><strong>ltem</strong></span> <span class='ocrx_word' id='word_1_677' title='bbox 504 4821 648 4877; x_wconf 91' lang='lat' dir='ltr'><strong>idem</strong></span> <span class='ocrx_word' id='word_1_678' title='bbox 690 4819 880 4875; x_wconf 89' lang='lat' dir='ltr'><strong>doctor</strong></span> <span class='ocrx_word' id='word_1_679' title='bbox 928 4814 1296 4881; x_wconf 89' lang='lat' dir='ltr'><strong>beatissimus,</strong></span> <span class='ocrx_word' id='word_1_680' title='bbox 1337 4815 1403 4869; x_wconf 91' lang='lat' dir='ltr'><strong>de</strong></span> <span class='ocrx_word' id='word_1_681' title='bbox 1445 4813 1636 4869; x_wconf 89' lang='lat' dir='ltr'><strong>eadem</strong></span> <span class='ocrx_word' id='word_1_682' title='bbox 1689 4812 1848 4883; x_wconf 88' lang='lat' dir='ltr'><strong>primi</strong></span> 
     </span>
    </p>
   </div>
   <div class='ocr_carea' id='block_1_76' title="bbox 268 4905 1850 4981">
    <p class='ocr_par' dir='ltr' id='par_1_76' title="bbox 268 4905 1850 4981">
     <span class='ocr_line' id='line_1_76' title="bbox 268 4905 1850 4981; baseline -0.009 -8"><span class='ocrx_word' id='word_1_683' title='bbox 268 4916 504 4974; x_wconf 87' lang='lat' dir='ltr'><strong>hominis</strong></span> <span class='ocrx_word' id='word_1_684' title='bbox 552 4930 584 4969; x_wconf 89' lang='lat' dir='ltr'><strong>a</strong></span> <span class='ocrx_word' id='word_1_685' title='bbox 635 4913 747 4969; x_wconf 91' lang='lat' dir='ltr'><strong>Deo</strong></span> <span class='ocrx_word' id='word_1_686' title='bbox 798 4918 1018 4981; x_wconf 87' lang='lat' dir='ltr'><strong>accepta</strong></span> <span class='ocrx_word' id='word_1_687' title='bbox 1076 4908 1270 4981; x_wconf 91' lang='lat' dir='ltr'><strong>gratia,</strong></span> <span class='ocrx_word' id='word_1_688' title='bbox 1321 4913 1377 4962; x_wconf 91' lang='lat' dir='ltr'><strong>et</strong></span> <span class='ocrx_word' id='word_1_689' title='bbox 1424 4906 1642 4977; x_wconf 91' lang='lat' dir='ltr'><strong>propria</strong></span> <span class='ocrx_word' id='word_1_690' title='bbox 1691 4905 1850 4976; x_wconf 89' lang='lat' dir='ltr'><strong>culpa</strong></span> 
     </span>
    </p>
   </div>
   <div class='ocr_carea' id='block_1_77' title="bbox 269 4996 1848 5071">
    <p class='ocr_par' dir='ltr' id='par_1_77' title="bbox 269 4996 1848 5071">
     <span class='ocr_line' id='line_1_77' title="bbox 269 4996 1848 5071; baseline -0.006 -9"><span class='ocrx_word' id='word_1_691' title='bbox 269 5006 493 5071; x_wconf 86' lang='lat' dir='ltr'><strong>amissa,</strong></span> <span class='ocrx_word' id='word_1_692' title='bbox 515 5003 570 5058; x_wconf 93' lang='lat' dir='ltr'><strong>in</strong></span> <span class='ocrx_word' id='word_1_693' title='bbox 592 5002 731 5058; x_wconf 88' lang='lat' dir='ltr'><strong>libro</strong></span> <span class='ocrx_word' id='word_1_694' title='bbox 750 5002 817 5057; x_wconf 91' lang='lat' dir='ltr'><strong>de</strong></span> <span class='ocrx_word' id='word_1_695' title='bbox 837 4998 1192 5070; x_wconf 87' lang='lat' dir='ltr'><strong>Correptione</strong></span> <span class='ocrx_word' id='word_1_696' title='bbox 1210 5005 1267 5053; x_wconf 89' lang='lat' dir='ltr'><strong>et</strong></span> <span class='ocrx_word' id='word_1_697' title='bbox 1285 4996 1492 5062; x_wconf 85' lang='lat' dir='ltr'><strong>Gratia,</strong></span> <span class='ocrx_word' id='word_1_698' title='bbox 1526 4996 1601 5051; x_wconf 91' lang='lat' dir='ltr'><strong>ita</strong></span> <span class='ocrx_word' id='word_1_699' title='bbox 1629 4996 1848 5063; x_wconf 89' lang='lat' dir='ltr'><strong>astruit,</strong></span> 
     </span>
    </p>
   </div>
   <div class='ocr_carea' id='block_1_78' title="bbox 271 5093 1848 5175">
    <p class='ocr_par' dir='ltr' id='par_1_78' title="bbox 271 5093 1848 5175">
     <span class='ocr_line' id='line_1_78' title="bbox 271 5093 1848 5175; baseline -0.006 -16"><span class='ocrx_word' id='word_1_700' title='bbox 271 5103 458 5160; x_wconf 92' lang='lat' dir='ltr'><strong>dicens</strong></span> <span class='ocrx_word' id='word_1_701' title='bbox 479 5099 549 5175; x_wconf 86' lang='lat' dir='ltr'><strong>(c.</strong></span> <span class='ocrx_word' id='word_1_702' title='bbox 578 5097 666 5172; x_wconf 80' lang='grc' dir='ltr'><strong>Η)</strong></span> <span class='ocrx_word' id='word_1_703' title='bbox 690 5116 707 5155; x_wconf 90' lang='lat'><strong>:</strong></span> <span class='ocrx_word' id='word_1_704' title='bbox 739 5098 923 5174; x_wconf 89' lang='lat' dir='ltr'><strong>[Istam</strong></span> <span class='ocrx_word' id='word_1_705' title='bbox 951 5098 1182 5169; x_wconf 88' lang='lat' dir='ltr'><strong>gratiam</strong></span> <span class='ocrx_word' id='word_1_706' title='bbox 1205 5094 1393 5151; x_wconf 89' lang='lat' dir='ltr'><strong>habuit</strong></span> <span class='ocrx_word' id='word_1_707' title='bbox 1420 5094 1585 5150; x_wconf 91' lang='lat' dir='ltr'><strong>homo</strong></span> <span class='ocrx_word' id='word_1_708' title='bbox 1618 5093 1848 5164; x_wconf 90' lang='lat' dir='ltr'><strong>primus,</strong></span> 
     </span>
    </p>
   </div>
   <div class='ocr_carea' id='block_1_79' title="bbox 273 5185 1847 5266">
    <p class='ocr_par' dir='ltr' id='par_1_79' title="bbox 273 5185 1847 5266">
     <span class='ocr_line' id='line_1_79' title="bbox 273 5185 1847 5266; baseline -0.007 -15"><span class='ocrx_word' id='word_1_709' title='bbox 273 5194 328 5251; x_wconf 92' lang='lat' dir='ltr'><strong>in</strong></span> <span class='ocrx_word' id='word_1_710' title='bbox 356 5210 486 5266; x_wconf 91' lang='lat' dir='ltr'><strong>qua,</strong></span> <span class='ocrx_word' id='word_1_711' title='bbox 516 5193 562 5250; x_wconf 92' lang='lat' dir='ltr'><strong>si</strong></span> <span class='ocrx_word' id='word_1_712' title='bbox 591 5204 912 5265; x_wconf 89' lang='lat' dir='ltr'><strong>permanere</strong></span> <span class='ocrx_word' id='word_1_713' title='bbox 937 5188 1116 5256; x_wconf 88' lang='lat' dir='ltr'><strong>vellet,</strong></span> <span class='ocrx_word' id='word_1_714' title='bbox 1161 5201 1435 5258; x_wconf 91' lang='lat' dir='ltr'><strong>nunquam</strong></span> <span class='ocrx_word' id='word_1_715' title='bbox 1464 5185 1639 5241; x_wconf 92' lang='lat' dir='ltr'><strong>malus</strong></span> <span class='ocrx_word' id='word_1_716' title='bbox 1661 5194 1847 5252; x_wconf 87' lang='lat' dir='ltr'><strong>esset;</strong></span> 
     </span>
    </p>
   </div>
   <div class='ocr_carea' id='block_1_80' title="bbox 274 5279 1850 5357">
    <p class='ocr_par' dir='ltr' id='par_1_80' title="bbox 274 5279 1850 5357">
     <span class='ocr_line' id='line_1_80' title="bbox 274 5279 1850 5357; baseline -0.006 -14"><span class='ocrx_word' id='word_1_717' title='bbox 274 5300 331 5344; x_wconf 87' lang='lat' dir='ltr'><strong>et</strong></span> <span class='ocrx_word' id='word_1_718' title='bbox 355 5287 472 5342; x_wconf 87' lang='lat' dir='ltr'><strong>sine</strong></span> <span class='ocrx_word' id='word_1_719' title='bbox 495 5302 602 5357; x_wconf 91' lang='lat' dir='ltr'><strong>qua</strong></span> <span class='ocrx_word' id='word_1_720' title='bbox 622 5285 786 5341; x_wconf 90' lang='lat' dir='ltr'><strong>etiam</strong></span> <span class='ocrx_word' id='word_1_721' title='bbox 814 5298 938 5340; x_wconf 92' lang='lat' dir='ltr'><strong>cum</strong></span> <span class='ocrx_word' id='word_1_722' title='bbox 958 5282 1132 5338; x_wconf 88' lang='lat' dir='ltr'><strong>libero</strong></span> <span class='ocrx_word' id='word_1_723' title='bbox 1157 5280 1384 5336; x_wconf 90' lang='lat' dir='ltr'><strong>arbitrio</strong></span> <span class='ocrx_word' id='word_1_724' title='bbox 1401 5279 1576 5335; x_wconf 91' lang='lat' dir='ltr'><strong>bonus</strong></span> <span class='ocrx_word' id='word_1_725' title='bbox 1599 5293 1719 5336; x_wconf 90' lang='lat' dir='ltr'><strong>esse</strong></span> <span class='ocrx_word' id='word_1_726' title='bbox 1740 5294 1850 5334; x_wconf 89' lang='lat' dir='ltr'><strong>non</strong></span> 
     </span>
    </p>
   </div>
   <div class='ocr_carea' id='block_1_81' title="bbox 247 5369 1849 5452">
    <p class='ocr_par' dir='ltr' id='par_1_81' title="bbox 247 5369 1849 5452">
     <span class='ocr_line' id='line_1_81' title="bbox 247 5369 1849 5452; baseline -0.005 -18"><span class='ocrx_word' id='word_1_727' title='bbox 247 5398 251 5403; x_wconf 57' lang='grc' dir='ltr'><strong><em>τ</em></strong></span> <span class='ocrx_word' id='word_1_728' title='bbox 276 5384 480 5452; x_wconf 87' lang='lat' dir='ltr'><strong>posset,</strong></span> <span class='ocrx_word' id='word_1_729' title='bbox 503 5375 601 5433; x_wconf 85' lang='lat' dir='ltr'><strong>sed</strong></span> <span class='ocrx_word' id='word_1_730' title='bbox 630 5391 751 5432; x_wconf 87' lang='lat' dir='ltr'><strong>eam</strong></span> <span class='ocrx_word' id='word_1_731' title='bbox 779 5383 961 5431; x_wconf 85' lang='lat' dir='ltr'><strong>tamen</strong></span> <span class='ocrx_word' id='word_1_732' title='bbox 991 5388 1089 5445; x_wconf 94' lang='lat' dir='ltr'><strong>per</strong></span> <span class='ocrx_word' id='word_1_733' title='bbox 1118 5371 1348 5428; x_wconf 90' lang='lat' dir='ltr'><strong>liberum</strong></span> <span class='ocrx_word' id='word_1_734' title='bbox 1376 5369 1663 5426; x_wconf 88' lang='lat' dir='ltr'><strong>arbitrium</strong></span> <span class='ocrx_word' id='word_1_735' title='bbox 1687 5371 1849 5426; x_wconf 89' lang='lat' dir='ltr'><strong>dese-</strong></span> 
     </span>
    </p>
   </div>
   <div class='ocr_carea' id='block_1_82' title="bbox 278 5462 1852 5542">
    <p class='ocr_par' dir='ltr' id='par_1_82' title="bbox 278 5462 1852 5542">
     <span class='ocr_line' id='line_1_82' title="bbox 278 5462 1852 5542; baseline -0.005 -16"><span class='ocrx_word' id='word_1_736' title='bbox 278 5486 399 5528; x_wconf 88' lang='lat' dir='ltr'><strong>rere</strong></span> <span class='ocrx_word' id='word_1_737' title='bbox 429 5476 631 5542; x_wconf 88' lang='lat' dir='ltr'><strong>posset.</strong></span> <span class='ocrx_word' id='word_1_738' title='bbox 663 5468 774 5524; x_wconf 85' lang='lat' dir='ltr'><strong>Nec</strong></span> <span class='ocrx_word' id='word_1_739' title='bbox 802 5467 978 5539; x_wconf 88' lang='lat' dir='ltr'><strong>ipsum</strong></span> <span class='ocrx_word' id='word_1_740' title='bbox 1004 5480 1134 5536; x_wconf 88' lang='lat' dir='ltr'><strong>ergo</strong></span> <span class='ocrx_word' id='word_1_741' title='bbox 1172 5463 1315 5518; x_wconf 87' lang='lat' dir='ltr'><strong>Deus</strong></span> <span class='ocrx_word' id='word_1_742' title='bbox 1356 5478 1478 5519; x_wconf 87' lang='lat' dir='ltr'><strong>esse</strong></span> <span class='ocrx_word' id='word_1_743' title='bbox 1520 5462 1687 5518; x_wconf 89' lang='lat' dir='ltr'><strong>voluit</strong></span> <span class='ocrx_word' id='word_1_744' title='bbox 1734 5462 1852 5518; x_wconf 90' lang='lat' dir='ltr'><strong>sine</strong></span> 
     </span>
    </p>
   </div>
   <div class='ocr_carea' id='block_1_83' title="bbox 277 5554 1856 5635">
    <p class='ocr_par' dir='ltr' id='par_1_83' title="bbox 277 5554 1856 5635">
     <span class='ocr_line' id='line_1_83' title="bbox 277 5554 1856 5635; baseline -0.006 -14"><span class='ocrx_word' id='word_1_745' title='bbox 277 5579 375 5621; x_wconf 82' lang='lat' dir='ltr'><strong>sua</strong></span> <span class='ocrx_word' id='word_1_746' title='bbox 398 5563 590 5635; x_wconf 90' lang='lat' dir='ltr'><strong>gratia,</strong></span> <span class='ocrx_word' id='word_1_747' title='bbox 633 5576 790 5632; x_wconf 88' lang='lat' dir='ltr'><strong>quem</strong></span> <span class='ocrx_word' id='word_1_748' title='bbox 828 5558 950 5633; x_wconf 83' lang='lat' dir='ltr'><strong>[al.,</strong></span> <span class='ocrx_word' id='word_1_749' title='bbox 979 5556 1165 5632; x_wconf 90' lang='lat' dir='ltr'><strong>quam]</strong></span> <span class='ocrx_word' id='word_1_750' title='bbox 1211 5556 1431 5627; x_wconf 90' lang='lat' dir='ltr'><strong>reliquit</strong></span> <span class='ocrx_word' id='word_1_751' title='bbox 1456 5556 1510 5612; x_wconf 93' lang='lat' dir='ltr'><strong>in</strong></span> <span class='ocrx_word' id='word_1_752' title='bbox 1535 5554 1652 5625; x_wconf 89' lang='lat' dir='ltr'><strong>ejus</strong></span> <span class='ocrx_word' id='word_1_753' title='bbox 1681 5554 1856 5612; x_wconf 89' lang='lat' dir='ltr'><strong>libero</strong></span> 
     </span>
    </p>
   </div>
   <div class='ocr_carea' id='block_1_84' title="bbox 279 5644 1855 5726">
    <p class='ocr_par' dir='ltr' id='par_1_84' title="bbox 279 5644 1855 5726">
     <span class='ocr_line' id='line_1_84' title="bbox 279 5644 1855 5726; baseline -0.009 -13"><span class='ocrx_word' id='word_1_754' title='bbox 279 5655 525 5724; x_wconf 88' lang='lat' dir='ltr'><strong>arbitrio,</strong></span> <span class='ocrx_word' id='word_1_755' title='bbox 548 5653 801 5726; x_wconf 90' lang='lat' dir='ltr'><strong>quoniam</strong></span> <span class='ocrx_word' id='word_1_756' title='bbox 824 5653 1054 5709; x_wconf 88' lang='lat' dir='ltr'><strong>liberum</strong></span> <span class='ocrx_word' id='word_1_757' title='bbox 1079 5649 1362 5706; x_wconf 85' lang='lat' dir='ltr'><strong>arbitrium</strong></span> <span class='ocrx_word' id='word_1_758' title='bbox 1393 5649 1461 5703; x_wconf 89' lang='lat' dir='ltr'><strong>ad</strong></span> <span class='ocrx_word' id='word_1_759' title='bbox 1484 5647 1687 5703; x_wconf 89' lang='lat' dir='ltr'><strong>malum</strong></span> <span class='ocrx_word' id='word_1_760' title='bbox 1708 5644 1855 5703; x_wconf 80' lang='lat' dir='ltr'><strong>sulli-</strong></span> 
     </span>
    </p>
   </div>
   <div class='ocr_carea' id='block_1_85' title="bbox 280 5735 1852 5814">
    <p class='ocr_par' dir='ltr' id='par_1_85' title="bbox 280 5735 1852 5814">
     <span class='ocr_line' id='line_1_85' title="bbox 280 5735 1852 5814; baseline -0.008 -9"><span class='ocrx_word' id='word_1_761' title='bbox 280 5748 377 5814; x_wconf 89' lang='lat' dir='ltr'><strong>cit,</strong></span> <span class='ocrx_word' id='word_1_762' title='bbox 408 5746 477 5803; x_wconf 88' lang='lat' dir='ltr'><strong>ad</strong></span> <span class='ocrx_word' id='word_1_763' title='bbox 502 5748 702 5803; x_wconf 87' lang='lat' dir='ltr'><strong>bonum</strong></span> <span class='ocrx_word' id='word_1_764' title='bbox 742 5752 925 5800; x_wconf 88' lang='lat' dir='ltr'><strong>autem</strong></span> <span class='ocrx_word' id='word_1_765' title='bbox 948 5757 1136 5814; x_wconf 89' lang='lat' dir='ltr'><strong>parum</strong></span> <span class='ocrx_word' id='word_1_766' title='bbox 1185 5748 1291 5807; x_wconf 91' lang='lat' dir='ltr'><strong>cst,</strong></span> <span class='ocrx_word' id='word_1_767' title='bbox 1324 5738 1428 5796; x_wconf 90' lang='lat' dir='ltr'><strong>nisi</strong></span> <span class='ocrx_word' id='word_1_768' title='bbox 1470 5735 1757 5807; x_wconf 84' lang='lat' dir='ltr'><strong>adjuvetur</strong></span> <span class='ocrx_word' id='word_1_769' title='bbox 1785 5738 1852 5793; x_wconf 89' lang='lat' dir='ltr'><strong>ab</strong></span> 
     </span>
    </p>
   </div>
   <div class='ocr_carea' id='block_1_86' title="bbox 280 5832 1853 5914">
    <p class='ocr_par' dir='ltr' id='par_1_86' title="bbox 280 5832 1853 5914">
     <span class='ocr_line' id='line_1_86' title="bbox 280 5832 1853 5914; baseline -0.01 -10"><span class='ocrx_word' id='word_1_770' title='bbox 280 5842 644 5914; x_wconf 84' lang='lat' dir='ltr'><strong>Omnipoteuti</strong></span> <span class='ocrx_word' id='word_1_771' title='bbox 667 5841 809 5900; x_wconf 88' lang='lat' dir='ltr'><strong>bono</strong></span> <span class='ocrx_word' id='word_1_772' title='bbox 833 5857 845 5894; x_wconf 85' lang='lat'><strong>:</strong></span> <span class='ocrx_word' id='word_1_773' title='bbox 872 5837 1017 5912; x_wconf 89' lang='lat' dir='ltr'><strong>quod</strong></span> <span class='ocrx_word' id='word_1_774' title='bbox 1040 5834 1365 5912; x_wconf 68' lang='lat' dir='ltr'><strong>adiutorium</strong></span> <span class='ocrx_word' id='word_1_775' title='bbox 1395 5833 1441 5892; x_wconf 89' lang='lat' dir='ltr'><strong>si</strong></span> <span class='ocrx_word' id='word_1_776' title='bbox 1464 5835 1625 5893; x_wconf 85' lang='lat' dir='ltr'><strong>homo</strong></span> <span class='ocrx_word' id='word_1_777' title='bbox 1645 5832 1735 5890; x_wconf 83' lang='lat' dir='ltr'><strong>ille</strong></span> <span class='ocrx_word' id='word_1_778' title='bbox 1757 5848 1853 5906; x_wconf 74' lang='lat' dir='ltr'><strong>per</strong></span> 
     </span>
    </p>
   </div>
   <div class='ocr_carea' id='block_1_87' title="bbox 1960 4070 3528 4146">
    <p class='ocr_par' dir='ltr' id='par_1_87' title="bbox 1960 4070 3528 4146">
     <span class='ocr_line' id='line_1_87' title="bbox 1960 4070 3528 4146; baseline -0.004 -14"><span class='ocrx_word' id='word_1_779' title='bbox 1960 4084 2043 4132; x_wconf 90' lang='lat' dir='ltr'><strong>est</strong></span> <span class='ocrx_word' id='word_1_780' title='bbox 2085 4083 2147 4131; x_wconf 93' lang='lat' dir='ltr'><strong>ut</strong></span> <span class='ocrx_word' id='word_1_781' title='bbox 2186 4084 2382 4131; x_wconf 90' lang='lat' dir='ltr'><strong>natura</strong></span> <span class='ocrx_word' id='word_1_782' title='bbox 2425 4074 2639 4146; x_wconf 91' lang='lat' dir='ltr'><strong>generis</strong></span> <span class='ocrx_word' id='word_1_783' title='bbox 2684 4070 2925 4128; x_wconf 88' lang='lat' dir='ltr'><strong>humani.</strong></span> <span class='ocrx_word' id='word_1_784' title='bbox 2980 4071 3051 4127; x_wconf 91' lang='lat' dir='ltr'><strong>Et</strong></span> <span class='ocrx_word' id='word_1_785' title='bbox 3105 4071 3226 4127; x_wconf 87' lang='lat' dir='ltr'><strong>ideo</strong></span> <span class='ocrx_word' id='word_1_786' title='bbox 3277 4071 3366 4126; x_wconf 90' lang='lat' dir='ltr'><strong>ille</strong></span> <span class='ocrx_word' id='word_1_787' title='bbox 3410 4079 3528 4142; x_wconf 88' lang='lat' dir='ltr'><strong>eget</strong></span> 
     </span>
    </p>
   </div>
   <div class='ocr_carea' id='block_1_88' title="bbox 1956 4164 3527 4236">
    <p class='ocr_par' dir='ltr' id='par_1_88' title="bbox 1956 4164 3527 4236">
     <span class='ocr_line' id='line_1_88' title="bbox 1956 4164 3527 4236; baseline -0.004 -12"><span class='ocrx_word' id='word_1_788' title='bbox 1956 4167 2332 4225; x_wconf 87' lang='lat' dir='ltr'><strong>misericordia</strong></span> <span class='ocrx_word' id='word_1_789' title='bbox 2378 4165 2476 4222; x_wconf 89' lang='lat' dir='ltr'><strong>Dei</strong></span> <span class='ocrx_word' id='word_1_790' title='bbox 2508 4180 2577 4221; x_wconf 91' lang='lat' dir='ltr'><strong>ne</strong></span> <span class='ocrx_word' id='word_1_791' title='bbox 2618 4164 2790 4236; x_wconf 88' lang='lat' dir='ltr'><strong>possit</strong></span> <span class='ocrx_word' id='word_1_792' title='bbox 2828 4178 3034 4230; x_wconf 90' lang='lat' dir='ltr'><strong>errare,</strong></span> <span class='ocrx_word' id='word_1_793' title='bbox 3082 4172 3138 4218; x_wconf 91' lang='lat' dir='ltr'><strong>et</strong></span> <span class='ocrx_word' id='word_1_794' title='bbox 3172 4178 3359 4219; x_wconf 86' lang='lat' dir='ltr'><strong>aversa</strong></span> <span class='ocrx_word' id='word_1_795' title='bbox 3404 4178 3436 4217; x_wconf 92' lang='lat' dir='ltr'><strong>a</strong></span> <span class='ocrx_word' id='word_1_796' title='bbox 3469 4178 3527 4218; x_wconf 89' lang='lat' dir='ltr'><strong>se</strong></span> 
     </span>
    </p>
   </div>
   <div class='ocr_carea' id='block_1_89' title="bbox 1952 4253 3525 4332">
    <p class='ocr_par' dir='ltr' id='par_1_89' title="bbox 1952 4253 3525 4332">
     <span class='ocr_line' id='line_1_89' title="bbox 1952 4253 3525 4332; baseline -0.004 -17"><span class='ocrx_word' id='word_1_797' title='bbox 1952 4258 2048 4315; x_wconf 91' lang='lat' dir='ltr'><strong>Dei</strong></span> <span class='ocrx_word' id='word_1_798' title='bbox 2074 4259 2269 4332; x_wconf 88' lang='lat' dir='ltr'><strong>gratia,</strong></span> <span class='ocrx_word' id='word_1_799' title='bbox 2302 4257 2514 4314; x_wconf 89' lang='lat' dir='ltr'><strong>labatur</strong></span> <span class='ocrx_word' id='word_1_800' title='bbox 2542 4256 2597 4311; x_wconf 93' lang='lat' dir='ltr'><strong>in</strong></span> <span class='ocrx_word' id='word_1_801' title='bbox 2620 4256 2833 4312; x_wconf 92' lang='lat' dir='ltr'><strong>vitium.</strong></span> <span class='ocrx_word' id='word_1_802' title='bbox 2871 4253 3044 4311; x_wconf 87' lang='lat' dir='ltr'><strong>Homo</strong></span> <span class='ocrx_word' id='word_1_803' title='bbox 3068 4264 3248 4310; x_wconf 91' lang='lat' dir='ltr'><strong>autem</strong></span> <span class='ocrx_word' id='word_1_804' title='bbox 3277 4254 3380 4310; x_wconf 90' lang='lat' dir='ltr'><strong>etsi</strong></span> <span class='ocrx_word' id='word_1_805' title='bbox 3411 4253 3525 4323; x_wconf 88' lang='lat' dir='ltr'><strong>jam</strong></span> 
     </span>
    </p>
   </div>
   <div class='ocr_carea' id='block_1_90' title="bbox 1952 4345 3528 4423">
    <p class='ocr_par' dir='ltr' id='par_1_90' title="bbox 1952 4345 3528 4423">
     <span class='ocr_line' id='line_1_90' title="bbox 1952 4345 3528 4423; baseline -0.006 -15"><span class='ocrx_word' id='word_1_806' title='bbox 1952 4353 2191 4408; x_wconf 83' lang='lat' dir='ltr'><strong>ﬁrmiore</strong></span> <span class='ocrx_word' id='word_1_807' title='bbox 2211 4351 2576 4423; x_wconf 89' lang='lat' dir='ltr'><strong>propositione</strong></span> <span class='ocrx_word' id='word_1_808' title='bbox 2597 4347 2719 4421; x_wconf 81' lang='lat' dir='ltr'><strong>[al.,</strong></span> <span class='ocrx_word' id='word_1_809' title='bbox 2739 4345 3082 4419; x_wconf 84' lang='lat' dir='ltr'><strong>propositio],</strong></span> <span class='ocrx_word' id='word_1_810' title='bbox 3109 4354 3284 4402; x_wconf 91' lang='lat' dir='ltr'><strong>tamen</strong></span> <span class='ocrx_word' id='word_1_811' title='bbox 3307 4355 3528 4417; x_wconf 82' lang='lat' dir='ltr'><strong>propter</strong></span> 
     </span>
    </p>
   </div>
   <div class='ocr_carea' id='block_1_91' title="bbox 1951 4437 3523 4510">
    <p class='ocr_par' dir='ltr' id='par_1_91' title="bbox 1951 4437 3523 4510">
     <span class='ocr_line' id='line_1_91' title="bbox 1951 4437 3523 4510; baseline -0.007 -9"><span class='ocrx_word' id='word_1_812' title='bbox 1951 4452 2351 4501; x_wconf 81' lang='lat' dir='ltr'><strong>contracturum</strong></span> <span class='ocrx_word' id='word_1_813' title='bbox 2418 4442 2614 4498; x_wconf 89' lang='lat' dir='ltr'><strong>seriem</strong></span> <span class='ocrx_word' id='word_1_814' title='bbox 2678 4450 3026 4510; x_wconf 89' lang='lat' dir='ltr'><strong>peccatorum</strong></span> <span class='ocrx_word' id='word_1_815' title='bbox 3088 4437 3523 4494; x_wconf 86' lang='lat' dir='ltr'><strong>misericordiam</strong></span> 
     </span>
    </p>
   </div>
   <div class='ocr_carea' id='block_1_92' title="bbox 1955 4529 3525 4610">
    <p class='ocr_par' dir='ltr' id='par_1_92' title="bbox 1955 4529 3525 4610">
     <span class='ocr_line' id='line_1_92' title="bbox 1955 4529 3525 4610; baseline -0.006 -17"><span class='ocrx_word' id='word_1_816' title='bbox 1955 4537 2169 4610; x_wconf 69' lang='lat' dir='ltr'><strong>quaerit.</strong></span> <span class='ocrx_word' id='word_1_817' title='bbox 2220 4536 2406 4606; x_wconf 82' lang='lat' dir='ltr'><strong>Itaque</strong></span> <span class='ocrx_word' id='word_1_818' title='bbox 2434 4544 2491 4590; x_wconf 90' lang='lat' dir='ltr'><strong>et</strong></span> <span class='ocrx_word' id='word_1_819' title='bbox 2526 4533 2574 4589; x_wconf 90' lang='lat' dir='ltr'><strong>si</strong></span> <span class='ocrx_word' id='word_1_820' title='bbox 2613 4542 2842 4603; x_wconf 88' lang='lat' dir='ltr'><strong>uterque</strong></span> <span class='ocrx_word' id='word_1_821' title='bbox 2888 4529 3261 4586; x_wconf 88' lang='lat' dir='ltr'><strong>misericordia</strong></span> <span class='ocrx_word' id='word_1_822' title='bbox 3305 4529 3525 4601; x_wconf 89' lang='lat' dir='ltr'><strong>indiget,</strong></span> 
     </span>
    </p>
   </div>
   <div class='ocr_carea' id='block_1_93' title="bbox 1954 4621 3526 4700">
    <p class='ocr_par' dir='ltr' id='par_1_93' title="bbox 1954 4621 3526 4700">
     <span class='ocr_line' id='line_1_93' title="bbox 1954 4621 3526 4700; baseline -0.006 -14"><span class='ocrx_word' id='word_1_823' title='bbox 1954 4631 2113 4687; x_wconf 91' lang='lat' dir='ltr'><strong>aliter</strong></span> <span class='ocrx_word' id='word_1_824' title='bbox 2146 4639 2328 4685; x_wconf 90' lang='lat' dir='ltr'><strong>tamen</strong></span> <span class='ocrx_word' id='word_1_825' title='bbox 2352 4626 2542 4700; x_wconf 90' lang='lat' dir='ltr'><strong>angelo</strong></span> <span class='ocrx_word' id='word_1_826' title='bbox 2566 4623 2961 4689; x_wconf 89' lang='lat' dir='ltr'><strong>misericordia,</strong></span> <span class='ocrx_word' id='word_1_827' title='bbox 3003 4622 3159 4678; x_wconf 90' lang='lat' dir='ltr'><strong>aliter</strong></span> <span class='ocrx_word' id='word_1_828' title='bbox 3186 4621 3390 4678; x_wconf 89' lang='lat' dir='ltr'><strong>homini</strong></span> <span class='ocrx_word' id='word_1_829' title='bbox 3431 4623 3526 4677; x_wconf 82' lang='lat' dir='ltr'><strong>de-</strong></span> 
     </span>
    </p>
   </div>
   <div class='ocr_carea' id='block_1_94' title="bbox 1953 4711 3532 4794">
    <p class='ocr_par' dir='ltr' id='par_1_94' title="bbox 1953 4711 3532 4794">
     <span class='ocr_line' id='line_1_94' title="bbox 1953 4711 3532 4794; baseline -0.007 -16"><span class='ocrx_word' id='word_1_830' title='bbox 1953 4719 2168 4794; x_wconf 89' lang='lat' dir='ltr'><strong>hetur.]</strong></span> <span class='ocrx_word' id='word_1_831' title='bbox 2201 4719 2355 4775; x_wconf 82' lang='lat' dir='ltr'><strong>Hunc</strong></span> <span class='ocrx_word' id='word_1_832' title='bbox 2379 4718 2542 4791; x_wconf 89' lang='lat' dir='ltr'><strong>primi</strong></span> <span class='ocrx_word' id='word_1_833' title='bbox 2582 4715 2818 4773; x_wconf 89' lang='lat' dir='ltr'><strong>hominis</strong></span> <span class='ocrx_word' id='word_1_834' title='bbox 2869 4721 3072 4771; x_wconf 91' lang='lat' dir='ltr'><strong>statum</strong></span> <span class='ocrx_word' id='word_1_835' title='bbox 3109 4713 3281 4769; x_wconf 88' lang='lat' dir='ltr'><strong>libero</strong></span> <span class='ocrx_word' id='word_1_836' title='bbox 3323 4711 3532 4769; x_wconf 87' lang='lat' dir='ltr'><strong>scilicet</strong></span> 
     </span>
    </p>
   </div>
   <div class='ocr_carea' id='block_1_95' title="bbox 1955 4804 3530 4886">
    <p class='ocr_par' dir='ltr' id='par_1_95' title="bbox 1955 4804 3530 4886">
     <span class='ocr_line' id='line_1_95' title="bbox 1955 4804 3530 4886; baseline -0.008 -15"><span class='ocrx_word' id='word_1_837' title='bbox 1955 4815 2182 4873; x_wconf 92' lang='lat' dir='ltr'><strong>arbitrio</strong></span> <span class='ocrx_word' id='word_1_838' title='bbox 2212 4812 2517 4886; x_wconf 63' lang='lat' dir='ltr'><strong>praeditum,</strong></span> <span class='ocrx_word' id='word_1_839' title='bbox 2541 4810 2638 4866; x_wconf 89' lang='lat' dir='ltr'><strong>sed</strong></span> <span class='ocrx_word' id='word_1_840' title='bbox 2683 4809 2864 4866; x_wconf 90' lang='lat' dir='ltr'><strong>divina</strong></span> <span class='ocrx_word' id='word_1_841' title='bbox 2892 4807 3098 4879; x_wconf 87' lang='lat' dir='ltr'><strong>gratia,</strong></span> <span class='ocrx_word' id='word_1_842' title='bbox 3137 4814 3197 4861; x_wconf 89' lang='lat' dir='ltr'><strong>ut</strong></span> <span class='ocrx_word' id='word_1_843' title='bbox 3237 4806 3436 4861; x_wconf 89' lang='lat' dir='ltr'><strong>bonum</strong></span> <span class='ocrx_word' id='word_1_844' title='bbox 3474 4804 3530 4859; x_wconf 91' lang='lat' dir='ltr'><strong>in</strong></span> 
     </span>
    </p>
   </div>
   <div class='ocr_carea' id='block_1_96' title="bbox 1957 4898 3533 4984">
    <p class='ocr_par' dir='ltr' id='par_1_96' title="bbox 1957 4898 3533 4984">
     <span class='ocr_line' id='line_1_96' title="bbox 1957 4898 3533 4984; baseline -0.01 -15"><span class='ocrx_word' id='word_1_845' title='bbox 1957 4929 2064 4984; x_wconf 92' lang='lat' dir='ltr'><strong>quo</strong></span> <span class='ocrx_word' id='word_1_846' title='bbox 2087 4911 2337 4968; x_wconf 88' lang='lat' dir='ltr'><strong>conditus</strong></span> <span class='ocrx_word' id='word_1_847' title='bbox 2363 4909 2543 4964; x_wconf 84' lang='lat' dir='ltr'><strong>fuerat</strong></span> <span class='ocrx_word' id='word_1_848' title='bbox 2577 4903 2784 4963; x_wconf 86' lang='lat' dir='ltr'><strong>servari</strong></span> <span class='ocrx_word' id='word_1_849' title='bbox 2819 4910 3023 4977; x_wconf 90' lang='lat' dir='ltr'><strong>posset,</strong></span> <span class='ocrx_word' id='word_1_850' title='bbox 3052 4900 3294 4970; x_wconf 77' lang='lat' dir='ltr'><strong>adiutum</strong></span> <span class='ocrx_word' id='word_1_851' title='bbox 3335 4898 3533 4957; x_wconf 83' lang='lat' dir='ltr'><strong>beatis-</strong></span> 
     </span>
    </p>
   </div>
   <div class='ocr_carea' id='block_1_97' title="bbox 1951 4987 3531 5070">
    <p class='ocr_par' dir='ltr' id='par_1_97' title="bbox 1951 4987 3531 5070">
     <span class='ocr_line' id='line_1_97' title="bbox 1951 4987 3531 5070; baseline -0.009 -12"><span class='ocrx_word' id='word_1_852' title='bbox 1951 5002 2074 5059; x_wconf 91' lang='lat' dir='ltr'><strong>simi</strong></span> <span class='ocrx_word' id='word_1_853' title='bbox 2099 5001 2291 5057; x_wconf 83' lang='lat' dir='ltr'><strong>Patres</strong></span> <span class='ocrx_word' id='word_1_854' title='bbox 2313 4997 2524 5070; x_wconf 67' lang='lat' dir='ltr'><strong>praafati</strong></span> <span class='ocrx_word' id='word_1_855' title='bbox 2559 4995 2733 5053; x_wconf 90' lang='lat' dir='ltr'><strong>sancti</strong></span> <span class='ocrx_word' id='word_1_856' title='bbox 2757 4993 2994 5050; x_wconf 89' lang='lat' dir='ltr'><strong>doctoris</strong></span> <span class='ocrx_word' id='word_1_857' title='bbox 3017 4990 3338 5048; x_wconf 87' lang='lat' dir='ltr'><strong>sententiam</strong></span> <span class='ocrx_word' id='word_1_858' title='bbox 3361 4987 3531 5046; x_wconf 88' lang='lat' dir='ltr'><strong>secuti</strong></span> 
     </span>
    </p>
   </div>
   <div class='ocr_carea' id='block_1_98' title="bbox 1954 5079 3534 5148">
    <p class='ocr_par' dir='ltr' id='par_1_98' title="bbox 1954 5079 3534 5148">
     <span class='ocr_line' id='line_1_98' title="bbox 1954 5079 3534 5148; baseline -0.01 0"><span class='ocrx_word' id='word_1_859' title='bbox 1954 5090 2249 5148; x_wconf 89' lang='lat' dir='ltr'><strong>venerandi</strong></span> <span class='ocrx_word' id='word_1_860' title='bbox 2277 5086 2492 5145; x_wconf 86' lang='lat' dir='ltr'><strong>concilii</strong></span> <span class='ocrx_word' id='word_1_861' title='bbox 2513 5086 2600 5142; x_wconf 89' lang='lat' dir='ltr'><strong>sui</strong></span> <span class='ocrx_word' id='word_1_862' title='bbox 2619 5083 2948 5141; x_wconf 83' lang='lat' dir='ltr'><strong>auctoritate</strong></span> <span class='ocrx_word' id='word_1_863' title='bbox 2975 5082 3053 5138; x_wconf 91' lang='lat' dir='ltr'><strong>ita</strong></span> <span class='ocrx_word' id='word_1_864' title='bbox 3081 5079 3534 5137; x_wconf 89' lang='lat' dir='ltr'><strong>commendarunt</strong></span> 
     </span>
    </p>
   </div>
   <div class='ocr_carea' id='block_1_99' title="bbox 1957 5167 3533 5255">
    <p class='ocr_par' dir='ltr' id='par_1_99' title="bbox 1957 5167 3533 5255">
     <span class='ocr_line' id='line_1_99' title="bbox 1957 5167 3533 5255; baseline -0.01 -17"><span class='ocrx_word' id='word_1_865' title='bbox 1957 5181 2139 5255; x_wconf 78' lang='lat' dir='ltr'><strong>(Cana.</strong></span> <span class='ocrx_word' id='word_1_866' title='bbox 2164 5179 2434 5245; x_wconf 77' lang='lat' dir='ltr'><strong>Arausic.,</strong></span> <span class='ocrx_word' id='word_1_867' title='bbox 2462 5193 2583 5234; x_wconf 89' lang='lat' dir='ltr'><strong>can.</strong></span> <span class='ocrx_word' id='word_1_868' title='bbox 2629 5175 2720 5247; x_wconf 82' lang='grc'><strong>19)</strong></span> <span class='ocrx_word' id='word_1_869' title='bbox 2744 5192 2759 5230; x_wconf 88' lang='lat'><strong>:</strong></span> <span class='ocrx_word' id='word_1_870' title='bbox 2791 5171 3016 5248; x_wconf 76' lang='lat' dir='ltr'><strong>[Natura</strong></span> <span class='ocrx_word' id='word_1_871' title='bbox 3043 5172 3295 5237; x_wconf 84' lang='lat' dir='ltr'><strong>humana,</strong></span> <span class='ocrx_word' id='word_1_872' title='bbox 3321 5167 3533 5226; x_wconf 89' lang='lat' dir='ltr'><strong>etiamsi</strong></span> 
     </span>
    </p>
   </div>
   <div class='ocr_carea' id='block_1_100' title="bbox 1955 5266 3532 5345">
    <p class='ocr_par' dir='ltr' id='par_1_100' title="bbox 1955 5266 3532 5345">
     <span class='ocr_line' id='line_1_100' title="bbox 1955 5266 3532 5345; baseline -0.008 -14"><span class='ocrx_word' id='word_1_873' title='bbox 1955 5275 2012 5332; x_wconf 92' lang='lat' dir='ltr'><strong>in</strong></span> <span class='ocrx_word' id='word_1_874' title='bbox 2053 5274 2143 5330; x_wconf 89' lang='lat' dir='ltr'><strong>illa</strong></span> <span class='ocrx_word' id='word_1_875' title='bbox 2177 5272 2490 5345; x_wconf 90' lang='lat' dir='ltr'><strong>integritate</strong></span> <span class='ocrx_word' id='word_1_876' title='bbox 2534 5270 2590 5326; x_wconf 91' lang='lat' dir='ltr'><strong>in</strong></span> <span class='ocrx_word' id='word_1_877' title='bbox 2628 5285 2736 5341; x_wconf 92' lang='lat' dir='ltr'><strong>qua</strong></span> <span class='ocrx_word' id='word_1_878' title='bbox 2776 5276 2861 5325; x_wconf 89' lang='lat' dir='ltr'><strong>est</strong></span> <span class='ocrx_word' id='word_1_879' title='bbox 2906 5266 3124 5323; x_wconf 89' lang='lat' dir='ltr'><strong>condita</strong></span> <span class='ocrx_word' id='word_1_880' title='bbox 3166 5271 3532 5337; x_wconf 89' lang='lat' dir='ltr'><strong>permaneret,</strong></span> 
     </span>
    </p>
   </div>
   <div class='ocr_carea' id='block_1_101' title="bbox 1957 5356 3538 5434">
    <p class='ocr_par' dir='ltr' id='par_1_101' title="bbox 1957 5356 3538 5434">
     <span class='ocr_line' id='line_1_101' title="bbox 1957 5356 3538 5434; baseline -0.006 -13"><span class='ocrx_word' id='word_1_881' title='bbox 1957 5365 2106 5422; x_wconf 91' lang='lat' dir='ltr'><strong>nullo</strong></span> <span class='ocrx_word' id='word_1_882' title='bbox 2130 5364 2294 5421; x_wconf 91' lang='lat' dir='ltr'><strong>modo</strong></span> <span class='ocrx_word' id='word_1_883' title='bbox 2322 5363 2559 5434; x_wconf 91' lang='lat' dir='ltr'><strong>seipsam</strong></span> <span class='ocrx_word' id='word_1_884' title='bbox 2581 5359 2843 5418; x_wconf 87' lang='lat' dir='ltr'><strong>Creatore</strong></span> <span class='ocrx_word' id='word_1_885' title='bbox 2863 5374 2961 5415; x_wconf 89' lang='lat' dir='ltr'><strong>suo</strong></span> <span class='ocrx_word' id='word_1_886' title='bbox 2974 5374 3081 5415; x_wconf 89' lang='lat' dir='ltr'><strong>non</strong></span> <span class='ocrx_word' id='word_1_887' title='bbox 3103 5356 3393 5429; x_wconf 88' lang='lat' dir='ltr'><strong>adjuvante</strong></span> <span class='ocrx_word' id='word_1_888' title='bbox 3421 5370 3538 5412; x_wconf 84' lang='lat' dir='ltr'><strong>ser-</strong></span> 
     </span>
    </p>
   </div>
   <div class='ocr_carea' id='block_1_102' title="bbox 1963 5449 3537 5524">
    <p class='ocr_par' dir='ltr' id='par_1_102' title="bbox 1963 5449 3537 5524">
     <span class='ocr_line' id='line_1_102' title="bbox 1963 5449 3537 5524; baseline -0.008 -11"><span class='ocrx_word' id='word_1_889' title='bbox 1963 5466 2156 5515; x_wconf 87' lang='lat' dir='ltr'><strong>varet:</strong></span> <span class='ocrx_word' id='word_1_890' title='bbox 2191 5455 2333 5512; x_wconf 90' lang='lat' dir='ltr'><strong>unde</strong></span> <span class='ocrx_word' id='word_1_891' title='bbox 2355 5470 2479 5510; x_wconf 93' lang='lat' dir='ltr'><strong>cum</strong></span> <span class='ocrx_word' id='word_1_892' title='bbox 2507 5453 2625 5510; x_wconf 91' lang='lat' dir='ltr'><strong>sine</strong></span> <span class='ocrx_word' id='word_1_893' title='bbox 2644 5451 2742 5509; x_wconf 92' lang='lat' dir='ltr'><strong>Dei</strong></span> <span class='ocrx_word' id='word_1_894' title='bbox 2779 5450 2956 5524; x_wconf 86' lang='lat' dir='ltr'><strong>gratia</strong></span> <span class='ocrx_word' id='word_1_895' title='bbox 2994 5449 3223 5506; x_wconf 90' lang='lat' dir='ltr'><strong>salutem</strong></span> <span class='ocrx_word' id='word_1_896' title='bbox 3265 5463 3370 5503; x_wconf 91' lang='lat' dir='ltr'><strong>non</strong></span> <span class='ocrx_word' id='word_1_897' title='bbox 3413 5461 3537 5516; x_wconf 79' lang='lat' dir='ltr'><strong>pos-</strong></span> 
     </span>
    </p>
   </div>
   <div class='ocr_carea' id='block_1_103' title="bbox 1964 5538 3537 5619">
    <p class='ocr_par' dir='ltr' id='par_1_103' title="bbox 1964 5538 3537 5619">
     <span class='ocr_line' id='line_1_103' title="bbox 1964 5538 3537 5619; baseline -0.011 -10"><span class='ocrx_word' id='word_1_898' title='bbox 1964 5560 2048 5610; x_wconf 88' lang='lat' dir='ltr'><strong>set</strong></span> <span class='ocrx_word' id='word_1_899' title='bbox 2081 5550 2353 5608; x_wconf 87' lang='lat' dir='ltr'><strong>custodire</strong></span> <span class='ocrx_word' id='word_1_900' title='bbox 2389 5563 2555 5619; x_wconf 89' lang='lat' dir='ltr'><strong>quam</strong></span> <span class='ocrx_word' id='word_1_901' title='bbox 2581 5545 2811 5618; x_wconf 89' lang='lat' dir='ltr'><strong>accepit,</strong></span> <span class='ocrx_word' id='word_1_902' title='bbox 2840 5543 3108 5616; x_wconf 91' lang='lat' dir='ltr'><strong>quomodo</strong></span> <span class='ocrx_word' id='word_1_903' title='bbox 3145 5541 3263 5597; x_wconf 91' lang='lat' dir='ltr'><strong>sine</strong></span> <span class='ocrx_word' id='word_1_904' title='bbox 3289 5538 3385 5594; x_wconf 91' lang='lat' dir='ltr'><strong>Dei</strong></span> <span class='ocrx_word' id='word_1_905' title='bbox 3413 5553 3537 5609; x_wconf 83' lang='lat' dir='ltr'><strong>gra-</strong></span> 
     </span>
    </p>
   </div>
   <div class='ocr_carea' id='block_1_104' title="bbox 1965 5629 3537 5717">
    <p class='ocr_par' dir='ltr' id='par_1_104' title="bbox 1965 5629 3537 5717">
     <span class='ocr_line' id='line_1_104' title="bbox 1965 5629 3537 5717; baseline -0.009 -17"><span class='ocrx_word' id='word_1_906' title='bbox 1965 5644 2040 5701; x_wconf 90' lang='lat' dir='ltr'><strong>tia</strong></span> <span class='ocrx_word' id='word_1_907' title='bbox 2077 5644 2277 5717; x_wconf 88' lang='lat' dir='ltr'><strong>poterit</strong></span> <span class='ocrx_word' id='word_1_908' title='bbox 2316 5655 2575 5713; x_wconf 88' lang='lat' dir='ltr'><strong>reparare</strong></span> <span class='ocrx_word' id='word_1_909' title='bbox 2610 5639 2773 5711; x_wconf 66' lang='lat' dir='ltr'><strong>quod,</strong></span> <span class='ocrx_word' id='word_1_910' title='bbox 2800 5636 3035 5711; x_wconf 88' lang='lat' dir='ltr'><strong>perdidit</strong></span> <span class='ocrx_word' id='word_1_911' title='bbox 3050 5633 3096 5708; x_wconf 72' lang='lat'><strong>7]</strong></span> <span class='ocrx_word' id='word_1_912' title='bbox 3134 5632 3230 5688; x_wconf 81' lang='lat' dir='ltr'><strong>His</strong></span> <span class='ocrx_word' id='word_1_913' title='bbox 3265 5632 3442 5702; x_wconf 85' lang='lat' dir='ltr'><strong>itaque</strong></span> <span class='ocrx_word' id='word_1_914' title='bbox 3472 5629 3537 5686; x_wconf 86' lang='lat' dir='ltr'><strong>de</strong></span> 
     </span>
    </p>
   </div>
   <div class='ocr_carea' id='block_1_105' title="bbox 1962 5723 3537 5810">
    <p class='ocr_par' dir='ltr' id='par_1_105' title="bbox 1962 5723 3537 5810">
     <span class='ocr_line' id='line_1_105' title="bbox 1962 5723 3537 5810; baseline -0.012 -15"><span class='ocrx_word' id='word_1_915' title='bbox 1962 5739 2137 5810; x_wconf 88' lang='lat' dir='ltr'><strong>prima</strong></span> <span class='ocrx_word' id='word_1_916' title='bbox 2164 5735 2461 5808; x_wconf 81' lang='lat' dir='ltr'><strong>quaestione</strong></span> <span class='ocrx_word' id='word_1_917' title='bbox 2513 5733 2753 5790; x_wconf 88' lang='lat' dir='ltr'><strong>breviter</strong></span> <span class='ocrx_word' id='word_1_918' title='bbox 2800 5730 3092 5794; x_wconf 86' lang='lat' dir='ltr'><strong>adnotatis,</strong></span> <span class='ocrx_word' id='word_1_919' title='bbox 3136 5723 3381 5797; x_wconf 88' lang='lat' dir='ltr'><strong>quisquis</strong></span> <span class='ocrx_word' id='word_1_920' title='bbox 3428 5723 3537 5779; x_wconf 85' lang='lat' dir='ltr'><strong>sin-</strong></span> 
     </span>
    </p>
   </div>
   <div class='ocr_carea' id='block_1_106' title="bbox 1964 5814 3531 5898">
    <p class='ocr_par' dir='ltr' id='par_1_106' title="bbox 1964 5814 3531 5898">
     <span class='ocr_line' id='line_1_106' title="bbox 1964 5814 3531 5898; baseline -0.015 -10"><span class='ocrx_word' id='word_1_921' title='bbox 1964 5845 2107 5896; x_wconf 82' lang='lat' dir='ltr'><strong>cere,</strong></span> <span class='ocrx_word' id='word_1_922' title='bbox 2145 5840 2199 5884; x_wconf 85' lang='lat' dir='ltr'><strong>et</strong></span> <span class='ocrx_word' id='word_1_923' title='bbox 2244 5844 2397 5898; x_wconf 87' lang='lat' dir='ltr'><strong>pure,</strong></span> <span class='ocrx_word' id='word_1_924' title='bbox 2432 5836 2484 5885; x_wconf 91' lang='lat' dir='ltr'><strong>et</strong></span> <span class='ocrx_word' id='word_1_925' title='bbox 2519 5823 2783 5897; x_wconf 82' lang='lat' dir='ltr'><strong>catholice</strong></span> <span class='ocrx_word' id='word_1_926' title='bbox 2832 5825 2895 5879; x_wconf 86' lang='lat' dir='ltr'><strong>de</strong></span> <span class='ocrx_word' id='word_1_927' title='bbox 2947 5820 3031 5877; x_wconf 83' lang='lat' dir='ltr'><strong>illa</strong></span> <span class='ocrx_word' id='word_1_928' title='bbox 3078 5819 3235 5891; x_wconf 84' lang='lat' dir='ltr'><strong>primi</strong></span> <span class='ocrx_word' id='word_1_929' title='bbox 3281 5814 3531 5877; x_wconf 70' lang='lat' dir='ltr'><strong>inmunis,</strong></span> 
     </span>
    </p>
   </div>
  </div>
