3966 6334
628 348 762 426 1091

1590 360 1680 439 .s
1717 362 1982 444 auten
2012 364 2506 455 LUGWENSIS
2541 372 2855 463 εωδςοιξι
2894 416 2911 467 ;

3676 414 3774 477 i082

566 518 567 521 η
606 470 740 539 sive
756 460 1781 559 angelicaconditionevel;beatitudine
1806 484 2008 555 sentire
2030 484 2199 561 cupit,
2227 485 2406 571 albus
2424 491 2662 562 geminis
2708 493 2866 554 Isaac
2890 508 2949 556 et
2990 499 3250 563 Rebeccae
3292 509 3363 565 ita
3405 513 3596 575 dicens:
3641 526 3770 591 «Cum

622 565 863 591 num,“
919 565 1147 591 mh...“
1195 568 1420 591 A..__,___,_
1685 575 1718 591 ..
1763 584 1803 591 .,
1998 585 2031 591 ..
2129 579 2140 591 .
2184 585 2194 591 .
2378 578 2389 589 .
2614 582 2627 591 -
2849 589 2855 591 Α

2102 552 2118 555 “
2174 556 2183 561 ‘
2322 558 2323 563 η
2424 552 2459 562 ‘v
2846 552 2861 554 '
2900 552 2946 556 "
2991 552 3249 563 —""'"“"
3292 552 3363 565 "‘-
3405 552 3596 575 “IWUO.
3641 552 3655 575 Ι

606 552 885 630 ,ξιιθηιιειί
919 565 1147 624 ﬁdeliter
1189 568 1424 626 divinam
1492 552 1893 642 auctoritatem,
1920 644 1927 649 _
1958 579 2202 635 attendat
2244 566 2251 571 ’
2304 578 2447 634 enim
2491 582 2723 665 necdum
2748 589 2860 663 nati
2896 604 3103 663 essent,
3131 602 3226 654 aut
3261 601 3455 674 aliquid
3484 552 3769 682 egimtuﬁ

624 653 959 682 l‘..l..l:....:..-..-
985 657 1233 682 D-nl-_:»
1265 662 1306 682 τι
1347 672 1359 682 .
1406 680 1419 682 _
1501 667 1527 682 ιι
1554 667 1565 682 ι
1605 667 1635 682 ι.
1702 670 1713 680 .
1860 671 1889 682 ..
2006 680 2011 682 Α
2102 681 2105 682 ,
2530 676 2540 682 .
2668 679 2676 682 .
2700 678 2709 682 -

620 653 962 721 ﬁdelissimos
984 648 1238 717 Ecclesiae
1263 662 1455 721 Patres
1496 667 1808 725 ﬁdelissime
1839 648 2199 742 disputantes,

610 748 861 813 attendat
900 750 1063 819 etiam
1103 742 1349 811 conciliis
1377 759 1683 830 aggregatis
1724 761 1957 834 idipsum
1999 764 2198 822 ﬁrmiso

604 837 753 906 sime
776 828 1123 912 deﬁnientes;
1153 855 1212 907 et.
1252 863 1358 903 non
1382 828 1818 922 juixta‘impium'
1852 832 2197 927 Pelagianum

612 931 800 987 credat
827 935 1062 1003 primum
1103 939 1377 997 hominem
1423 943 1541 1000 solo
1570 960 1669 1000 suo
1696 946 1928 1004 arbitrio
1972 967 2025 1005 tn
2054 951 2195 1007 bono

610 1025 753 1094 quod
775 1038 1057 1099 acceperat
1080 1046 1398 1101 permanere
1418 1036 1660 1104 potuisse
1674 1079 1691 1103 ,
1715 1040 1807 1094 sed
1830 1041 1993 1096 etiam
2018 1042 2193 1112 ipsum

600 1115 847 1184 quandiu
891 1119 1042 1175 stetit
1089 1121 1271 1178 divina
1325 1126 1497 1196 gratia
1540 1128 1783 1198 adjutum
1830 1129 2032 1197 fuisse;
2088 1149 2192 1193 nec

602 1211 1030 1280 omnipotentem
1068 1213 1260 1281 Deum,
1305 1224 1364 1271 ut
1405 1216 1548 1274 idem
1590 1221 1750 1277 homo
1796 1221 1849 1277 in
1899 1224 2190 1280 sanctitate

586 1303 660 1364 ,οι
699 1297 910 1368 justitia
961 1315 1305 1372 permaneret
1356 1311 1735 1368 tantummodo
1781 1313 2042 1384 voluisse,
2090 1316 2188 1375 sed

598 1397 662 1445 ut
681 1405 1004 1463 permanere
1030 1398 1204 1468 possit
1234 1400 1400 1456 etiam
1424 1401 1750 1472 adiutorium
1777 1406 2013 1465 dedisse.

1213 1551 1443 1612 CAPUT
1476 1554 1567 1611 IV.

589 1640 735 1718 item
770 1661 835 1718 de
869 1664 1040 1736 primo
1066 1667 1317 1738 capitulo.
1357 1700 1426 1711 —
1466 1669 1869 1756 Prwdestinatio
1897 1672 2181 1733 electorum

964 1754 1067 1793 non
1109 1749 1185 1794 est
1225 1757 1289 1795 ea:
1325 1749 1558 1812 prwtvist’s
1603 1749 1821 1799 meritis.

2302 688 2430 727 num
2461 676 2545 730 vel
2566 678 2793 749 malum,
2826 696 2886 755 ut
2928 684 3226 763 secundum
3248 676 3559 757 'electionein

2286 771 2413 839 tum
2446 766 2538 824 Dei
2566 785 2809 831 maneret
2836 793 2947 851 non
2973 796 3041 838 ex
3083 787 3359 857 operibus,
3396 794 3480 863 sed
3523 766 3768 869 δι’πῶέᾷ

2300 858 2500 916 dictum
2551 873 2671 921 est:
2705 867 2879 942 Major
2907 876 3111 934 serviet
3155 881 3371 949 minori,
3419 889 3547 945 sicut
3585 900 3765 970 scriptum

2296 959 2427 1060 est:-
2470 952 2638 1013 Jacob
2670 959 2854 1026 dilexi,
2903 964 3048 1022 Esau
3094 979 3276 1029 autem
3320 978 3437 1034 odio
3479 982 3614 1041 habui
3645 952 3762 1060 (ita;

2297 1056 2372 1143 LX,
2406 1043 2493 1111 lu,
2543 1049 2694 1119 etc.).
2734 1070 2753 1104 ›
2792 1052 3094 1143 μΜειηὶΐθειθ
3138 1064 3284 1121 enim
3316 1067 3414 1126 hoc
3448 1073 3605 1132 odium

2293 1130 2433 1188 Esau
2468 1152 2533 1191 ex
2560 1141 2755 1198 nterito
2780 1140 2882 1199 fuit
2914 1150 3197 1221 originalis
3225 1163 3466 1229 peccati;
3501 1166 3572 1220 illa
3598 1178 3763 1234 vet-odi-

2290 1221 2452 1281 lectio
2478 1225 2575 1281 Dei
2604 1229 2658 1284 in
2686 1229 2882 1304 Iacob,
2925 1254 3049 1295 cum
3072 1244 3259 1301 eodem
3287 1250 3617 1315 damnationis
3635 1268 3763 1324 merito

2293 1324 2568 1376 teneretur
2588 1324 2881 1398 obligatus,
2930 1348 2999 1388 ex
3054 1337 3166 1393 sola
3212 1345 3440 1412 gratuita
3487 1352 3759 1417 misericordia

2288 1407 2518 1521 castitit,
2552 1413 2695 1471 sicut
2748 1418 2892 1477 idem
2937 1407 3240 1495 Apostolus
3287 1438 3528 1495 continuo
3571 1407 3760 1521 subiungit

2204 1503 2220 1513 ‘
2288 1497 2512 1608 dicens:
2547 1524 2567 1557 ‹
2623 1506 2761 1576 Quid
2810 1528 2942 1587 ergo
2985 1518 3264 1579 dicemus?
3312 1497 3761 1608 Nunquid

2285 1592 2425 1688 apud
2451 1592 2660 1654 Deum?
2683 1601 2870 1673 Absit;
2901 1607 3066 1682 Moysi
3090 1615 3235 1670 enim
3264 1618 3422 1675 dicit:
3447 1592 3758 1688 miserebor

2285 1685 2540 1747 misertus
2563 1708 2680 1763 ero,
2718 1706 2774 1753 et
2814 1702 3245 1765 misericordiam
3275 1719 3527 1782 praestabo
3568 1722 3682 1791 cujus
3702 1728 3759 1782 mi-

2286 1780 2510 1888 serebor
2555 1785 2730 1857 (Rom.
2770 1808 2848 1861 ιι,
2884 1796 2969 1864 id,
3005 1811 3054 1855 et
3094 1802 3203 1876 l5).
3246 1780 3443 1866 {Hanc
3481 1780 3758 1888 νυκτεγειῆ

659 1848 791 1909 Post
813 1853 929 1909 haec
949 1853 1291 1926 subjungitur
1310 1858 1364 1912 in
1384 1858 1500 1930 jam
1525 1859 1671 1916 dicto
1698 1862 1875 1932 primo
1900 1865 2136 1936 capitulo
2163 1885 2177 1922 :
2208 1853 2259 1916 B
2286 1879 2341 1927 ei,
2365 1848 2571 1934 ηυυίυέ
2597 1883 2776 1940 merui
2822 1848 3142 1949 έιθείίοηριη
3161 1848 3180 1876 ¹
3193 1898 3360 1955 “iam
3397 1848 3757 1968 ’ξαξιῖίξοῗέἓζ

670 1962 686 1968 -
723 1942 888 1968 “An..-
938 1944 1101 1968 121.....Δ
1133 1948 1318 1968 ,ηιξιηο
1340 1966 1347 1968 .
1481 1951 1513 1968 ΙΔ
1596 1963 1603 1968 .
1947 1958 1957 1968 ο
2376 1964 2405 1968 ,γ

582 2004 587 2009 _
665 1962 686 1996 ‹
719 1942 892 2000 Homo
936 1944 1107 2003 libero
1128 1948 1358 2006 arbitrio
1386 1951 1526 2007 male
1554 1963 1711 2010 utens
1740 1958 1985 2026 peccavit
2010 1969 2065 2014 et
2089 1977 2177 2016 ce-

589 2035 738 2101 cidit,
769 2046 825 2090 et
848 2036 1024 2094 factus
1064 2048 1148 2095 est
1177 2058 1355 2097 massa
1383 2046 1704 2115 perditionis
1751 2050 1915 2105 totius
1960 2053 2176 2120 generis

594 2123 841 2180 humani.
873 2126 1017 2183 Deus
1059 2141 1242 2187 autem
1274 2135 1449 2190 bonus
1476 2146 1533 2191 et
1569 2137 1746 2222 justus
1774 2141 1939 2215 elegit
1972 2159 2039 2198 ex
2088 2160 2176 2201 ea-

589 2216 714 2272 dem
770 2234 947 2274 massa
1002 2223 1362 2294 perditionis,
1411 2216 1729 2285 secundum'
1769 2236 2171 2304 pra-scientiam

582 2321 762 2374 suam,
791 2326 926 2380 quos
965 2327 1062 2383 per
1085 2316 1313 2386 gratiam
1355 2320 1758 2389 praedestinavit
1801 2327 1868 2380 ad
1901 2328 2091 2397 vitam,
2116 2340 2172 2387 et

581 2397 746 2454 vitam
786 2399 891 2456 illis
918 2404 1327 2474 praedestinavit
1355 2418 1637 2467 aeternam.
1676 2433 1696 2466 ι
1730 2408 1794 2470 1η
1826 2418 2021 2488 quibus
2046 2435 2171 2476 ver-

578 2490 664 2549 bis
710 2488 854 2565 qu'od
893 2497 1096 2553 dictum
1146 2510 1230 2556 est
1260 2502 1328 2557 de
1367 2503 1479 2559 Deo
1529 2506 1671 2563 bono
1718 2519 1775 2565 et
1815 2511 1986 2583 justo,
2041 2516 2169 2587 quia

583 2601 602 2635 ι
634 2583 796 2656 elegit
819 2604 885 2644 ex
913 2591 1103 2647 eadem
1139 2609 1319 2650 massa
1347 2596 1670 2669 perditionis
1702 2607 1996 2661 secundum
2027 2622 2169 2678 prac-

574 2677 860 2737 scientiatn
912 2698 1111 2754 suam,
1163 2702 1299 2757 quos
1336 2706 1435 2761 pcr
1479 2693 1711 2763 gratiam
1760 2698 2165 2766 praedestinavit

572 2770 643 2827 ad
673 2772 861 2840 vitam,
912 2794 933 2828 ι
981 2778 1274 2849 probamus
1321 2781 1540 2851 quidem
1590 2772 1734 2856 quod
1785 2788 1988 2844 electos
2035 2806 2164 2847 suos

571 2858 914 2936 omnipotens
959 2866 1103 2925 Deus
1141 2886 1240 2943 per
1283 2874 1514 2944 gratiam
1555 2892 1710 2932 suam
1757 2881 2162 2949 praedestinavit

546 2956 638 3025 -ad
666 2957 854 3028 vitam,
897 2970 952 3016 et
976 2963 1140 3017 vitam
1174 2964 1280 3022 illis
1321 2969 1727 3038 praedestinavit
1771 2984 2053 3042 aeternam,
2102 2987 2162 3037 ut

566 3054 623 3102 et
651 3048 753 3118 ipsi
784 3049 908 3105 vita:
940 3061 1182 3121 aeternae,
1221 3066 1277 3110 et
1300 3057 1410 3113 vita
1445 3066 1648 3117 aeterna
1674 3063 1804 3132 ipsis
1848 3066 1921 3120 sit
1943 3068 2158 3138 praede-

564 3139 806 3207 stinata?
844 3141 1145 3215 Utrumque
1168 3146 1316 3202 enim
1358 3159 1445 3206 est
1485 3166 1671 3207 verum
1715 3164 1770 3209 et
1808 3152 2045 3213 dilucide
2083 3159 2153 3215 ab

2281 1964 2526 2025 scribens
2569 1972 2644 2028 ita
2710 1977 2966 2036 inculcat.
3023 2002 3042 2036 ι
3081 1985 3190 2043 Sed
3245 1992 3508 2051 collabora
3553 1964 3755 2073 Evangelii

2279 2063 2576 2120 secundum
2607 2068 2862 2128 virtutem
2888 2074 3006 2143 Dei,
3037 2080 3127 2149 qui
3158 2098 3260 2140 nos
3298 2085 3532 2144 liberavit
3552 2100 3598 2146 et
3617 2063 3756 2150 vocarit

2277 2156 2560 2215 vocatione
2596 2174 2804 2231 sancta,
2831 2182 2937 2223 non
2967 2174 3266 2231 secundum
3312 2193 3469 2249 opera
3505 2193 3669 2251 nostra,
3697 2186 3753 2241 sed

2260 2254 2572 2311 secundum
2600 2261 2934 2330 propositum
2978 2283 3137 2323 suum
3186 2279 3238 2326 et
3279 2276 3516 2344 gratiam,
3542 2294 3640 2348 quae
3675 2281 3751 2335 data

2274 2354 2359 2400 est
2388 2346 2541 2403 nobis
2586 2349 2641 2405 in
2692 2351 2908 2412 Christo
2954 2356 3080 2429 Jesp
3131 2375 3262 2417 ante
3290 2375 3514 2437 tempora
3536 2346 3750 2427 saecularia.

2256 2435 2294 2507 .(
2322 2434 2385 2490 ΙΙ
2428 2434 2561 2494 Tim.
2595 2457 2636 2507 ι,
2664 2442 2721 2509 8,
2746 2445 2823 2517 9).
2855 2465 2875 2500 ι
2901 2447 3019 2513 Non
3044 2452 3230 2523 itaque
3259 2434 3535 2515 secundum
3557 2465 3752 2532 pnescien-

2273 2529 2404 2585 tiam
2438 2535 2754 2595 meritorum
2791 2541 2956 2614 elegit
3000 2546 3145 2605 Deus
3178 2567 3249 2607 ex
3298 2570 3466 2613 massa
3502 2529 3747 2629 perditionis,

2253 2637 2408 2692 .qaos
2448 2623 2655 2684 faceret
2705 2630 2848 2689 ﬁlios
2905 2637 3250 2710 adoptionis;
3309 2648 3401 2701 sed
3454 2623 3602 2719 gratis
3627 2623 3747 2721 elegit,

2267 2730 2406 2811 quos
2426 2719 2495 2774 ab
2537 2721 2625 2776 illa
2668 2725 2815 2795 justa
2864 2731 3214 2794 damnatione
3268 2742 3538 2811 aequaliter

2376 2809 2407 2821 ο,
2537 2814 2543 2821 ι

2863 2970 3090 3038 CAPUT
3138 2984 3200 3041 v.

2260 3094 2556 3189 Decede»:
2598 3105 2849 3189 capitulo.
2880 3140 2952 3151 —
2979 3111 3209 3183 Reprobi
3265 3121 3590 3189 pra'destinali
3627 3125 3740 3179 adis-

2317 3178 2527 3265 terttum
2546 3186 2661 3265 post
2675 3182 2954 3260 pra’tjisum
2980 3178 3274 3265 peccatum:
3291 3193 3541 3265 -τέυὲιείηα
3550 3178 3740 3265 proscin-

562 3230 821 3301 Apostolo
865 3235 1135 3305 positum;
1167 3237 1247 3292 ait
1292 3255 1526 3313 namque
1569 3245 1635 3299 de
1672 3247 2146 3316 praedestinatione

2547 3230 2559 3245 Ι
2675 3230 2688 3247 1
2746 3230 2752 3232 .
2793 3230 2952 3236 ---..--v
3017 3230 3274 3245 'vvwonu-u.
3328 3230 3539 3248 "ulth
3581 3230 3622 3249 ΙΙΙ
3636 3230 3735 3249 δικη-

2309 3241 2383 3295 tia
2398 3253 2443 3295 et
2458 3247 2847 3314 prwdestinutio
2866 3230 3121 3339 tientinem
3137 3263 3445 3332 compellunt
3460 3266 3522 3319 ad
3531 3230 3735 3337 piaclum.

563 3321 864 3401 electorum
896 3327 962 3382 ad
1001 3328 1167 3385 vitam
1207 3348 1221 3386 :
1266 3350 1284 3384 ι
1334 3334 1481 3400 Quos
1528 3346 1706 3392 autem
1743 3343 2152 3409 praedestinavit

560 3414 662 3485 bos
683 3425 738 3472 et
768 3419 1008 3487 vocavit;
1033 3429 1088 3475 et
1119 3437 1257 3494 quos
1296 3425 1527 3495 vocavit,
1558 3425 1656 3484 bos
1692 3438 1748 3484 et
1779 3429 2104 3501 justiticavit

560 3525 698 3582 quos
731 3524 914 3570 autem
954 3515 1295 3588 justiiicavit,
1339 3521 1459 3578 illos
1485 3532 1539 3578 et
1561 3527 1928 3598 magniﬁcavit
1970 3529 2127 3602 (Rom

559 3619 688 3672 vt-u,
714 3606 830 3679 30).
862 3629 881 3660 ι
913 3610 983 3666 Ει
1007 3614 1151 3684 quod
1196 3615 1397 3671 eisdem
1446 3618 1634 3676 electis
1676 3623 1843 3677 vitam
1882 3634 2147 3683 aeternam

552 3698 1052 3771 praedestinaverit,
1083 3704 1160 3760 ita
1208 3707 1314 3763 alio
1344 3708 1466 3767 loco
1494 3712 1663 3767 dicit:
1700 3732 1719 3764 ι
1748 3714 1809 3769 In
1839 3732 1989 3788 spem
2021 3719 2146 3779 vitae

551 3801 788 3862 aternaa,
816 3810 979 3865 quam
1000 3800 1267 3869 promisit,
1297 3804 1388 3872 qui
1412 3820 1520 3862 non
1537 3809 1820 3879 mentitur,
1844 3812 1991 3871 Deus
2012 3823 2144 3874 ante

553 3892 798 3957 tempora
823 3898 1031 3949 acterna
1057 3892 1190 3964 (Tit.
1232 3911 1282 3962 ι,
1310 3896 1391 3969 2).
1441 3919 1461 3953 ι

620 3974 732 4035 Sed
775 3980 880 4036 hoc
927 3998 1024 4039 nos
1052 3997 1233 4047 movet
1286 4005 1388 4047 cur
1422 3992 1476 4046 in
1507 3993 1611 4049 bac
1645 3995 1985 4067 deﬁnitione,
2027 4017 2135 4073 qua

546 4081 649 4142 per
679 4074 908 4140 gratiam
933 4072 1031 4129 Dei
1071 4084 1129 4131 et
1153 4077 1312 4135 electi
1339 4082 1408 4137 ad
1438 4085 1603 4140 vitam
1631 4097 1915 4158 aeternam,
1942 4102 1998 4149 et
2026 4072 2139 4152 vita

547 4167 753 4216 eterna
790 4163 981 4219 iisdem
1021 4167 1210 4227 electis
1250 4175 1487 4231 creditur
1514 4192 1842 4250 praeparata,
1871 4185 2017 4254 ipsos
2048 4196 2135 4244 ta-

545 4267 670 4309 men
708 4251 911 4312 electos
949 4258 1157 4330 absque
1200 4262 1307 4319 ulla
1355 4251 2110 4348 commemorationegratiae

541 4346 839 4402 secundum
860 4351 1260 4418 praeseientiam
1304 4372 1459 4413 suam
1508 4362 1652 4419 Deus
1702 4346 1943 4439 elegisse:
1978 4371 2102 4427 dica

540 4444 658 4505 tur;
699 4441 855 4510 quasi
884 4444 1061 4511 gratia
1088 4445 1161 4502 sit
1181 4451 1325 4518 quod
1346 4450 1502 4508 elueti
1528 4459 1849 4525 perveniunt
1877 4463 1945 4518 ad
1963 4464 2130 4523 vitam

537 4534 749 4604 gratim,
779 4538 922 4607 quod
946 4541 1053 4596 vita
1089 4553 1293 4602 aeterna
1324 4548 1431 4606 illis
1466 4562 1550 4607 est
1576 4567 1915 4627 praeparata;
1950 4572 2008 4618 ut
2036 4580 2128 4620 au-

539 4635 647 4683 tem
684 4629 1015 4702 eligerentur
1064 4654 1170 4693 non
1225 4640 1393 4698 fuisse
1439 4648 1690 4717 gratiam,
1735 4655 1831 4709 sed
1884 4664 2121 4715 tantum-

534 4723 694 4777 modo
714 4727 1133 4794 praescieutiam.
1166 4733 1319 4801 Quod
1345 4741 1635 4799 manifeste
1674 4750 2008 4806 contrarium
2035 4763 2121 4811 est

529 4814 814 4872 catholicae
841 4817 986 4888 ﬁdei,
1014 4825 1141 4894 quia
1190 4829 1535 4898 omnipotens
1568 4835 1708 4893 Deus
1759 4841 1813 4894 in
1853 4842 2121 4903 electione

530 4918 719 4961 eorum
749 4923 886 4978 quos
913 4914 1317 4982 praedestinavit
1344 4930 1400 4976 et
1425 4927 1638 4982 vocavit
1661 4930 1730 4984 ad
1766 4932 1932 4989 vitam
1959 4947 2119 4993 aeter—

528 5009 680 5063 nam,
725 5015 831 5055 non
874 5016 1063 5059 eorum
1109 5007 1249 5065 bona
1298 5016 1489 5071 merita
1533 5024 1823 5090 praescivit,
1858 5035 2115 5099 tanquam

528 5087 654 5144 ideo
693 5104 787 5146 eos
814 5093 1088 5167 elegisset,
1124 5104 1250 5172 quia
1289 5122 1359 5162 ex
1404 5115 1718 5185 semetipsis
1754 5087 1927 5177 bonos
1960 5087 2111 5180 iutu;

530 5197 622 5239 ros
646 5193 959 5256 praesciret:
1003 5202 1097 5257 sed
1125 5203 1238 5274 ipsa
1264 5208 1478 5279 electio,
1525 5222 1583 5268 ut
1614 5231 1681 5271 ex
1730 5234 1907 5277 massa
1930 5226 2111 5295 perdi-

518 5278 697 5337 sionis
741 5299 870 5343 vasa
913 5291 1298 5356 misericordiae
1343 5304 1537 5362 ﬁerent
1566 5310 1769 5384 absque
1814 5278 2110 5380 ullo‘bouo

769 5379 882 5472 sola
910 5389 1081 5455 gratia
1128 5390 1247 5460 fuit,
1298 5411 1394 5467 per
1435 5414 1597 5471 quam
1646 5374 1865 5467 discreti
1914 5426 2038 5471 sunt
2072 5433 2104 5472 a

523 5462 652 5566 ﬁliis
685 5471 1002 5539 perditionis
1043 5492 1098 5537 et
1135 5462 1375 5559 adoptati
1419 5462 1473 5548 ίιὶ
1510 5496 1649 5554 ﬁlios
1676 5462 1798 5558 vitae
1832 5514 1890 5561 et
1930 5522 2111 5566 resur-

523 5560 795 5622 rectionis.
838 5567 988 5629 Hanc
1010 5590 1247 5650 namque
1271 5584 1592 5646 electionem
1623 5608 1730 5650 non
1762 5601 2106 5675 meritorum,

523 5653 613 5675 ut,
649 5671 701 5675 κ
743 5660 776 5675 _.
862 5663 894 5675 ..

519 5653 613 5708 sed
643 5660 829 5726 gratiae
855 5663 934 5738 (in
963 5685 1069 5741 qua
1098 5690 1202 5730 non
1250 5677 1476 5753 alicujus
1501 5684 1644 5743 bona
1681 5696 1934 5761 praescita
1976 5653 2105 5757 sunt

518 5756 702 5866 Opera,
732 5755 826 5811 sed
850 5759 963 5816 sola
1014 5773 1221 5823 tantum
1267 5771 1447 5830 divina
1477 5755 1845 5843 misericordia
1897 5755 2106 5866 praepa;

517 5842 656 5916 rata)
687 5856 1022 5910 commendat
1059 5859 1212 5917 nobis
1243 5860 1527 5939 diligenter
1553 5873 1842 5945 Apostolus
1862 5842 2095 5945 (12-553-

2325 3356 2587 3431 Sequitur
2615 3365 2671 3423 in
2698 3370 2886 3426 eodem
2916 3376 3152 3446 capitulo
3182 3399 3195 3432 :

2328 3470 2347 3504 ι
2380 3452 2618 3515 Caeteros
2644 3471 2844 3530 autem,
2873 3481 3012 3537 quos
3026 3470 3244 3541 justitia
3274 3476 3534 3545 etjudicio
3557 3479 3599 3534 in
3619 3493 3735 3533 massa

2251 3544 2577 3613 perditionis
2600 3552 2840 3624 reliquit,
2872 3561 3141 3629 perituros
3166 3544 3459 3637 pnescivit,
3492 3574 3571 3628 sed
3609 3588 3682 3626 non
3699 3580 3734 3623 ut

2248 3636 2492 3705 perirent
2546 3647 2992 3721 praedestinavit;
3050 3670 3271 3726 pana-tn
3320 3636 3488 3720 autem
3534 3665 3731 3735 illis,qttit

2241 3732 2423 3803 justus
2444 3748 2552 3805 est,
2584 3744 3287 3813 praedestinavitteternam.
3312 3760 3387 3817 Ac
3406 3776 3495 3831 per
3528 3763 3610 3816 hoc
3627 3732 3730 3814 unm

2242 3826 2346 3885 Dei
2403 3835 2935 3902 praedestinationem
2987 3854 3363 3910 tantummodo
3398 3826 3616 3918 dicimus,
3655 3865 3731 3923 qut

2242 3924 2313 3978 ad
2353 3925 2553 3983 donum
2600 3934 2835 4000 pertinet
2891 3939 3101 4008 gratiae,
3145 3954 3243 4001 aut
3293 3948 3360 4003 ad
3415 3946 3730 4003 retributionem

2237 4017 2483 4089 iustitiae.
2534 4043 2552 4076 ι
2582 4024 2643 4079 In
2672 4027 2869 4098 quibus
2918 4034 3100 4090 verbis
3151 4039 3354 4095 mirum
3410 4049 3487 4097 est
3536 4036 3727 4111 quoth

2241 4118 2506 4174 asseritur
2543 4124 2890 4194 omnipotens
2940 4129 3083 4185 Deus
3107 4143 3353 4199 caeteros,
3397 4136 3445 4191 id
3497 4146 3567 4191 est
3596 4145 3725 4188 omnes

2238 4211 2521 4280 reprobos,
2565 4215 2712 4287 justo
2762 4218 2970 4289 judicio
3018 4237 3117 4279 suo
3164 4225 3220 4281 in
3278 4243 3448 4283 massa
3489 4222 3723 4298 perditionis

2237 4303 2543 4374 reliquisse,
2608 4325 2707 4365 nec
2757 4320 2937 4369 tamen
2986 4318 3417 4387 praedestinasse,
3453 4321 3533 4377 sed
3580 4326 3719 4373 tantum

2232 4409 2515 4466 praasCtsse
2559 4403 2845 4471 perituros.
2890 4405 2947 4462 Si
2988 4410 3131 4465 enim
3172 4412 3375 4483 justum
3407 4413 3627 4484 judicium
3658 4405 3719 4461 Dei

2228 4488 2343 4559 jam
2391 4492 2446 4547 in
2483 4492 2590 4550 illis
2629 4500 2925 4581 praegessit,
2979 4513 3035 4558 et
3075 4505 3266 4561 eodem
3311 4509 3448 4578 justo
3486 4504 3648 4575 judicio
3685 4499 3718 4552 in

2147 4612 2208 4678 Β
2235 4596 2414 4639 massa
2444 4588 2763 4655 perditionis
2793 4602 2921 4648 sunt
2972 4595 3235 4666 deputati,
3279 4600 3529 4670 quomodo
3550 4612 3631 4651 non
3660 4589 3718 4645 tali

2225 4675 2434 4746 jl'diCiO
2452 4675 2565 4746 iam
2596 4682 2885 4749 perditioni
2916 4698 3042 4741 sunt
3063 4688 3301 4753 deputati
3325 4701 3380 4745 et
3398 4679 3718 4760 praedesunauii

2226 4767 2308 4824 lta
2334 4769 2462 4823 dtttn
2488 4771 2541 4825 in
2574 4774 2676 4828 hac
2715 4775 3033 4834 deﬁnitione
3058 4780 3224 4837 divini
3244 4781 3425 4851 judicii
3462 4781 3621 4836 veritas
3653 4789 3717 4829 ne-

2226 4869 2405 4930 gatur,
2439 4863 2558 4934 ipso
2586 4866 2752 4921 etiam
2783 4872 3094 4942 negantium
3110 4873 3710 4931 testimoniocouﬁrmawr-

2225 4954 2507 5024 Quomodo
2527 4960 2671 5016 enim
2696 4966 2968 5031 praescivit
3004 4975 3388 5036 tantummodo,
3428 4980 3475 5025 et
3507 4982 3590 5021 non
3614 4974 3711 5034 Ρη·

2225 5047 2535 5115 destinavit,
2567 5055 2708 5122 quod
2748 5054 2988 5125 ipsorum
3035 5061 3372 5119 confessione
3403 5063 3530 5133 justo
3562 5051 3707 5129 judicio

2208 5141 2330 5211 jam
2355 5142 2635 5201 decrevit?
2663 5147 2773 5203 Cur
2799 5165 2978 5207 veram
3020 5162 3078 5209 et
3119 5146 3399 5227 p’er‘fectam
3441 5148 3705 5225 praedestina'

2224 5232 2425 5289 tionem
2449 5235 2581 5304 justi
2617 5240 2806 5305 judicii
2858 5243 2973 5313 Dei,
3037 5262 3146 5318 quo
3204 5259 3399 5305 artemo
3441 5244 3622 5303 consilio
3638 5249 3703 5293 suo

2218 5327 2305 5382 vel
2334 5329 2512 5401 jnstos
2561 5334 2629 5387 ad
2676 5334 2865 5403 vitam,
2912 5339 2999 5394 vel
3042 5340 3255 5412 iniquos
3305 5336 3625 5415 praeordiuavit
3656 5327 3703 5385 ad

2218 5435 2459 5491 poenam,
2491 5426 2544 5480 in
2578 5435 2729 5497 parte
2757 5432 2919 5487 audet
2959 5434 3122 5491 homo
3165 5438 3402 5508 accipere
3435 5443 3485 5489 et
3522 5432 3568 5523 itt
3596 5430 3703 5523 Ρξτξθ

2216 5517 2454 5590 negare?
2498 5521 2651 5589 quasi
2682 5526 3030 5595 omnipotens
3078 5530 3221 5587 Deus
3246 5531 3368 5602 quid
3398 5528 3523 5599 justo
3551 5517 3701 5591 indit”

2215 5625 2316 5665 suo
2347 5613 2415 5667 de
2440 5612 2632 5668 electis
2654 5626 2798 5671 esset
2822 5617 3066 5677 facturus
3094 5631 3147 5678 et
3176 5620 3455 5694 praescierit
3489 5606 3697 5686 etp”

2214 5706 2515 5776 stinaverit;
2547 5711 2676 5779 quid
2707 5720 2889 5768 autem
2916 5715 3107 5772 eodem
3128 5716 3274 5786 justo
3288 5714 3471 5785 judicio
3491 5711 3546 5766 de
3565 5712 3696 5790 rep"-

2212 5801 2297 5855 bis
2326 5810 2470 5857 esset
2489 5811 2765 5872 gesturus,
2794 5808 3092 5879 pmscierit
3126 5819 3350 5874 tantum,
3372 5821 3462 5864 ιιθο
3483 5802 3693 5904 ρτῗαξεδίῗ

2212 5895 2441 5973 naverit,
2483 5912 2608 5969 cum
2663 5901 2717 5956 in
2771 5910 3001 5977 utraqtte
3045 5914 3200 5978 parte
3227 5903 3378 5964 unum
3406 5904 3467 5959 sit
3484 5895 3686 5973 δυάῑάυο.
