3966 6334
175 405 309 472 tces
1094 380 1215 452 ὀι
1250 389 1577 453 mnuum
1616 380 2040 446 summotus
2081 374 2454 445 venture.
3296 370 3438 433 test

176 540 277 583 una
299 516 527 592 justitia,
554 528 664 585 qua
683 511 769 569 vel
788 509 952 582 iustis
972 509 1216 583 praemia,
1246 507 1336 566 vel
1361 505 1562 578 iniquis
1610 515 1738 573 sop-
1766 508 1822 569 Α
1844 497 1933 592 tio
1950 478 2093 592 (Jac.
2122 511 2159 560 ι,
2188 496 2300 592 i7),
2344 513 2367 547 ι
2393 501 2450 551 et
2472 492 2564 563 qui
2592 505 2690 563 per
2707 491 3029 592 prophetam
3055 488 3220 547 dicit:
3255 507 3275 541 ε
3325 490 3438 563 Ego

179 580 330 691 plicia
358 580 747 667 retribuitntur.
792 580 803 582 ἡ
850 630 853 633 ν
974 580 992 583 ”
1182 644 1185 651 ε
1838 588 2011 653 ,enitu-
2048 587 2309 643 Dominus
2352 594 2410 642 et
2455 600 2562 641 non
2596 580 2958 652 mutortdlul.
2989 597 3071 645 tu,
3118 580 3198 653 6),
3240 600 3261 634 ο
3292 580 3438 652 quod

184 673 197 741 ri
244 706 373 765 Nam
400 701 447 759 si
474 702 589 759 hac
618 696 1021 771 praedestinatio
1045 695 1214 752 divini
1255 692 1449 764 indicii
1468 698 1612 748 esset
1634 704 1748 745 me-
1848 698 2005 738 suum
2031 690 2114 743 est
2136 681 2296 751 plene
2323 687 2379 733 et
2406 678 2649 771 perfecte
2673 674 2926 732 conﬁteri
2956 674 3219 740 debemus
3243 712 3257 737 ,
3309 673 3438 744 quia

186 801 289 869 ﬁta
337 795 496 853 alicui
526 765 779 859 violenta,
805 791 891 847 vel
922 790 1144 862 injusta,
1198 789 1285 845 vel
1328 784 1747 859 przejtt:iiciaria,
1852 773 1972 843 ejus
1998 772 2316 844 plenitudini
2336 779 2394 826 et
2424 768 2747 840 perfectioni
2775 767 2910 822 nihil
2931 781 3219 837 possumth
3240 765 3441 820 addere
3534 780 3543 793 '

176 857 366 950 inerito
396 886 650 956 iniustum
677 857 844 940 Deum
881 857 1162 955 argueret;
1196 881 1307 937 imo
1329 857 1526 941 deiilo,
1559 894 1577 929 t
1609 877 1750 947 apud
1853 865 1936 922 vel
1974 864 2208 956 auferre.
2232 864 2303 956 Et
2336 864 2457 956 ideo
2488 862 2699 933 plenam
2743 868 2798 916 et
2839 859 3139 931 perfectam
3164 857 3442 929 praedesti-

175 994 329 1057 quetn
355 950 463 1036 non
489 970 572 1035 est
599 974 878 1047 iniquitas,
910 950 1281 1029 {nullatenus
1323 971 1475 1026 credi
1504 970 1746 1040 deberet.
1848 958 2126 1015 nationem
2171 955 2308 1026 justi
2332 954 2523 1026 iudicii
2562 953 2659 1010 Dei
2702 962 2811 1009 tam
2844 953 2900 1008 in
2947 961 3105 1023 parte
3145 950 3443 1007 electorum

174 1043 302 1134 (ium
331 1082 509 1128 autem
534 1043 978 1124 manifestissime
1013 1083 1034 1117 ‹
1061 1078 1169 1120 non
1194 1063 1265 1119 sit
1288 1060 1544 1125 violenta,
1592 1080 1611 1114 ι
1644 1074 1750 1130 qua
1848 1065 2013 1121 quam
2041 1050 2094 1105 in
2126 1056 2284 1119 parte
2310 1048 2666 1119 reproborum
2693 1085 2708 1111 ,
2760 1044 2903 1101 sicut
2925 1043 3148 1099 omnino
3176 1056 3305 1097 vera
3336 1048 3443 1106 est,

173 1160 372 1224 nullum
404 1159 682 1234 conipeiiit
710 1167 770 1215 ut
818 1156 993 1214 maius
1034 1154 1130 1224 sit,
1188 1158 1244 1212 et
1291 1152 1436 1211 aliud
1474 1167 1595 1209 esse
1640 1166 1750 1206 non
1850 1141 2121 1197 veraciter
2147 1141 2524 1202 conﬁteantur,
2553 1136 2757 1192 nemini
2777 1133 3208 1191 misericordiam
3228 1131 3324 1188 Dei
3350 1144 3445 1187 ne-

173 1254 361 1331 possit,
386 1260 495 1311 non
523 1225 598 1309 sit
622 1249 842 1322 injusta,
894 1254 1015 1321 quae
1065 1244 1188 1305 illos
1233 1246 1606 1304 tantummodo
1659 1244 1753 1314 qui
1852 1242 2088 1306 sanies.
2139 1230 2342 1287 nemini
2390 1227 2763 1331 coriversimn's
2800 1225 3031 1297 gratiam
3077 1225 3444 1292 derogantes,

175 1313 268 1409 Istro
304 1346 433 1404 Vitio
461 1348 517 1403 in
550 1313 711 1402 malis
732 1313 1224 1417 perseveraverint,
1251 1340 1438 1413 punit;
1476 1360 1495 1393 ί
1527 1337 1646 1396 Νοη
1676 1313 1756 1395 sit
1852 1325 2061 1381 ηθιηίηί
2096 1323 2303 1380 adii-um
2327 1317 2673 1393 indumentis
2704 1317 3036 1381 Chlidemesi
3073 1314 3170 1385 39d
3194 1313 3449 1371 omnibus

172 1405 582 1515 prejudiciaria,
614 1459 633 1492 ι
666 1405 786 1511 qua:
807 1452 913 1492 non
938 1405 1495 1507 prazjudicat'aliquem
1512 1440 1571 1487 ut
1598 1428 1754 1501 quasi
1854 1420 1911 1476 iu
1949 1418 2238 1490 iniquitate
2276 1430 2599 1487 permanere
2637 1412 2944 1469 volentibus
2970 1407 3162 1466 utilem
3201 1415 3257 1464 et
3299 1405 3446 1464 saltt—

172 1508 290 1608 ejus
322 1526 593 1592 sententia
614 1508 803 1588 ei'non
837 1543 935 1584 suo
965 1524 1160 1584 merito
1189 1528 1407 1598 pereat;
1449 1524 1579 1596 quid
1603 1523 1655 1578 in
1689 1538 1754 1578 ea
1854 1513 2009 1570 breui
2045 1520 2309 1568 lcrrorem
2336 1508 2682 1565 incutientes.

172 1626 601 1704 reprehenditur,
651 1624 736 1683 vei
784 1626 942 1698 quasi
986 1625 1363 1696 blasphemum
1417 1627 1657 1693 putatur,
1699 1618 1738 1673 ir

1929 1624 2085 1681 Hanc
2109 1625 2256 1680 enim
2284 1624 2569 1691 utriusque
2592 1618 2764 1690 partis
2788 1615 3148 1673 certissimam
3173 1623 3232 1671 et
3258 1613 3452 1669 immo-

172 1730 273 1792 qua
318 1716 431 1777 sola
460 1719 712 1792 aequitas,
734 1717 847 1773 sola
876 1715 1091 1789 justitia
1123 1711 1434 1770 invenitur?
1462 1711 1577 1768 Hoc
1605 1726 1757 1766 nam-
1858 1718 2021 1776 bilem
2063 1715 2595 1789 praedestinationem
2620 1712 2714 1766 Dei
2744 1708 2987 1766 declarat
3016 1705 3176 1764 nobis
3210 1706 3450 1777 Aposto-

170 1822 274 1886 que
300 1822 428 1887 erga
450 1807 699 1870 homines
730 1804 906 1866 unum
936 1807 1364 1880 przzedestinatio,
1392 1805 1535 1877 quod
1566 1814 1623 1860 et
1670 1804 1754 1860 di-
1862 1808 1945 1864 ius
2002 1808 2187 1864 dicens
2224 1820 2239 1860 :
2274 1822 2294 1858 ι
2334 1803 2566 1860 Abrahae
2626 1815 2862 1870 namque
2930 1799 3252 1871 promittens
3313 1794 3456 1851 Deus

170 1907 293 1964 vina
337 1906 680 1978 prtescientia
708 1903 837 1975 agit.
865 1900 1147 1957 Pra'scivit
1185 1900 1333 1956 enim
1387 1898 1529 1953 Dens
1584 1895 1755 1955 malos
1783 1892 1831 1954 Β
1858 1901 2112 1974 quoniam
2134 1899 2407 1955 neminem
2433 1896 2619 1951 habuit
2645 1909 2741 1965 per
2760 1891 3150 1966 quemjuraret
3168 1888 3453 1961 majorem,

173 1990 404 2066 futuros,
434 1999 527 2056 sed
551 2002 669 2069 ipsa
715 2006 811 2054 sua
842 1995 1180 2067 praescientia
1202 2008 1310 2048 non
1354 2005 1449 2047 eos
1493 1988 1755 2060 compulit
1854 1992 2059 2064 juravit
2084 2004 2180 2062 per
2205 1988 2558 2057 semetipsum
2598 1985 2814 2041 dicens.
2845 1980 2962 2038 Nisi
2994 1979 3328 2037 benedicens
3363 1978 3459 2033 he-

172 2091 287 2146 tieri
326 2088 522 2147 malos.
546 2068 959 2145 Prmdestinavit
989 2084 1136 2156 justo
1161 2094 1259 2141 suo
1282 2083 1489 2154 judicio
1536 2097 1629 2139 eos
1663 2078 1758 2152 qui
1863 2084 2110 2139 nedicam
2163 2081 2280 2146 tibi,
2314 2088 2369 2135 et
2394 2076 2767 2148 multiplicans
2813 2072 3181 2144 multiplicabo
3212 2080 3267 2127 te
3293 2068 3455 2142 (Heb.

171 2180 225 2235 in
253 2180 412 2236 matis
463 2177 930 2269 perseveraverint
955 2174 1285 2248 puniendos;
1317 2189 1418 2231 nec
1452 2185 1633 2230 tamen
1668 2186 1759 2227 ea—
1861 2191 1936 2241 γι,
1963 2174 2050 2240 t5,
2086 2172 2206 2245 te);
2256 2190 2275 2224 ι
2305 2170 2398 2225 ubi
2425 2178 2482 2223 et
2500 2176 2621 2239 post
2640 2164 2919 2237 paululum
2942 2161 3248 2234 subiungit:
3280 2178 3300 2214 t
3347 2159 3460 2217 Ho-

169 2272 291 2329 dem
316 2254 792 2343 prtedestina'tione
818 2285 936 2335 sua,
968 2266 1171 2324 utmali
1209 2268 1413 2331 essent,
1444 2265 1525 2321 vel
1551 2265 1606 2320 in
1640 2274 1759 2318 ma-
1861 2267 2036 2322 mines
2068 2279 2168 2336 per
2207 2260 2469 2333 majorem
2507 2275 2570 2315 se
2592 2257 2801 2328 jurant,
2835 2263 2891 2313 et
2915 2254 3095 2312 omnis
3136 2262 3459 2310 controver-

172 2365 241 2423 lis
290 2368 726 2436 pcrseircrarent,
773 2364 969 2435 coegit.
1009 2360 1077 2416 Et
1112 2361 1227 2415 haec
1265 2367 1349 2415 est
1398 2357 1540 2429 apud
1609 2355 1758 2411 illum
1859 2358 1959 2414 sia;
1997 2371 2186 2414 eorum
2213 2354 2338 2411 linis
2369 2353 2437 2410 ad
2462 2351 2932 2409 conﬁrmationem
2964 2345 3457 2416 estjuramentum.

171 2460 413 2530 aequitas,
463 2462 521 2513 ut
570 2459 659 2529 Qui
692 2455 930 2513 volentes
957 2452 1309 2527 perstiterunt
1337 2453 1392 2507 in
1440 2448 1618 2516 maliS,
1664 2462 1763 2504 ηο·
1862 2453 1921 2509 in
1947 2466 2055 2523 quo
2083 2449 2448 2507 abundantius
2486 2447 2674 2503 volens
2720 2446 2862 2500 Dens
2888 2443 3172 2500 ostendere
3197 2440 3464 2512 pollicita-

173 2552 343 2608 lentes
372 2549 666 2622 puniantur
704 2548 760 2605 in
785 2547 1085 2619 suppliciis.
1138 2544 1390 2616 Seipsnm
1429 2558 1558 2615 ergo
1597 2543 1762 2596 homo
1860 2546 2030 2601 tionis
2058 2543 2364 2600 heredibus
2389 2540 2824 2597 immobilitatem
2848 2535 3061 2594 consilii
3090 2536 3195 2600 sui,
3222 2535 3464 2604 interpo-

175 2642 376 2709 ωυιθις
422 2642 687 2712 seipsum.
721 2640 848 2696 dum
876 2644 1089 2710 ιθηιρυε
1115 2643 1220 2703 εει,
1247 2636 1486 2707 corrigat
1506 2642 1560 2689 ει
1581 2649 1765 2688 81116οο
1869 2642 1977 2698 suit
1999 2638 2401 2710 jusjurandum,
2439 2645 2500 2691 ut
2538 2651 2638 2707 per
2672 2635 2808 2690 duas
2838 2647 2928 2689 res
2970 2631 3169 2703 quibus
3212 2626 3467 2700 impossi-

174 2733 280 2801 de'o
312 2735 442 2806 (Ιυίει
489 2732 912 2803 οωυῖροιθηιθω
970 2739 1132 2800 atque
1175 2736 1437 2783 “emam
1478 2726 1766 2798 βτκδείθη·
1877 2731 1994 2790 bile'
2014 2742 2099 2790 est
2132 2732 2350 2788 mentiri
2377 2730 2567 2796 Deum,
2599 2727 2957 2785 fortissimum
2984 2725 3238 2781 solatium
3264 2721 3469 2781 habea-

177 2829 304 2885 tiam
332 2838 387 2885 et
420 2826 953 2899 przedestinationem
979 2833 1197 2879 mutare
1220 2821 1307 2876 vel
1348 2821 1627 2876 destruere
1658 2834 1767 2874 non
1864 2844 2022 2895 mus,
2061 2827 2153 2898 qui
2182 2824 2526 2897 confugimus
2547 2823 2614 2879 ad
2638 2820 2931 2878 tenendam
2982 2812 3319 2889 propositam
3363 2828 3467 2869 ηο.

175 2920 334 2976 valel-
375 2918 589 2991 Siquis
630 2917 774 2974 enim
826 2921 984 2987 "eset
1039 2928 1161 2970 esse
1215 2912 1355 2982 apud
1407 2911 1574 2967 Deum
1629 2924 1770 2981 prae-
1874 2925 1959 2981 ui.-
2013 2936 2163 2994 spem
2214 2920 2391 2993 (ibid.,
2437 2917 2527 2985 te,
2560 2918 2648 2983 ιτ,
2682 2913 2795 2987 ts).
2840 2934 2859 2968 ι
2904 2913 3047 2970 Ecce
3081 2927 3135 2967 ιιι
3167 2918 3322 2982 parte
3361 2906 3470 2966 eie-

173 3012 464 3069 scientiam
502 3018 559 3066 et
597 3005 1150 3080 prmdestinationem,
1201 3000 1487 3057 manifeste
1535 2999 1767 3085 inﬁdelis
1868 3024 2107 3081 Momm,
2136 3013 2227 3085 qui
2254 3011 2505 3083 promissi
2532 3016 2680 3075 sum,
2710 3014 2769 3062 ιη
2797 3014 2977 3063 esse,"
2997 3004 3230 3061 Αιπειιω
3262 3011 3323 3057 ει
3345 2997 3468 3069 ειη,

177 3113 277 3160 est.
302 3102 361 3159 Si
391 3101 517 3174 quis
544 3098 673 3155 dicit
719 3098 863 3169 quod
903 3094 1240 3169 prmscientia
1266 3102 1322 3150 et
1364 3091 1743 3164 praedestinatit

1905 3118 1929 3165 t
1959 3108 2203 3166 hatredes
2232 3104 2366 3161 Novi
2395 3111 2451 3161 et
2475 3103 2662 3161 aeterni
2704 3097 3037 3156 Testamenti
3061 3134 3076 3163 ,
3127 3096 3471 3167 omnipotens

177 3194 292 3264 ejus
320 3195 559 3265 aliquem
595 3189 882 3262 compellat
931 3194 990 3243 ut
1020 3186 1196 3243 malus
1242 3185 1333 3250 sit,
1388 3192 1444 3241 et
1476 3184 1623 3239 aliud
1653 3194 1773 3240 esse
1804 3256 1845 3270 Α
1876 3202 2041 3267 θεας,
2070 3200 2194 3270 quia
2228 3197 2501 3254 neminem
2538 3192 2702 3250 habet
2725 3192 3010 3263 majorem,
3036 3189 3185 3258 jurat
3222 3200 3329 3258 per
3378 3201 3467 3242 se-

180 3304 284 3345 non
312 3256 505 3359 possit,
580 3256 914 3342 [terribiliter
953 3280 1312 3353 blasphemat.
1346 3277 1450 3348 Qui
1497 3286 1678 3336 autem
1711 3276 1773 3333 tl-
1798 3256 1847 3324 α
1880 3256 2192 3365 ωέίίρείιιη,
2224 3289 2294 3345 Et
2328 3288 2457 3359 quid
2502 3256 2909 3356 ξηιειιίεθηάὐηι
2938 3283 3008 3338 εει
3039 3256 3142 3353 iper
3170 3256 3273 3336 ιιάο
3295 3278 3471 3350 iusin.

183 3380 374 3436 deliter
403 3377 692 3435 conﬁtetur
720 3383 774 3433 et
810 3370 1209 3446 praescientiam
1262 3376 1317 3428 et
1342 3370 1773 3444 praedestinatio-
1874 3386 2126 3452 randum,
2178 3384 2337 3438 docet
2366 3395 2464 3435 ηοε
2502 3377 2828 3449 Αροειοιιιε,
2863 3376 3144 3438 videlicet,
3176 3373 3324 3443 «μιοά
3373 3372 3477 3427 hoc

183 3489 309 3529 “em
352 3479 615 3528 “emam
652 3485 773 3525 esse
795 3468 934 3540 apud
967 3467 1156 3532 Deum:
1190 3479 1293 3521 nec
1324 3472 1505 3520 “me”
1534 3462 1772 3534 aliquem
1874 3476 2035 3531 modo
2065 3486 2084 3525 t
2131 3471 2368 3528 voluerit
2392 3470 2535 3526 Deus
2575 3466 2883 3524 baeredibus
2910 3465 3318 3537 pollicitationis
3356 3474 3472 3519 sua:

180 3582 278 3639 per
298 3567 416 3621 haec
455 3563 523 3621 ad
567 3564 768 3618 malum
823 3559 964 3632 cogi,
1015 3556 1110 3614 sed
1172 3554 1546 3611 tantummodo
1598 3552 1742 3623 quali

1909 3568 2242 3625 bundantius
2283 3567 2571 3622 ostendere
2611 3563 3046 3620 immobilitatem
3097 3563 3309 3618 consilii
3346 3560 3473 3630 sui;

185 3658 420 3728 quisque
447 3653 661 3709 iuturus
688 3653 759 3707 sit
786 3647 1053 3720 praesciri,
1080 3655 1136 3701 et
1164 3652 1325 3715 prout
1377 3643 1606 3715 gesserit
1634 3642 1749 3713 judi

1919 3670 1938 3717 t
1965 3677 2062 3733 per
2084 3661 2218 3716 duas
2242 3674 2329 3715 res
2372 3676 2391 3711 ι
2413 3699 2427 3724 ,
2463 3657 2516 3712 id
2541 3664 2647 3722 est,
2677 3654 3085 3727 pollicitationis
3106 3663 3162 3710 et
3180 3653 3477 3722 jurationis

181 3748 320 3823 cari,
358 3747 461 3800 iste
493 3756 718 3816 prorsus
744 3740 1010 3797 catholico
1035 3740 1221 3794 sentit.

1909 3769 2007 3816 me,
2050 3770 2069 3803 t
2111 3752 2309 3821 quibus
2340 3748 2672 3820 impossibile
2696 3755 2781 3803 est
2802 3746 3022 3803 mentiri
3058 3745 3249 3811 Deum,
3300 3764 3319 3797 ι
3360 3743 3475 3801 sive

262 3834 523 3909 (Symbol.
558 3834 618 3892 S.
644 3830 968 3904 Athanasii.)
1010 3828 1211 3904 [Certe
1236 3827 1315 3897 in_
1337 3827 1671 3899 professione
1716 3827 1777 3881 iis

1906 3843 2305 3904 iromitlentem,
2332 3840 2446 3896 sive
2470 3839 2739 3911 promissa
2772 3852 2869 3893 sna
2893 3836 3186 3907 iurantem,
3226 3852 3246 3888 t
3290 3835 3472 3891 fortis~

186 3928 276 3987 dei
304 3928 606 3993 catholicaa,
643 3942 804 3997 quam
837 3924 939 3979 nisi
982 3922 1212 3994 quisque
1244 3921 1510 3991 integram
1555 3918 1752 3974 inviola

1913 3934 2079 3987 imum
2101 3932 2351 3988 solatium
2380 3930 2697 3994 habeamus,
2724 3930 2818 4001 qui
2836 3925 3179 4000 confugimus
3202 3926 3269 3983 ad
3294 3937 3479 3984 tenen-

189 4032 414 4093 tamque
436 4018 758 4083 servaverit,
783 4016 989 4087 absque
1016 4013 1178 4069 dubio
1196 4012 1252 4067 in
1268 4019 1529 4066 aeternum
1548 4010 1777 4080 peribit;
1884 4024 2007 4080 nam
2034 4024 2369 4096 propositam
2400 4023 2561 4080 nobis
2599 4037 2771 4095 spem,

189 4121 246 4171 et
265 4124 430 4184 quam
456 4108 559 4168 nisi
594 4110 822 4181 quisque
852 4106 1082 4163 ﬁdeliter
1105 4104 1439 4175 tirntiterque
1461 4103 1781 4169 crediderit,

190 4183 377 4263 salitus
422 4217 541 4260 esse
589 4218 695 4258 non
764 4199 982 4271 poterit,
1020 4210 1213 4253 omnes
1254 4210 1364 4251 uno
1414 4210 1511 4251 ore
1561 4195 1781 4250 conﬁte-
1885 4229 1893 4233 η
2504 4183 2735 4242 CAPUT
2772 4183 2862 4241 Vl.

193 4314 338 4366 mur,
363 4297 505 4369 quod
530 4297 582 4352 in
609 4295 841 4350 adventu
878 4290 1143 4364 unigeniti
1192 4288 1318 4344 Filii
1382 4287 1475 4345 Dei
1526 4287 1594 4344 de
1645 4287 1784 4344 caelo
1888 4335 1895 4341 .

194 4406 388 4449 omnes
436 4390 682 4445 homines
705 4399 989 4457 resurgere
1027 4384 1229 4439 habent
1282 4397 1407 4437 curn
1463 4381 1784 4450 corporibus

198 4487 335 4549 suis,
362 4499 416 4539 et
445 4480 705 4539 reddituri
762 4454 887 4535 suni
931 4477 996 4532 de
1038 4475 1196 4529 factis
1226 4473 1460 4544 propriis
1496 4472 1783 4526 rationem.
1961 4462 2102 4532 Ergo
2132 4461 2247 4516 haec
2278 4460 2459 4515 divina
2482 4458 2688 4528 juratio
2711 4474 2817 4512 non
2844 4465 2928 4514 est
2968 4456 3111 4512 aliud
3146 4455 3249 4510 nisi
3291 4454 3489 4512 immo-

205 4599 224 4631 ι
366 4576 459 4648 qui
486 4576 624 4629 bona
648 4578 878 4643 egerunt
926 4569 1081 4624 ibunt
1103 4568 1159 4621 in
1182 4566 1347 4620 vitam
1376 4572 1669 4628 aeternam;
1694 4562 1786 4632 qui
1818 4635 1863 4648 n
1888 4553 2012 4610 bilis
2034 4552 2244 4607 consilii
2270 4551 2364 4606 Dei
2400 4559 2603 4607 aeterna
2641 4558 2699 4604 et
2738 4547 3196 4603 incommutabilis
3242 4547 3482 4617 praedes-

198 4688 332 4730 vcro
363 4635 503 4726 mala
524 4710 541 4735 ,
587 4667 641 4722 in
680 4635 856 4737 ignem
906 4673 1192 4718 aeternum.
1241 4658 1300 4733 ι]
1339 4657 1622 4713 Manifeste
1660 4671 1789 4726 ergo
1816 4635 1866 4695 D
1896 4644 2102 4700 tinatio.
2134 4644 2331 4713 Deqno
2353 4641 2613 4697 immobili
2636 4640 2864 4697 consilio
2893 4640 2986 4694 Dei
3007 4639 3140 4694 dicit
3164 4638 3483 4693 Psalmista:

202 4764 346 4837 quod
372 4765 438 4818 de
465 4734 904 4830 utraque‘parte,
940 4762 1047 4809 tam
1081 4752 1380 4807 electorum
1411 4765 1573 4819 quam
1604 4762 1792 4818 Περι-ο.
1896 4759 1918 4792 ι
1967 4737 2266 4795 Consilium
2309 4745 2489 4790 autem
2530 4735 2739 4790 Domini
2791 4734 2843 4788 in
2869 4743 3132 4789 attentum
3160 4741 3373 4791 manet;
3401 4745 3493 4787 co-

202 4826 423 4921 borum,
454 4851 545 4907 hic
564 4826 905 4912 conﬁtemur,
934 4854 1221 4915 utrumque
1241 4852 1325 4899 est
1347 4856 1556 4906 verum,
1584 4850 1792 4895 υινιηηο
1895 4833 2187 4906 gitatinnes
2215 4832 2397 4888 cordis
2435 4830 2554 4899 ejus
2599 4832 2655 4886 in
2694 4830 3045 4902 generatione
3089 4837 3143 4883 et
3184 4826 3491 4895 generatio-

203 4965 309 5021 que
336 4919 567 5020 justum,
594 4951 884 5013 utrumque
910 4940 964 4994 in
992 4945 1197 4994 aeterno
1222 4933 1441 5002 etjusto
1471 4932 1561 4986 Dei
1587 4930 1793 5003 judicio
1898 4942 1966 4982 ne
1991 4923 2168 4998 (Psal.
2201 4940 2372 4988 sun,
2410 4924 2521 4995 ll).
2566 4943 2585 4976 ι
2621 4924 2684 4980 Et
2726 4925 2840 4995 ipse
2881 4922 3142 4979 Dominus
3172 4935 3271 4990 Per
3294 4919 3489 4975 isaiant

205 5013 672 5116 praedestinatum.
700 5035 833 5092 Nam
858 5034 902 5089 si
928 5048 1035 5089 non
1058 5040 1142 5087 est
1167 5027 1634 5101 praedestinatum,
1663 5040 1792 5095 qno«-
1899 5028 2161 5075 testatur:
2198 5040 2216 5071 t
2255 5018 2553 5076 Consilium
2582 5032 2762 5074 meum
2798 5018 2986 5082 stabit,
3014 5027 3070 5073 et
3093 5015 3272 5071 omnis
3299 5013 3485 5070 volun-

207 5105 368 5198 inodo
396 5140 500 5196 hoc
552 5146 661 5192 tam
702 5130 932 5189 iirn‘ter
959 5126 1254 5187 credimus,
1287 5133 1394 5177 tam
1427 5121 1795 5175 indubitanter
1899 5121 1982 5168 tas
2007 5127 2123 5168 mea
2157 5110 2247 5166 ﬁet
2271 5109 2407 5179 (Ira.
2441 5125 2587 5174 xm,
2616 5109 2721 5180 l0).
2773 5129 2791 5162 ι
2824 5109 2880 5163 Si
2910 5118 3045 5179 ergo
3094 5107 3182 5163 hic
3224 5122 3324 5178 per
3372 5105 3493 5172 Dei,

210 5197 540 5291 conﬁtemur
571 5221 848 5282 futurum?
876 5218 947 5276 Se
974 5218 1159 5291 igitur,
1191 5224 1250 5269 ut
1287 5212 1400 5283 jam
1446 5211 1647 5266 dictum
1679 5217 1794 5276 est,
1892 5205 2223 5275 jurationem
2267 5204 2335 5259 ad
2380 5204 2655 5260 Abraham
2712 5202 2913 5258 factum
2965 5204 3199 5258 ducente
3235 5197 3495 5271 Apostolo

210 5323 583 5396 unusquisque
628 5317 755 5372 dum
805 5309 1036 5367 facultas
1085 5308 1277 5373 datur,
1320 5304 1431 5360 Deo
1465 5302 1797 5365 auxiliante,
1902 5296 2060 5371 (Ποῦ.
2090 5313 2166 5362 vt,
2200 5296 2283 5365 l7)
2311 5314 2327 5347 ι
2378 5292 2809 5350 immobilitatem
2830 5292 3064 5357 consilii,
3110 5310 3128 5345 ι
3162 5292 3215 5348 id
3236 5301 3322 5346 est
3351 5304 3496 5360 prte-

213 5382 390 5472 mutei
414 5413 469 5469 in
495 5382 710 5466 melius.
756 5402 870 5461 Hoc
897 5402 1042 5459 enim
1084 5396 1466 5472 proculdubio
1510 5394 1661 5461 vult,
1709 5393 1800 5463 qui
1905 5390 2284 5447 destinationis
2304 5388 2440 5457 ejus,
2476 5386 2860 5458 intelligimus:
2892 5387 2964 5440 ita
3009 5394 3065 5441 et
3091 5384 3162 5440 ibi
3194 5382 3496 5452 intelligere

214 5469 457 5579 quotidie
477 5502 673 5560 clamat
698 5507 753 5553 et
773 5495 1047 5557 admonet,
1076 5469 1294 5545 dicens:
1328 5505 1349 5541 ι
1384 5486 1605 5543 Declina
1632 5501 1663 5540 a
1688 5499 1803 5539 ma-
1910 5481 2187 5543 debemus,
2217 5479 2308 5534 ubi
2334 5479 2402 5534 de
2431 5486 2636 5534 aeterno
2659 5475 2865 5532 Christi
2895 5475 3204 5533 sacerdotio
3230 5472 3377 5528 Deus
3398 5469 3494 5541 iu.-

215 5563 461 5666 ἧκα-1³³0
475 5596 675 5651 bonum
704 5587 820 5661 (Ps.
854 5600 1038 5650 xxxvr,
1060 5582 1187 5653 '27);
1222 5601 1241 5635 ι
1266 5590 1322 5635 et
1344 5580 1573 5636 iterum:
1610 5595 1627 5631 ι
1661 5574 1804 5633 Con-
1910 5588 2063 5629 resse
2086 5571 2466 5638 introducitur,
2490 5570 2704 5627 dicente
2729 5568 3049 5626 Psalmista:
3081 5588 3101 5623 ι
3145 5564 3360 5623 iuravit
3389 5563 3498 5621 Do—

218 5659 494 5749 vertimini
519 5686 585 5743 ad
614 5659 721 5751 me,
752 5691 808 5739 et
831 5688 1118 5738 convertar
1147 5676 1216 5732 ad
1242 5690 1356 5739 vos,
1389 5673 1520 5729 dicit
1543 5672 1807 5728 Dominus
1912 5670 2124 5735 minus,
2174 5678 2229 5724 et
2268 5680 2377 5724 non
2408 5665 2697 5739 ptenitebit
2723 5679 2889 5720 cuui'
2920 5662 2999 5720 'l‘u
3048 5677 3110 5718 es
3147 5660 3404 5717 sacerdos
3446 5659 3503 5717 il

220 5748 755 5852 esercitunm(Zacb.
782 5793 821 5840 ι,
846 5774 923 5847 5).
969 5791 988 5825 ι
1017 5770 1151 5827 Nam
1176 5769 1231 5825 in
1253 5768 1366 5836 illo,
1402 5786 1420 5821 t
1465 5766 1621 5839 Apud
1645 5780 1807 5837 quem
1915 5772 2179 5819 internum
2204 5761 2503 5818 secundum
2546 5754 3217 5815 ordinemﬂeicbisedcch
3258 5748 3380 5821 (Ps.
3409 5766 3498 5809 et!

222 5892 330 5938 non
379 5885 460 5934 est
502 5843 923 5934 transmutatio,
975 5878 1074 5922 nec
1100 5859 1492 5919 vicissitudinis
1518 5857 1809 5917 obumbra-
1917 5855 2011 5927 4);
2042 5876 2058 5908 ι
2079 5863 2133 5911 et
2163 5854 2253 5911 ubi
2284 5854 2477 5910 iterum
2510 5854 2562 5909 in
2601 5851 2816 5911 Psalmo
2839 5851 2906 5908 de
2929 5847 3289 5922 promissione
3310 5844 3409 5904 Dei
3435 5843 3509 5906 ad.

2154 5990 2189 6011 Ὠ

2383 4321 2458 4376 De
2487 4318 2667 4376 divina
2692 4320 2987 4391 juratione.
