3966 6334
666 354 806 413 1095
1664 363 1722 419 S.
1764 361 2025 421 REMlGll
2062 360 2547 431 LUGDUNENSIS
2578 372 2917 466 EPISCOPI.
3701 398 3790 451 1096

658 468 876 526 beatum
899 471 1068 529 David
1095 473 1236 530 facta
1266 474 1494 531 dicitur:
1529 492 1551 528 ‹
1590 475 1804 534 Iuravit
1828 478 2089 537 Dominus
2117 481 2229 536 Da-
2253 484 2309 547 Α
2346 488 2359 493 ⁷’
2400 485 2475 566 Et
2512 497 2575 566 ut_
2616 504 3005 566 cognoscamus
3054 490 3280 566 nullum,
3304 496 3514 552 consilio
3555 509 3603 555 et
3644 504 3790 566 eﬂeciai

626 598 629 599 ν
660 561 749 618 vid
790 563 1074 622 veritatem
1098 606 1113 633 ,
1167 576 1224 624 et
1271 583 1381 625 non
1416 568 1705 628 frustrabit
1756 586 1919 628 eum:
1952 573 2019 629 de
2048 574 2192 630 fruct

2224 592 2230 629 ι
2331 557 2817 627 praedestinationis
2847 559 2964 631 eius
2990 575 3150 632 me
3176 562 3442 633 resistere,
3466 567 3636 627 dicitur
3654 557 3790 637 ξῖὗᾶ

656 654 861 711 ventris
908 656 984 711 tui
1027 673 1225 728 ponam
1266 675 1430 732 super
1470 662 1653 719 sedem
1704 672 1851 718 tuam
1875 661 1993 735 (Ps.
2037 680 2222 733 cum,

2221 708 2224 727 Ι
2330 652 2507 709 minus
2533 654 2681 709 enim
2714 654 2862 711 Deus
2897 656 3231 713 exercituum
3269 659 3520 728 decrevit,
3543 682 3561 716 ι
3592 668 3731 739 utique
3755 675 3787 731 In

658 746 764 820 li).
812 766 833 801 ι
877 746 936 805 Si
983 764 1114 820 ergo
1160 751 1216 808 in
1245 753 1331 809 his
1357 755 1608 813 omnibus
1638 756 1988 812 immobilitas
2012 756 2224 814 consilii
2327 752 2530 801 3sterno
2565 744 2792 804 consilio
2824 747 3276 818 praedestinatum.
3312 769 3331 803 ι
3356 759 3411 808 ει
3434 754 3546 824 quis
3568 760 3789 829 poteritis-

649 848 703 894 et
730 842 1223 911 pranlestinationis
1246 844 1343 900 Dei
1365 860 1463 917 per
1492 847 1663 918 ipsius
1690 847 2026 920 iurationem
2056 849 2215 905 intel-

2326 832 2576 903 ﬂrmare,
2606 855 2626 890 ι
2670 844 2731 892 ut
2770 836 3104 910 intelligatur
3143 838 3339 896 nullus.
3386 860 3405 894 ι
3439 841 3503 898 Et
3535 861 3690 906 manus
3715 853 3786 921 eius

647 928 829 1000 ligitur
853 931 907 986 in
931 931 1227 991 salvatione
1264 935 1560 993 electorum
1582 978 1598 1005 ,
1646 938 1720 993 ita
1748 954 1780 995 e
1825 939 2102 996 contrario
2132 940 2213 995 in-

2216 970 2218 978 .
2323 930 2562 1011 citenta,
2585 944 2603 978 ι
2621 925 2809 997 utique
2835 927 2904 983 ad
2930 942 2994 984 ea
3020 944 3141 999 quae
3160 930 3547 1000 praedestinavit
3564 934 3782 1012 ellicienda;

572 1026 578 1030 “
645 1020 987 1093 telligendum
1042 1034 1128 1082 est
1152 1026 1207 1082 in
1235 1027 1580 1084 damnatione
1608 1028 1984 1101 reproborum,
2015 1030 2103 1086 ubi

2218 1056 2219 1075 1
2329 1028 2348 1062 ε
2392 1024 2449 1068 et
2486 1013 2607 1084 quis
2645 1024 2854 1073 avertet
2892 1018 3047 1073 eam?
3081 1037 3102 1071 ι
3145 1018 3454 1093 intelligitur
3481 1023 3688 1083 similiter
3711 1033 3784 1088 nul-

641 1113 722 1169 cis
748 1114 864 1186 ipse
888 1116 1231 1189 omnipotens
1266 1119 1408 1176 Deus
1434 1120 1595 1176 dicit:
1632 1138 1653 1173 ε
1696 1120 1801 1191 ipsi
1837 1135 1966 1177 γεω
1993 1135 2099 1177 non
2121 1136 2217 1177 οο,
2319 1102 2425 1184 lus.
2465 1103 2599 1161 Cum
2617 1108 2763 1165 enim
2788 1109 2989 1167 dicitur
3018 1126 3035 1166 :
3062 1131 3083 1164 ι
3116 1113 3372 1170 Dominus
3394 1116 3528 1171 enim
3549 1118 3665 1177 Deus
3682 1138 3781 1181 exer-

640 1218 941 1277 gnoverunt
1015 1213 1132 1269 vias
1161 1253 1178 1280 ,
1230 1214 1425 1286 quibus
1482 1215 1663 1298 iuravi
1721 1215 1775 1270 in
1837 1215 1918 1270 ira
1974 1229 2128 1278 mea,
2168 1213 2214 1269 si
2318 1194 2518 1298 (ξίιιξξιιη
2546 1195 3030 1298 ίξέοτθνὶινηιῄιιξιίά
3054 1209 3141 1257 θεῖ
3175 1201 3321 1298 illud
3353 1204 3782 1284 άεετευίινῑιίθίρτε·

640 1298 918 1357 intrabunt
941 1302 996 1358 in
1019 1304 1260 1374 requiem
1284 1320 1460 1362 meam
1488 1286 1604 1378 (Ρῖ.
1632 1322 1811 1374 Lthv,
1837 1306 1945 1377 ll).
1996 1326 2016 1358 ι
2048 1305 2206 1361 Nem-

2316 1286 2633 1357 destinavit,
2689 1289 3011 1363 praelinivit,
3058 1294 3276 1364 statuit,
3315 1298 3564 1368 prieiixit,
3603 1308 3780 1374 prconii-

637 1403 704 1458 Pe
749 1397 805 1445 ει
828 1390 923 1467 hic
957 1391 1314 1463 iurisiurandi
1350 1395 1698 1453 immobilitas
1724 1397 2120 1468 interponitur,
2156 1407 2215 1452 ut
2314 1384 2498 1438 nam?

637 1481 813 1539 nullus
860 1498 1049 1540 eorum
1096 1485 1162 1542 de
1208 1489 1404 1558 quibus
1459 1497 1568 1545 lam
1616 1489 1929 1545 terribiliter
1968 1490 2203 1558 iuratum

2383 1478 2460 1533 Ex
2481 1493 2589 1550 quo
2607 1479 2891 1537 manifeste
2912 1481 3260 1556 intelligimus
3286 1483 3411 1557 quid
3430 1487 3498 1544 sit
3517 1490 3776 1560 praestina-

526 1621 540 1638 .
633 1582 736 1639 est,
768 1575 824 1630 in
848 1577 1090 1648 requiem
1120 1580 1215 1636 Dei
1253 1581 1553 1638 intraturus
1582 1583 1851 1638 credatur.
1885 1581 1990 1637 Nec
2031 1592 2092 1636 tai

2314 1574 2457 1633 tum,
2502 1566 2750 1625 videlicet
2783 1577 2839 1626 et
2871 1570 3229 1643 praefinitum,
3264 1583 3541 1646 statutum,
3565 1583 3776 1655 prditum,

633 1663 851 1736 ίηὶυεῑθο
874 1670 1002 1740 quia
1027 1670 1082 1725 in
1102 1671 1378 1744 impietate
1402 1692 1422 1725 ι
1462 1673 1754 1731 secundum
1776 1674 2030 1729 duritiam
2054 1689 2199 1728 suam

2308 1658 2744 1727 praeordinatum.
2782 1659 2882 1717 Hic
2906 1679 3141 1735 namque
3171 1680 3379 1733 sermo,
3416 1670 3468 1724 id
3502 1681 3574 1727 est
3599 1678 3773 1745 decrevit.

630 1767 686 1815 et
720 1775 815 1817 cor
853 1763 1200 1835 impuanitens
1247 1786 1266 1819 ι
1299 1769 1594 1839 perdurare
1623 1768 1930 1834 voluerunt,
1962 1769 2196 1839 primum

2306 1748 2469 1806 etiam
2491 1751 2545 1807 in
2557 1751 2783 1810 Actibus
2798 1757 3160 1827 apostolorum
3182 1759 3237 1815 in
3251 1760 3409 1818 simili
3430 1779 3487 1820 re
3504 1772 3639 1836 atque
3652 1771 3774 1827 eodm

630 1861 774 1913 lente
798 1856 914 1927 ipso
933 1857 1192 1917 Domino:
1229 1881 1247 1914 ι
1288 1861 1393 1932 ipsi
1415 1877 1545 1918 vero
1567 1878 1673 1918 non
1697 1869 2064 1935 cognoverunt
2088 1862 2196 1918 vias

2230 1868 2278 1931 Β
2306 1854 2466 1947 sensu
2511 1844 2756 1912 ponitur,
2798 1846 2892 1947 ubi
2931 1848 3220 1947 multitudo
3252 1850 3494 1947 iidelium
3539 1860 3773 1947 unanimiter

608 1961 775 2004 ineas
816 1967 835 2001 ι
858 1989 875 2015 ,
905 1958 959 2005 et
989 1951 1180 2008 deinde
1207 1929 1594 2025 subiungente:
1633 1972 1652 2006 ι
1694 1929 1899 2021 Quibus
1931 1952 2113 2022 iuravi
2146 1952 2174 2007 ii

2236 1929 2262 1931 "
2292 1929 2543 1988 .levantes
2592 1948 2781 1990 vocem
2828 1935 2886 1990 in
2935 1938 3181 1995 oratione
3230 1940 3478 1999 dixerunt
3519 1946 3579 2002 ad
3615 1949 3770 2007 Deum:

625 2038 704 2093 ira
733 2055 852 2096 mea
884 2041 929 2097 si
957 2043 1233 2100 intrabunt
1263 2046 1318 2101 in
1351 2062 1593 2116 requiem
1618 2062 1816 2102 meam.
1870 2066 1888 2098 ι

695 2132 830 2190 Huic
850 2132 1109 2203 iurationi
1141 2138 1317 2195 simile
1346 2148 1428 2194 est
1454 2139 1585 2194 illud
1614 2140 1756 2209 quod
1782 2138 1848 2193 de
1871 2147 2203 2210 contempto-

2307 2041 2326 2073 ι
2354 2021 2739 2081 Convenerunt
2773 2025 2918 2082 enim
2956 2027 3012 2083 in
3048 2030 3153 2087 hac
3181 2032 3401 2091 civitate
3437 2038 3672 2096 adversum
3694 2059 3771 2099 sau-

2299 2119 2446 2167 ctum
2475 2130 2703 2185 puerum
2743 2125 2894 2173 tuum
2925 2118 3109 2177 Jesum
3130 2163 3145 2188 ,
3174 2138 3336 2194 quem
3367 2128 3579 2197 tinxisti,
3611 2131 3770 2193 Herodes

2298 2211 2353 2258 et
2377 2203 2601 2262 Pontius
2622 2206 2827 2265 Pilatus
2854 2225 2974 2266 cum
2999 2213 3250 2282 gentibus
3270 2226 3326 2271 et
3344 2220 3538 2289 populis
3555 2219 3768 2281 Judaomu

2299 2292 2479 2352 facere
2528 2312 2648 2367 quae
2699 2314 2891 2357 manus
2941 2310 3031 2358 tua
3082 2311 3137 2358 et
3194 2306 3473 2363 consilium
3516 2310 3767 2370 decreverat

2297 2386 2414 2441 lieri
2456 2387 2594 2460 (Act.
2640 2405 2714 2456 iv,
2751 2390 2842 2458 27,
2879 2390 2988 2464 28).
3043 2414 3063 2448 ι
3109 2394 3211 2453 Ubi
3254 2398 3398 2455 enim
3437 2399 3626 2460 Latinus
3657 2406 3765 2461 inter-

2295 2491 2422 2547 pres
2465 2479 2533 2533 ad
2569 2494 2787 2536 sensum
2834 2482 3166 2542 transferens
3211 2505 3436 2548 numero
3462 2492 3625 2563 plurali
3646 2498 3768 2568 posuit

2294 2567 2664 2638 decreverunt,
2734 2572 2789 2627 in
2851 2571 3039 2630 Graeco
3111 2576 3374 2651 singulari
3448 2567 3657 2640 numero,
3680 2587 3764 2660 legi-

2295 2668 2411 2727 tur,
2462 2680 2483 2714 ι
2539 2676 2659 2731 qua:
2709 2679 2901 2720 manus
2935 2672 3022 2720 tua
3073 2675 3127 2723 et
3166 2670 3449 2730 consilium
3483 2676 3765 2747 pmdestimit

2294 2753 2431 2810 ﬁeri.
2466 2774 2485 2808 ι

621 2222 769 2279 ribus
801 2225 1034 2281 convivii
1068 2228 1152 2283 sui
1185 2227 1301 2299 ipsa
1326 2227 1539 2285 Veritas
1567 2229 1621 2284 in
1656 2229 1950 2302 Evangelio
1977 2231 2201 2286 commi-

617 2321 805 2381 natur,
835 2315 1022 2373 dicens
1052 2335 1066 2372 :
1105 2335 1124 2370 ι
1152 2317 1283 2375 Dico
1309 2328 1488 2375 autem
1520 2320 1671 2376 vobis
1701 2320 1844 2391 quod
1874 2336 2032 2377 nemo
2056 2322 2200 2378 viro-

615 2422 734 2462 rum
768 2407 983 2464 illorum
1009 2409 1103 2480 qui
1130 2412 1307 2467 vocati
1344 2421 1473 2468 sunt
1508 2412 1745 2483 gustabit
1777 2429 1988 2469 orenam
2020 2429 2197 2470 meam

614 2497 767 2569 (Luc.
798 2515 911 2566 xxv,
938 2499 1052 2573 24).
1089 2522 1108 2556 ι
1141 2501 1400 2562 Veritatis
1428 2505 1572 2562 enim
1602 2504 1832 2572 dixisse,
1870 2505 2060 2577 procul
2099 2507 2199 2562 du-

607 2591 698 2647 bio
730 2590 945 2662 iurasse
978 2603 1067 2651 est

684 2684 822 2743 l‘alis
858 2695 916 2744 et
953 2696 1037 2744 est
1063 2687 1152 2745 illa
1187 2690 1284 2747 Dei
1316 2692 1519 2763 iuratio
1562 2693 1703 2764 apud
1729 2691 1922 2749 Isaiam
1959 2693 2193 2765 prophe-

604 2784 738 2845 tam,
774 2778 866 2835 ubi
903 2786 1025 2850 post
1059 2794 1196 2837 onus
1234 2780 1523 2855 Babylonis
1556 2790 1612 2838 et
1649 2782 1799 2855 regni
1824 2782 2191 2854 Assyriorum,
2294 2778 2431 2855 "“f‘j
2466 2778 2485 2808 ’
2590 2852 2600 2855 Α
2711 2852 2724 2855 _
2835 2853 2842 2855 Α
3244 2840 3247 2843 λ

599 2870 693 2940 qui
740 2880 898 2927 erant
948 2873 1231 2931 saevissimi
1283 2850 1465 2930 hostes
1512 2850 1855 2945 populi'nei,
1893 2850 1991 2945 ρει,
2031 2850 2188 2944 quos;
2310 2943 2322 2945 _
2365 2850 2695 2945 Sicutetiain
2710 2852 2811 2910 hoe
2830 2853 3003 2926 ipsum
3026 2856 3396 2916 testimonium
3416 2860 3759 2919 inlibrodePrie-

596 2960 741 3020 sicut
773 2962 964 3020 beatus
999 2965 1235 3023 Joannes
1260 2943 1531 3037 apostolus
1569 2943 1625 3021 in
1659 2943 1984 3038 Apocalypsi
2011 2943 2191 3023 osten-
2291 2943 2996 3054 άθξίίηίξίίθηθηδωὛξῩΓυω
3035 2949 3173 3054 (αἶρ’
3209 2952 3315 3054 16),
3332 2953 3391 3009 Β·
3416 2952 3759 3054 ’δυειξδιίθξδβθ

598 3053 707 3118 dit,
764 3055 1098 3128 signiﬁcatur
1145 3065 1256 3114 tota
1302 3058 1497 3116 civitas
1539 3058 1767 3123 diaboli,
1806 3057 1862 3114 id
1885 3066 1969 3115 est
2012 3060 2164 3116 omni:

2290 3040 2464 3095 suisse
2483 3039 2770 3096 invenitur.
2785 3039 3018 3111 ldipsum
3034 3042 3179 3097 enim
3199 3042 3423 3100 verbum
3436 3045 3529 3101 hoc
3537 3044 3756 3102 locoGraere

597 3146 882 3203 multitudo
938 3150 1284 3220 reproborum
1304 3191 1319 3216 ,
1370 3150 1665 3222 interponit
1718 3151 1857 3208 Deus
1911 3149 2163 3223 jusjuran

2288 3131 2486 3203 legitur
2511 3132 2653 3202 quod
2684 3140 2737 3188 et
2772 3132 2827 3187 in
2864 3132 3103 3204 Epistola
3147 3135 3218 3191 ad
3267 3134 3551 3205 Romanos,
3576 3137 3646 3194 ubi
3672 3137 3754 3193 scri—

596 3235 725 3291 dum
766 3235 833 3293 de
872 3237 1179 3293 certissima
1226 3238 1410 3294 talium
1446 3238 1780 3310 perditione,
1813 3240 2025 3297 dicente
2062 3257 2162 3312 pro

2212 3242 2260 3308 ρ
2288 3231 2436 3296 ptum
2465 3233 2549 3280 est
2577 3242 2591 3279 :
2629 3240 2649 3275 α
2679 3223 2825 3292 Quos
2876 3232 3055 3281 autem
3094 3225 3493 3296 praedestinavit
3530 3227 3611 3283 hos
3636 3235 3754 3329 etvoo

593 3323 757 3397 pheta
798 3343 812 3381 :
859 3344 879 3379 ‹
914 3326 1125 3384 Juravit
1172 3328 1436 3385 Dominus
1475 3331 1811 3387 exercituum
1858 3332 2042 3388 dicens
2073 3350 2087 3387 :
2119 3332 2179 3389 Si
2284 3317 2424 3374 eam
2455 3315 2633 3388 (Rom-
2655 3331 2776 3384 Vl":
2799 3315 2902 3384 δοῖ
2938 3335 2958 3370 ι
2990 3316 3083 3373 ubi
3111 3317 3259 3373 enim
3291 3334 3390 3376 n09
3415 3319 3584 3376 Laline
3602 3317 3754 3373 ἀίοίωυε

591 3434 701 3475 non
759 3427 819 3476 ιη
876 3422 1059 3491 putavi
1101 3421 1176 3477 ita
1228 3422 1374 3489 em;
1431 3431 1486 3477 ει
1537 3424 1807 3495 quomodo
1846 3433 2026 3481 meme
2066 3433 2178 3481 ira.
2276 3409 2692 3481 praedestinavit,
2722 3408 2796 3464 ibi
2832 3419 2886 3465 et
2928 3409 2983 3465 in
3012 3409 3100 3465 illa
3129 3410 3372 3481 Epistola
3410 3421 3460 3467 et
3495 3412 3543 3466 in
3576 3411 3653 3466 hac
3678 3424 3751 3464 sa-

591 3512 764 3581 ctavi,
797 3512 878 3569 sic
917 3514 1157 3581 eveniet,
1195 3524 1255 3570 ut
1302 3528 1579 3573 conteram
1611 3516 1893 3589 Assyrium
1942 3517 1997 3574 in
2029 3527 2157 3575 terra

2278 3502 2446 3557 tentia
2486 3502 2551 3557 de
2591 3499 2817 3557 Actibus
2862 3501 3231 3571 apostolorum
3272 3502 3451 3559 Graece
3490 3502 3675 3575 positum
3700 3508 3748 3554 est

2275 3598 2592 3669 προώρισεν,
2623 3594 2801 3666 quod,
2849 3604 2908 3649 ut
2945 3594 3063 3665 iam
3100 3595 3308 3651 dictum
3346 3604 3456 3663 est,
3493 3595 3571 3650 alii
3607 3594 3748 3667 proprie

2276 3689 2663 3745 transtulerunt
2708 3687 3113 3760 prwdestinavit,
3148 3688 3242 3744 alii
3291 3687 3619 3759 deﬁnirilﬁel
3637 3683 3747 3756 ρητῤ-

2272 3785 2396 3839 m'vit
2419 3825 2433 3850 ,
2471 3784 2563 3839 alii
2598 3784 2850 3853 decrevit,
2880 3785 2962 3841 vel
2989 3785 3182 3856 plurali
3217 3801 3438 3843 numero
3472 3785 3745 3840 decreverat.“

590 3622 732 3675 mea,
757 3608 891 3665 etin
916 3609 1191 3666 montibus
1216 3610 1353 3666 meis
1378 3610 1690 3668 conculcem
1717 3627 1875 3680 eum;
1916 3614 2019 3669 hoc
2045 3629 2175 3670 con-

589 3702 766 3758 silium
805 3704 950 3775 quod
990 3703 1226 3776 cogitavi
1264 3720 1428 3775 super
1465 3720 1684 3761 omnem
1714 3714 1947 3774 terram,
1974 3716 2027 3762 et
2056 3707 2173 3765 haec

587 3805 671 3852 est
699 3812 891 3853 manus
917 3805 1135 3854 extenta
1175 3813 1339 3869 super
1367 3799 1652 3856 universas
1674 3808 1879 3872 gentes.
1914 3801 2171 3859 Dominus

585 3885 728 3939 enim
756 3884 899 3943 Deus
921 3888 1253 3943 exercituum
1282 3889 1540 3958 decrevit,
1570 3898 1626 3946 et
1651 3891 1772 3961 quis
1796 3893 1995 3963 poterit
2020 3893 2151 3947 inﬁt-1

2270 3875 2361 3931 ubi
2390 3884 2446 3930 et
2472 3876 2603 3932 illud
2625 3883 2709 3933 est
2732 3877 2885 3934 valde
2915 3877 3109 3932 mirum
3137 3895 3151 3933 :
3180 3879 3310 3950 quia
3339 3880 3470 3935 sicut
3493 3877 3541 3932 in
3564 3873 3742 3947 propheta

539 4022 546 4031 ,
584 3977 776 4031 mare?
811 3985 867 4032 et
894 3993 1087 4034 manus
1120 3988 1204 4035 est
1238 3989 1487 4047 extenta,
1527 3991 1584 4038 et
1627 3982 1750 4054 quis
1775 3994 1985 4041 avertet
2008 3987 2169 4043 eam?
2268 3965 2493 4068 Ιθεξξιιτν
2520 3975 2580 4068 ei:
2607 3986 2627 4020 ‘
2652 3968 2935 4068 θουδξλίυω
2977 3969 3104 4036 θεῖν
3140 3981 3191 4027 ει
3229 3987 3415 4027 mam“
3439 3964 3742 4068 θῖιθηηῃίίίδ

584 4068 717 4139 (lsa.
747 4085 861 4136 xw,
887 4072 990 4139 24,
1021 4073 1126 4141 25,
1153 4075 1247 4142 27,
1271 4076 1388 4146 28.)
1417 4098 1437 4132 ι
1468 4079 1528 4136 In
1556 4082 1753 4153 quibus
1780 4083 1960 4140 verbis
1996 4084 2165 4141 mira-
2265 4067 2322 4165 (ξι
2349 4058 2436 4115 hic
2459 4059 2698 4165 90m?“
2730 4080 2757 4165 ⁸,
2780 4059 2959 4118 facere
2987 4077 3122 4165 qua“
3137 4057 3741 4165 miluusjuafignméng'

580 4159 762 4221 biliter
787 4170 841 4217 et
867 4164 1147 4235 granditer
1170 4169 1476 4225 ostenditur
1500 4178 1556 4227 et
1576 4149 1932 4230 immobilitas
1956 4173 2146 4245 praede

2264 4149 2537 4217 decrevit,
2573 4150 2684 4207 sive
2720 4152 3053 4209 decreverunt
3091 4154 3232 4211 ﬁeri.
3262 4177 3282 4209 ι
3316 4155 3460 4224 Quod
3491 4152 3739 4210 idciroolam

578 4255 885 4313 stinationis
923 4258 1020 4315 Dei
1063 4267 1118 4316 et
1163 4260 1335 4333 ipsius
1390 4265 1880 4334 prmdestinationis
1917 4242 2158 4337 eii‘ectus,
2262 4243 2547 4348 quieuit“
2577 4244 2862 4348 “10?”???
2892 4248 3218 4348 pulfmmué’
3337 4246 3738 4348 pf‘fdwiwtl’f‘

576 4362 699 4402 cum
729 4357 875 4405 tanta
913 4358 969 4406 et
1004 4360 1112 4408 tam
1141 4355 1326 4425 gravia
1371 4356 1511 4412 mala
1552 4360 1901 4428 pereuntibus
1936 4363 2161 4419 comini-
2259 4338 2513 4406 άεθνευίίν
2554 4348 2607 4395 θί
2644 4338 2896 4410 άθβηίι’ί²’
2927 4340 3010 4395 vel
3049 4341 3347 4412 Ρτωβηίνην
3378 4342 3580 4413 “ipsum
3600 4338 3736 4407 signa}.

572 4447 732 4495 natus
766 4441 866 4496 sub
897 4441 1252 4512 iureiurando
1278 4447 1449 4504 dicit:
1488 4467 1507 4502 ‹
1540 4447 1601 4505 Si
1632 4465 1738 4505 non
1780 4460 1839 4506 ut
1866 4455 2048 4524 putavi
2081 4454 2138 4509 it:

2257 4449 2385 4490 care
2417 4433 2750 4507 intelligatur
2777 4452 2790 4488 :
2825 4454 2843 4485 ε
2870 4434 3254 4490 Convenerunt
3279 4449 3403 4506 ergo
3423 4435 3637 4488 adversus
3656 4439 3733 4479 san-

571 4530 695 4597 erit,
726 4541 782 4587 et
808 4536 1078 4603 quomodo
1103 4546 1284 4594 mente
1314 4541 1544 4596 tractavi
1574 4541 1653 4598 sic
1678 4520 1909 4611 eveniet,
1939 4547 2042 4601 rid
2071 4552 2156 4602 est
2257 4538 2404 4583 ειυιη
2440 4543 2669 4598 Puerum
2696 4525 2912 4594 “sum,
2943 4542 3103 4598 quem
3136 4528 3289 4583 "mm
3317 4528 3466 4591 Deus’
3497 4520 3733 4613 Herodes}?

570 4619 708 4675 sicut
743 4624 973 4693 cogitavi
1018 4634 1073 4681 et
1120 4637 1302 4684 mente
1335 4631 1565 4686 tractavi
1598 4632 1652 4686 in
1701 4635 1890 4689 aeterni
1938 4636 2130 4692 consili

2180 4617 2230 4677 1)
2254 4619 2480 4677 Pontius
2506 4619 2711 4677 Pilatus
2738 4618 2918 4676 facere
2958 4636 3078 4691 qua:
3121 4637 3313 4677 manus
3338 4628 3391 4675 et
3417 4615 3651 4675 consilium
3670 4609 3730 4662 Dei

566 4711 1069 4781 praedestinatione,
1107 4737 1126 4768 ς
1168 4718 1241 4771 ita
1277 4720 1382 4773 erit
1420 4728 1476 4775 et
1514 4721 1595 4776 sic
1629 4724 1842 4779 eveniet
1864 4744 1884 4778 ι
1919 4725 1973 4779 in
2008 4726 2132 4797 ipsa-

2253 4712 2694 4784 priedestinavit,
2740 4711 3018 4779 decrevit,
3066 4722 3121 4769 et
3165 4712 3442 4785 pmiinivit

568 4818 686 4857 rum
717 4819 897 4860 rerum
924 4805 1324 4879 adimpletione.
1349 4810 1503 4878 Quod
1527 4813 1691 4868 etiam
1721 4817 1999 4887 sequentia
2025 4834 2134 4889 pro-

2251 4819 2585 4876 quiccunque
2603 4803 2944 4875 omnipotens
2968 4805 3110 4860 Deus
3122 4802 3283 4859 Pater
3308 4800 3542 4874 unigeniti
3674 4793 3726 4896 sui

561 4892 739 4962 pheta:
766 4896 931 4953 verba
977 4899 1262 4970 magniﬁce
1296 4909 1353 4957 et
1398 4900 1699 4959 clarissime
1735 4886 2041 4964 ostendunt
2067 4910 2127 4966 di

2249 4896 2500 4965 passione
2533 4894 2938 4966 praedestinavit
2963 4895 3079 4950 ﬁeri
3101 4937 3116 4963 ,
3146 4895 3223 4950 illi
3247 4895 3477 4951 fecerunt
3507 4886 3666 4979 malitia
3692 4887 3726 4979 tl

563 4991 737 5045 oculis
762 5006 829 5046 εχ
864 5007 1097 5063 persona
1135 4994 1275 5050 Dei;
1309 5013 1329 5048 ε
1361 4994 1474 5053 Hoc
1502 4998 1790 5054 consilium
1825 5003 1968 5071 quod
2001 5006 2146 5076 cogi-
2248 4986 2543 5058 impietate.
2586 4986 2677 5042 ille
2719 4987 3119 5058 praedestinavit
3168 4984 3522 5076 misericordia
3549 4987 3593 5034 et
3622 4976 3725 5072 beni-

563 5080 670 5134 tavi
699 5094 860 5151 super
881 5097 1097 5141 omnem
1120 5094 1346 5154 terram,
1368 5096 1425 5144 et
1446 5089 1562 5145 haec
1591 5097 1677 5146 est
1706 5106 1900 5148 manus
1924 5073 2141 5151 extenta
2246 5078 2450 5151 Βυίιειιθ
2469 5119 2483 5145 ν
2516 5077 2594 5133 illi
2629 5087 2689 5134 ιιι
2722 5094 2918 5134 nomen
2955 5077 3153 5135 Christi
3186 5079 3448 5173 delerent,
3479 5073 3552 5173 ille
3573 5077 3618 5173 tu

558 5184 724 5241 super
759 5174 1038 5232 universas
1077 5186 1284 5249 gentes.
1320 5198 1340 5233 ι
1380 5179 1450 5236 Et
1495 5195 1620 5237 mox
1660 5196 1728 5237 ex
1765 5197 1864 5239 sua
1908 5200 2141 5256 persona
2244 5171 2504 5244 sanguine
2528 5172 2962 5265 Ρθοιξθίειᾲηιυηάί
2987 5162 3244 5265 θδίυθῗᾶο
3282 5162 3721 5265 Ρνιεάεεξίηθξ²ξ¹¹¹¹ῗ

556 5262 838 5319 addentis:
866 5284 884 5317 ι
908 5264 1166 5325 Dominus
1184 5271 1328 5325 enim
1353 5270 1496 5327 Deus
1522 5272 1861 5329 exercituum
1874 5275 2137 5346 decrevit,
2239 5263 2331 5319 illa
2358 5264 2539 5345 Omnia
2566 5274 2625 5319 ιιι
2650 5263 2704 5319 in
2729 5263 2844 5334 eius
2865 5264 3114 5335 Ρδδδίοηθ
3138 5263 3345 5330 ﬁerem:
3367 5258 3719 5346 Pmdes‘imf'w

552 5356 677 5428 quis
714 5358 914 5429 Ροιθτίι
958 5359 1268 5419 inﬁrmare?
1307 5374 1364 5419 et
1398 5380 1593 5422 manus
1633 5365 1749 5435 eius
1783 5376 2039 5437 extenta,
2080 5340 2137 5427 ei
2237 5369 2323 5416 est
2346 5340 2401 5416 et
2425 5375 2522 5433 per
2547 5376 2683 5431 quos
2709 5360 2903 5416 tierent
2928 5360 3054 5431 quia
3087 5358 3328 5415 videlicet
3349 5363 3401 5411 et
3419 5340 3718 5444 iustoillfl'c'f

552 5448 675 5521 quis
716 5456 926 5505 avertet
970 5452 1134 5507 eam?
1162 5473 1183 5507 ι
1225 5453 1477 5513 Profecto
1518 5434 1673 5512 enim,
1708 5456 1764 5513 in
1808 5458 1893 5514 his
1932 5434 2131 5530 verbis,
2238 5453 2334 5509 Dei
2364 5452 2561 5509 ῐηθΐίιο
2587 5452 3003 5524 Ρτεθοεάθηῑίυιη
3027 5460 3364 5522 Ρθοοίιῑονυω
3399 5434 3714 5530 άίὲυίίυδκῗυ

546 5519 649 5612 per
687 5539 973 5599 consilium
1016 5543 1158 5614 quod
1208 5546 1465 5617 cogitavit
1520 5545 1663 5603 Deus
1707 5562 1871 5620 super
1914 5519 2131 5605 omnem
2234 5554 2362 5603 sunt
2392 5544 2485 5616 qni
2518 5519 2605 5600 ita-
2621 5552 3046 5610 excaecarentur,
3086 5552 3143 5599 ut
3174 5558 3271 5614 per
3293 5555 3382 5596 eos
3414 5534 3523 5591 talia
3545 5519 3717 5620 οοωριιξ

547 5640 778 5700 terram,
811 5643 1013 5691 aetema
1051 5631 1169 5704 ejus
1207 5616 1640 5709 prmdestinatio;
1678 5646 1735 5696 et
1771 5616 1872 5712 per
1907 5656 2129 5698 manum
2232 5646 2440 5694 rentur.
2487 5636 2640 5693 Sicut
2686 5645 2742 5692 ct
2784 5635 2950 5694 Judas
3001 5637 3121 5693 ideo
3172 5629 3548 5706 priedestinatus
3580 5624 3642 5673 es!
3674 5616 3715 5662 ιιί

544 5734 853 5792 extentam,
894 5726 1138 5799 ejusdem
1177 5728 1388 5785 consilii
1438 5729 1780 5789 intelligenda
1821 5741 1906 5789 est
1952 5734 2127 5791 adim-
2231 5731 2480 5788 eumdem
2518 5731 2804 5787 Dominum
2840 5730 3112 5788 Christum
3142 5729 3390 5789 traderet,
3416 5719 3525 5792 quia
3552 5715 3710 5783 dib’"""‘

542 5821 726 5895 pletio.
1088 5884 1097 5891 _

2231 5840 2287 5881 se
2322 5823 2550 5895 praebuit
2575 5822 2667 5895 qui
2696 5822 2801 5879 tale
2838 5821 3049 5879 facinus
3075 5822 3323 5893 expleret.
