3966 6334
153 386 290 445 1097

741 491 965 550 CAPUT
1008 492 1118 548 νη.

150 601 227 659 De
250 599 451 672 duobus
484 601 731 669 funiculis
762 612 807 656 et
842 603 1233 672 geminarsorte.
1263 602 1338 656 De
1367 612 1561 657 a’terna
1587 620 1723 671 prte-

215 671 451 741 scientia,
478 673 800 740 providentia
823 671 869 725 et
896 673 1346 741 prmdestinatione
1371 672 1485 727 Dei.
1508 673 1721 727 Discre-

217 742 287 795 tio
315 740 595 812 elegorum
623 752 669 795 et
699 742 1028 810 reproborum
1058 744 1111 795 in
1140 740 1305 795 Iacob
1331 753 1377 795 et
1412 742 1555 797 Esau
1582 743 1720 812 ﬁgu-

138 838 141 843 λ
215 821 353 865 rata.
386 809 584 865 Electio
614 809 861 881 gratuita,
897 812 1186 880 reprobatio
1214 812 1381 881 juxta.

217 943 369 999 Hanc
398 950 657 998 mternam
686 950 742 996 et
768 942 1262 997 incommutabilem
1296 941 1723 1012 prtedestinatio-

143 1052 267 1096 nem
313 1036 409 1092 Dei
459 1036 526 1091 de
570 1044 798 1105 utraque
832 1035 1077 1100 civitate,
1120 1036 1173 1090 id
1209 1043 1293 1090 est
1332 1034 1625 1089 electorum
1668 1043 1724 1089 et

143 1127 495 1198 reproborum
513 1166 528 1193 ,
562 1125 623 1179 B.
648 1126 813 1180 lsaias
840 1125 1101 1196 pr0pheta
1130 1125 1182 1179 in
1213 1125 1317 1179 ﬁne
1346 1124 1527 1179 saeculi
1554 1124 1724 1179 adim-

141 1221 392 1292 plendam
425 1219 577 1275 miris
607 1218 853 1273 laudibus
875 1226 929 1273 et
957 1218 1314 1273 exsultatione
1353 1217 1721 1288 prosequitur,

144 1315 331 1370 dicens
358 1333 371 1368 :
408 1333 427 1367 ‹
462 1314 687 1369 Domine
722 1313 867 1369 Deus
894 1329 1044 1368 meus
1070 1322 1149 1379 tu,
1177 1313 1426 1369 exaltabo
1456 1322 1529 1379 te,
1557 1316 1725 1369 conﬁ-

144 1408 299 1462 tebor
321 1406 527 1460 nomini
555 1413 647 1460 tuo
666 1445 680 1470 ,
705 1405 960 1475 quoniam
991 1404 1164 1461 fecisti
1195 1405 1461 1460 mirabilia
1480 1446 1496 1471 ,
1522 1406 1723 1476 cogita-

142 1498 317 1553 tiones
343 1497 595 1567 antiquas
620 1496 824 1561 ﬁdeles,
848 1511 1003 1551 amen
1032 1494 1166 1567 (Isa.
1195 1511 1319 1561 xxv,
1353 1498 1426 1569 l).
1456 1515 1474 1548 ι
1507 1497 1574 1551 Et
1600 1512 1725 1551 mox

140 1592 208 1647 de
233 1590 455 1645 civitate
484 1589 771 1660 impiorum
799 1607 811 1643 :
850 1607 869 1641 ι
901 1587 1036 1656 Quia
1066 1589 1325 1658 posuisti,
1356 1589 1563 1658 inquit,
1592 1589 1723 1643 civi-

142 1690 307 1736 tatem
346 1680 400 1734 in
439 1681 760 1746 tumultum,
791 1679 975 1734 urbem
1016 1679 1209 1735 fortem
1257 1679 1313 1735 in
1353 1681 1599 1746 ruinam,
1631 1682 1725 1736 do-

141 1788 289 1827 mum
316 1772 652 1836 alienorum,
683 1779 743 1826 ut
770 1787 876 1826 non
908 1773 982 1827 sit
1022 1772 1244 1837 civitas,
1276 1784 1330 1827 et
1362 1772 1414 1826 in
1444 1774 1726 1842 sempiter-

1106 383 1196 439 DE
1231 381 1557 437 TENENDA
1600 382 2020 438 SCRIPTURE
2060 382 2432 439 VERITATE.

3252 384 3399 439 {098

1746 503 1797 560 Α
1831 516 1849 548 ι
1894 496 2089 551 Anima
2117 496 2262 553 enim
2290 512 2522 568 nequam
2564 498 2837 567 disperdet
2864 512 2986 554 eum
3017 498 3108 568 qui
3138 513 3196 554 se
3216 498 3400 566 habet,

1822 589 1948 645 etin
1976 590 2229 660 gaudium
2256 591 2460 647 inimici
2486 593 2577 647 dat
2604 592 2773 658 illum,
2805 603 2859 647 et
2891 593 3119 648 deducet
3168 592 3313 648 illum
3344 595 3400 649 in

1824 681 2336 750 sortem'impiorum
2376 681 2567 753 (Eccli.
2594 698 2668 749 vi,
2696 683 2774 753 1),
2815 702 2834 735 ι
2868 683 3150 739 manifeste
3197 683 3405 740 scilicet

1825 772 2202 839 reproborum.
3382 774 3383 777 ‘

1847 858 1853 862 ’
1896 859 2003 914 Sed
2040 870 2097 915 et
2146 861 2199 916 in
2244 860 2365 918 aliis
2415 861 2708 933 Scriptura:
2754 872 2956 920 sancta:
2995 863 3127 919 locis
3151 882 3265 920 sors
3308 882 3407 937 pro

1819 949 1953 1019 justi
1982 950 2338 1006 retributione
2356 951 2542 1022 judicii
2568 952 2622 1006 in
2659 963 2811 1023 parte
2842 954 3195 1024 reproborum
3233 956 3407 1026 posita

1826 1036 2118 1105 invenitur,
2146 1040 2283 1096 sicut
2321 1041 2374 1095 in
2423 1041 2559 1097 Isaia
2587 1041 2654 1096 ad
2698 1040 2907 1109 plebem
2952 1044 3235 1113 reprobam
3269 1045 3411 1100 Deus

1827 1126 2001 1182 dicit:
2046 1147 2064 1179 ι
2118 1128 2246 1184 Haec
2274 1139 2357 1185 est
2404 1146 2533 1202 pars
2577 1141 2689 1196 tua,
2719 1147 2945 1203 sorsque
2994 1149 3261 1189 mensura:
3306 1144 3413 1189 tum

1828 1216 1967 1287 (Isa.
1995 1234 2125 1285 Lvn,
2151 1221 2228 1291 7).
2261 1240 2279 1273 ι
2316 1221 2383 1276 Et
2415 1223 2481 1277 de
2511 1210 2744 1278 i'nimicis
2769 1222 2952 1293 populi
2987 1223 3081 1279 Dei
3111 1224 3251 1279 idem
3279 1238 3410 1296 pro-

1826 1308 1990 1377 pheta
2018 1310 2132 1364 ait:
2170 1329 2188 1362 ι
2251 1311 2377 1369 Ηςεο
2423 1321 2507 1369 est
2533 1328 2660 1384 pars
2698 1328 2908 1381 eorum,
2946 1313 3036 1383 qui
3067 1322 3415 1369 vastaverunt

1826 1415 1947 1466 nos,
1979 1410 2033 1455 et
2070 1417 2189 1458 sors
2217 1403 2583 1475 diripientium
2629 1421 2727 1460 nos
2750 1405 2885 1477 (Isa.
2928 1423 3061 1472 xvn,
3094 1407 3202 1477 18).
3250 1425 3269 1458 ›
3305 1406 3412 1463 Ve-

1830 1492 1911 1546 nit
1942 1509 2073 1566 ergo
2107 1514 2126 1546 ι
2175 1504 2403 1567 utraque
2431 1514 2574 1565 sors,
2623 1518 2640 1551 ι
2673 1500 2725 1553 id
2754 1507 2858 1565 est,
2901 1508 2956 1555 et
2988 1500 3169 1570 populi
3216 1501 3309 1555 Dei
3359 1509 3417 1557 et

1827 1599 2015 1641 eorum
2039 1587 2133 1658 qui
2164 1588 2325 1645 alieni
2347 1590 2660 1660 judicantur
2702 1606 2732 1644 a
2774 1590 2971 1661 pepulo
3000 1591 3117 1657 Dei,
3154 1608 3174 1642 σ
3220 1591 3273 1645 in
3303 1599 3417 1647 sta-

1829 1685 2004 1731 tutum
2047 1697 2065 1729 ι
2086 1719 2101 1743 ,
2129 1679 2379 1735 videlicet
2404 1689 2481 1745 ut,
2518 1681 2936 1751 quemamodum
2965 1690 3226 1735 statutum
3250 1690 3330 1735 est
3360 1681 3415 1736 in

1833 1768 2046 1824 occulto
2070 1770 2273 1838 judicio
2300 1770 2394 1825 Dei
2417 1772 2482 1826 de
2518 1772 2801 1841 utriusque
2826 1772 3081 1835 sortibus,
3119 1771 3173 1825 id
3202 1782 3308 1836 est,
3333 1772 3414 1826 ci-

141 1878 269 1917 num
306 1878 426 1917 non
477 1862 773 1917 mdiﬁcetur
815 1862 1011 1934 (Ibid.,
1051 1863 1136 1934 2);
1169 1883 1187 1914 ›
1236 1864 1326 1918 ubi
1378 1872 1433 1918 et
1482 1864 1549 1918 de
1600 1863 1732 1917 civi-
1760 1853 1809 1915 B
1836 1859 2021 1913 vitatis
2049 1859 2144 1914 Dei
2167 1868 2222 1915 et
2247 1860 2481 1915 civitatis
2512 1862 2733 1925 diaboli,
2756 1862 2888 1931 ipsis
2920 1862 3083 1916 rebus
3109 1861 3419 1932 expleretur

143 1961 251 2007 tate
274 1954 488 2024 piorum
516 1953 773 2007 continuo
796 1951 1037 2023 adjungit
1064 1971 1076 2004 :
1117 1973 1134 2006 ‹
1168 1954 1342 2022 Super
1366 1954 1468 2009 hoc
1493 1954 1731 2008 laudabit

142 2052 195 2099 te
224 2044 455 2114 populus
489 2043 669 2109 fortis,
702 2044 894 2099 civitas
928 2044 1165 2114 gentium
1197 2046 1540 2100 robustarum
1573 2046 1729 2100 time-

137 2132 222 2186 bit
252 2140 305 2187 te
338 2150 350 2185 :
379 2133 508 2201 quia
552 2132 728 2188 factus
773 2148 834 2189 es
880 2133 1140 2190 fortitudo
1182 2136 1428 2204 pauperi,
1471 2135 1730 2191 fortitudo

140 2230 316 2291 egeno
340 2222 397 2276 in
424 2222 769 2278 tribulatione
798 2239 893 2279 sua
924 2242 936 2278 :
970 2239 1094 2295 spes
1120 2239 1151 2278 a
1181 2225 1412 2289 turbine,
1444 2226 1731 2280 umbracu-

137 2309 251 2366 lum
307 2312 377 2366 ab
434 2320 567 2367 aestu
612 2312 799 2382 (Ibid.,
846 2313 898 2377 3,
954 2314 1033 2385 4).
1091 2334 1110 2366 ι
1177 2315 1288 2369 Has
1344 2315 1477 2370 duas
1522 2324 1728 2384 partes,

141 2403 440 2458 electorum
480 2403 728 2459 videlicet
756 2413 812 2458 et
854 2406 1240 2474 reproborum,
1282 2420 1536 2461 mensura
1565 2408 1733 2476 :equi-

142 2495 270 2550 tatis
292 2493 425 2563 justi
450 2494 639 2563 judicii
674 2496 764 2551 Dei
785 2496 1008 2553 alteram
1041 2497 1390 2568 perdendam,
1419 2507 1475 2553 et
1503 2499 1731 2553 alteram

142 2584 484 2650 salvandam,
500 2586 818 2642 mirabiliter
839 2587 1002 2641 etiam
1030 2588 1085 2641 in
1115 2587 1252 2643 libro
1279 2588 1481 2659 ltegum
1504 2587 1735 2658 legimus

143 2676 478 2746 designatas,
533 2676 626 2731 ubi
666 2685 718 2732 et
768 2678 835 2733 de
884 2678 1047 2733 beato
1076 2678 1243 2733 David
1291 2679 1551 2749 scriptum
1583 2686 1667 2733 est
1714 2696 1728 2732 :

150 2788 170 2819 ί
205 2767 339 2835 Quia
383 2768 657 2839 percussit
682 2768 861 2835 Moab,
902 2778 957 2824 et
991 2784 1210 2826 mensus
1244 2780 1329 2827 est
1357 2786 1452 2826 eos
1494 2771 1733 2827 funiculo

146 2876 435 2930 coaequans
479 2868 658 2916 terrae.
702 2860 918 2916 Mensus
949 2872 1033 2919 est
1058 2873 1239 2919 autem
1266 2864 1401 2919 duos
1443 2864 1732 2930 funiculos,

147 2968 311 3007 unum
360 2953 429 3008 ad
460 2952 815 3009 occidendum
852 2962 908 3008 et
932 2970 1098 3010 unum
1128 2956 1198 3011 ad
1240 2955 1621 3011 viviﬁcandum
1645 2955 1731 3027 (II

148 3043 278 3116 Reg.
303 3062 426 3112 viu,
454 3045 534 3117 2).
574 3065 593 3100 ι
629 3045 761 3113 Quis
798 3048 942 3103 enim
979 3064 1087 3104 non
1130 3060 1390 3121 agnoscat
1416 3066 1604 3106 verum
1631 3052 1733 3106 Da-

148 3134 237 3189 vid
277 3150 400 3192 esse
448 3134 737 3190 Dominum
776 3134 958 3192 Jesum
994 3138 1292 3206 Christum,
1322 3139 1584 3196 Moabitae
1606 3155 1735 3197 vero

1830 1962 1897 2003 ex
1928 1947 2019 2002 illo
2034 1946 2149 2017 jam
2176 1940 2572 2019 tempore,'quo
2604 1951 2672 2005 ab
2695 1951 2918 2005 exordio
2942 1951 3123 2005 mundi
3156 1965 3325 2020 usque
3345 1951 3415 2006 ad

1831 2038 1996 2093 ﬁnem
2024 2040 2206 2094 seaculi
2239 2041 2323 2094 hae
2350 2042 2467 2096 dum
2497 2042 2744 2097 civitates
2772 2043 2945 2096 mista:
2968 2057 3214 2112 corpore,
3240 2051 3421 2097 mente

1835 2130 2043 2195 divise,
2074 2131 2443 2199 temporaliter
2465 2142 2714 2198 currunt;
2743 2134 2919 2187 donec
2945 2133 3254 2188 ad'debitos
3285 2132 3420 2188 ﬁnes

1832 2221 2173 2289 perveniant,
2208 2220 2289 2275 vel
2320 2222 2442 2275 vita:
2479 2234 2715 2289 :etcrnze,
2742 2223 2849 2279 -vel
2896 2224 3088 2278 mortis
3119 2233 3418 2295 perpetum:

1836 2300 1940 2364 lioe
1970 2319 2149 2364 autem
2190 2320 2362 2365 totum
2393 2329 2412 2363 ι
2458 2314 2606 2368 venit
2636 2314 2688 2369 in
2722 2322 2982 2368 statutum
3026 2334 3044 2367 ι
3076 2330 3255 2369 coram
3287 2316 3419 2381 Deo,

1836 2387 1931 2472 qui
1966 2402 2113 2458 solus
2136 2404 2287 2458 novit
2321 2420 2483 2474 quam
2508 2406 2655 2476 juste
2699 2406 2804 2461 ista
2847 2406 3215 2477 disposuerit,
3258 2423 3421 2477 quam

1834 2494 2101 2549 veraciter
2121 2503 2283 2562 atque
2306 2494 2599 2551 efﬁcaciter
2617 2512 2785 2566 usque
2807 2496 2873 2549 ad
2898 2495 3060 2551 ﬁnem
3076 2496 3255 2551 saeculi
3277 2512 3423 2553 com-

1834 2584 2103 2653 pleantur.

1908 2674 2059 2730 Hanc
2088 2675 2489 2751 distinctionem
2520 2679 2687 2734 divini
2726 2678 2917 2748 judicii
2961 2688 3017 2735 et
3068 2680 3420 2751 praedestina-

1839 2764 2025 2829 tionis,
2054 2766 2283 2821 duorum
2309 2742 2563 2824 vid‘elicet
2593 2768 2955 2826 funiculorum
2980 2780 3035 2827 et
3057 2771 3284 2827 duarum
3308 2788 3426 2829 sor-

1840 2854 1995 2921 tium,
2018 2870 2248 2926 quarum
2279 2873 2384 2912 una
2417 2866 2501 2914 est
2526 2860 2707 2931 populi
2744 2860 2926 2928 electi,
2958 2870 3011 2917 et
3034 2862 3203 2918 altera
3231 2865 3424 2935 impio-

1839 2962 1980 3013 rum,
2011 2948 2086 3003 ita
2116 2950 2447 3005 mternaliter
2475 2966 2596 3007 esse
2617 2952 2937 3025 dispositam
2968 2953 3260 3026 praedictus
3290 2956 3427 3015 liber

1838 3038 2260 3097 Ecclesiasticus
2307 3042 2629 3098 mirabiliter
2659 3044 2897 3100 ostendit
2921 3045 3108 3102 dicens
3143 3063 3155 3101 :
3196 3066 3214 3099 ι
3261 3048 3318 3102 ln
3340 3049 3429 3120 ju-

1839 3132 1981 3189 dicio
2026 3135 2121 3191 Dei
2150 3150 2315 3205 opera
2348 3136 2517 3207 ipsius
2541 3139 2610 3192 ab
2660 3138 2815 3195 initio
2864 3149 2921 3196 et
2965 3143 3034 3198 ab
3085 3142 3429 3200 institutione

149 3239 365 3280 omnem
413 3225 810 3282 multitudinem
855 3228 1177 3295 inﬁdelium,
1219 3229 1311 3300 qui
1337 3229 1499 3286 alieni
1524 3241 1652 3287 sunt
1704 3247 1733 3287 a

1841 3223 2081 3295 ipsorum
2133 3226 2381 3281 distinxit
2412 3237 2595 3298 partes
2623 3228 2869 3297 illorum;
2919 3251 2938 3284 ι
2969 3241 3024 3287 et
3066 3232 3194 3289 alibi
3246 3235 3422 3290 dicit:

151 3316 347 3385 p0pulo
376 3315 473 3370 Dei
517 3333 530 3369 :
566 3331 795 3386 quorum
825 3318 954 3373 dum
981 3320 1118 3376 alios
1156 3318 1307 3389 justo
1335 3330 1391 3377 et
1415 3323 1626 3379 occulto
1652 3322 1740 3394 ju-

151 3403 293 3459 dicio
315 3421 415 3461 suo
436 3408 766 3477 praeordinat
786 3410 853 3465 ad
881 3420 1113 3468 mortem
1140 3422 1421 3481 aeternam,
1445 3415 1580 3471 alios
1607 3432 1739 3474 vero

151 3493 282 3565 legit
331 3506 385 3552 et
424 3509 580 3554 vocat
606 3500 672 3556 ad
710 3502 875 3557 vitam
900 3506 1204 3560 aeternam?
1237 3505 1377 3574 Quid
1405 3508 1550 3563 aliud
1574 3524 1739 3578 quam

150 3587 460 3655 aequissima
479 3588 669 3659 judicii
698 3595 780 3648 sui
814 3610 1065 3650 mensura
1102 3616 1120 3648 ι
1174 3598 1310 3654 duos
1351 3601 1574 3655 metitur
1602 3600 1741 3656 funi-

151 3678 326 3744 culos,
362 3695 529 3735 unum
568 3682 636 3736 ad
664 3684 1014 3740 occidendum
1039 3726 1053 3751 ,
1085 3696 1141 3741 et
1168 3703 1332 3742 unum
1363 3690 1431 3744 ad
1458 3690 1739 3746 viviﬁcan-

151 3768 567 3839 dum?(Esther.
595 3789 651 3838 x,
678 3774 787 3845 10).
818 3792 837 3825 ι
865 3774 970 3830 Sed
993 3777 1261 3832 etinlibro
1283 3778 1479 3835 Esther
1508 3780 1740 3851 idipsum

150 3858 221 3913 de
250 3865 484 3929 utraque
522 3870 705 3931 parte,
739 3872 794 3918 et
827 3863 1124 3920 electorum
1159 3867 1368 3923 scilicet
1392 3878 1449 3923 et
1484 3872 1743 3940 reprobo-

151 3960 296 4011 rum,
337 3954 393 4000 et
444 3948 682 4003 ﬁdelium
730 3959 785 4006 et
814 3952 1131 4021 infidelium,
1167 3955 1267 4010 sub
1314 3956 1485 4026 ﬁgura
1513 3954 1741 4027 duarum

152 4038 381 4093 sortium
428 4041 714 4111 magniﬁce
762 4044 1046 4111 figuratur,
1093 4047 1183 4101 ubi
1234 4046 1300 4102 de
1344 4047 1453 4103 Deo
1480 4050 1743 4120 scriptum

154 4139 239 4185 est
270 4148 282 4184 :
316 4148 336 4181 ‹
385 4131 453 4186 Ει
489 4133 625 4188 duas
674 4143 850 4191 sortes
897 4149 1021 4191 esse
1060 4139 1337 4208 praecepit,
1365 4155 1528 4195 unam
1560 4142 1743 4213 populi

158 4221 255 4278 Dei
282 4231 339 4279 et
367 4223 593 4280 alteram
626 4236 943 4282 cunctarum
968 4229 1208 4299 gentium
1250 4245 1265 4284 :
1296 4233 1551 4303 venitque
1590 4243 1742 4290 utra-

158 4332 261 4386 que
303 4333 424 4373 sors
472 4319 527 4374 in
570 4328 831 4375 statutum
878 4336 945 4375 ex
975 4321 1067 4377 illo
1106 4321 1221 4391 jam
1264 4333 1505 4395 tempore
1560 4343 1743 4385 coram

160 4406 267 4462 Deo
316 4407 507 4479 (Ibid.,
559 4409 680 4482 11);
716 4430 735 4463 ι
781 4426 879 4481 per
917 4422 1118 4468 sortem
1166 4430 1400 4486 namque
1457 4419 1622 4475 divini
1652 4420 1744 4489 ju-

159 4498 280 4553 dicii
315 4502 581 4570 expositio
608 4511 752 4558 recte
779 4503 1114 4575 intelligitur,
1158 4506 1371 4563 dicente
1402 4508 1694 4568 Salomone
1724 4532 1737 4567 :

1851 3334 1869 3367 ι
1915 3316 2177 3373 Dominus
2205 3318 2450 3374 homines
2465 3334 2657 3377 omnes
2676 3321 2743 3375 de
2766 3322 2904 3389 solo,
2928 3332 2983 3378 et
3004 3338 3070 3378 ex
3100 3335 3263 3391 terra,
3287 3328 3431 3383 unde

1844 3419 2065 3465 creatus
2094 3420 2181 3465 est
2212 3410 2409 3475 Adam,
2459 3427 2513 3465 in
2544 3412 2891 3468 multitudine
2919 3415 3218 3485 disciplina:
3252 3417 3431 3473 Domi-

1843 3500 1902 3555 ni
1936 3500 2207 3570 separavit
2230 3515 2347 3565 eos,
2379 3510 2433 3555 et
2460 3501 2768 3558 immutavit
2802 3504 2919 3559 vias
2943 3520 3153 3560 eorum.
3192 3506 3273 3561 Ex
3298 3508 3431 3578 ipsis

1843 3591 2122 3647 benedixit
2150 3600 2204 3645 et
2232 3591 2513 3657 exaltavit,
2545 3603 2600 3648 et
2632 3609 2696 3649 ex
2728 3594 2861 3664 ipsis
2890 3596 3251 3651 sanctiﬁcavit
3273 3606 3328 3652 et
3361 3599 3430 3655 ad

1844 3698 1905 3739 se
1932 3684 2253 3754 applicavit;
2286 3694 2340 3740 et
2369 3700 2437 3741 ex
2464 3686 2595 3756 ipsis
2625 3685 2906 3742 maledixit
2930 3697 2984 3743 et
3011 3688 3339 3757 humiliavit,
3376 3700 3433 3747 et

1844 3776 2114 3829 convertit
2156 3775 2276 3831 illos
2305 3790 2335 3829 a
2362 3776 2706 3846 separatione
2733 3777 2997 3847 ipsorum.
3030 3778 3198 3847 Quasi
3255 3780 3427 3835 lutum

1845 3866 1994 3939 ﬁguli
2029 3867 2085 3922 in
2128 3883 2294 3922 manu
2325 3868 2496 3937 ipsius
2544 3869 2817 3939 plasmare
2847 3870 2976 3925 illud
3016 3881 3072 3926 et
3118 3872 3429 3943 disponere.

1845 3956 2046 4013 Omnes
2073 3957 2171 4012 viae
2197 3956 2312 4026 ejus
2346 3959 2643 4014 secundum
2671 3961 3072 4031 dispositionem
3090 3963 3208 4033 ejus
3234 3965 3423 4038 (Eccli.

1846 4065 2041 4116 χχχιιι,
2076 4050 2164 4115 10,
2195 4050 2284 4117 12,
2319 4050 2405 4117 15,
2444 4050 2547 4123 14).
2596 4070 2615 4103 ι
2653 4050 2791 4107 Huic
2811 4054 3092 4110 sententiae
3120 4056 3297 4112 simile
3341 4068 3429 4114 est

1846 4142 1977 4198 illud
2011 4144 2156 4212 quod
2178 4141 2338 4197 beata
2365 4142 2549 4197 Judith
2578 4143 2632 4197 in
2656 4144 2901 4200 oratione
2929 4161 3027 4201 sua
3056 4148 3123 4202 ad
3154 4148 3321 4202 Deum
3345 4148 3428 4203 di-

1846 4234 1949 4290 cit:
1984 4253 2004 4287 ι
2047 4234 2128 4289 Tu
2157 4234 2302 4289 enim
2332 4232 2507 4291 fecisti
2543 4237 2748 4305 priora,
2779 4245 2835 4291 et
2866 4236 2955 4291 illa
2985 4248 3108 4308 post
3142 4239 3235 4294 illa
3279 4242 3429 4312 cogi-

1847 4326 1971 4382 tasti
1996 4366 2013 4392 ,
2056 4334 2112 4381 et
2157 4328 2259 4382 hoc
2306 4324 2509 4381 factum
2538 4335 2622 4382 est
2652 4329 2795 4397 quod
2826 4328 2940 4397 ipse
2980 4329 3219 4397 voluisti,
3253 4342 3307 4387 et
3336 4343 3427 4391 tua

1841 4417 2113 4489 judiciain
2133 4428 2219 4472 tua
2239 4418 2578 4488 providentia
2601 4420 2827 4489 posuisti
2857 4418 3086 4488 (Judith,
3105 4438 3179 4487 ix,
3210 4423 3264 4489 4,
3293 4425 3370 4496 5).
3404 4446 3423 4479 ι

1919 4508 2092 4576 Quam
2118 4521 2247 4562 vero
2275 4517 2477 4562 aeterna
2504 4507 2613 4561 sint
2640 4506 2756 4575 ejus
2792 4511 3128 4578 prmscientia
3157 4520 3212 4566 et
3253 4518 3430 4585 provi-

164 4606 182 4639 ι
221 4587 409 4647 Sortes
448 4593 734 4647 mittuntur
762 4594 816 4648 in
844 4595 1047 4661 sinum,
1080 4598 1173 4653 sed
1204 4615 1233 4652 a
1274 4600 1501 4657 Domino
1530 4612 1734 4675 tempe-
1764 4579 1819 4641 Ῑ)
1846 4597 2054 4662 (lentia,
2092 4605 2147 4650 et
2174 4596 2665 4665 prmdestinationis
2686 4596 2911 4665 judicia,
2941 4599 3082 4653 idem
3119 4579 3269 4655 liber.
3302 4604 3430 4661 alibi

158 4695 345 4741 rantur
392 4687 574 4758 (Prov.
602 4704 715 4756 xvr,
742 4689 854 4760 55).
892 4710 911 4743 ι
939 4692 1007 4746 Ει
1052 4695 1394 4764 omnipotens
1434 4698 1575 4754 Deus
1602 4702 1735 4758 duas

156 4785 326 4833 sortes
351 4791 475 4834 esse
493 4780 768 4851 praecepit,
791 4796 951 4836 unam
979 4783 1159 4853 populi
1182 4785 1297 4850 Dei,
1315 4787 1367 4842 id
1388 4796 1472 4843 est
1492 4790 1735 4847 omnium

154 4864 469 4933 electorum,
498 4878 553 4924 et
596 4870 825 4925 alteram
856 4884 1172 4929 cunctarum
1194 4878 1456 4944 gentium,
1491 4882 1732 4937 omnium

156 4956 400 5014 videlicet
430 4962 783 5031 reproborum
816 4980 829 5016 :
860 4971 915 5018 et
944 4974 1201 5036 utrasque
1222 4977 1404 5038 partes
1427 4970 1615 5041 judicii
1649 4975 1733 5029 sui

136 5057 298 5105 sorte
324 5050 595 5117 distinxit,
628 5062 688 5108 ut
713 5052 803 5107 alii
828 5064 1011 5110 essent
1040 5058 1092 5110 in
1127 5066 1309 5126 partes
1340 5060 1503 5115 sortis
1527 5071 1742 5117 sancto-

159 5154 294 5209 rum,
328 5143 423 5199 alii
450 5160 579 5201 vero
620 5146 673 5201 in
720 5155 900 5217 pastas
946 5148 1111 5204 sortis
1139 5150 1447 5219 impiorum.
1488 5152 1621 5209 Esse
1655 5163 1737 5209 et-

160 5236 298 5291 enim
326 5238 462 5293 duas
482 5248 680 5303 sortes,
705 5241 758 5295 id
783 5248 867 5297 est
894 5250 1095 5298 sortem
1118 5252 1427 5301 sanctorum
1456 5255 1511 5301 et
1538 5257 1739 5304 sortem

160 5323 470 5398 impiorum,
516 5341 702 5401 aperte
753 5331 1034 5403 Scriptura
1084 5348 1183 5389 nos
1228 5335 1405 5401 docet,
1439 5351 1563 5391 cum
1612 5338 1742 5393 dicit

160 5417 442 5488 Apostolus
454 5421 520 5477 de
534 5424 735 5493 prima:
757 5444 775 5475 ι
795 5424 893 5491 Qui
911 5424 1101 5497 dignos
1111 5441 1209 5481 nos
1224 5426 1349 5482 fecit
1364 5427 1417 5481 in
1431 5438 1614 5499 partes
1624 5445 1741 5485 sor-

164 5510 230 5564 tis
257 5522 569 5570 sanctorum
597 5515 651 5570 in
682 5515 883 5571 lumine
916 5534 929 5569 :
963 5517 1054 5586 qui
1104 5517 1304 5587 eripuit
1349 5533 1447 5573 nos
1494 5518 1561 5575 de
1589 5529 1739 5591 pote-

164 5611 299 5658 state
321 5605 691 5671 tenebrarum,
718 5615 775 5661 et
803 5607 1079 5663 transtulit
1113 5608 1167 5662 in
1190 5624 1413 5679 regnum
1444 5609 1563 5665 Filii
1603 5611 1738 5666 dile-

165 5693 357 5751 ctionis
379 5713 489 5753 suae
519 5696 654 5769 (Col.
685 5714 727 5763 ι,
756 5699 843 5765 12,
869 5699 991 5771 15);
1031 5720 1049 5752 ι
1080 5715 1201 5770 quae
1252 5710 1339 5757 est
1390 5703 1575 5773 utique
1623 5720 1742 5761 sors

164 5786 338 5852 populi
368 5785 483 5855 Dei;
514 5786 651 5843 etde
671 5788 842 5844 altera
864 5789 1071 5844 inlibm
1086 5789 1464 5847 Ecclesiastico
1480 5792 1736 5865 legimus:

560 5882 809 5942 Pauor.
884 5882 1113 5944 CXXI.

1844 4690 2119 4756 ostendit,
2177 4691 2391 4745 dicens:
2442 4709 2459 4742 ι
2508 4691 2737 4745 Domino
2783 4692 2928 4747 enim
2984 4693 3090 4749 Deo
3139 4705 3426 4767 antequam

1843 4791 2179 4849 crearentur,
2206 4783 2388 4837 omnia
2413 4783 2627 4853 agnita;
2657 4782 2737 4838 sic
2763 4794 2816 4839 et
2856 4793 2977 4855 post
3008 4787 3313 4858 perfectum
3343 4805 3427 4845 re-

1841 4874 2000 4945 spicit
2021 4875 2222 4929 omnia.
2249 4873 2423 4944 Opera
2454 4875 2631 4930 omnis
2664 4877 2847 4931 carnis
2876 4893 3058 4933 coram
3086 4880 3197 4947 illo,
3232 4889 3287 4936 et
3318 4897 3427 4938 non

1842 4979 1928 5025 est
1953 4970 2248 5042 quidquam
2279 4972 2652 5027 absconditum
2682 4974 2751 5028 ab
2776 4974 2947 5029 oculis
2982 4975 3117 5044 ejus.
3150 4979 3194 5031 A
3231 4981 3425 5037 sacculo

1843 5070 1898 5118 et
1923 5077 2095 5131 usque
2120 5064 2173 5117 in
2206 5063 2458 5119 saeculum
2480 5064 2716 5134 respicit,
2746 5073 2801 5119 et
2828 5065 2961 5119 nihil
2990 5075 3071 5121 est
3097 5068 3343 5126 mirabile
3368 5072 3422 5126 in

1844 5162 2137 5224 conspectu
2165 5152 2300 5222 ejus.
2331 5152 2447 5209 Non
2476 5161 2561 5209 est
2586 5154 2797 5209 dicere:
2848 5154 2988 5223 Quid
3013 5166 3096 5212 est
3136 5157 3239 5214 hoc
3262 5200 3276 5224 ,
3333 5170 3427 5216 aut

1844 5245 1973 5315 quid
2003 5253 2085 5301 est
2113 5244 2243 5299 illud
2276 5263 2287 5298 :
2322 5244 2502 5299 omnia
2524 5246 2669 5301 enim
2699 5246 2751 5300 in
2776 5254 3020 5318 tempore
3047 5264 3145 5307 suo
3173 5267 3421 5324 quaeren-

1845 5349 1951 5394 tur.
1982 5337 2096 5394 Non
2122 5339 2363 5409 praeterit
2387 5339 2536 5394 illum
2565 5341 2743 5396 omnis
2766 5341 3054 5412 cogitatus,
3082 5352 3138 5400 et
3158 5361 3263 5401 non
3296 5348 3423 5403 abs-

1844 5432 2029 5488 condit
2060 5446 2118 5488 se
2147 5432 2215 5487 ab
2238 5448 2305 5488 eo
2327 5432 2466 5488 ullus
2493 5448 2693 5489 sermo.
2718 5434 2982 5507 Magnalia
3005 5440 3284 5509 sapientia:
3310 5454 3421 5495 sua:

1841 5526 2141 5593 decoravit,
2172 5542 2293 5596 qute
2314 5535 2399 5583 est
2427 5536 2553 5583 ante
2583 5528 2835 5584 saeculum
2867 5539 2921 5585 et
2947 5548 3117 5602 usque
3154 5532 3211 5587 in
3254 5546 3426 5589 secu-

1843 5615 1975 5681 lum,
2020 5632 2192 5685 neque
2223 5617 2490 5688 abjectum
2527 5626 2644 5682 est,
2678 5634 2856 5689 neque
2898 5622 3185 5687 minuitur,
3221 5629 3276 5675 et
3317 5638 3424 5679 non

1844 5718 1968 5777 eget
2004 5707 2231 5776 alicujus
2285 5707 2528 5763 consilio.
2562 5707 2674 5763 Viae
2695 5710 2905 5765 illorum
2934 5726 3113 5766 coram
3153 5711 3268 5780 ipso
3298 5723 3424 5769 sunt

1846 5815 2080 5869 semper,
2114 5817 2219 5856 non
2251 5811 2375 5857 sunt
2406 5802 2679 5858 absconsa‘.
2703 5804 2769 5857 ab
2797 5804 2967 5859 oculis
2999 5802 3195 5873 ipsius;
3222 5812 3275 5859 et
3304 5820 3423 5860 om-

2912 5899 2986 5961 38
