3966 6334
534 364 674 442 i099

1527 377 1585 433 s.
1625 375 1885 432 numen
1922 362 2409 431 LUGDUNENSIS
2446 359 2761 433 EPlSCOPi

3671 367 3806 433 ηοξ)

533 502 624 559 nia
637 457 811 573 opera
832 497 1046 555 illorum
1070 495 1218 553 velut
1247 496 1329 553 sol
1358 496 1412 552 in
1435 501 1723 564 conspectu
1751 491 1875 546 Dei:
1905 497 1958 544 et
1984 505 2111 544 ocu-
2138 495 2186 554 Α
2213 487 2423 545 eii‘abiie
2447 489 2764 559 mysterium
2790 490 2977 545 aeterni
3022 488 3225 559 iudicii,
3261 500 3371 549 tam
3398 492 3453 548 in
3495 500 3665 564 parte
3696 495 3805 551 eie-

534 593 571 648 ii
601 591 717 662 eius
756 593 873 649 sine
902 588 1308 645 intermissione
1346 586 1697 657 inspicientes
1738 582 1792 637 in
1821 582 1925 636 viis
1967 582 2112 652 ipso.

537 700 656 740 rum
708 682 897 757 (Ec-cli.
944 697 1112 745 nun,
1144 681 1247 747 29;
1283 694 1479 744 χχιιι,
1534 677 1639 742 24,
1684 675 1784 743 26;
1839 690 1976 740 mi,
2019 672 2110 741 20,

533 775 739 838 22,15,
784 772 894 843 16).
943 791 962 824 ι
1032 771 1191 828 Certe
1244 771 1358 842 ipsa
1402 779 1603 824 aeterna
1652 774 1708 822 et
1756 766 2115 838 incommuta-

531 863 655 921 bilis
701 863 916 918 Veritas
967 862 1225 918 Dominus
1278 869 1463 917 noster
1525 858 1682 914 Jesus
1734 857 1984 913 Christus
2042 857 2111 933 de

531 954 651 1024 lege
680 961 735 1008 et
766 952 1050 1023 prophetis
1085 952 1393 1007 ﬁrmissime
1418 948 1676 1014 inculcat,
1710 947 1923 1002 dicens:
1958 964 1976 997 ‹
2015 944 2109 999 Di-

529 1047 596 1102 co
622 1045 767 1101 enim
793 1045 967 1111 vobis,
998 1045 1124 1114 quia
1152 1045 1324 1099 donec
1370 1049 1609 1098 transeat
1658 1038 1854 1096 coelum
1903 1047 1958 1094 et
2004 1045 2112 1094 ter-

528 1153 611 1201 ra,
644 1137 751 1191 iota
776 1151 943 1189 unum
974 1143 1065 1189 aut
1085 1150 1222 1191 unus
1247 1148 1385 1203 apex
1414 1148 1521 1188 non
1549 1131 1847 1203 prieteribit
1878 1146 1945 1186 ex
1971 1130 2107 1201 lege,

531 1230 701 1284 donec
728 1229 906 1282 omnia
938 1227 1068 1282 ﬁant
1106 1226 1323 1299 (Matth.
1351 1240 1404 1291 v,
1434 1225 1543 1295 i8).
1566 1243 1584 1276 ι
1620 1222 1687 1278 Ει
1708 1223 1900 1277 iterum
1927 1239 1940 1275 :
1974 1240 1991 1273 ‹
2013 1220 2114 1275 Fa-

530 1319 688 1375 cilius
730 1326 813 1373 est
843 1318 1040 1372 omium
1073 1326 1129 1372 et
1158 1326 1358 1371 terram
1386 1314 1618 1370 transire
1646 1354 1661 1379 ,
1694 1322 1856 1382 quam
1893 1312 1959 1366 de
1995 1311 2110 1382 iege

528 1424 691 1461 unum
722 1407 931 1476 apicem
968 1405 1162 1462 cadere
1188 1405 1340 1477 (Luc.
1370 1419 1480 1468 xvr,
1513 1401 1622 1473 Π).
1671 1420 1691 1454 ι
1724 1398 1793 1455 Et
1825 1401 1891 1455 de
1932 1399 2112 1456 verbis

526 1497 657 1552 Novi
688 1495 1043 1560 Testamenti,
1072 1496 1127 1550 in
1155 1496 1351 1565 quibus
1373 1488 1560 1563 utique
1600 1504 1705 1547 non
1735 1490 1849 1547 sola
1873 1489 1962 1544 illa
1990 1504 2110 1560 qua:

524 1604 618 1646 ore
649 1590 870 1659 proprio
900 1587 1112 1644 locutus
1132 1595 1235 1654 est,
1271 1587 1365 1642 sed
1392 1587 1556 1642 etiam
1583 1585 1763 1640 omnia
1794 1596 1914 1654 quae
1933 1593 1987 1637 et
2011 1596 2110 1653 per

524 1691 742 1739 Sanctos
790 1680 1063 1752 apostolos
1105 1689 1162 1736 et
1203 1679 1560 1751 evangelistas
1615 1676 1753 1732 dixit
1807 1674 2108 1746 intelligere

523 1777 803 1843 debemus,
840 1777 915 1831 ita
962 1774 1229 1842 aﬂirmat,
1268 1775 1479 1829 dicens:
1517 1788 1536 1823 ι
1581 1769 1752 1824 Amen
1783 1768 1906 1824 dico
1932 1764 2105 1833 vobis,

2217 587 2425 635 ctorum
2457 597 2619 651 quam
2650 584 2814 637 etiam
2844 586 3221 653 reproborum.

2287 671 2439 740 Quod
2468 672 2632 727 etiam
2657 674 3004 732 beatissimus
3034 677 3180 733 Isaac
3223 679 3534 748 patriarcha
3582 690 3809 751 repente

2215 763 2318 819 sibi
2349 764 2563 834 plenius
2597 781 2663 822 ac
2708 766 3027 836 profundius
3070 769 3125 823 in
3176 769 3385 826 duobus
3411 771 3534 826 suis
3574 772 3808 842 geminis

2216 855 2530 920 revelatum,
2580 856 2725 911 velut
2797 873 2920 913 cum
2968 858 3223 928 Apostolo
3290 870 3474 915 mente
3537 862 3809 917 excedens

2216 943 2393 1016 (Rom.
2426 961 2501 1013 χι,
2530 945 2645 1017 55),
2698 965 2716 998 ι
2753 956 2808 1001 et
2837 948 3402 1019 incomprehensibilia
3451 949 3557 1004 Dei
3606 948 3809 1021 iudicia

2214 1046 2374 1106 atque
2399 1038 2797 1110 investigahiies
2831 1040 2947 1094 vias
2980 1058 2997 1093 ι
3030 1041 3430 1112 contemplatus
3464 1060 3485 1092 ι
3528 1042 3755 1112 expavit
3783 1061 3804 1096 ι

2214 1123 2298 1196 (ut
2319 1126 2578 1196 scriptum
2605 1127 2728 1199 est),
2764 1146 2783 1180 ‹
2816 1136 3035 1200 stupore
3050 1131 3375 1193 vehementi,
3400 1141 3457 1187 et
3478 1132 3633 1187 ultra
3654 1149 3809 1203 quan

2212 1217 2357 1271 credi
2383 1224 2578 1287 potest,
2604 1218 2899 1274 admiratus
2919 1229 3020 1275 est.
3047 1241 3066 1275 ι
3090 1221 3272 1293 Neque
3298 1225 3450 1278 enim
3481 1222 3598 1278 hoc
3629 1234 3804 1279 tanto-

2211 1323 2339 1380 pere
2370 1311 2641 1380 stupuisse
2664 1327 2729 1367 ac
2751 1313 2980 1369 miratus
3006 1329 3127 1371 esse
3151 1316 3458 1371 credendus
3486 1326 3607 1382 est,
3633 1316 3681 1371 si
3707 1333 3805 1373 ca:-

2212 1414 2309 1455 cus
2333 1408 2388 1456 et
2415 1402 2536 1471 pius
2560 1410 2736 1473 pater,
2777 1412 2870 1457 aut
2916 1405 3411 1470 verisimilitudine,
3456 1413 3561 1460 aut
3596 1408 3807 1477 propria

2211 1491 2492 1548 affectione
2544 1494 2597 1549 in
2653 1492 3023 1552 discernendis
3055 1498 3181 1552 ﬁliis
3197 1497 3284 1553 vel
3315 1497 3433 1551 falli
3479 1499 3692 1569 potuit,
3734 1500 3809 1554 vd

2209 1592 2397 1639 errare
2467 1581 2618 1655 (Gen.
2682 1600 2852 1652 xxvn,
2902 1584 3015 1657 55),
3071 1588 3165 1643 sed
3220 1589 3402 1643 subito
3454 1589 3808 1648 revelationis

2208 1673 2318 1730 ictu
2366 1690 2463 1731 eor
2506 1674 2622 1744 eius
2668 1677 3048 1747 illuminatum,
3080 1681 3146 1735 ad
3196 1681 3526 1736 memoriam
3576 1683 3806 1746 reduxit,

2210 1766 2339 1838 quid
2371 1768 2551 1823 adhuc
2571 1769 2775 1825 eisdem
2803 1790 2821 1823 ι
2849 1772 3080 1843 geminis
3107 1791 3127 1825 ι
3162 1773 3215 1826 in
3243 1782 3401 1828 utero
3429 1775 3641 1830 matris
3665 1777 3807 1845 pusi-

521 1882 631 1923 non
679 1865 975 1938 praeteribit
1007 1864 1285 1935 generatio
1329 1862 1447 1918 haec
1487 1860 1661 1916 donec
1700 1857 1880 1914 omnia
1943 1857 2101 1912 ﬁant:
2136 1873 2182 1934 Β
2209 1858 2299 1923 tis,
2324 1879 2343 1912 ‹
2368 1874 2513 1926 cum,
2547 1878 2566 1912 ι
2590 1859 2743 1932 iuxta
2764 1859 3101 1934 Apostolum,
3135 1882 3153 1915 ‹
3182 1863 3316 1918 nihil
3339 1864 3600 1934 egissent
3613 1867 3807 1922 bonum

523 1955 718 2011 cmlum
750 1964 804 2010 et
851 1966 996 2011 terra
1030 1953 1374 2019 transibunt,
1409 1951 1575 2007 verba
1619 1955 1799 2003 autem
1845 1950 1962 2002 mea
1999 1962 2105 2002 non

523 2046 832 2102 transibunt
862 2044 1055 2117 (Marc.
1101 2060 1199 2099 xm
1225 2084 1239 2110 ,
1274 2042 1375 2109 50,
1405 2042 1519 2112 51).
1568 2061 1587 2094 ι
1623 2038 1946 2108 Quicunque
1975 2053 2106 2110 ergo

521 2136 688 2193 verba
720 2137 1005 2207 utriusque
1034 2120 1366 2191 Testamehti
1394 2175 1409 2201 ,
1455 2134 1569 2189 sive
1599 2132 1665 2187 de
1706 2139 1860 2201 parte
1899 2130 2105 2185 electo-

524 2245 666 2296 rum,
709 2244 805 2286 seu
845 2228 913 2285 de
947 2236 1103 2300 parte
1132 2227 1484 2298 reproborum
1515 2224 1662 2280 dicta
1707 2224 1849 2288 sint,
1878 2220 2109 2276 ﬁdeliter

521 2321 651 2391 legit
682 2320 768 2376 vel
810 2320 980 2385 audit,
1011 2318 1084 2373 ita
1114 2328 1179 2373 ea
1206 2317 1365 2373 debet
1393 2317 1638 2386 accipere
1665 2321 1720 2370 et
1744 2321 1953 2378 tenere,
1990 2321 2109 2366 tan-

519 2427 683 2483 quam
697 2425 824 2468 vere
837 2410 1169 2468 teternaiiter
1188 2409 1329 2480 apud
1352 2407 1520 2463 Deum
1538 2405 1803 2479 praescita,
1828 2412 1883 2460 et
1900 2414 2106 2476 praeor-

520 2503 736 2570 dinata,
780 2516 847 2559 ac
881 2500 1179 2574 praeﬁnita,
1231 2509 1293 2556 ut
1332 2500 1554 2557 omnino
1611 2498 1769 2555 aliter
1823 2506 1943 2553 esse
1999 2510 2106 2553 non

519 2597 709 2668 possit.

591 2689 730 2759 Quid
757 2700 888 2746 vero
911 2674 1175 2744 illustrius
1193 2682 1248 2742 et
1268 2684 1699 2758 magniﬁcentius
1724 2683 1790 2739 d‘e
1816 2685 2100 2752 utriusque

518 2781 712 2855 partis,
735 2789 791 2838 et
818 2781 1170 2853 reproborum
1195 2780 1402 2835 scilicet
1422 2787 1476 2834 et
1498 2778 1812 2844 electorum,
1838 2786 1893 2832 et
1917 2775 2108 2833 inﬁde-

516 2872 649 2928 lium
677 2878 733 2929 et
773 2872 1041 2928 ﬁdelium:
1071 2884 1300 2942 quorum
1329 2870 1441 2938 alii,
1488 2883 1556 2926 ne
1582 2870 1898 2940 mysterium
1925 2867 2108 2924 Domi-

514 2963 623 3019 ﬁici
647 2966 928 3029 adventus,
953 2972 1008 3019 et
1026 2964 1342 3035 priusquam
1370 2960 1811 3019 manifestat-etut
1836 2956 1891 3014 in
1916 2970 2101 3027 carne,

516 3062 571 3110 et
594 3066 778 3127 postea
812 3071 979 3127 usque
1027 3057 1095 3111 ad
1123 3055 1284 3110 linem
1314 3055 1494 3111 saeculi
1532 3066 1825 3126 agnoscere
1859 3061 2102 3126 possent,

519 3145 711 3200 merito
742 3145 1008 3215 superbiae
1039 3146 1302 3201 excmcari
1353 3154 1407 3200 et
1442 3145 1667 3215 repelli,
1720 3144 1810 3200 alii
1849 3154 1944 3216 per
1973 3160 2099 3218 gra-

2208 1961 2302 2009 aut
2333 1954 2559 2019 malum,
2590 1973 2609 2008 ι
2643 1962 2700 2010 et
2726 1962 2910 2012 tamen
2958 1957 3117 2012 ambo
3146 1968 3249 2011 una
3280 1965 3336 2013 et
3363 1958 3489 2027 pari
3520 1960 3807 2030 originalis

2207 2055 2391 2100 reatus
2438 2044 2780 2103 damnatione
2822 2040 3138 2103 tenerentur
3181 2049 3414 2115 astricti,
3470 2050 3597 2106 sola
3646 2052 3803 2107 divini

2200 2131 2389 2202 iudicii
2410 2133 2733 2191 discretione
2755 2137 2958 2193 dictum
2984 2137 3165 2205 fuerit,
3194 2156 3215 2190 ι
3245 2139 3372 2209 quia
3398 2140 3591 2215 major
3611 2144 3809 2197 serviet

2207 2223 2423 2290 minori,
2459 2243 2478 2276 ι
2512 2226 2654 2294 quod
2706 2236 2894 2298 postea
2951 2227 3289 2284 manifestius
3329 2236 3436 2301 per
3481 2232 3809 2302 prOpbetm

2208 2313 2352 2370 Deus
2401 2315 2657 2384 inculcat,
2693 2316 2920 2374 dicens:
2960 2339 2977 2371 ‹
3004 2318 3169 2375 Jacob
3213 2320 3402 2387 dilexi,
3444 2318 3592 2377 Esau
3618 2334 3809 2381 autem

2207 2404 2332 2461 odio
2351 2404 2512 2462 habui
2536 2405 2688 2476 (Gen.
2715 2422 2852 2476 xxv;
2880 2407 3033 2464 Rom.
3054 2426 3133 2477 ix;
3161 2409 3293 2465 Hal.
3324 2415 3388 2482 ι).
3416 2433 3437 2466 ι
3472 2412 3597 2469 Eme
3618 2416 3812 2488 itaque

2207 2495 2386 2551 subita
2414 2496 2636 2567 spiritus
2667 2498 3027 2557 iilustratione
3049 2509 3266 2558 sanctus
3296 2504 3629 2574 patriarcha
3659 2519 3810 2563 reco-

2207 2586 2345 2656 lens,
2391 2596 2447 2644 et
2493 2588 2820 2663 intelligens,
2850 2593 2988 2647 vidit
3032 2593 3084 2648 in
3132 2595 3345 2651 duobus
3368 2610 3479 2651 uno
3506 2600 3805 2656 concubitu

2207 2680 2361 2747 satis,
2390 2681 2510 2753 pari
2536 2683 2725 2752 prima:
2752 2684 3210 2754 praevaricationis
3236 2688 3567 2746 conditione
3591 2691 3809 2748 (ιιιιιιιι-

2207 2773 2296 2837 tis,
2338 2774 2570 2829 nebd'um
2611 2775 2778 2841 natis,
2824 2778 3050 2834 necdum
3092 2780 3313 2850 proprio
3342 2778 3477 2837 actu
3506 2784 3805 2857 quidquam

2206 2863 2358 2928 boni,
2386 2861 2473 2920 vel
2501 2863 2627 2920 maii
2674 2866 3006 2936 promeritis,
3035 2866 3282 2926 mirabile
3310 2881 3367 2926 et
3393 2872 3659 2929 terribile
3675 2875 3803 2943 indi-

2205 2956 2349 3011 cium
2384 2952 2501 3023 Dei,
2542 2954 2812 3023 Videlicet,
2844 2964 2904 3014 ut
2934 2960 3095 3014 unum
3125 2959 3295 3033 gratis
3339 2963 3609 3036 diligeret
3639 2978 3693 3022 et
3716 2969 3806 3024 eii-

2206 3056 2377 3119 geret,
2399 3048 2627 3105 alterum
2652 3049 2792 3120 iuste
2822 3051 3024 3107 odisset
3066 3060 3131 3108 ac
3169 3055 3544 3124 reprobaret:
3578 3078 3600 3110 ς
3635 3060 3700 3115 Et
3721 3076 3803 3116 γε-

2206 3139 2284 3195 lut
2306 3141 2497 3213 ﬁgulus
2516 3151 2837 3212 potestatem
2869 3145 3073 3201 habens
3102 3162 3170 3202 ex
3194 3149 3385 3204 eadem
3413 3167 3609 3207 massa
3640 3152 3804 3210 facere

519 3234 645 3288 tiam
703 3242 757 3288 et
807 3236 1066 3304 pietatem
1108 3236 1232 3291 ﬁdei
1281 3235 1572 3290 illuminari
1623 3242 1937 3291 merueran
1965 3278 1979 3303 ,
2015 3235 2101 3291 vel
2127 3227 2174 3292 C
2203 3231 2345 3287 aliud
2369 3233 2585 3302 quidem
2612 3240 2708 3290 vas
2734 3235 2786 3289 in
2819 3236 3100 3304 honorem,
3139 3245 3195 3293 et
3244 3238 3393 3294 aliud
3426 3241 3486 3295 in
3524 3253 3803 3300 contume-

510 3321 657 3392 justa
700 3323 1034 3395 reiectione,
1081 3324 1162 3379 vel
1212 3325 1450 3396 gratuita
1498 3324 1799 3392 electione,
1855 3324 1959 3380 dici
2010 3334 2103 3381 aut

513 3415 882 3493 commendari
903 3415 1096 3486 potuit,
1144 3428 1306 3486 quam
1335 3416 1477 3484 quod
1500 3416 1613 3486 ipse
1643 3415 1904 3471 Dominus
1931 3424 1951 3468 ι
1986 3406 2104 3471 ma-

512 3507 603 3577 gni
642 3508 853 3564 consilii
909 3507 1132 3580 angelus
1175 3524 1234 3575 ι,
1287 3509 1338 3564 id
1375 3514 1496 3574 est,
1560 3518 1801 3581 paterna":
1858 3522 1922 3564 ac
1991 3519 2103 3565 sua:

509 3610 728 3655 aeterna:
783 3600 1073 3655 voluntatis
1134 3599 1310 3655 ﬁdelis
1378 3601 1533 3656 testis
1591 3616 1655 3655 ac
1720 3602 1986 3668 nuntius,
2045 3602 2101 3657 in

512 3694 803 3767 Evangeiio
827 3696 992 3753 Deum
1016 3694 1231 3752 Patrem
1262 3696 1590 3769 gloriﬁcans,
1625 3699 1782 3768 eique
1825 3684 1987 3770 'supe‘r
2013 3694 2102 3768 iti-

509 3786 608 3841 stis
614 3786 833 3857 iudiciis
847 3788 1047 3859 gratias
1063 3796 1251 3860 agens,
1271 3784 1508 3844 declarat
1521 3798 1682 3859 atque
1697 3790 2004 3855 annuntiat,
2022 3780 2102 3844 di-

507 3878 667 3933 eens:
699 3892 718 3929 ι
760 3877 1071 3935 Conﬁtebor
1102 3879 1219 3947 tibi,
1246 3878 1427 3946 Pater,
1452 3878 1676 3935 Domine
1698 3879 1818 3934 caeli
1842 3887 1896 3934 et
1920 3876 2097 3946 terrae,

508 3980 632 4036 quia
685 3967 1013 4023 abscondisti
1052 3966 1168 4024 haec
1203 3983 1233 4022 a
1266 3967 1600 4039 sapientibus
1628 3977 1685 4023 et
1710 3966 2094 4041 prudentibus,

509 4068 564 4116 et
620 4060 871 4116 revelasti
926 4076 990 4116 ea
1023 4063 1267 4132 parvulis
1321 4062 1473 4135 (Luc.
1531 4079 1587 4127 x,
1622 4063 1740 4133 2i).
1804 4083 1821 4115 ι
1854 4050 1922 4117 Et
1970 4070 2099 4118 mox

509 4158 802 4220 utrumque
831 4160 886 4205 et
909 4152 1328 4206 excaecatiouem
1353 4152 1601 4208 videlicet
1639 4155 2013 4223 superborum,
2044 4163 2100 4209 et

2200 3321 2331 3399 liam
2383 3322 2554 3395 (Rom.
2613 3336 2690 3392 ix,
2730 3325 2845 3399 2i).
2895 3345 2915 3380 ι
2966 3326 3111 3383 Vidit
3139 3338 3288 3385 terte
3334 3330 3390 3386 in
3443 3332 3561 3389 iliis
3606 3336 3799 3391 duci-us

2203 3414 2651 3471 incommutabile
2689 3417 2971 3473 Consilium
3006 3420 3124 3485 Dei,
3173 3402 3296 3476 eum
3345 3438 3456 3479 nec
3507 3426 3799 3483 voienteet

2185 3513 2483 3577 'Satagente
2518 3522 2583 3563 ac
2624 3506 2965 3568 desiderante
3013 3517 3168 3586 patre
3215 3516 3494 3585 potuisset
3542 3521 3799 3580 ullatenus

2202 3598 2344 3666 quod
2366 3598 2682 3667 pr:edictum
2708 3611 2762 3656 et
2787 3603 3223 3671 praedestinatum
3254 3605 3436 3664 fuerat
3460 3616 3671 3670 mutari
3688 3616 3797 3672 :sed

2203 3687 2461 3746 divinitus
2489 3690 2749 3760 disposito
2775 3707 2837 3748 ac
2863 3695 3129 3764 praeﬁnito
3154 3696 3232 3752 rei
3260 3699 3485 3761 ordine,
3520 3707 3691 3761 etiam
3710 3710 3795 3777 per

2201 3779 2535 3836 nescientem
2561 3780 2648 3838 ille
2682 3782 3052 3854 praeferretur,
3090 3787 3184 3842 ille
3227 3788 3687 3863 benediceretur,
3716 3799 3794 3869 qui

2201 3873 2379 3928 adhuc
2422 3872 2474 3928 in
2504 3884 2659 3930 utero
2709 3878 3054 3946 constitutus,
3106 3890 3309 3937 arcano
3338 3880 3442 3940 Dei
3484 3884 3720 3956 judicio,
3749 3898 3794 3944 et

2200 3964 2429 4020 dilectus
2454 3965 2649 4032 fuerat,
2686 3974 2739 4023 et
2764 3969 3037 4038 praelatus.

2271 4054 2419 4111 Vidit
2447 4058 2549 4113 hoc
2576 4059 2627 4112 in
2658 4057 2760 4113 illis
2786 4060 2991 4115 duobus
3024 4069 3131 4116 tam
3160 4062 3367 4133 grande
3389 4076 3447 4123 et
3464 4069 3788 4139 profundum

2199 4148 2516 4219 mysterium
2546 4150 2756 4204 consilii
2798 4152 2891 4207 Dei
2930 4154 3026 4208 :et
3070 4152 3213 4225 quod
3248 4156 3301 4210 in
3336 4158 3446 4213 illis
3498 4161 3641 4217 vidit
3686 4167 3789 4234 ipso

508 4241 957 4298 illuminationem
989 4244 1274 4298 humilium
1299 4244 1364 4298 ad
1394 4255 1676 4310 :cternum,
1710 4252 1765 4301 et
1795 4232 2097 4301 incomitiu-
2200 4241 2545 4296 Γενθιξιίῑοηῖε
2570 4242 3033 4311 ίῐιδιῖηοῑῑιοθιῖθῐη
3061 4248 3113 4302 in
3140 4249 3305 4305 ιοιῖηε
3326 4240 3561 4309 humani
3582 4232 3789 4327 generis

509 4334 672 4390 tabile
699 4334 877 4391 Patris
901 4334 1206 4402 consilium,
1241 4344 1400 4406 atque.
1422 4334 1685 4405 judicium
1715 4350 1835 4391 cum
1884 4348 2095 4392 summa
2197 4331 2521 4387 discretione
2548 4333 2617 4388 ab
2644 4334 2800 4390 initio
2826 4352 2994 4407 usque
3022 4339 3089 4393 ad
3113 4340 3272 4396 ﬁnem
3305 4347 3499 4400 smculi
3525 4346 3648 4403 ﬁeri
3674 4364 3788 4421 cog-

507 4425 666 4481 laude
692 4435 747 4481 et
769 4426 1130 4484 exsultatione
1152 4427 1393 4483 referens
1414 4426 1707 4501 subiungit,
1733 4428 1917 4484 dicens
1945 4448 1998 4482 ε(
2019 4426 2093 4484 Ita
2194 4424 2364 4487 ηονίι,
2392 4424 2505 4478 sive
2531 4424 2587 4479 in
2623 4424 2833 4482 duobus
2853 4429 3065 4499 populis
3094 4431 3540 4493 cireumcisionis
3569 4448 3627 4494 et
3653 4454 3787 4511 pra-

506 4517 692 4584 Pater,
726 4519 984 4589 quoniam
1034 4520 1113 4575 sic
1164 4518 1267 4575 fuit
1313 4520 1567 4590 placitum
1625 4530 1751 4575 ante
1808 4530 1859 4573 te
1904 4518 2090 4591 (lbid.,
2119 4578 2168 4600 ﬁ
2195 4515 2351 4585 putii,
2374 4515 2561 4571 sivein
2586 4520 2730 4572 omni
2754 4522 3080 4591 generaliter
3101 4524 3437 4595 plenitudine
3462 4530 3782 4600 electorum,

506 4610 619 4680 26).
653 4629 672 4662 ι
706 4578 775 4665 Et
804 4626 871 4666 ne
898 4626 957 4665 se
996 4610 1066 4665 ab
1094 4611 1255 4680 huius
1281 4578 1470 4667 aeterni
1505 4612 1737 4678 consilii,
1766 4623 1927 4682 atque
1949 4613 2091 4682 judi-
2118 4578 2171 4643 Β
2196 4617 2291 4662 seu
2352 4610 2726 4679 reproborum,
2776 4612 3025 4669 Videlicet
3074 4578 3214 4684 quod
3263 4633 3457 4673 omnes
3507 4639 3528 4673 ι
3563 4638 3635 4678 ex
3688 4578 3783 4681 um,

506 4704 572 4758 cii
606 4703 882 4759 consortio
928 4718 1208 4773 separasse
1252 4713 1554 4774 putaretur,
1603 4713 1886 4775 postquam
1934 4703 2090 4759 solita
2193 4714 2370 4756 massa
2392 4703 2565 4773 )juste
2594 4702 2847 4760 damnata
2872 4707 3219 4764 descendant.
3251 4708 3407 4776 Quot!
3436 4718 3783 4790 omnipotens

506 4794 709 4864 pietate
738 4793 805 4847 ad
850 4793 1088 4858 Patrem,
1117 4802 1371 4864 tanquam
1416 4795 1483 4849 ad
1519 4809 1704 4848 verum
1735 4806 1845 4848 sua:
1871 4809 2091 4862 genera—
2198 4808 2217 4842 ι
2239 4791 2432 4863 ﬁgulus
2463 4810 2481 4845 ι
2514 4804 2719 4851 aeterno
2752 4805 2807 4852 et
2852 4796 3283 4859 ineommutabili
3317 4805 3554 4862 consilio
3594 4806 3783 4879 iudicii

506 4886 667 4940 tionis
705 4894 984 4940 auctorem
1013 4885 1195 4939 omnia
1247 4884 1450 4950 retulit,
1500 4885 1780 4955 subiunxit
1823 4886 1987 4940 etiam
2024 4886 2087 4941 de
2191 4881 2277 4937 sui
2327 4900 2346 4933 ι
2395 4897 2462 4938 ex
2490 4884 2678 4940 eadem
2706 4902 2884 4942 massa
2924 4909 2942 4942 ι
2980 4889 3114 4948 alios
3156 4891 3325 4950 faciat
3369 4911 3472 4966 per
3512 4899 3779 4967 justitiam

505 4990 585 5038 se,
624 4984 681 5030 et
721 4976 834 5029 ait:
866 4994 885 5027 ι
914 4973 1106 5031 Omnia
1136 4975 1271 5029 mibi
1307 4976 1502 5030 tradita
1544 4985 1672 5030 sunt
1697 4992 1725 5030 a
1773 4972 1933 5032 Patre
1969 4990 2090 5032 meo

508 5065 691 5136 (Ibid.,
723 5067 839 5139 57),
887 5087 906 5121 ι
942 5067 996 5122 id
1035 5075 1202 5123 estet
1250 5066 1339 5121 illa
1370 5067 1436 5121 de
1478 5067 1673 5137 quibus
1720 5067 1921 5122 dictum
1966 5076 2085 5123 est:

511 5172 529 5206 ι
561 5156 898 5215 Abscondisti
926 5159 1042 5213 haee
1079 5174 1111 5213 a
1144 5157 1474 5229 sapientibus
1494 5165 1549 5212 ct
1579 5158 1953 5227 prudentibus,
1982 5177 2002 5210 ι
2031 5165 2085 5213 et

504 5244 595 5299 illa
624 5247 689 5300 de
713 5247 906 5316 quibus
928 5246 1264 5318 adiunctmn,
1295 5264 1314 5298 ‹
1342 5256 1398 5303 et
1421 5247 1670 5301 revelasti
1690 5262 1753 5302 ea
1780 5247 2037 5317 parvulis,
2061 5266 2079 5298 ι

505 5345 567 5392 ut
592 5336 756 5392 etiam
804 5350 926 5394 meo
974 5340 1204 5404 scilicet,
1236 5340 1381 5411 quod
1418 5339 1605 5409 utique
1655 5346 1709 5392 et
1759 5338 1933 5394 Patris
1980 5347 2084 5402 est,

506 5428 736 5486 consilio
763 5419 926 5498 atqtie
945 5430 1150 5499 judicio
1178 5431 1260 5487 vel
1288 5431 1685 5494 discernantur,
1710 5430 1793 5486 vel
1822 5430 2084 5485 damnen-

504 5530 609 5587 tur,
658 5520 742 5576 vel
786 5520 1131 5575 liberentur:
1180 5542 1199 5573 ι
1249 5521 1434 5592 Neque
1484 5522 1628 5577 enim
1679 5522 1841 5577 Pater
1877 5520 2085 5591 iudicat

503 5626 851 5683 quemquam,
883 5611 978 5667 sed
1000 5610 1283 5679 judicium,
1319 5612 1513 5681 inquit,
1546 5626 1707 5668 omne
1739 5612 1887 5667 dedit
1918 5611 2079 5679 Filio,

505 5711 566 5759 ut
590 5716 778 5760 omnes
809 5703 1164 5759 bonoriﬁeent
1186 5704 1383 5769 Fiium,
1412 5706 1549 5760 sicut
1583 5704 1944 5760 honoriﬁcant
1973 5704 2080 5759 Pa-

508 5805 645 5857 trem
671 5795 849 5865 (Joan.
878 5812 932 5863 v,
961 5795 1052 5864 22,
1078 5795 1192 5866 25).
1235 5816 1253 5848 ι
1289 5796 1401 5851 Hoc
1429 5804 1512 5851 est
1542 5796 1879 5860 admirabile,
1913 5804 1965 5851 et
1994 5796 2079 5850 in-

2204 4992 2223 5025 c
2248 4988 2374 5029 vasa
2396 4974 2508 5039 irae,
2533 4995 2552 5026 ι
2578 4976 2711 5032 alios
2733 4992 2831 5048 per
2852 4974 3079 5048 gratiam
3112 5003 3132 5035 ‹
3162 4999 3289 5040 vasa
3312 4982 3731 5057 misericordiae,
3758 5014 3775 5047 ο

2196 5075 2250 5122 et
2280 5067 2354 5122 ita
2383 5067 2479 5123 Dei
2506 5068 2792 5124 consilium
2824 5072 3265 5155 atquejudicium
3290 5086 3472 5134 ratum
3499 5082 3595 5147 sit,
3620 5096 3779 5155 atque

2194 5155 2497 5223 immobile;
2525 5165 2583 5211 ut
2606 5164 2782 5213 tamen
2808 5174 2967 5216 nemo
2991 5148 3258 5232 nisi’juste
3283 5167 3598 5239 damnetur,
3624 5148 3781 5228 nemo

2193 5248 2293 5302 nisi
2322 5247 2744 5303 misericorditer
2767 5248 3044 5304 liberetur.
3072 5250 3221 5308 Vidit
3242 5254 3343 5311 hoc
3365 5258 3778 5327 impenetrabile

2187 5337 2513 5408 profundum
2553 5336 2880 5406 iudiciorum
2910 5340 3005 5395 Dei
3032 5344 3411 5402 sanctissimus
3457 5350 3775 5418 patriarcha

2195 5445 2213 5477 ι
2251 5428 2305 5481 in
2333 5428 2539 5483 duobus
2568 5429 2796 5499 geminis
2826 5448 2844 5480 ι
2876 5429 3169 5502 designari,
3198 5434 3253 5488 in
3282 5437 3645 5495 universitate
3677 5441 3774 5496 hu-

2189 5518 2335 5572 mani
2366 5520 2582 5589 generis
2610 5520 2839 5590 expleri,
2869 5527 2925 5575 et
2954 5531 3212 5591 tanquam
3240 5540 3362 5581 cum
3387 5531 3657 5599 propheta
3684 5547 3776 5588 ex-

2190 5607 2469 5665 clamans:
2500 5627 2519 5662 c
2548 5611 2795 5678 Domine,
2820 5613 3002 5668 audivi
3044 5616 3287 5672 auditum
3329 5627 3479 5675 tuum
3510 5631 3568 5676 et
3597 5624 3771 5691 timui,

2188 5704 2523 5759 consideravi
2572 5714 2736 5775 opera
2780 5714 2893 5772 tua,
2931 5715 2986 5762 et
3027 5710 3237 5780 expavi.
3290 5709 3509 5782 Stupuit
3554 5720 3775 5787 Stupore

2189 5796 2514 5863 vehementi,
2549 5808 2602 5853 et
2630 5799 2772 5854 ultra
2802 5814 2966 5870 quam
2994 5803 3140 5858 credi
3180 5808 3379 5874 potest,
3413 5805 3776 5867 admirationi
