3966 6334
160 349 311 407 nos
1169 352 1258 408 ne
1297 347 1615 406 TENENDA
1655 329 2067 404 s’cntpruna:
2113 344 2483 402 VERITATE.
3336 342 3474 397 nos

155 461 475 536 perculsus
502 471 597 522 est
622 462 851 537 (Habac.
902 479 976 530 II;
1028 459 1214 518 Cenes.
1250 459 1457 530 'xxvn).
1508 479 1527 512 ι
1565 457 1717 514 Sicut
1741 465 1796 514 et
1821 463 1872 525 Α
1901 456 2168 527 agnitum,
2209 465 2263 513 et
2307 473 2338 512 a
2381 455 2594 512 saeculis
2626 456 2678 510 in
2706 455 2836 523 Deo,
2881 455 2970 526 qui
3031 456 3210 511 omnia
3243 458 3470 522 creavit,

156 554 480 611 Psalmista
509 571 681 628 super
715 557 904 611 eadem
944 554 1307 626 profunditate
1356 551 1677 616 admiratus,
1705 558 1787 604 at-
1894 549 2302 617 absconditum;
2335 563 2478 604 nunc
2513 537 2701 603 antem'
2720 564 2815 621 per
2839 547 3147 620 Scripturas
3181 549 3472 618 propheta-

155 662 276 718 que
301 647 742 720 obstupefactus
767 649 1002 704 clamat:
1033 667 1052 699 ‹
1082 646 1253 714 Quam
1284 643 1637 714 magnificam)
1660 650 1786 696 sunt
1894 655 2014 700 rum
2043 648 2096 694 et
2126 638 2559 709 praedicationem
2591 637 2954 710 apostolorum
2977 638 3412 694 manifestatum:
3448 660 3466 691 ι

153 753 340 808 opera
399 746 529 804 tua,
585 739 842 805 Domine;
887 739 1052 796 nimis
1125 735 1403 809 profundae
1459 733 1615 790 factae
1660 740 1787 806 sunt
1893 736 2072 812 tamen
2110 729 2273 784 etiam
2310 727 2616 800 specialiter
2655 729 2795 784 istud
2825 728 2890 784 de
2921 729 3356 784 inscrutabilibus
3385 729 3470 784 di-

153 829 560 901 eogitationes
625 839 726 886 tua:
786 829 961 902 (Paul.
1026 846 1134 897 xei,
1199 829 1274 900 6).
1332 849 1353 881 ι
1405 826 1516 883 Nec
1578 826 1788 886 frustra
1892 821 2031 876 vinis
2053 821 2294 892 judiciis,
2323 830 2378 876 et
2405 821 2862 893 dispositionibus,
2891 821 3002 877 sive
3022 821 3077 875 in
3103 823 3468 879 excaecatione

151 917 482 991 Apostolus
527 920 600 974 ad
646 919 917 976 Romanos
971 921 1236 985 scribens,
1294 927 1349 974 et
1400 917 1466 972 de
1504 915 1788 972 altitudine
1891 915 2205 994 infidelium,
2239 915 2350 970 sive
2373 911 2428 969 in
2454 914 2843 970 illuminatione
2883 913 3118 969 fidelium
3160 924 3366 985 aperte,
3420 913 3475 971 et

151 1012 558 1084 praescientia:
583 1021 638 1068 et
663 1011 1152 1083 praedestinationis
1194 1009 1392 1064 divina:
1420 1007 1786 1062 attentissime
1889 1009 2156 1082 praecipue
2196 1009 2514 1079 mysterium
2567 1007 2861 1078 apellatur,
2913 1008 3124 1064 dicente
3162 1008 3419 1080 Apostolo
3454 1028 3466 1064 :

153 1105 476 1176 disputans
526 1105 704 1176 (Rom.
749 1105 846 1170 ιι),
890 1113 949 1159 ut
995 1104 1304 1174 quicunque
1350 1101 1628 1156 salvantur
1678 1117 1786 1157 non
1896 1116 1916 1150 ι
1944 1097 2079 1154 Nolo
2109 1098 2251 1154 enim
2278 1099 2422 1154 enim
2452 1113 2548 1155 vos
2578 1098 2848 1170 ignorare,
2896 1097 3115 1164 fratres,
3156 1099 3472 1170 mysterium

152 1196 281 1250 suis
305 1195 547 1251 meritis
575 1204 669 1250 aut
695 1195 930 1260 viribus,
962 1195 1057 1250 sed
1090 1193 1308 1249 omnino
1339 1191 1452 1247 sola
1480 1191 1577 1246 Dei
1612 1192 1786 1262 gratia
1890 1195 2013 1260 hoc,
2046 1203 2105 1250 ut
2138 1210 2244 1249 non
2273 1195 2390 1250 sitis
2425 1193 2830 1265 vobismetipsis
2859 1195 3130 1264 sapientes
3168 1215 3170 1220 ι
3209 1193 3335 1264 quia
3371 1209 3474 1248 cac-

151 1284 378 1340 salvari
411 1284 799 1357 intelligantur
817 1325 832 1351 ,
859 1283 1013 1353 juxta
1041 1283 1426 1354 sempiternum
1449 1282 1784 1352 propositum
1890 1288 2026 1342 citas
2051 1303 2119 1340 ex
2149 1296 2300 1358 parte
2324 1287 2549 1360 contigit
2577 1288 2630 1342 in
2651 1286 2819 1359 Israel
2845 1286 3014 1342 donec
3044 1285 3318 1358 plenitudo
3346 1301 3475 1357 gen-

154 1376 490 1432 voluntatis
529 1392 663 1442 sua,
707 1391 843 1446 quos
883 1376 1069 1442 voluit,
1111 1373 1466 1446 prtescientis,
1514 1371 1778 1443 praedesti-

1889 1380 2027 1435 timn
2086 1381 2362 1448 intraret,
2417 1389 2472 1436 et
2515 1380 2596 1436 sic
2647 1380 2824 1437 omnis
2873 1378 3040 1435 Israel
3092 1379 3272 1435 salvus
3321 1378 3476 1434 fieret

154 1468 381 1534 nantis,
422 1469 702 1534 vocantis,
735 1467 1104 1537 juslilicantis,
1150 1475 1207 1521 et
1241 1465 1631 1537 glorificantis;
1675 1479 1784 1520 non
1891 1472 2069 1546 (Rom.
2122 1490 2198 1541 χι,
2249 1473 2342 1542 25,
2391 1473 2529 1547 26).)
2559 1493 2577 1528 ι

153 1557 406 1666 frustra,
436 1558 689 1629 inquam,
716 1559 784 1666 de
809 1558 1004 1614 talibus
1025 1559 1327 1666 disputans,
1436 1556 1787 1666 vehementer
2475 1606 2704 1666 CAPUT
2743 1606 2855 1663 vm

153 1649 498 1716 inculcans,
534 1663 657 1706 cum
701 1649 961 1719 pleraque
1004 1656 1188 1719 postea
1219 1637 1293 1702 ‘et
1332 1645 1437 1701 alia
1481 1645 1779 1716 posuisset;
2475 1637 2696 1666 ωπυι
2755 1637 2875 1663 πυ·

155 1740 315 1796 istud
346 1741 516 1798 velut
542 1717 889 1813 praecipuum,
925 1748 981 1800 et
1007 1717 1310 1796 maximum
1350 1737 1514 1808 elegit
1540 1737 1778 1793 testimo-

1888 1723 1968 1780 De
1993 1723 2446 1813 prmdcsting‘tione
2466 1720 2824 1813 'reprobJontm
2862 1719 2932 1813 ad
2981 1719 3305 1813 interitum}.
3324 1717 3472 1773 Prw-

153 1789 324 1888 ἑὲζῷ
355 1789 911 1903 ὲὲῖὲὲὲῖιζῖἶιιῖὰὶ
929 1789 1511 1903 ἶτῖεἷεῖὶζῖῶεῐιέἔῐ
1529 1789 1778 1901 sane,
1809 1825 1858 1888 Β
1993 1789 2001 1795 ’
2026 1794 2242 1850 “tentia
2265 1792 2361 1848 υεί
2387 1789 2592 1846 unum
2614 1791 2683 1846 ad
2703 1790 3024 1862 peccandum
3046 1789 3326 1860 compellit-

155 1923 316 1995 quod
353 1922 548 1994 primo
581 1923 699 1979 loco
726 1928 952 1994 poneret
980 1921 1049 1977 ad
1084 1929 1195 1976 tam
1222 1917 1546 1990 profundum
1575 1929 1778 1992 myste-

155 2017 314 2076 rium
343 2016 702 2087 probandum
728 2024 785 2071 et
811 2013 1319 2070 commendandum.
1376 2011 1572 2067 Totum
1623 2027 1778 2066 nam.

156 2123 276 2179 que
315 2110 377 2164 in
416 2125 491 2166 eo
528 2109 765 2165 breviter
807 2104 1288 2178 comprehenditur
1331 2118 1454 2160 cum
1514 2103 1633 2158 ait:
1664 2122 1682 2155 ι
1715 2101 1782 2159 Ut

154 2201 492 2258 secundum
522 2199 846 2256 electionem
867 2197 1201 2268 propositum
1231 2194 1328 2250 Dei
1356 2203 1620 2258 maneret,
1673 2208 1780 2248 non

151 2305 232 2348 ex
262 2292 576 2362 operibus,
607 2292 702 2348 sed
728 2304 797 2345 ex
820 2297 1050 2346 vocante
1077 2288 1281 2344 dictum
1315 2295 1420 2353 est,
1451 2286 1577 2356 quia
1605 2285 1781 2358 major

154 2384 382 2441 serviet
412 2382 617 2438 minori
648 2379 824 2454 (Rom.
870 2396 926 2436 rx
949 2397 965 2447 ;
990 2377 1120 2434 Gen.
1161 2378 1312 2450 xxv).
1341 2396 1362 2430 ι
1414 2377 1492 2434 lbi
1523 2378 1670 2433 enim
1696 2387 1780 2434 est

151 2475 373 2532 electio
407 2475 516 2531 Dei
556 2473 813 2546 gratuita,
855 2473 911 2529 id
952 2481 1037 2528 est
1073 2471 1277 2542 absque
1303 2470 1583 2541 operibus,
1612 2470 1667 2524 in
1689 2467 1780 2524 Ja-

161 2569 295 2633 cob,
344 2567 427 2623 ibi
483 2567 814 2637 propositum
857 2574 1074 2621 aeternae
1114 2562 1410 2618 voluntatis
1455 2560 1592 2630 ejus,
1636 2562 1781 2632 quod

163 2661 369 2730 utique
401 2659 531 2715 sine
553 2658 892 2728 praescientia
913 2666 969 2713 et
987 2654 1465 2726 prtedestinatione
1505 2668 1626 2709 esse
1671 2667 1777 2708 non

158 2764 403 2827 potest:
445 2754 529 2812 ibi
549 2755 762 2811 vocatio
786 2754 913 2826 quia
947 2772 966 2806 ι
997 2767 1104 2809 non
1141 2766 1211 2807 ex
1249 2751 1523 2822 operibus,
1576 2751 1669 2807 sed
1713 2765 1780 2806 ex

165 2857 418 2904 vocante
449 2848 657 2904 dictum
684 2854 782 2912 est,
813 2844 987 2915 major
1001 2844 1209 2902 serviet
1229 2843 1448 2906 minori.
1478 2863 1497 2896 ι
1544 2843 1610 2898 Ει
1642 2842 1783 2900 sicut

157 2939 376 2996 electio
406 2938 647 3009 gratuita
684 2945 772 2994 est
793 2937 849 2993 in
875 2935 1043 2994 Jacob
1063 2936 1129 2993 de
1155 2950 1264 3005 quo
1291 2934 1495 2991 dictum
1516 2942 1628 2990 est:
1658 2951 1676 2986 ι
1697 2932 1782 2989 Ja-

165 3032 279 3088 cob
295 3032 493 3095 dilexi,
521 3051 538 3085 l
559 3032 632 3086 ita
645 3030 790 3101 justa
803 3029 1078 3086 damnatio
1100 3029 1155 3085 in
1177 3029 1343 3096 Esau,
1370 3028 1436 3084 de
1458 3042 1566 3098 quo
1593 3024 1780 3096 adjun-
1883 3024 1940 3072 ει
1965 3031 2071 3072 "On
2103 3030 2224 3072 esse
2248 3014 2346 3071 ﬁlii
2377 3013 2491 3074 Dei.
2531 3015 2684 3087 cuius
2710 3015 2883 3086 gratia
2915 3013 3166 3071 homofit
3191 3015 3383 3081 bonus,
3415 3024 3476 3069 ut

171 3123 327 3194 gitur
353 3141 369 3178 :
404 3143 426 3176 ι
461 3123 606 3178 Esau
635 3131 816 3178 autem
844 3121 968 3178 odio
995 3119 1178 3176 habui.
1215 3138 1236 3172 ι
1882 3107 2047 3164 faciat
2071 3109 2272 3164 bonum
2295 3107 2340 3181 1?]
2368 3108 2434 3162 Et
2454 3116 2576 3178 post
2594 3107 2870 3178 paululum
2903 3127 2915 3161 :
2951 3106 3088 3180 [Hoc
3106 3123 3253 3180 ergo,
3277 3109 3471 3178 inquit,

252 3217 375 3273 Hoc
420 3215 727 3272 divinorum
769 3213 1096 3286 judiciorum
1145 3212 1198 3266 in
1241 3218 1531 3280 utramque
1569 3216 1780 3281 partem
1809 3198 1856 3262 C
1887 3201 2106 3266 bonum,
2149 3199 2293 3270 quod
2330 3208 2414 3255 est
2456 3200 2733 3270 requirere
2776 3201 2966 3286 Deum,
3023 3220 3040 3252 ι
3068 3216 3176 3255 non
3216 3212 3334 3255 erat
3379 3203 3471 3270 qui

175 3303 518 3379 profundum
547 3285 864 3377 mysterium
892 3319 960 3358 ex
985 3301 1399 3358 auctoritatibus
1449 3300 1780 3371 propheticis
1884 3291 2110 3358 faceret,
2139 3309 2246 3348 non
2277 3302 2397 3348 erat
2418 3307 2588 3364 usque
2616 3293 2682 3348 ad
2708 3285 2892 3357 unum,
2925 3313 2943 3345 ι
2976 3295 3068 3348 sed
3096 3295 3147 3347 in
3179 3309 3243 3349 eo
3273 3311 3472 3363 genere

1954 1925 2105 1982 Hanc
2131 1924 2424 1996 Scriptura:
2445 1924 2545 1980 Dei
2564 1924 2874 1990 veritatem,
2903 1931 3064 1994 atque
3089 1923 3471 1979 auctoritatem

1883 2026 2100 2075 secutus
2121 2015 2466 2072 beatissimus
2492 2014 2674 2080 Pater,
2706 2022 2760 2069 et
2788 2014 3038 2085 egregius
3067 2013 3256 2067 doctor
3284 2014 3466 2083 Augu-

1883 2107 2084 2171 stinus,
2115 2096 2170 2160 et
2203 2106 2270 2160 de
2298 2104 2779 2189 Praedestinatioqe
2805 2111 3115 2159 sanctorum
3145 2103 3343 2158 librum
3382 2102 3465 2156 lu-

1885 2196 2311 2252 culentissimum
2337 2195 2574 2264 scripsit,
2609 2203 2664 2250 et
2693 2195 2760 2250 de
2785 2193 3255 2265 praedestinatione
3298 2194 3462 2248 etiam

1881 2289 2237 2359 reproborum
2268 2285 2288 2356 j
2296 2295 2417 2342 usto
2425 2286 2630 2358 judicio
2644 2285 2739 2341 Dei
2763 2285 2831 2341 ad
2846 2286 3146 2350 interitum,
3162 2294 3217 2341 et
3230 2287 3325 2350 ibi,
3341 2293 3395 2340 et
3414 2287 3469 2338 in

1883 2377 2004 2434 aliis
2027 2377 2299 2448 opusculis
2327 2377 2440 2434 suis
2468 2376 2662 2449 sepius
2684 2376 3020 2432 memoravit.
3067 2376 3219 2432 Sicut
3244 2378 3296 2432 in
3327 2377 3464 2430 libro

1883 2466 1949 2523 de
1975 2465 2314 2522 Perfectione
2347 2465 2570 2538 iustitiae
2616 2465 2850 2523 hominis
2898 2467 3036 2538 (cap.
3075 2466 3198 2537 xm)
3241 2465 3468 2521 manife-

1883 2560 2119 2616 Stissime
2164 2559 2421 2624 ostendit,
2477 2559 2704 2614 dicens:
2736 2558 3038 2631 [Quomodo
3083 2573 3214 2630 ergo
3259 2558 3464 2612 dictum

1883 2658 2005 2707 est:
2042 2668 2061 2701 ‹
2090 2647 2207 2704 Non
2232 2656 2316 2704 est
2344 2648 2436 2719 qui
2466 2647 2631 2703 faciat
2655 2649 2880 2714 bonum,
2906 2662 3015 2704 non
3060 2657 3144 2703 est
3189 2663 3358 2719 usque
3401 2648 3469 2702 ad

1884 2757 2052 2798 unum
2089 2739 2259 2814 (Psal.
2294 2756 2417 2805 xm,
2453 2740 2504 2806 l,
2536 2740 2614 2810 2),
2644 2759 2662 2792 ι
2697 2739 2798 2795 nisi
2838 2740 2963 2811 quia
3000 2739 3255 2810 populum
3281 2755 3470 2811 quem-

1885 2833 2008 2889 dam
2043 2832 2282 2903 psalmus
2303 2831 2392 2888 ille
2422 2831 2620 2904 culpat,
2666 2832 2722 2887 in
2747 2846 2855 2903 quo
2881 2846 2983 2886 nec
3029 2847 3170 2887 unus
3213 2840 3333 2887 erat
3376 2832 3470 2901 qui

1882 2922 2087 2980 faceret
2106 2924 2328 2991 bonum,
2359 2923 2488 2978 dum
2513 2922 2701 2978 volunt
2741 2937 3021 2978 remanere
3044 2922 3138 2978 lilii
3167 2923 3469 2988 hominum,

175 3409 236 3453 et
262 3397 584 3469 apostolicis
609 3395 917 3452 ﬁrmissime
946 3401 1094 3451 tenet
1119 3391 1363 3448 Ecclesia
1383 3432 1397 3457 ,
1447 3391 1573 3460 quia
1620 3389 1782 3445 nimi-

178 3505 308 3546 rum
333 3491 610 3562 praecipue
637 3489 870 3561 pertinet
907 3488 975 3543 ad
1013 3486 1495 3543 commendandam
1521 3525 1537 3551 ,
1582 3493 1637 3540 et
1681 3485 1778 3540 de-

177 3579 504 3635 clarandam
545 3581 778 3649 gratiam
825 3577 1049 3641 Christi,
1099 3587 1196 3632 «ut
1239 3577 1331 3646 qui
1380 3576 1672 3646 gloriatur,
1723 3577 1780 3631 in

177 3672 422 3728 Domino
451 3670 710 3741 glorietur
743 3667 794 3740 (I
826 3667 948 3723 Cor.
974 3683 1010 3731 ι,
1036 3667 1152 3737 5i).
1178 3687 1200 3720 ι
1240 3665 1630 3722 Absconditum
1652 3666 1775 3735 qui-

179 3761 312 3816 dem
337 3774 368 3811 a
399 3758 612 3814 saaculis
637 3758 692 3812 in
721 3757 852 3822 Deo,
896 3756 989 3811 sed
1017 3755 1160 3812 inter
1201 3754 1513 3825 Scripturas
1545 3755 1779 3825 prophe-

179 3860 368 3904 tarum
394 3847 647 3906 Ecclesiae
669 3846 788 3916 ejus
816 3847 958 3903 inter
1007 3856 1237 3912 caetera,
1287 3862 1408 3917 qua:
1450 3847 1518 3902 ad
1570 3854 1774 3918 myste-

179 3941 329 3996 rium
359 3937 660 3996 Salvatoris
691 3939 982 4010 pertinent,
1027 3940 1410 4010 praedicatione
1447 3939 1775 4009 patefactum

151 4030 510 4102 apostolica,
535 4031 748 4088 dicente
772 4031 961 4086 eodem
986 4030 1243 4101 Apostolo
1287 4030 1344 4086 in
1388 4030 1496 4087 ﬁne
1535 4031 1776 4102 praefatae

157 4121 446 4195 .Epistolae
486 4123 553 4178 ad
594 4123 909 4178 Romanos:
944 4142 962 4174 ‹
993 4122 1055 4176 Ei
1106 4129 1288 4178 autem
1329 4122 1421 4192 qui
1457 4130 1650 4192 potens
1693 4130 1780 4176 est

161 4231 283 4272 vos
328 4214 659 4271 confirmare
708 4214 1003 4270 secundum
1050 4213 1400 4284 Evangelium
1453 4228 1674 4278 meum,
1723 4220 1779 4268 et

187 4307 632 4380 praedicationem
656 4307 781 4362 Jesu
804 4305 1038 4388 Christi,
1068 4306 1365 4362 secundum
1392 4305 1777 4361 revelationem

187 4399 436 4472 mysterii
465 4399 682 4454 aeternis
705 4398 1038 4468 temporibus
1068 4397 1250 4464 taciti,
1282 4397 1426 4468 quod
1456 4413 1600 4453 nunc
1629 4405 1779 4465 pate-

190 4489 396 4544 factum
423 4497 508 4544 est
530 4503 628 4559 per
654 4488 965 4558 Scripturas
1012 4489 1397 4558 prophetarum
1441 4486 1621 4556 (Rom.
1663 4503 1775 4554 xvr,

1871 3383 2184 3450 hominum,
2239 3383 2381 3454 quod
2437 3384 2880 3453 praedestinatum
2916 3395 3000 3438 est
3045 3384 3112 3437 ad
3165 3386 3464 3438 interitum.

1867 3474 2058 3544 Super
2087 3476 2184 3530 hos
2217 3476 2361 3528 enim
2398 3476 2638 3545 respexit
2674 3475 2769 3529 Dei
2799 3475 3140 3545 przescientia
3167 3518 3180 3540 ,
3217 3477 3469 3547 protulit-

1881 3582 1988 3638 que
2021 3567 2392 3638 scntentiam.)
2424 3567 2580 3634 ltem,
2603 3568 2670 3622 de
2697 3566 2928 3622 Civitate
2951 3569 3071 3634 Dei,
3096 3569 3235 3623 libro
3260 3571 3469 3624 decimo

1881 3663 2072 3733 quinto
2102 3661 2242 3732 (cap.
2279 3660 2371 3732 25)
2399 3680 2410 3716 :
2442 3660 2568 3734 lira,
2603 3661 2797 3732 inquit,
2837 3662 2932 3716 Dei
2984 3677 3091 3717 non
3137 3663 3475 3732 perturbatio

1881 3755 2050 3812 animi
2085 3756 2203 3826 ejus
2243 3764 2348 3822 est,
2391 3756 2484 3811 sed
2527 3755 2810 3826 judicium,
2846 3769 2954 3825 quo
2998 3755 3271 3827 irrugatur
3311 3771 3473 3826 poena

1862 3857 2145 3920 ,peccato:
2180 3849 2438 3920 cogitatio
2472 3864 2602 3904 vero
2633 3848 2783 3919 ejus,
2815 3857 2871 3903 et
2904 3848 3225 3919 recogitatio
3259 3859 3474 3904 mutan-

1881 3942 2074 3997 darum
2127 3955 2313 3996 rerum
2363 3949 2449 3996 est
2487 3939 2840 3995 immutabilis
2883 3941 3045 3996 ratio.
3096 3939 3280 4010 Neque
3328 3939 3474 3996 enim

1879 4032 2023 4088 sicut
2051 4032 2347 4096 hominem,
2380 4031 2455 4086 ita
2483 4031 2655 4086 Deum
2679 4029 2993 4101 cujusquam
3019 4030 3148 4087 facti
3182 4032 3264 4088 sui
3295 4031 3472 4102 poeni-

1881 4132 1995 4180 tet:
2027 4124 2180 4193 cujus
2221 4133 2305 4180 est
2337 4123 2405 4179 de
2448 4124 2699 4180 omnibus
2741 4124 2963 4180 omnino
3007 4126 3169 4179 rebus
3207 4134 3314 4178 tam
3363 4126 3470 4178 lixa

1881 4215 2170 4279 sententia,
2205 4231 2368 4286 quam
2406 4223 2554 4271 certa
2601 4214 2990 4288 praescientia.]
3046 4217 3102 4271 ln
3150 4217 3471 4273 tractatibus

1880 4323 2095 4378 quoque
2123 4323 2259 4378 quos
2293 4309 2346 4363 in
2369 4307 2761 4378 expositionem
2787 4307 3010 4363 Joannis
3038 4310 3379 4380 evangelista:
3402 4309 3470 4363 ad

1884 4399 2139 4469 populum
2169 4389 2425 4468 loquitur,
2465 4399 2530 4453 de
2558 4399 2662 4453 hac
2701 4413 2759 4453 re
2795 4398 2869 4452 ita
2907 4399 3036 4453 dicit
3081 4398 3282 4469 (Τί-σει.
3347 4399 3461 4470 42).

1884 4491 2037 4559 Quod
2059 4505 2189 4546 vero
2236 4491 2517 4560 sequitur:
2555 4489 2601 4562 [ε
2627 4490 2922 4560 Propterea
2969 4507 3066 4547 vos
3108 4508 3214 4547 non
3245 4493 3467 4560 auditis,

190 4580 283 4648 25,
306 4580 421 4650 26),
455 4599 474 4632 ι
507 4590 613 4636 etc.
645 4579 714 4634 Et
746 4579 852 4634 alio
880 4579 1000 4634 loco
1038 4598 1051 4633 :
1092 4598 1110 4630 ι
1140 4578 1310 4635 Prout
1339 4579 1564 4648 potestis
1587 4579 1772 4650 legen-
1800 4575 1856 4634 D
1881 4583 2006 4652 quia
2031 4597 2098 4637 ex
2131 4581 2240 4635 Deo
2265 4596 2371 4636 non
2408 4580 2540 4636 estis
2585 4579 2766 4651 (Joan.
2798 4597 2917 4648 vm,
2941 4581 3054 4653 47),
3086 4602 3104 4635 ι
3151 4583 3231 4638 eis
3267 4585 3471 4638 dictum

193 4685 275 4732 tes
296 4675 595 4748 intelligere
619 4673 960 4745 prudentiam
983 4686 1158 4726 meam
1179 4673 1234 4727 in
1257 4673 1517 4744 mysterio
1539 4671 1773 4739 Christi,

193 4769 333 4839 quod
374 4767 494 4822 aliis
519 4765 960 4839 generationibus
982 4779 1088 4819 non
1119 4773 1204 4819 est
1223 4766 1468 4837 agnitum
1509 4766 1634 4822 filiis
1672 4769 1773 4823 ho-

191 4860 423 4925 minum,
448 4859 588 4914 sicut
614 4872 758 4912 nunc
790 4854 1197 4910 manifestatum
1227 4863 1310 4910 est
1337 4857 1540 4912 sanctis
1561 4865 1777 4926 aposto-

195 4951 261 5007 lis
284 4951 425 5020 ejus,
448 4963 505 5006 et
525 4948 805 5020 prophetis
830 4948 883 5002 in
905 4947 1097 5018 spiritu
1123 4947 1284 5019 (Eph.
1311 4964 1395 5013 ιιι,
1425 4947 1482 5014 4,
1512 4949 1590 5020 5),
1615 4967 1635 5000 ι
1666 4958 1773 5004 etc.

195 5040 261 5096 Et
288 5043 489 5097 iterum
524 5059 536 5093 :
570 5059 588 5091 ‹
619 5039 747 5094 Mihi
777 5038 1018 5096 omnium
1046 5046 1362 5094 sanctorum
1397 5039 1622 5095 minimo
1650 5040 1778 5096 data

197 5143 278 5189 est
303 5134 478 5206 gratia
504 5133 619 5187 haec
651 5132 705 5186 in
731 5129 984 5202 gentibus
1013 5129 1389 5200 evangelizare
1431 5130 1780 5202 investigabi-

199 5224 275 5284 les
296 5226 513 5282 divitias
542 5223 766 5288 Christi,
793 5231 848 5277 et
874 5221 1179 5277 illuminare
1205 5236 1418 5288 omnes,
1451 5237 1573 5292 quae
1606 5222 1678 5277 sit
1701 5221 1780 5278 di-

201 5319 470 5392 spensatio
514 5317 840 5374 sacramenti
880 5316 1183 5372 absconditi
1230 5331 1264 5371 a
1312 5315 1524 5373 saaculis
1570 5317 1626 5373 in
1667 5316 1780 5374 Deo

171 5411 292 5481 qui
341 5411 524 5467 omnia
557 5408 764 5464 creavit
797 5407 974 5480 (ibid.,
1020 5407 1076 5475 8,
1131 5408 1210 5479 9).
1259 5427 1279 5461 ι
1317 5407 1468 5464 Licet
1508 5409 1669 5464 enim.
1698 5417 1780 5465 to-

203 5510 315 5559 tum
358 5503 500 5574 quod
540 5502 606 5557 de
649 5501 856 5556 Domini
879 5501 1054 5557 nostri
1081 5501 1383 5565 divinitate,
1408 5509 1570 5572 atque
1601 5501 1779 5558 incar-

169 5632 172 5634 η
203 5595 418 5652 natione
449 5609 544 5665 per
569 5593 841 5664 apostolos
868 5591 1242 5659 annuntiatur,
1269 5591 1592 5664 generaliter
1626 5611 1646 5644 ι
1666 5607 1780 5648 ma-

172 5712 176 5716 -
207 5698 317 5756 gna:
367 5684 586 5756 pietatis
618 5683 936 5756 mysterium
965 5703 986 5737 ι
1031 5684 1106 5740 sit
1150 5702 1169 5737 ι
1201 5683 1531 5755 temporibus
1564 5684 1784 5742 aeternis

213 5778 424 5833 tacitum
457 5796 472 5842 ;
507 5794 607 5834 nec
658 5779 779 5835 aliis
827 5775 1262 5850 generationibus
1325 5776 1449 5835 [iliis
1503 5778 1783 5835 hominum

1879 4682 1983 4740 est,
2011 4673 2100 4743 qui
2141 4687 2248 4727 non
2287 4671 2458 4727 solum
2501 4680 2722 4742 peccato
2755 4670 2934 4728 vitiosi
2975 4683 3130 4728 erant
3175 4673 3321 4744 (nam
3370 4674 3474 4730 hoc

1880 4765 2082 4821 malum
2119 4779 2406 4820 commune
2445 4775 2564 4820 erat
2592 4762 2888 4834 omnibus),
2930 4764 3024 4819 sed
3067 4764 3230 4819 etiam
3270 4779 3474 4833 praeco-

1881 4857 2014 4929 gniti
2045 4855 2188 4927 quod
2232 4870 2340 4910 non
2382 4853 2598 4910 fuerant
2640 4854 2921 4910 credituri.
2962 4855 3300 4926 Quapropter
3338 4871 3472 4926 prae-

1881 4947 2089 5006 sciebat
2111 4947 2252 5013 illos,
2272 4945 2467 5017 quibus
2491 4946 2618 5001 talia
2644 4945 2877 5010 dicebat,
2899 4946 2953 5000 in
2976 4961 3041 5002 eo
3063 4963 3467 5018 permansuros,

1883 5041 2029 5110 quod
2053 5054 2120 5096 ex
2160 5037 2375 5094 diabolo
2414 5046 2591 5105 erant,
2625 5038 2679 5093 id
2711 5045 2795 5093 est
2824 5038 2878 5092 in
2906 5039 3019 5094 suis
3045 5041 3285 5110 peccatis
3309 5051 3472 5112 atque

1884 5133 2160 5203 impietate
2198 5131 2510 5197 morituros,
2555 5144 2655 5186 nec
2702 5139 2960 5186 venturos
2998 5133 3066 5187 ad
3107 5137 3472 5205 regeneratio-

1883 5239 2010 5280 nem
2029 5265 2044 5290 ,
2073 5224 2129 5278 in
2156 5223 2475 5294 qua’essent
2501 5220 2599 5276 ﬁlii
2624 5222 2738 5289 Dei,
2780 5223 2884 5278 hoc
2909 5232 2994 5279 est
3022 5239 3088 5278 ex
3110 5224 3220 5280 Deo
3245 5228 3396 5294 nati,
3437 5243 3471 5287 a

1883 5331 1992 5387 quo
2019 5323 2178 5372 erant
2203 5315 2450 5371 homines
2479 5315 2668 5370 creati.
2725 5313 3033 5371 Secundum
3077 5318 3217 5374 hanc
3263 5320 3471 5390 praede-

1885 5408 2232 5466 stinationem
2283 5407 2494 5464 locutus
2531 5415 2617 5465 est
2665 5407 2964 5476 Dominus,
3017 5411 3155 5484 etc.]
3210 5413 3342 5468 Item
3391 5413 3470 5468 ibi

1888 5502 2090 5578 (Tract.
2107 5501 2202 5573 45)
2227 5519 2241 5556 :
2268 5499 2363 5558 Isti
2387 5510 2569 5559 autem
2591 5501 2956 5574 indignantes,
2979 5505 3200 5570 mortui,
3225 5514 3280 5559 et
3305 5503 3468 5559 morti

1887 5595 2234 5667 sempiterna:
2293 5594 2658 5665 predestinati
2712 5597 3110 5668 respondebant
3165 5596 3470 5652 conviciose

1889 5693 1948 5745 et
1988 5685 2288 5744 dicebant:
2326 5703 2344 5737 ι
2368 5685 2526 5744 Modo
2570 5687 2938 5758 cognovimus,
2978 5689 3103 5757 quia
3143 5687 3467 5742 daemonium

1892 5778 2063 5837 habes
2107 5776 2289 5849 (Joan.
2331 5792 2450 5845 vtu,
2491 5777 2604 5849 δε).
2637 5797 2657 5832 ι
2699 5778 2832 5836 Item
2864 5778 2971 5834 alio
2995 5779 3114 5834 loco
3139 5777 3344 5849 (Tract.
3374 5777 3468 5849 48)
