3966 6334
526 370 666 426 H03

1499 371 1556 426 S.
1599 371 1858 429 REMIGII
1897 367 2383 429 LUGDUNENSIS
2422 367 2750 427 EPISCOPI‘

3650 372 3806 428 μοι

517 500 796 556 exponens
823 485 984 540 verba
1014 485 1225 541 Domini
1257 483 1453 555 quibus
1488 485 1564 540 ait
1611 486 1678 540 de
1719 485 1912 540 ovibus
1965 485 2098 550 suis,
2127 487 2178 548 Α
2203 491 2384 537 autem
2428 496 2552 538 cum
2597 497 2705 538 non
2756 482 3053 550 secederet,
3094 483 3314 551 cecidit,
3355 493 3657 557 negaturus
3714 503 3806 544 re-

528 596 547 630 c
570 578 638 634 Et
663 592 769 632 non
795 577 965 647 rapiet
993 577 1276 646 quisquam
1299 591 1392 632 eas
1414 577 1480 632 de
1511 592 1672 632 manu
1704 592 1844 632 mea.
1877 595 1896 630 ›
1933 575 2096 649 [Quid

518 676 719 738 potest,
744 665 940 735 inquit,
972 683 990 716 ι
1019 665 1198 736 lupus,
1229 685 1247 719 ι
1293 666 1421 736 quid
1466 675 1644 737 potest
1695 665 1782 721 fur
1823 676 1878 720 et
1921 666 2099 722 latro?

521 756 636 812 Non
662 756 891 826 perdunt
925 754 1027 810 nisi
1059 756 1127 809 ad
1153 756 1427 812 interitum
1466 756 1922 829 praedestinatos.]
1967 757 2096 812 Item

519 846 625 912 alio
659 845 776 918 loco
808 844 1005 916 (Tract.
1043 845 1163 918 107)
1199 864 1212 900 :
1245 843 1372 919 [Qui
1413 847 1591 914 enim,
1627 849 1820 918 inquit,
1858 848 2020 903 certis
2045 856 2100 904 et

519 934 946 1008 immutabilihus
999 936 1177 992 causis
1221 938 1402 991 omnia
1453 937 1632 993 futura
1673 939 2096 1008 praedestinavit,

519 1024 778 1099 quidquid
813 1024 1054 1081 facturus
1079 1035 1161 1082 est
1186 1026 1327 1082 fecit.
1383 1026 1517 1083 Nam
1556 1038 1612 1084 et
1642 1046 1739 1100 per
1781 1031 2098 1100 prephetam

517 1116 588 1173 de
628 1117 717 1171 illo
739 1117 936 1172 dictum
966 1127 1050 1172 est
1078 1135 1092 1176 :
1123 1138 1140 1170 ι
1171 1117 1272 1186 Qui
1299 1118 1428 1175 fecit
1453 1137 1572 1190 quae
1591 1121 1769 1176 futura
1805 1131 1932 1177 sunt
1960 1121 2096 1194 ('Isa.

519 1226 645 1285 xuv,
676 1210 762 1275 ll,
791 1226 895 1263 sec.
926 1208 1143 1282 LXX)].
1181 1231 1199 1263 ι
1233 1211 1300 1265 Ει
1327 1213 1454 1267 alibi
1486 1211 1583 1285 :[t
1623 1212 1820 1279 Filius,
1854 1232 1871 1265 ι
1905 1215 2097 1284 inquit,

524 1283 881 1369 «perditionis
912 1317 930 1350 ι
967 1299 1141 1355 dictus
1169 1310 1252 1356 est
1293 1283 1541 1358 traditor‘
1555 1302 1778 1368 Christi,
1812 1283 2099 1373 perditioni

517 1389 950 1460 prmdestinatus,
979 1390 1272 1445 secundum
1301 1390 1658 1462 Scripturam,
1689 1408 1794 1464 qua
1821 1392 1886 1447 de
1929 1392 2018 1448 illo
2045 1392 2099 1448 in

517 1479 726 1550 psalmo
751 1479 1046 1534 centesimo
1070 1488 1262 1536 octavo
1289 1483 1525 1538 maxime
1547 1482 1944 1557 prophetatur.]

589 1610 667 1666 De
691 1608 874 1666 divina
903 1626 1117 1682 quoque
1142 1615 1504 1684 prmscientia,
1545 1631 1653 1687 qua
1699 1617 1880 1672 omnia
1919 1615 2100 1672 futura

513 1701 600 1756 vel
628 1701 767 1757 bona
807 1701 889 1757 vel
926 1702 1066 1757 mala
1107 1703 1516 1761 immutabiliter
1549 1707 1699 1762 novit
1730 1722 1746 1760 :
1777 1722 1876 1762 nec
1923 1716 2100 1762 tamen

514 1808 578 1846 ea
617 1792 850 1862 aliquem
882 1795 948 1847 ad
975 1796 1302 1864 peccandum
1329 1797 1630 1867 compellit,
1664 1799 1718 1852 in
1747 1798 1949 1854 eisdem
1991 1807 2102 1852 tra-
2159 1827 2162 1830 ~

2201 569 2444 645 mansit.]

2272 663 2422 718 lianc
2462 661 2812 734 praescientiae
2838 671 2896 720 et
2919 665 3405 733 pradestinationis
3434 667 3638 724 divinae
3699 670 3805 724 im-

2204 753 2454 809 mobilem
2499 753 2814 811 ﬁrmitatem
2851 757 3040 812 beatus
3065 772 3280 829 quoque
3305 761 3572 828 Hilarius,
3601 763 3684 818 ita
3711 763 3808 820 do-

2201 854 2288 901 cet
2314 845 2499 902 dicens
2527 864 2539 900 :
2568 846 2705 919 [Deo
2732 864 2967 920 namque
2991 851 3367 921 complectenti
3407 854 3461 909 in
3495 870 3563 910 se
3588 855 3804 920 omnia,

2199 932 2379 990 futura
2419 951 2518 1007 pro
2548 936 2705 994 factis
2733 948 2876 994 sunt.
2911 939 3076 1012 Cujus
3106 949 3216 997 tam
3245 943 3420 1000 ﬁdelis
3445 946 3806 1016 pracientia

2201 1033 2306 1091 est,
2343 1034 2402 1079 ut
2430 1041 2550 1096 quae
2577 1029 2815 1084 nondum
2850 1039 3002 1102 gesta
3028 1041 3175 1098 sunt,
3204 1042 3384 1089 tamen
3407 1034 3528 1104 jam
3561 1037 3634 1092 ab
3665 1047 3808 1093 eoet

2200 1131 2300 1187 pro
2329 1119 2619 1187 praeteritis
2661 1121 2963 1176 habeantur
2987 1132 3043 1178 et
3075 1124 3287 1198 gestis]
3318 1125 3386 1180 Et
3414 1126 3626 1182 iterum
3660 1146 3676 1181 :
3703 1123 3810 1200 [Di-

2203 1221 2366 1276 gnum
2387 1217 2471 1262 est
2493 1208 2660 1275 enim,
2683 1210 2879 1280 inquit,
2901 1219 2961 1266 ut
2985 1213 3344 1270 miserabilem
3362 1217 3560 1287 populi
3589 1232 3804 1281 casum,

2203 1306 2259 1352 et
2306 1297 2568 1369 impietati
2615 1300 2732 1371 ejus
2779 1302 3015 1359 debitam
3063 1321 3300 1376 prunam,
3353 1319 3409 1362 et
3455 1319 3594 1378 post
3638 1309 3808 1380 longe

2204 1391 2480 1446 servitutis
2526 1391 2882 1450 sufﬁcientem
2906 1397 3142 1465 peccatis
3167 1398 3426 1469 gravibus
3458 1400 3804 1456 satisfactio-

2203 1496 2348 1547 nem,
2381 1491 2438 1538 et
2479 1483 2889 1541 misericordem
2936 1486 2993 1542 in
3037 1502 3132 1543 eos
3158 1487 3254 1544 Dei
3306 1489 3552 1560 (indultu
3606 1492 3807 1561 reditu)

2202 1572 2559 1640 voluntatem,
2591 1575 2884 1630 secundum
2911 1578 3284 1647 providentem
3328 1581 3637 1637 scientiam
3679 1599 3806 1653 pro-

2202 1663 2396 1734 phetiae
2426 1665 2648 1734 spiritus
2679 1666 2978 1741 loquatur.]
3011 1669 3141 1725 Item
3165 1676 3288 1726 cum
3314 1671 3448 1727 illud
3477 1673 3553 1728 de
3591 1673 3811 1731 Psalmo

2204 1765 2499 1826 expeneret
2521 1775 2534 1810 :
2556 1755 2605 1828 [‹
2630 1757 2698 1812 Et
2719 1759 2933 1814 surrexi
2961 1767 3016 1815 et
3040 1761 3216 1817 adhuc
3245 1769 3428 1817 tecum
3463 1778 3597 1818 sum
3631 1762 3808 1833 (Ρωι.

514 1848 752 1937 suis.
795 1883 868 1938 εις,
913 1848 1949 1961 hac...(scissi:magis;
1972 1848 2101 1958 δέ-
2129 1868 2177 1929 n
2203 1848 2966 1961 egygugvgsugeﬁg
3019 1852 3210 1961 ίηιευίιν
3261 1855 3330 1909 εει
3374 1857 3812 1961 ιτῖειιιῖτεειίξηξι

515 1983 703 2044 pterea
745 1975 886 2032 Deus
919 1992 1243 2047 quemquam
1285 1979 1351 2034 ad
1392 1980 1723 2050 peccandum
1769 1979 1930 2050 cogit,
1975 1979 2100 2048 quia

515 2064 696 2120 futura
725 2067 1004 2145 hominum
1038 2081 1253 2145 peccata
1296 2069 1407 2139 jam
1440 2072 1608 2126 novit.
1666 2071 1933 2127 Fecerunt
1969 2086 2100 2145 ergo

516 2165 801 2227 peccatum
829 2143 1021 2224 Judaei,
1038 2127 1192 2228 quod
1219 2127 1316 2216 30;
1339 2161 1518 2218 facere
1545 2177 1652 2218 non
1688 2164 1968 2236 compulit,
2013 2127 2101 2220 εἷιί

513 2254 800 2314 peccatum
846 2262 952 2302 non
996 2247 1191 2317 placet,
1244 2250 1337 2306 sed
1368 2252 1608 2322 facturos
1659 2267 1781 2308 esse
1828 2255 2099 2324 praedixit,

514 2352 675 2406 quem
697 2338 832 2392 nihil
857 2337 1007 2393 latet.
1058 2338 1140 2410 Et;
1160 2340 1282 2397 ideo
1308 2341 1353 2398 si
1388 2357 1494 2398 non
1523 2343 1744 2411 malum,
1777 2345 1872 2400 sed
1897 2346 2100 2403 bonum

512 2428 697 2482 facere
733 2427 1047 2495 voluissent,
1079 2445 1187 2486 non
1215 2433 1665 2502 prohiberentur,
1697 2444 1754 2490 et
1783 2437 1885 2493 hoc
1904 2435 2102 2494 facturi

510 2519 938 2589 praeviderentur
975 2522 1044 2576 ab
1091 2536 1179 2589 eo,
1226 2524 1319 2594 qui
1367 2525 1517 2580 novit
1568 2527 1698 2596 quid
1749 2527 1821 2583 sit
1870 2529 2102 2600 quisque

508 2609 794 2676 facturus,
852 2619 909 2666 et
961 2612 1090 2682 quid
1141 2613 1222 2670 eis
1266 2615 1342 2670 sit
1385 2632 1485 2688 pro
1534 2617 1653 2688 ejus
1711 2633 1875 2691 opere
1925 2618 2102 2684 reddi-

512 2700 716 2774 turus.]

581 2835 734 2892 Hanc
761 2836 957 2893 divina:
978 2838 1470 2908 praedestinationis
1505 2841 1790 2899 veritatem
1815 2858 1915 2913 per
1953 2843 2100 2899 Scri-

509 2935 700 3000 pturas
753 2928 1123 2998 multipliciter
1168 2931 1519 2999 declaratam,
1566 2942 1622 2990 et
1669 2950 1700 2989 a
1755 2936 2101 2992 sanctissimo

511 3017 735 3072 doctore
760 3013 989 3073 ﬁdeliter
1026 3021 1456 3077 commendatam
1499 3023 1662 3078 etiam
1692 3025 2100 3095 antiquissimus

2204 1939 2431 2010 gloriam
2477 1951 2718 2012 spectat;
2768 1943 2864 1999 sed
2908 1947 3201 2001 secundum
3242 1949 3660 2020 praescientiam
3696 1951 3808 2016 Dei,

2202 2031 2257 2087 id
2283 2032 2426 2102 quod
2448 2032 2686 2089 futurum
2722 2045 2829 2102 est,
2857 2045 3113 2108 tanquam
3156 2042 3492 2111 praeteritum
3537 2042 3808 2114 loquitur,

2205 2124 2332 2193 quia
2362 2123 2472 2179 Deo
2501 2125 2570 2180 ob
2599 2127 2884 2183 scientiam
2926 2137 2980 2184 et
3002 2130 3259 2186 virtutem
3285 2147 3409 2202 qute
3440 2132 3630 2188 futura
3657 2144 3807 2198 sunt.

2203 2215 2344 2270 facta
2370 2224 2528 2282 sunt;
2561 2226 2621 2271 ut
2648 2217 2811 2272 etiam
2840 2221 3156 2292 nosmetipsi
3187 2220 3330 2276 facta
3352 2234 3477 2277 esse
3509 2224 3807 2280 existima-

2203 2322 2346 2373 mus,
2376 2323 2495 2378 quae
2520 2308 2702 2365 futura
2735 2327 2856 2367 esse
2877 2313 3250 2388 conﬁdimus.]
3279 2314 3416 2372 Item
3460 2331 3586 2372 cum
3627 2333 3810 2388 expo-

2202 2410 2356 2456 neret
2378 2399 2528 2456 illum
2557 2402 2735 2458 locum
2759 2403 2958 2461 Psalmi
2984 2407 3075 2462 ubi
3104 2407 3306 2463 dicitur
3333 2425 3346 2463 :
3369 2428 3388 2460 ι
3427 2408 3810 2467 Dinnmerabo

2200 2507 2312 2557 eos,
2345 2503 2400 2549 et
2443 2510 2605 2566 super
2629 2510 2851 2551 arenam
2881 2496 3380 2569 multiplicabuntur
3426 2499 3643 2575 (υἱώ),
3681 2522 3706 2555 ι
3741 2503 3813 2560 de

2201 2591 2352 2639 certo
2397 2592 2452 2640 et
2501 2585 2887 2654 prtedestinato
2927 2588 3227 2645 electorum
3267 2605 3503 2647 numero
3556 2592 3635 2648 sic
3671 2594 3808 2648 ait:

2201 2672 2475 2746 [Nunquid
2505 2692 2765 2734 numerus
2795 2677 3036 2736 incertus
3057 2691 3162 2748 est,
3177 2682 3272 2753 qui
3294 2681 3350 2737 in
3375 2682 3523 2738 libro
3552 2683 3652 2740 Dei
3675 2686 3811 2742 scri-

2200 2765 2438 2820 buntur?
2457 2766 2599 2839 Ergo
2624 2768 2769 2824 nulla
2792 2778 2880 2826 est
2892 2769 3179 2828 difﬁcultas
3201 2773 3256 2829 in
3283 2789 3540 2840 numero,
3568 2791 3806 2846 quom-

2201 2858 2402 2912 veritas
2425 2845 2609 2915 manet
2638 2861 2692 2915 in
2719 2861 2969 2936 scripto.]

2189 2966 2198 2968 ‘
2273 2949 2424 3006 Hanc
2454 2952 2618 3008 divini
2640 2953 2830 3023 judicii
2863 2957 2917 3012 in
2945 2966 3229 3029 utramque
3257 2967 3474 3030 partem
3505 2968 3628 3016 tam
3653 2962 3807 3018 boui-

2200 3049 2390 3108 tatem,
2417 3060 2579 3115 quam
2605 3046 2950 3103 severitatem
2981 3049 3144 3104 etiam
3187 3049 3546 3106 beatissimus
3581 3053 3807 3109 Ambro»

510 3116 566 3162 et
587 3105 936 3162 beatissimus
965 3107 1177 3176 doctor,
1204 3119 1258 3165 et
1282 3111 1542 3183 magister
1583 3113 1884 3186 Cyprianus
1913 3115 2096 3172 claris-

2202 3132 2315 3188 sius
2346 3105 2412 3189 ex
2434 3105 2624 3191 verbis
2662 3135 2914 3206 Epistula:
2947 3137 3015 3193 ad
3038 3137 3312 3196 Romanos
3357 3140 3411 3195 in
3460 3143 3808 3212 expositione

512 3200 651 3254 Sime
674 3199 848 3262 ἀοεθιν
873 3199 1057 3255 dicens
1085 3219 1099 3255 ε
1131 3200 1259 3274 [Ωυί
1284 3219 1445 3259 omne
1468 3204 1731 3274 Ῑυάίείυπι
1765 3223 1796 3263 ³
1825 3208 1987 3265 Ρειιΐθ
2013 3225 2101 3266 SO-
2127 3226 2174 3290 C
2206 3223 2404 3278 Psalmi
2450 3199 2732 3281 centesim-i
2776 3227 2970 3283 decimi
2998 3231 3198 3296 octavi,
3227 3231 3300 3286 ita
3324 3199 3584 3288 breviter
3615 3234 3809 3290 conﬁr-

512 3292 598 3350 lus
623 3291 857 3363 accepit,
892 3301 949 3348 et
990 3294 1083 3364 qui
1138 3305 1398 3352 venturus
1449 3306 1532 3352 est
1577 3298 1937 3369 judicaturus,
1985 3301 2098 3371 jam
2203 3325 2319 3372 mat
2347 3317 2570 3373 dicens:
2601 3317 2622 3391 [
2649 3337 2667 3369 ε
2697 3319 2840 3391 ΕΓςο
2869 3321 3023 3392 cujus
3053 3291 3536 3390 vult-miseretur,
3563 3335 3627 3381 οι
3653 3341 3804 3398 quem

505 3385 692 3456 judicii
754 3401 810 3446 et
867 3389 1190 3462 cognitionis
1237 3388 1433 3448 futurae
1486 3393 1809 3450 sententiam
1857 3396 2095 3467 protulit,

507 3480 877 3548 praenuntiam
926 3489 983 3536 et
1024 3488 1336 3536 contestans
1368 3500 1386 3534 ‹
1420 3481 1799 3538 confessurum
1829 3500 1889 3541 se
1914 3501 2098 3542 coram

509 3569 668 3625 Patre
688 3587 786 3626 suo
807 3571 1149 3638 conﬁtentes,
1175 3581 1231 3628 et
1252 3583 1570 3644 negaturum
1597 3586 1854 3648 negantes
1880 3577 2096 3648 (Matth.

508 3677 564 3725 ι,
595 3661 709 3727 32).
744 3661 792 3735 ι]
816 3663 949 3718 ltem
989 3678 1112 3718 eum
1128 3663 1307 3728 dehis,
1343 3665 1435 3735 qui
1456 3665 1510 3720 in
1532 3667 1908 3738 persecutione
1951 3685 2099 3726 com-

507 3752 759 3820 prehensi
804 3767 901 3823 pro
940 3752 1155 3809 Christo
1182 3770 1350 3824 usque
1381 3755 1450 3810 ad
1480 3763 1707 3814 mortem
1735 3758 2012 3828 dimicant,
2043 3771 2100 3819 et

2203 3408 2559 3464 vultindurat
2587 3410 2769 3481 (Rom.
2811 3428 2886 3479 ix,
2921 3413 3032 3486 18).
3073 3434 3091 3467 ι
3127 3413 3303 3481 Hunc,
3336 3417 3546 3486 inquit,
3584 3421 3805 3476 misera-

2206 3509 2292 3556 tus
2331 3501 2618 3558 hortatur:
2643 3503 2795 3560 illum
2835 3521 2939 3562 non
2985 3517 3205 3564 revocat
3249 3511 3633 3586 exsecratus]
3671 3512 3802 3568 Item

2205 3591 2332 3648 alibi
2359 3611 2371 3647 :
2397 3591 2585 3666 [Deus,
2613 3594 2807 3667 inquit,
2840 3597 3185 3668 omnipotens
3212 3598 3400 3666 Pater,
3433 3601 3497 3656 in
3527 3601 3702 3674 Moysi
3728 3603 3802 3657 fa-

2205 3684 2288 3740 cie
2315 3703 2335 3737 ‹
2379 3688 2670 3743 excaecavit
2713 3689 2970 3760 populum
2998 3688 3311 3747 Iudaeorum
3347 3711 3368 3746 ι
3415 3709 3534 3749 non
3577 3696 3797 3761 duritia,

2204 3777 2299 3833 sed
2345 3779 2714 3848 praescientia;
2763 3795 2866 3836 nec
2909 3781 3140 3850 malitia,
3181 3784 3277 3840 sed
3327 3785 3602 3856 zequitate
3647 3799 3799 3858 atque

509 3841 576 3896 de
618 3843 725 3908 his,
758 3846 851 3915 qui
881 3845 1216 3901 inﬁrmitatis
1243 3863 1354 3902 sua:
1392 3851 1595 3906 conscii
1620 3861 1779 3907 caute
1818 3855 2096 3922 secedunt,
2193 3841 2426 3937 justii-ia.
2473 3869 2576 3940 [psi
2608 3841 2752 3926 enim
2782 3872 2884 3928 sibi
2912 3841 3146 3943 ροευθιιέ
3188 3841 3457 3941 γθιεωθὶι,
3490 3879 3588 3949 qui
3634 3841 3798 3951 legem

507 3934 830 4005 disputaret,
884 3937 962 3992 sic
1003 3939 1117 3992 ait:
1151 3938 1288 4011 [illic
1326 3940 1584 3998 fortitudo
1628 3947 1930 4016 promptior
1955 3987 1969 4013 ,
2009 3947 2100 4004 hic

508 4025 815 4082 sollicitudo
864 4030 1123 4084 securior.
1157 4031 1273 4099 Ille,
1305 4035 1772 4106 appropinquante
1798 4041 1930 4095 hora
1975 4055 2095 4108 sua,

502 4116 616 4187 jam
645 4127 890 4175 maturus
921 4120 1172 4178 inventus
1214 4132 1326 4190 est;
1358 4126 1448 4180 hic
1474 4126 1704 4185 fortasse
1750 4131 1947 4187 dilatus
1991 4141 2095 4200 est,

507 4206 600 4280 qui
631 4211 958 4281 patrimonio
984 4213 1240 4271 derelicto
1276 4216 1478 4272 idcirco
1508 4221 1773 4286 secessit,
1819 4224 1943 4291 quia
1989 4239 2095 4281 non

506 4307 624 4354 erat
654 4310 948 4372 negaturus
976 4321 990 4356 :
1028 4304 1379 4362 conﬁteretur
1403 4309 1586 4378 utique
1614 4320 1671 4382 et
1699 4311 1815 4382 ipse
1841 4313 1885 4367 si
1907 4312 2100 4370 fuisset

506 4392 804 4467 detentus]
853 4394 986 4452 ltem
1011 4397 1159 4467 alibi,
1189 4416 1309 4455 cum
1337 4409 1580 4472 tempore
1599 4381 1945 4461 mortalitatis
1967 4422 2098 4462 cou-

505 4483 774 4540 solaretur
815 4500 960 4552 eum,
1006 4490 1098 4560 qui
1134 4505 1193 4546 se
1233 4491 1448 4549 dolebat
1490 4504 1664 4550 morte
1692 4497 1997 4566 praeveniri,
2027 4513 2096 4555 ne

2201 3957 2498 4030 intelligere
2524 3958 2858 4034 noluerunt.]
2884 3962 3016 4041 Item
3056 3964 3111 4020 in
3140 3964 3295 4021 libris
3322 3966 3392 4021 de
3416 3966 3532 4024 ﬁde
3568 3971 3644 4025 ad
3668 3971 3797 4027 Gra-

2201 4045 2409 4102 tianum
2437 4048 2503 4104 de
2533 4049 2721 4104 eadem
2753 4067 2813 4106 re
2853 4053 2932 4108 sic
2958 4053 3128 4108 dicit:
3159 4052 3310 4127 [Haec
3349 4060 3702 4115 consuetudo
3725 4068 3798 4115 est

2200 4137 2516 4206 prophetiae,
2546 4147 2604 4194 ut
2638 4155 2758 4210 quin
2790 4139 2970 4197 futura
3004 4153 3150 4208 sunt,
3180 4143 3265 4199 vel
3291 4145 3446 4214 quasi
3481 4148 3794 4215 praesentia,

2200 4227 2286 4282 vel
2307 4230 2459 4298 quasi
2484 4227 2662 4286 futura
2685 4231 2964 4286 dicantur:
2981 4233 3092 4288 Deo
3113 4234 3278 4301 enim,
3303 4250 3426 4306 qua:
3448 4246 3579 4292 sunt
3593 4237 3796 4306 futura,

2200 4323 2485 4391 praesentia
2526 4331 2683 4388 sunt;
2733 4333 2790 4379 et
2813 4325 2885 4391 ei,
2909 4327 2996 4381 cui
3042 4330 3371 4400 przecognita
3416 4342 3550 4385 sunt
3591 4335 3796 4399 munia,

2199 4422 2427 4470 ventura
2466 4431 2565 4485 pro
2594 4415 2752 4472 factis
2794 4428 2942 4484 sunt,
2995 4419 3134 4476 sicut
3163 4421 3428 4491 scriptum
3481 4433 3609 4478 est:
3650 4444 3671 4476 ε
3698 4425 3795 4493 Qui

2201 4503 2330 4560 fecit
2358 4521 2476 4576 quae
2519 4506 2698 4562 futura
2749 4517 2876 4563 sunt
2905 4509 3039 4580 (Ita.
3091 4526 3212 4576 xcv,
3254 4513 3341 4576 ll,
3382 4530 3488 4567 sec.
3519 4513 3740 4589 [113).]
3771 4537 3790 4568 ι

507 4595 570 4635 se
595 4578 790 4636 oﬁerre
816 4591 1000 4651 posset
1027 4584 1094 4638 ad
1132 4587 1434 4656 passionem
1483 4590 1749 4660 martyrii,
1795 4591 1868 4646 ita
1917 4593 2047 4648 dicit
2075 4611 2090 4649 :
2121 4577 2174 4637 Ῑ)
2270 4599 2466 4654 Beatus
2495 4599 2660 4655 etiam
2708 4577 3070 4672 Hieronymus
3097 4603 3163 4658 de
3190 4604 3380 4660 eadem
3411 4621 3471 4662 re
3507 4577 3794 4679 disputans

507 4666 715 4741 [Primo
747 4670 802 4724 in
833 4669 950 4726 loco
974 4687 1082 4727 non
1109 4683 1193 4730 est
1219 4675 1271 4730 in
1305 4685 1394 4731 tua
1430 4686 1720 4748 potestate,
1766 4681 1859 4735 sed
1899 4681 1952 4736 in
1996 4684 2094 4739 Dei

507 4759 818 4829 dignatione
849 4763 1167 4834 martyrium
1199 4781 1339 4822 :nec
1376 4777 1528 4836 potes
1592 4777 1644 4823 te
1688 4769 1869 4825 dicere
1910 4766 2094 4842 perdi-

504 4851 677 4918 disse,
709 4853 854 4923 quod
883 4856 1062 4911 nescis
1092 4873 1159 4910 an
1189 4861 1445 4914 merearis
1471 4861 1750 4932 accipere,
1777 4863 1910 4938 etc.]
1959 4865 2093 4924 item

505 4944 610 4998 alio
635 4944 754 5002 loco
788 4965 800 5000 :
835 4945 1043 5019 [Neque
1080 4949 1249 5013 enim,
1281 4949 1472 5020 inquit,
1525 4963 1703 5022 potest
1741 4958 1941 5027 perire,
1987 4961 2093 5017 nisi

504 5051 665 5102 quem
715 5047 931 5093 constat
983 5053 1102 5094 esse
1151 5041 1453 5110 periturum
1496 5061 1508 5096 :
1552 5060 1676 5101 cum
1723 5048 1982 5106 Dominus
2036 5053 2090 5109 in

507 5120 795 5194 Evangelio
842 5142 940 5182 suo
986 5127 1164 5183 dicat:
1202 5146 1222 5180 ι
1250 5129 1438 5189 Omnis
1464 5133 1744 5206 plantatio,
1776 5154 1938 5209 quam
1981 5157 2091 5199 non

507 5211 766 5282 plantavit
795 5217 955 5273 Pater
982 5234 1135 5277 meus
1161 5222 1422 5292 ctelestis,
1467 5229 1833 5286 eradicabitur
1872 5232 2088 5302 (Matth.

507 5319 625 5367 χιχ,
669 5304 805 5378 13).]
838 5326 856 5359 ι
891 5309 1021 5365 [tem
1064 5312 1191 5368 alibi
1222 5314 1353 5369 dicit
1385 5333 1397 5369 ε
1427 5315 1709 5388 [Dominus
1754 5321 1808 5376 in
1840 5337 2092 5392 persecu-

509 5395 655 5451 tione
684 5396 937 5454 secedere
969 5410 1025 5457 et
1052 5401 1235 5473 fugere
1263 5404 1555 5472 mandavit,
1584 5416 1749 5478 atque
1783 5419 1842 5465 ut
1890 5411 1942 5467 id
1991 5412 2087 5468 ﬁe-

510 5495 594 5542 ret
629 5495 684 5544 et
728 5487 911 5544 docuit
956 5499 1012 5545 et
1049 5491 1195 5550 fecit.
1245 5494 1382 5550 Nam
1414 5512 1537 5554 cum
1566 5514 1766 5557 corona
1788 5502 1855 5558 de
1880 5503 1976 5558 Dei
2005 5503 2088 5560 di-

509 5579 764 5652 gnatione
807 5579 1116 5649 descendat,
1166 5600 1266 5643 nec
1311 5588 1484 5658 possit
1531 5591 1724 5663 accipi,
1773 5593 1876 5650 nisi
1928 5593 2094 5653 fuerit

510 5671 643 5728 hora
669 5672 940 5739 sumendi,
969 5673 1212 5744 quisquis
1250 5677 1304 5732 in
1339 5677 1556 5737 Christo
1601 5698 1826 5739 manens
1869 5685 2086 5744 interim

509 5761 672 5829 cedit,
697 5778 803 5820 non
841 5763 999 5820 ﬁdem
1030 5773 1212 5837 negat,
1253 5768 1347 5824 sed
1390 5778 1601 5842 tempus
1645 5789 1963 5848 exspectat:
1996 5787 2086 5854 qui

2198 4688 2252 4743 in
2296 4690 2632 4760 expositione
2676 4691 2928 4762 Epistolas
2957 4693 3024 4747 ad
3053 4693 3338 4763 Ephesios,
3366 4696 3442 4751 ita
3486 4697 3793 4754 clarissime

2155 4847 2162 4852 η
2197 4778 2332 4834 dicit
2365 4798 2377 4833 :
2417 4769 2902 4852 [Considerandum
2933 4783 3077 4855 quod
3110 4795 3166 4841 et
3210 4787 3298 4842 hic
3325 4792 3695 4864 προὼρςσμος,
3741 4799 3793 4845 et

2196 4874 2492 4946 προσθεσις,
2529 4872 2583 4926 id
2609 4881 2693 4929 est
2716 4875 3139 4945 praedestinatio,
3172 4887 3227 4934 et
3252 4880 3590 4949 propositum
3629 4882 3791 4937 simul

2194 4964 2370 5034 posita
2399 4973 2544 5030 sunt,
2570 4963 2724 5035 juxta
2755 4982 2875 5038 quae
2900 4967 3173 5041 operatur
3195 4973 3375 5027 omnia
3401 4973 3550 5028 Deus
3594 4989 3788 5030 secun-

2197 5052 2323 5107 dum
2352 5053 2636 5109 consilium
2670 5057 2963 5114 voluntatis
2992 5075 3104 5116 sua:
3127 5075 3143 5115 :
3165 5077 3271 5117 non
3297 5077 3406 5132 quo
3435 5065 3619 5119 omnia
3666 5080 3787 5136 qua:

2197 5146 2251 5202 in
2283 5147 2486 5203 mundo
2512 5147 2666 5215 ﬁant,
2693 5150 2788 5206 Dei
2817 5151 3093 5208 voluntate
3122 5162 3176 5209 et
3200 5155 3430 5210 consilio
3449 5168 3789 5229 peraguntur

2194 5235 2458 5307 (alioquin
2503 5247 2557 5293 et
2587 5238 2725 5294 mala
2773 5239 2885 5296 Deo
2925 5251 3179 5313 poterunt
3212 5244 3510 5312 imputari),
3552 5248 3648 5303 sed
3680 5263 3785 5320 quo

2197 5327 2449 5382 universa
2478 5329 2785 5402 qumfaciat
2808 5347 2932 5387 cum
2961 5333 3189 5390 consilio
3213 5335 3379 5392 faciat
3404 5347 3460 5392 et
3481 5338 3781 5403 voluntate.

2196 5433 2317 5488 qua:
2346 5419 2555 5474 scilicet
2599 5403 2808 5477 ratione
2845 5423 3005 5494 plena
3034 5425 3107 5480 sit
3131 5435 3187 5482 et
3211 5437 3478 5498 potestate
3503 5429 3779 5488 facientis.

2195 5506 2306 5564 Nos
2346 5510 2594 5568 homines
2618 5513 2876 5584 pleraque
2905 5515 3153 5573 volumus
3197 5517 3378 5575 facere
3403 5521 3657 5590 oonsilio,
3687 5525 3782 5580 sed

2195 5613 2536 5671 nequaquam
2560 5602 2888 5661 voluntatem
2932 5608 3179 5678 sequitur
3201 5607 3426 5666 euectus
3449 5629 3463 5664 :
3490 5611 3571 5667 illi
3599 5621 3782 5669 autem

2195 5690 2372 5746 nullus
2402 5692 2653 5750 resistere
2680 5706 2880 5765 potest,
2911 5699 3040 5770 quin
3065 5700 3248 5766 omnia,
3274 5716 3395 5772 quae
3420 5703 3656 5760 voluerit
3696 5704 3780 5760 fa-

2193 5782 2320 5840 'ciat.
2358 5783 2484 5840 Vult
2511 5795 2693 5843 autem
2738 5803 2802 5845 ea
2850 5804 2972 5862 qua:
3000 5801 3126 5850 sunt
3154 5793 3309 5868 plena
3351 5795 3583 5852 rationis
3615 5805 3782 5858 alain
