3966 6334
172 331 318 390 1105

1158 338 1244 394 DE
1280 333 1602 395 TENENDA
1639 335 2054 422 SCRIPTURA)
2100 337 2465 396 VERITATE.

3311 338 3452 392 1106

169 448 446 525 oonsilii.]
463 451 599 508 Item
618 452 742 509 alibi
759 453 811 508 in
823 452 1062 523 ejusdem
1073 451 1326 522 Epistola:
1346 452 1775 509 commentariis:
1807 441 1857 513 Α
1884 451 2126 507 urol’ecto
2149 454 2200 508 in
2224 453 2325 509 hac
2355 452 2738 510 obscurissima
2759 449 3145 523 quaestione,“
3169 449 3457 520 prascien-

175 536 366 610 [Quod
399 551 612 607 autem,
657 543 846 613 inquit,
885 561 902 594 ‹
932 541 1132 598 electos
1159 557 1275 607 nos,
1307 551 1360 596 ut
1390 555 1628 598 essemus
1657 555 1781 595 san-

173 631 249 685 cti
278 638 338 686 et
369 632 715 690 immaculati
747 648 928 689 coram
957 621 1260 705 ipso'(Eph.
1304 650 1343 699 ι,
1370 634 1446 703 4),
1488 653 1505 684 ι
1547 634 1646 688 hoc
1677 639 1781 699 est,

174 737 371 778 coram
424 725 565 792 Deo,
607 737 733 782 ante
775 725 1035 782 fabricam
1065 726 1249 781 mundi
1297 735 1524 782 testatus
1562 734 1666 792 est,
1716 725 1784 780 ad

173 814 599 882 prmscientiam
627 815 724 871 Dei
753 816 1004 886 pertinet,
1042 817 1127 871 cui
1151 817 1330 870 omnia
1359 815 1537 870 futura
1560 817 1673 886 jam
1707 814 1785 870 fa-

174 911 265 957 cta
289 914 448 971 sunt,
477 914 538 961 et
559 914 844 978 antequam
870 907 1022 972 ﬁant,
1045 908 1295 964 universa
1313 918 1437 963 sunt
1459 917 1584 962 nota
1610 927 1622 962 :
1648 907 1788 962 sicut

176 1002 234 1048 et
265 993 491 1051 Paulus
541 997 656 1067 ipse
703 996 1114 1068 praedestinatur
1155 999 1207 1053 in
1257 1008 1411 1054 utero
1441 1000 1629 1054 matris
1677 1013 1788 1054 suae

175 1079 329 1151 (Gal.
361 1085 445 1151 1);
478 1096 538 1140 et
566 1085 828 1142 Jeremias
855 1086 908 1142 in
936 1087 1091 1142 vulva
1128 1089 1316 1144 matris
1347 1105 1457 1144 suae
1478 1091 1785 1145 sanctiﬁca-

178 1181 294 1240 tur,
321 1166 578 1248 eligitur,
608 1181 912 1245 roboratur,
949 1189 1005 1235 et
1051 1181 1102 1234 in
1136 1191 1259 1252 typo
1281 1182 1483 1236 Christi
1522 1183 1788 1253 propheta

178 1267 452 1334 gentibus
481 1271 717 1326 mittitur
765 1272 898 1343 (Jer.
929 1288 967 1335 ι,
1001 1271 1104 1345 5).]
1159 1273 1225 1328 Et
1245 1283 1366 1344 post
1397 1274 1572 1345 aliqua
1605 1294 1617 1329 :
1648 1275 1789 1348 [Non

180 1357 262 1411 ait
303 1357 541 1427 Paulus,
575 1362 771 1434 inquit,
803 1383 823 1416 ι
861 1363 1023 1435 elegit
1066 1380 1164 1420 nos
1195 1375 1321 1420 ante
1351 1368 1790 1423 constitutionem

182 1452 408 1517 mundi,
441 1470 571 1510 cum
596 1470 839 1513 essemus
865 1458 1036 1513 sancti
1061 1467 1116 1514 et
1138 1460 1485 1526 immaculati,
1520 1481 1536 1513 ι
1565 1464 1666 1517 hoc
1685 1470 1787 1517 est:

181 1541 316 1610 quia
335 1544 523 1598 sancti
555 1553 610 1599 et
635 1544 960 1602 immaculati
989 1557 1113 1604 ante
1134 1553 1247 1604 'non
1273 1549 1492 1615 fuimus,
1520 1561 1579 1606 ut
1603 1561 1790 1612 postea

181 1649 447 1692 essemus
482 1639 782 1694 constituit.
835 1639 951 1696 Non
991 1643 1136 1696 enim
1166 1643 1436 1714 eliguntur
1477 1644 1694 1712 Paulus,
1740 1655 1795 1701 et

181 1728 282 1798 qui
314 1730 368 1784 ei
399 1730 616 1787 similes
643 1742 788 1798 sunt,
821 1733 944 1802 quia
973 1743 1129 1788 erant
1153 1735 1326 1790 sancti
1352 1745 1407 1790 et
1435 1735 1791 1801 immaculati,

1883 543 1956 598 tia
1988 554 2042 599 et
2070 547 2543 615 praedestinatione
2585 546 2764 601 divina
2811 545 2947 617 (Deo
2980 539 3260 615 'aspirante
3296 551 3457 612 atque

1884 633 2239 709 illuminante)
2264 636 2407 693 nulla
2438 637 2642 693 erroris
2672 636 2847 708 caligo
2876 637 2931 691 in
2975 650 3163 691 eorum
3203 631 3459 691 cordibus

1885 728 2252 782 remansisset.
2279 728 2370 783 Ait
2395 745 2630 800 namque
2648 727 2906 800 praefatus
2929 729 3119 784 doctor
3160 727 3306 783 inter
3350 735 3461 780 cat-

1885 824 2000 870 tera
2028 833 2080 870 in
2106 816 2246 872 libro
2267 817 2384 887 jam
2428 819 2575 874 dicto
2607 833 2624 872 :
2656 816 2834 889 [Quod
2858 832 2987 889 ergo
3009 825 3135 872 ante
3161 815 3463 887 gehennam

1886 904 2012 960 mali
2042 916 2288 976 pereunt,
2316 924 2421 964 non
2446 917 2530 964 est
2560 908 2726 964 divini
2775 907 2977 978 operis,
3030 905 3125 962 sed
3175 904 3396 961 humani
3448 921 3464 958 :

1887 996 2032 1065 quod
2071 1008 2250 1052 autem
2281 999 2334 1053 in
2377 999 2619 1070 gehenna
2648 999 2873 1070 perituri
2899 1005 3043 1064 sunt,
3077 998 3182 1052 hoc
3201 996 3333 1050 facit
3366 995 3465 1050 Dei

1888 1089 2132 1157 aquilas,
2160 1090 2246 1144 cui
2274 1089 2417 1144 nulla
2444 1089 2916 1160 placet-peccantis
2947 1085 3252 1159 iniquitas.)
3274 1087 3343 1142 Et
3369 1086 3467 1140 ite-

1891 1195 2008 1236 rum
2057 1183 2566 1251 prwdestinationis,
2614 1183 2814 1254 inquit,
2865 1183 3082 1238 nomine
3134 1195 3240 1235 non
3285 1177 3467 1248 aliqua

1891 1273 2453 1330 voluntatis-humanae
2491 1276 2742 1330 coactitia
2791 1274 3087 1330 necessitas
3125 1271 3468 1343 exprimitur,

1894 1363 1988 1417 sed
2019 1363 2327 1420 misericors
2357 1373 2411 1419 et
2438 1363 2584 1432 justa
2617 1365 2794 1446 futuri.
2812 1364 2994 1435 operis
3036 1363 3216 1418 divina
3265 1360 3467 1430 sempi-

1885 1469 2048 1540 .terna
2075 1461 2351 1531 dispositio
2379 1461 2738 1530 przedieatur:
2776 1478 2794 1511 ‹
2826 1460 2936 1514 Deo
2966 1456 3474 1528 namque,etmise-

1894 1551 2179 1605 ricordiam
2213 1560 2269 1606 et
2297 1550 2560 1622 judicium
2585 1559 2770 1608 cantat
2795 1550 3032 1606 Ecclesia
3056 1548 3228 1621 (Psal.
3263 1565 3312 1610 c,
3339 1548 3414 1616 l).
3445 1565 3467 1599 ι

1969 1643 2098 1697 Item
2124 1643 2195 1698 ibi
2226 1659 2240 1697 :
2272 1643 2547 1714 [Proinde,
2572 1643 2767 1713 inquit,
2791 1644 2968 1714 potuit
2993 1643 3133 1698 sicut
3157 1641 3324 1696 voluit
3343 1654 3478 1710 prte-

1899 1735 2168 1791 destinare
2197 1736 2458 1805 quosdam
2490 1736 2554 1790 ad
2579 1735 3103 1807 gloriam,quosdam
3126 1734 3194 1788 ad
3221 1745 3472 1804 poenam:

185 1819 287 1874 sed
321 1820 610 1892 eliguntur
639 1831 695 1877 et
724 1822 1198 1892 praedestinantur,
1242 1833 1301 1878 ut
1347 1824 1402 1880 in
1441 1827 1794 1896 consequenti
1825 1808 1874 1868 Β
1901 1827 1994 1882 sed
2024 1843 2160 1897 quos
2187 1827 2589 1897 prredestinavit
2624 1827 2690 1881 ad
2725 1827 2949 1897 gloriam
2976 1824 3386 1896 praedestinavit
3409 1822 3480 1878 ad

184 1908 305 1964 vita
356 1926 464 1981 per
507 1927 669 1983 Opera
716 1921 878 1984 atque
916 1914 1146 1970 virtutes
1183 1916 1354 1971 sancti
1385 1925 1440 1971 et
1467 1917 1797 1975 immaculati
1894 1915 2193 1985 justitiam;
2223 1931 2360 1986 quos
2384 1925 2562 1971 autem
2591 1916 2995 1987 prmdestinavit
3023 1914 3090 1968 ad
3129 1928 3344 1984 poenam
3369 1927 3479 1967 non

186 1997 385 2071 ﬁanL]

265 2087 382 2158 sed
416 2097 478 2146 et
525 2091 717 2146 beatus
746 2091 856 2148 Leo
891 2093 958 2148 de
983 2095 1266 2166 utriusque
1309 2097 1798 2167 praedestinationis

184 2185 412 2232 aeterno
445 2180 587 2249 apud
619 2179 785 2236 Deum
816 2183 1062 2249 consilio,
1097 2185 1150 2239 in
1200 2187 1542 2242 sermonibus
1594 2189 1705 2243 suis
1731 2189 1798 2244 ad

184 2271 469 2341 pOpulum
504 2273 579 2328 ita
625 2273 901 2329 evidenter
943 2275 1118 2342 docet,
1171 2278 1496 2350 dicens:[ln
1529 2279 1800 2335 salvandis

186 2363 346 2417 enim
395 2365 650 2420 omnibus
695 2382 792 2436 per
839 2381 1056 2423 crucem
1101 2367 1301 2425 Christi
1349 2372 1653 2426 communis
1679 2379 1800 2427 erat

186 2451 464 2510 voluntas
490 2453 666 2510 Patris
700 2466 756 2511 et
792 2456 913 2512 Filii

190 2541 304 2597 ulla
327 2552 558 2614 poterat
572 2548 781 2603 ratione
804 2548 1028 2613 turbari,
1046 2550 1189 2620 quod
1212 2559 1335 2606 ante
1355 2561 1557 2606 aeterna
1583 2554 1797 2620 saecula,

189 2641 250 2688 et
279 2634 720 2693 misericorditer
747 2647 864 2693 erat
904 2638 1226 2711 dispositum
1253 2649 1308 2696 et
1335 2641 1799 2698 incommutabili-

194 2733 284 2778 ter
318 2727 710 2801 praeﬁnitum]
741 2730 874 2786 Item
900 2733 1006 2787 alio
1045 2733 1165 2788 loco
1201 2750 1213 2788 :
1244 2733 1399 2806 [Cum
1435 2749 1565 2806 ergo
1594 2736 1800 2802 omnia,

192 2829 321 2885 qua:
350 2817 408 2871 in
441 2816 674 2875 Domino
702 2822 1000 2892 majestatis
1035 2821 1258 2879 Judaica
1286 2825 1507 2880 admisit
1533 2827 1799 2895 impietas,

197 2915 358 2962 tanto
416 2919 548 2965 ante
600 2913 856 2982 praedicta
914 2914 1043 2980 sint,
1074 2926 1132 2970 ut
1184 2933 1290 2971 non
1338 2926 1447 2972 tam
1475 2919 1542 2974 de
1571 2917 1800 2984 futuris,

157 3023 160 3026 ~
199 3013 373 3068 quam
405 3001 476 3054 de
498 3003 787 3072 praeteritis
808 3005 1155 3075 propheticus
1182 3007 1254 3062 sit
1283 3018 1466 3062 sermo
1491 3016 1802 3072 contextus,

202 3093 338 3159 quid
397 3092 546 3147 aliud
597 3095 776 3160 nobis,
819 3111 979 3166 quam
1006 3083 1458 3168 sempiternarum
1493 3099 1802 3171 dispositio-

1900 2009 2298 2079 prazdestinavit
2342 2009 2409 2063 ad
2457 2007 2689 2078 culpam.
2734 2007 2794 2062 In
2838 2007 2943 2062 illis
2987 2021 3116 2077 ergo
3161 2020 3324 2076 Opera
3382 2019 3482 2059 sua

1871 2115 1874 2118 ‘
1900 2102 2193 2172 gloriﬁcat;
2229 2103 2281 2156 in
2309 2101 2426 2157 istis
2455 2110 2636 2156 autem
2668 2117 2832 2172 opera
2863 2115 2970 2154 non
2999 2115 3095 2154 sua
3130 2091 3480 2154 condemnat.

960 2476 972 2512 :
1023 2473 1309 2516 commune
1355 2461 1659 2524 consilium,
1699 2477 1796 2519 nec
1895 2462 2159 2533 justitiam
2192 2460 2433 2517 facturus
2467 2463 2583 2532 ipse
2621 2479 2726 2517 non
2771 2461 2914 2534 fuit.]
2960 2462 3089 2516 Item
3142 2462 3213 2516 ibi
3259 2477 3273 2513 :

1902 2191 2014 2247 Hoc
2052 2193 2234 2261 itaque
2260 2193 2666 2262 praedestinavit
2695 2192 2867 2256 Deus,
2893 2189 3034 2261 quod
3067 2199 3187 2245 erat
3236 2189 3352 2260 ipse
3400 2187 3481 2242 fa-

1901 2291 2103 2344 cturus,
2130 2292 2222 2336 aut
2252 2283 2390 2353 quod
2421 2283 2596 2338 fuerat
2621 2282 2949 2353 largiturus;
2994 2282 3125 2336 illud
3147 2295 3278 2336 vero
3308 2279 3480 2334 nulla-

1902 2386 2003 2425 nus
2031 2371 2448 2438 praedestinavit,
2481 2372 2622 2441 quod
2662 2372 2775 2427 sive
2815 2387 2910 2442 per
2941 2371 3194 2442 gratiam,
3225 2370 3339 2425 sive
3385 2383 3485 2438 per

3322 2458 3485 2532 [Mala

1902 2554 2099 2624 quippe
2118 2553 2365 2609 voluntas
2390 2569 2495 2608 non
2518 2556 2750 2625 pertinet
2771 2555 2836 2608 ad
2861 2555 3123 2624 Optimum
3147 2561 3482 2608 creatorem:

1898 2643 2042 2714 jnsta
2071 2661 2201 2702 vero
2231 2645 2410 2714 injusti
2445 2646 2642 2718 angeli,
2673 2647 3014 2717 hominisque
3053 2646 3327 2700 damnatio
3356 2659 3485 2714 per-

1907 2737 2041 2792 tinet
2081 2737 2146 2791 ad
2198 2738 2565 2807 aequissimum
2622 2740 2974 2809 cognitorem.
3026 2738 3106 2793 Ad
3157 2737 3487 2792 voluntatem

1904 2827 2070 2898 igitur
2113 2827 2312 2882 malam
2361 2829 2502 2883 Deus
2563 2829 2835 2883 hominem
2887 2845 2991 2883 non
3048 2826 3487 2899 prmdestinavit,

1906 2917 2030 2985 quia
2056 2918 2259 2973 homini
2291 2935 2410 2974 eam
2440 2919 2664 2975 daturus
2691 2921 2805 2990 ipse
2832 2936 2937 2974 non
2970 2920 3118 2993 fuit.]
3146 2921 3212 2975 Et
3241 2921 3436 2975 iterum
3471 2938 3485 2974 :

1907 3007 2115 3081 [Neque
2143 3010 2286 3065 enim
2317 3019 2402 3065 est
2428 3011 2531 3065 alia
2564 3010 2681 3079 ejus
2724 3012 3147 3083 prazdestinatio,
3197 3011 3297 3066 nisi
3346 3010 3490 3064 futu-

1911 3116 2092 3154 rorum
2126 3116 2350 3171 operum
2373 3101 2490 3172 ejus
2517 3110 2717 3156 aeterna
2745 3102 3086 3172 praeparatio,
3121 3101 3173 3156 in
3207 3117 3313 3172 qua
3347 3100 3490 3156 nulla

205 3198 342 3237 num
376 3183 474 3238 Dei
497 3183 954 3244 incommutabilis
975 3189 1110 3244 ordo
1131 3199 1406 3246 reseratur
1437 3209 1450 3244 :
1485 3168 1623 3261 apud
1645 3206 1804 3261 quem
1831 3168 1878 3232 C
1909 3205 2074 3245 causa
2099 3168 2225 3245 mali
2257 3168 2523 3246 ullatenus
2551 3191 2751 3260 poterit
2798 3191 3029 3246 inveniri
3057 3210 3068 3244 :
3102 3191 3227 3261 quia
3279 3207 3346 3246 ex
3400 3205 3494 3244 vo-

206 3273 576 3330 discernenda
594 3277 708 3345 jam
728 3276 996 3346 judicata,’
1021 3287 1077 3334 et
1105 3279 1282 3336 futura
1301 3281 1412 3351 jam
1458 3279 1601 3335 facta
1652 3293 1800 3337 sunt.

209 3363 352 3419 Cum
374 3366 522 3421 enim
544 3374 598 3422 et
623 3367 910 3437 qualitates
932 3370 1206 3427 actionum
1235 3381 1567 3440 nostrarum,
1595 3381 1647 3428 et
1675 3373 1804 3430 elle-

211 3465 337 3512 ctus
367 3459 614 3515 omnium
649 3461 985 3520 voluntatum
1012 3464 1238 3520 scientia
1275 3465 1456 3520 divina
1486 3467 1801 3535 praeveniat,

211 3554 426 3615 quanto
451 3550 623 3620 magis
649 3560 775 3605 nota
801 3561 927 3606 sunt
952 3553 1062 3608 Deo
1088 3569 1250 3624 opera
1274 3555 1408 3608 sua?
1444 3562 1499 3608 et
1525 3565 1670 3611 recte
1693 3557 1806 3627 pla-

213 3636 332 3690 cuit
361 3638 519 3705 quasi
547 3637 688 3694 facta
725 3639 924 3707 recoli,
970 3655 1090 3712 qua:
1140 3658 1248 3698 non
1291 3651 1541 3712 poterant
1583 3645 1806 3700 omnino

213 3739 331 3778 non
360 3725 526 3800 lieri.]

292 3814 497 3872 Beatus
525 3833 743 3891 quoque
765 3821 995 3878 antistes
1018 3832 1073 3878 et
1090 3823 1358 3896 gloriosus
1386 3825 1670 3882 confessor
1682 3827 1807 3882 Ful-

219 3906 464 3974 gentius,
496 3909 562 3964 de
603 3909 704 3966 hac
743 3912 932 3983 judicii
979 3914 1036 3968 in
1078 3923 1360 3986 utramque
1417 3925 1626 3987 partem
1671 3932 1808 3988 prae-

218 3998 454 4054 scientia
479 4009 534 4056 et
559 4003 1034 4072 przedestinatione
1056 4007 1334 4078 egregium
1352 4007 1549 4062 librum
1578 4009 1803 4065 scribit:

216 4090 338 4160 qui,
370 4091 510 4148 sicut
533 4105 590 4150 et
633 4107 827 4152 caatera
877 4098 994 4168 ejus
1041 4098 1357 4154 admiranda
1403 4108 1457 4155 et
1498 4102 1807 4158 veneranda

219 4181 450 4250 scripta,
499 4198 713 4266 semper
756 4186 824 4240 ab
874 4186 1114 4242 Ecclesia
1159 4187 1392 4245 ﬁdeliter
1434 4200 1700 4260 receptus,
1749 4199 1808 4246 et

166 4282 170 4284 '
223 4271 373 4327 inter
401 4274 692 4344 scriptores
726 4276 1127 4335 ecclesiasticos
1159 4279 1502 4336 laudabiliter
1541 4297 1807 4338 annume-

222 4373 379 4419 ratus
403 4373 504 4420 est.
537 4365 603 4422 Et
626 4383 771 4424 nunc
790 4369 1063 4426 nescimus
1091 4386 1195 4441 qua
1225 4373 1456 4439 ratione,
1479 4373 1589 4428 imo
1619 4373 1807 4431 inﬁde-

220 4454 379 4512 litate
417 4465 470 4512 et
487 4461 828 4516 contentione
855 4461 1017 4516 simul
1054 4478 1178 4518 cum
1202 4463 1363 4519 beato
1383 4465 1682 4537 Augustino
1709 4466 1804 4522 ab-

215 4547 408 4618 jicitur
433 4569 446 4605 :
476 4560 530 4606 et
553 4552 622 4608 ab
659 4553 740 4608 eis
759 4553 852 4624 qui
874 4553 1126 4611 catholici
1149 4555 1316 4611 videri
1338 4557 1545 4623 volunt,
1575 4556 1710 4614 tales
1739 4571 1806 4614 ac

225 4642 362 4696 tanti
412 4643 514 4698 viri
561 4641 658 4699 Dei
705 4643 1046 4715 iniquissime
1066 4645 1409 4714 injuriati,et
1437 4647 1628 4717 spreti,
1657 4647 1806 4703 velut

222 4734 532 4804 quisquilia:
553 4745 608 4791 et
631 4745 986 4809 purgamenta
1021 4737 1284 4794 vilissima
1313 4738 1720 4796 coneulcantur.
1737 4738 1806 4795 Et

223 4835 307 4882 est
328 4827 492 4884 nimis
512 4829 762 4886 mirabile
789 4830 899 4886 imo
946 4831 1208 4887 horribile
1249 4832 1548 4902 quomodo,
1577 4841 1636 4887 ut
1686 4833 1805 4889 suis

223 4919 696 4978 adiuventionibus
735 4931 790 4979 et
839 4923 1056 4994 ineptiis
1102 4925 1372 4990 credatur,
1409 4925 1646 4996 exigant,
1680 4940 1805 4981 cum

225 5011 324 5082 ipsi
370 5014 712 5070 beatissimos
760 5013 985 5078 Patres.
1022 5023 1079 5070 et
1115 5014 1508 5071 illustrissimos
1556 5015 1806 5072 doctores

224 5103 484 5160 Ecclesiae
510 5104 841 5175 abjecerint;
869 5121 934 5161 ac
960 5120 1060 5176 per
1083 5106 1188 5162 hoc
1217 5105 1319 5162 nisi
1355 5122 1414 5161 se
1439 5107 1600 5162 citius
1628 5106 1801 5163 corri-

223 5213 352 5269 gere
384 5199 635 5254 studeant
665 5199 947 5255 verissime
981 5199 1220 5256 haeretici
1250 5199 1484 5271 judicari
1536 5209 1802 5270 possunt:

224 5291 314 5360 qui
344 5290 500 5357 ﬁdei,
527 5300 583 5346 et
620 5291 894 5358 charitati,
932 5301 986 5346 et
1028 5292 1410 5348 sincerissima:
1449 5293 1668 5348 Patrum
1711 5294 1808 5348 dO-

223 5382 413 5437 ctrinae
466 5397 571 5437 non
613 5383 1046 5450 communicant;
1099 5383 1194 5440 sed
1245 5381 1466 5453 insuper
1505 5398 1628 5438 cum
1674 5383 1805 5454 ipsis

226 5475 388 5530 etiam
413 5473 706 5546 Scriptura:
726 5484 928 5532 sancta:
957 5475 1231 5532 caelestem
1259 5478 1638 5532 auctoritatem
1676 5491 1804 5531 cono

230 5574 494 5621 temnunt.
528 5565 660 5621 Nam
686 5567 730 5622 si
760 5565 907 5622 illum
954 5567 1327 5623 ﬁdelissimum
1372 5569 1807 5639 copiosissimum

231 5665 281 5711 et
308 5657 748 5713 ﬂorentissimum
777 5658 974 5714 librum
1022 5659 1166 5715 beati
1210 5657 1479 5730 Fulgentii
1526 5675 1649 5715 cum
1694 5659 1809 5731 pie-

233 5757 341 5802 tate
367 5757 421 5806 et
447 5750 750 5807 obedientia
781 5749 959 5822 legere
1001 5759 1058 5808 et
1105 5751 1408 5824 intelligere
1451 5751 1802 5818 studuissent,

1827 4514 1883 4576 D

1906 3279 2111 3335 luntate
2139 3279 2234 3335 Dei
2261 3295 2536 3350 nunquam
2565 3282 2829 3351 processit
2847 3283 3001 3352 origo
3024 3280 3249 3352 peccati.
3287 3299 3305 3330 σ
3335 3279 3493 3334 Mise-

1907 3369 2078 3424 ricors
2091 3369 2234 3423 enim
2259 3368 2520 3424 Dominus
2541 3378 2596 3424 et
2609 3369 2787 3438 justus
2810 3367 2982 3439 (Psal.
3003 3383 3148 3433 cnv,
3166 3368 3242 3437 5).
3266 3387 3284 3419 ι
3305 3367 3492 3436 Deque

1906 3461 2012 3516 alio
2039 3461 2157 3515 loco
2178 3461 2438 3529 scriptum
2464 3469 2548 3515 est
2581 3479 2592 3513 :
2624 3481 2650 3511 «ε
2680 3461 3103 3516 Misericordiam
3129 3468 3184 3515 et
3206 3459 3491 3514 veritatem

1906 3550 2078 3620 diligit
2101 3549 2356 3603 Dominus
2383 3549 2524 3604 Deus
2543 3547 2714 3621 (Paul.
2734 3565 2947 3613 r.xxxnv,
2975 3549 3085 3618 12).
3118 3569 3135 3601 ι
3164 3549 3219 3604 In
3241 3549 3494 3604 omnibus

1906 3654 2036 3710 ergo
2061 3639 2313 3709 operibus
2333 3639 2448 3710 ejus
2461 3648 2554 3694 aut
2564 3638 2708 3708 justa
2734 3641 2932 3694 veritas
2951 3640 3272 3706 custoditur,
3297 3639 3491 3710 autpia

1909 3731 2279 3787 misericordia
2305 3731 2690 3803 prmrogatur.]
2723 3731 2854 3786 Item
2886 3731 2956 3786 ibi
2999 3749 3012 3785 :
3047 3730 3162 3804 [Dei
3185 3731 3329 3786 enim
3353 3736 3491 3801 pra:-

1911 3824 2271 3880 destinatione
2293 3833 2383 3878 aut
2412 3833 2756 3894 peccatorum
2789 3832 3089 3895 praeparata
3138 3832 3220 3878 est
3265 3823 3352 3893 pia
3402 3837 3489 3878 re-

1914 3914 2120 3977 missio,
2145 3923 2237 3968 aut
2262 3925 2607 3984 peccatorum
2631 3915 2776 3986 justa
2805 3915 3033 3985 punitio.
3069 3912 3352 3982 Nunquam
3393 3913 3492 3984 igi-

1913 4014 2001 4060 tur
2022 4005 2165 4061 Deus
2187 4006 2458 4062 hominem
2487 4007 2554 4060 ad
2583 4007 2685 4061 hoc
2715 4006 2888 4076 potuit
2913 4004 3320 4075 praedestinare,
3349 4005 3494 4072 quod

1911 4099 2026 4169 ipse
2048 4099 2386 4168 disposuerat
2412 4107 2468 4154 et
2501 4109 2768 4169 praecepto
2815 4097 3141 4168 prohibere,-
3177 4104 3232 4150 et
3277 4095 3490 4150 miseri-

1911 4192 2094 4248 cordia
2133 4191 2358 4255 diluere,
2410 4199 2466 4247 et
2509 4191 2717 4261 justitia
2763 4188 3000 4262 punire]
3055 4189 3296 4258 Itemque
3346 4187 3419 4243 ibi
3473 4201 3489 4240 :

1912 4284 2078 4357 [Deus
2104 4284 2286 4354 itaque
2313 4284 2494 4339 omnia
2520 4283 2796 4339 hominum
2828 4298 2992 4354 Opera
3021 4283 3135 4337 sive
3178 4282 3344 4346 bona,
3374 4279 3491 4335 sive

1909 4373 2049 4429 mala
2075 4373 2366 4443 praescivit,
2385 4373 2507 4444 quia
2533 4372 2839 4428 eumlatere
2862 4371 2993 4426 nihil
3019 4371 3224 4440 potuit;
3257 4370 3351 4425 sed
3375 4369 3488 4424 sola

1910 4467 2050 4522 bona
2080 4463 2502 4536 praedestinavit,
2526 4479 2644 4533 qua:
2676 4478 2733 4518 se
2764 4463 2815 4516 in
2840 4461 2964 4516 ﬁliis
2986 4461 3173 4532 gratia:
3215 4459 3488 4516 facturum

1910 4569 2030 4611 esse
2077 4554 2386 4625 praescivit;
2452 4553 2592 4608 mala
2649 4567 2778 4609 vero
2823 4550 3002 4606 futura
3057 4565 3221 4620 opera
3271 4550 3488 4606 illorum

1910 4663 2047 4718 quos
2082 4663 2188 4703 non
2219 4645 2623 4718 praedestinavit
2648 4648 2714 4700 ad
2763 4659 3017 4715 regnum,
3050 4642 3144 4698 sed
3190 4641 3259 4696 ad
3299 4641 3490 4696 interi-

1912 4750 2058 4805 tum,
2117 4737 2389 4811 praescivit
2434 4736 2805 4809 potentissima
2861 4735 3083 4799 deitate,
3113 4733 3387 4789 ordinavit
3435 4740 3494 4786 et

1910 4831 2130 4904 provida
2157 4827 2446 4901 bonitate.]
2493 4827 2560 4882 Et
2593 4827 2790 4882 iterum
2826 4824 3163 4897 :[Praescivit
3205 4823 3348 4878 enim
3398 4835 3490 4874 vo-

1910 4924 2144 4979 luntates
2167 4922 2445 4978 hominum
2469 4919 2640 4975 bonas
2662 4927 2717 4974 et
2740 4917 2935 4982 malas,
2960 4914 3362 4986 praedestinavit
3384 4929 3489 4968 non

1913 5012 2106 5079 malas,
2136 5013 2230 5068 sed
2265 5011 2408 5067 solas
2431 5011 2616 5065 bonas.
2647 5008 2714 5063 Et
2739 5007 2867 5062 licet
2899 5006 2952 5060 in
2984 5005 3100 5076 ejus
3132 5003 3484 5078 praedestina-

1913 5107 2058 5162 tione
2083 5120 2188 5161 non
2219 5102 2401 5167 fuerit,
2432 5111 2491 5157 ut
2519 5099 2775 5155 malitiam
2807 5096 3064 5152 voluntati
3103 5096 3353 5150 humanae
3395 5093 3490 5148 de-

1912 5201 2101 5265 disset,
2131 5197 2232 5252 fuit
2270 5205 2446 5251 tamen
2477 5195 2530 5249 in
2559 5193 2677 5264 ejus
2715 5189 3187 5262 pnedestinatione
3225 5181 3352 5258 quid
3383 5183 3487 5241 hu-

1912 5305 2087 5348 manae
2113 5287 2407 5346 voluntatis
2433 5285 2652 5342 malitiae
2677 5279 3042 5354 reddidisset]

2519 5420 2745 5480 CAPUT
2789 5419 2880 5476 ιχ.

2193 5539 2442 5613 Sequitur
2470 5540 2535 5593 de
2560 5539 2736 5593 eodem
2765 5535 2994 5608 capitulo
3014 5539 3203 5605 primo.

1982 5655 2106 5712 llaec
2151 5652 2410 5727 praefatus
2460 5651 2782 5710 venerabilis
2833 5651 3022 5707 doctor
3051 5649 3104 5704 in
3135 5646 3293 5711 libro,
3323 5658 3487 5714 quem

1910 5764 2073 5820 supra
2106 5744 2549 5811 memoravimus,
2579 5745 2732 5816 juxta
2787 5742 3081 5814 Scriptura:
3108 5744 3309 5794 sancta:
3339 5734 3486 5789 veri-
