3966 6334
619 294 754 349 1107

1608 287 1664 343 S.
1705 285 1960 343 REMlGll
2001 277 2485 350 LUGDUNENSIS
2520 277 2826 335 EPISCOPI

3662 289 3752 354 MU

617 421 804 477 tatem,
837 419 893 466 et
920 407 1334 480 praecedentium
1371 405 1589 462 Patrum
1622 406 1971 460 reverendam
2003 411 2191 458 aucto-
2221 398 2270 458 A
2296 395 2535 466 ejusdem
2564 389 2846 466 scripturae
2890 394 2991 451 iste
3042 395 3112 451 sit
3141 394 3354 451 titulus:
3393 395 3498 468 [De
3521 409 3752 478 sanctoqu-

615 505 834 558 ritatem
875 511 930 557 et
981 500 1146 556 multa
1173 498 1299 564 alia,
1329 512 1448 568 qua
1499 495 1564 550 ad
1594 504 1911 566 praesentem
1941 493 2194 564 quastio-

610 606 741 646 nem
772 589 1044 645 sutliciunt
1073 588 1223 643 claro
1260 600 1514 642 sermone
1571 585 1846 640 disseruit.
1899 582 2070 651 Quem
2100 597 2199 638 nos

613 682 848 736 ﬁdeliter
875 681 1262 750 disputantem,
1296 687 1351 733 et
1398 677 1662 747 majorum
1717 675 1941 745 vestigia
1972 675 2058 744 pie
2107 688 2196 729 se-

605 784 871 845 quentem
899 773 1238 838 obedienter,
1265 779 1320 826 et
1373 771 1659 826 sinceriter
1691 768 1846 839 sequi
1900 769 2194 822 debemus:

615 867 740 936 quia
775 874 830 920 et
855 865 960 922 hoc
984 866 1052 920 ad
1085 864 1208 920 ﬁdei
1232 871 1431 918 nostra
1468 861 1832 930 integritatem
1859 858 2111 929 pertinet,
2140 864 2200 912 ut

613 958 756 1012 sicut
783 956 836 1010 in
865 955 1096 1020 caeteris,
1129 970 1249 1025 qua
1278 954 1343 1009 de
1372 954 1482 1008 Deo
1519 951 1810 1014 credimus,
1840 950 1910 1004 ita
1937 956 1991 1004 et
2013 949 2065 1002 in
2096 947 2198 1003 hac

596 1056 769 1119 parte
794 1047 925 1104 nihil
978 1048 1256 1119 indignum
1289 1046 1468 1101 divina
1501 1040 1980 1115 majestate,nihil
2006 1039 2196 1095 falsum

613 1142 678 1196 de
707 1140 905 1195 divinis
928 1137 1148 1207 judiciis
1177 1138 1495 1193 sentiamus.
1541 1134 1851 1204 Praesertim
1879 1148 2002 1188 cum
2040 1131 2200 1201 hujus

598 1232 1108 1302 ,pradestinationis
1154 1231 1376 1296 veritas,
1419 1239 1474 1284 et
1526 1229 1647 1291 ﬁdei
1682 1229 1733 1282 in
1769 1227 1923 1281 nobis
1972 1224 2202 1280 adiﬁcet

598 1323 1001 1385 sinceritatem,
1034 1330 1089 1375 et
1137 1319 1264 1374 nulli
1321 1319 1558 1389 praebeat
1601 1315 2001 1387 desperationis
2027 1313 2199 1370 oﬁ‘en-

591 1415 842 1476 .sionem,
872 1420 926 1468 et
966 1412 1176 1467 cunctis
1216 1411 1306 1480 qui
1347 1411 1401 1464 in
1439 1409 1551 1464 suis
1600 1409 1747 1463 vitiis
1795 1407 2118 1478 perniciose,
2147 1413 2201 1460 et

614 1503 969 1573 pertinaciter
1015 1501 1196 1556 vivere
1253 1500 1609 1563 delectantur,
1656 1497 2074 1553 saluberrimum
2127 1495 2199 1550 ti-

612 1609 821 1648 morem
853 1593 1081 1662 ingerat.
1133 1589 1267 1646 Nam
1316 1591 1382 1644 de
1435 1596 1769 1659 contemptu,
1802 1597 1857 1642 et
1885 1587 2200 1658 ‘ahjectione

595 1683 1051 1749 beatissimorum
1078 1692 1242 1752 atque
1297 1680 1787 1736 illustrissimorum
1828 1679 2074 1744 Patrum,
2106 1679 2198 1748 qui

2299 502 2462 558 scopo
2489 487 2787 558 Augustino
2807 487 2942 542 mira
2966 485 3135 541 laudis
3160 487 3416 552 assertio;
3453 499 3500 543 et
3521 490 3624 546 huic
3653 496 3753 552 timb

2299 580 2690 650 subjungantur
2734 578 2896 634 verba
2946 576 3152 652 prafati
3208 577 3484 645 Pontiﬁcis,
3526 598 3620 652 qua:
3647 584 3753 644 itase

2299 672 2499 728 habent
2535 690 2549 726 :
2595 671 2960 742 Augustinum
3014 678 3212 725 sancta
3260 673 3603 728 recordationis
3637 678 3752 735 vium

2296 777 2398 833 pro
2419 763 2530 818 vita
2561 778 2679 830 sua,
2710 770 2874 832 atque
2928 761 3138 816 meritis
3166 761 3221 814 in
3264 770 3436 816 nostra
3481 768 3753 826 communione

2298 869 2512 924 semper
2560 855 2851 910 habuimus
2878 873 2892 909 :
2949 869 3049 909 nec
3075 868 3308 923 unquam
3335 855 3469 910 hunc
3494 855 3674 913 sinistra
3697 876 3753 915 sn-

2297 946 2558 1018 Spicionis
2586 945 2778 1002 saltem
2824 960 3009 1000 rumor
3034 944 3284 1016 aspersit,
3311 961 3458 1014 quem
3493 956 3623 1002 tanta
3639 952 3752 1006 sueu-

2300 1038 2388 1092 tia
2412 1037 2540 1092 olim
2584 1035 2752 1092 fuisse
2775 1036 3139 1100 meminimus,
3170 1043 3229 1091 ut
3255 1036 3392 1092 inter
3417 1039 3653 1109 magistros
3671 1045 3754 1112 opti-

2300 1146 2418 1185 mos
2461 1131 2622 1186 etiam
2654 1147 2684 1184 a
2722 1129 2859 1186 meis
2905 1145 3116 1200 semper
3154 1130 3506 1186 decessoribus
3540 1133 3753 1191 haberetur.

2298 1222 2442 1278 Bene
2469 1239 2596 1294 ergo
2627 1225 2694 1278 de
2724 1239 2790 1278 eo
2813 1237 2974 1278 omne
3004 1223 3057 1277 in
3108 1238 3412 1278 communes
3437 1236 3681 1290 sensenmt.
3705 1240 3754 1282 ut-

2299 1325 2424 1385 pote
2445 1315 2537 1386 qui
2568 1315 2769 1385 ubique
2799 1315 3031 1380 cunctis,
3062 1323 3115 1370 et
3146 1315 3317 1369 amori
3349 1313 3512 1377 fuerit,
3543 1327 3588 1370 et
3603 1318 3753 1373 honori:

2301 1407 2444 1460 unde
2473 1407 2758 1461 resistatur
2783 1406 3002 1471 talibus,
3023 1422 3160 1476 quos
3183 1407 3322 1461 male
3343 1423 3561 1463 crescere
3581 1409 3754 1466 videmus.

2300 1492 2462 1551 Nefas
2497 1504 2581 1551 est
2605 1496 2720 1551 hac
2753 1496 2865 1566 pati
2902 1496 3181 1567 religiosas
3208 1496 3426 1561 animas,
3477 1513 3658 1566 quorum
3679 1500 3757 1554 atill-

2303 1588 2556 1652 ctatione,
2591 1588 2683 1658 qui
2724 1589 2964 1644 membra
2993 1597 3179 1643 nostra
3226 1597 3364 1654 sunt,
3393 1605 3482 1644 nos
3505 1605 3755 1660 quoquemu-

2302 1680 2448 1734 venit
2482 1680 2768 1736 macerari.
2801 1678 3056 1748 Quamvis
3084 1691 3301 1736 maneat
3339 1682 3431 1738 hos
3453 1682 3670 1738 beatitudo
3685 1700 3756 1752 pro-

612 1791 642 1829 a
678 1775 862 1830 multis
906 1775 1068 1830 nimis
1126 1773 1422 1829 insolenter
1448 1782 1608 1843 atque
1634 1774 1934 1843 irreligiose
1981 1772 2198 1828 concul—
2225 1756 2273 1814 Β
2304 1773 2492 1838 missa,
2526 1774 2834 1845 quicunque
2862 1775 3161 1846 probantur
3186 1775 3580 1845 persecutionem
3619 1785 3757 1846 propter

611 1876 826 1932 cantur,
853 1867 980 1936 quid
1013 1867 1166 1921 nobis
1189 1865 1334 1921 aliud
1373 1867 1738 1931 sentiendum,
1775 1865 1876 1919 nisi
1910 1873 1969 1918 ut
2005 1874 2196 1920 contra
2292 1861 2564 1932 justitiam
2601 1865 2874 1920 sustinere
2899 1864 3116 1935 (Matth.
3143 1880 3197 1930 v,
3228 1864 3336 1936 10).
3371 1864 3550 1931 Quibus
3572 1866 3664 1934 quid
3684 1880 3756 1933 pro-

586 1957 728 2022 hac
757 1957 930 2028 magis
953 1957 1256 2022 audiamus,
1297 1965 1351 2013 et
1385 1958 1736 2012 observemus
1753 1956 1881 2027 quid
1915 1955 2196 2026 Scriptura

612 2050 677 2103 de
699 2050 903 2104 eisdem
933 2050 1137 2104 sanctis
1164 2049 1416 2104 Patribus
1443 2049 1698 2119 praccpit
1728 2049 1947 2103 dicens:
1980 2067 1998 2099 ‹
2029 2048 2197 2102 luter-

587 2153 742 2209 .roga
768 2146 976 2206 patrem
1007 2146 1181 2202 tuum,
1204 2147 1261 2192 et
1285 2138 1626 2193 annuntiahit
1655 2137 1776 2202 tibi,
1804 2137 2034 2208 majores
2053 2147 2193 2203 tuos,

586 2241 664 2286 .et
688 2231 870 2284 dicent
917 2230 1012 2285 tibi
1053 2230 1231 2302 (Deut.
1263 2246 1436 2295 xxx",
1466 2230 1520 2302 7)
1547 2247 1561 2295 ;
1595 2250 1614 2283 ι
1673 2246 1740 2285 ne
1769 2231 2109 2286 incurramus
2140 2229 2196 2286 in

611 2323 740 2376 illud
793 2324 936 2392 quod
988 2338 1086 2394 per
1142 2321 1486 2379 Salomonem
1521 2323 1757 2378 dicitur:
1788 2342 1806 2374 ι
1869 2323 2069 2385 Malum
2117 2331 2200 2380 est

611 2413 818 2468 homini
864 2414 1110 2484 dejerare
1165 2422 1399 2480 sanctos,
1459 2423 1513 2470 et
1549 2423 1672 2484 post
1719 2423 1843 2470 vota
1900 2423 2200 2471 retractare

613 2501 799 2568 (Prov.
827 2521 914 2569 xx,
947 2504 1004 2576 5)
1033 2521 1048 2570 ;
1080 2523 1099 2556 ι
1142 2505 1420 2576 simusque
1475 2505 1792 2575 parentibus
1829 2505 2200 2574 spiritualihus

611 2594 862 2663 (quorum
886 2594 1024 2658 ﬁde,‘
1042 2594 1289 2650 doctrina
1321 2596 1374 2650 in
1414 2595 1632 2652 Christo
1677 2596 1919 2667 generati
1947 2611 2011 2651 ac
2041 2610 2196 2666 rege-

611 2685 785 2739 nerati
830 2685 1038 2758 sumus)
1098 2686 1493 2752 inobedieutes,
1532 2694 1588 2742 et
1631 2694 2033 2757 contemptores
2053 2684 2201 2740 Scri-

614 2785 806 2846 ptura,
837 2793 956 2848 qua
986 2777 1152 2832 dicit:
1187 2797 1204 2829 ι
1240 2777 1402 2844 Audi,
1428 2777 1500 2832 ﬁli
1531 2779 1626 2844 mi,
1656 2778 1994 2849 disciplinam
2025 2777 2198 2848 patris

617 2869 714 2932 tui,
747 2887 765 2920 ι
795 2867 846 2921 id
879 2877 960 2922 est
985 2868 1369 2938 omnipotentis
1398 2868 1513 2934 Dei,
1536 2886 1555 2919 ι
1583 2876 1639 2924 et
1659 2883 1727 2923 ne
1759 2868 1998 2922 dimittas
2025 2868 2197 2939 legem

579 3014 583 3016 .
617 2960 808 3015 matris
836 2968 939 3013 tua
978 2958 1162 3030 (Prov.
1191 2976 1228 3026 ι,
1249 2960 1330 3032 8),
1359 2979 1377 3012 ι
1409 2960 1462 3014 id
1488 2967 1570 3015 est
1597 2969 1799 3016 sancta
1824 2959 2081 3015 Ecclesiae
2103 2960 2200 3015 do-

616 3060 796 3122 gmata
818 3061 873 3107 et
897 3061 1100 3107 statuta
1124 3051 1322 3118 ﬁdelia,
1353 3067 1474 3121 qua
1493 3067 1598 3107 non
1625 3060 1832 3106 tantum
1858 3060 1917 3106 ut
1937 3051 2194 3122 legitima,

2300 1955 2484 2010 mittat
2513 1956 2772 2010 Dominus
2804 1956 2856 2010 in
2888 1955 3127 2010 futurum
3159 1971 3386 2026 sequens
3414 1971 3566 2012 sermo
3588 1955 3755 2011 declarat

2299 2045 2416 2102 Non
2444 2055 2530 2103 est
2558 2049 2832 2119 agentium
2863 2063 3026 2104 causa
3049 2043 3309 2104 sclerum.
3343 2047 3623 2103 Universalis
3641 2047 3755 2122 ﬁcule-

2300 2137 2380 2193 sia
2410 2152 2730 2209 quacunque
2760 2139 2998 2194 novitate
3044 2138 3311 2208 pulsatur,
3356 2138 3654 2209 intelligamus
3689 2138 3755 2191 bac

2299 2230 2417 2303 ipsa
2447 2231 2621 2297 vobis,
2652 2247 2771 2302 qua
2809 2231 2964 2288 nobis
2989 2248 3094 2288 non
3120 2231 3359 2303 placent,
3389 2229 3756 2302 displicere:un

2301 2321 2378 2376 ita
2405 2321 2620 2377 demum
2645 2324 2877 2393 probare
2918 2323 3244 2394 poterimus,
3276 2324 3322 2379 si
3351 2323 3573 2393 imposito
3591 2319 3756 2391 improbis

2301 2412 2516 2468 silentio
2539 2415 2604 2469 de
2635 2414 2728 2468 tali
2748 2430 2808 2470 re
2831 2415 3186 2484 imposterum
3223 2414 3436 2485 querela
3455 2410 3669 2483 cessabit]

2372 2505 2528 2561 Hunc
2555 2506 2720 2577 igitur
2770 2507 3146 2562 beatissimum
3174 2515 3232 2562 et
3277 2501 3756 2560 ﬁdelissimume

2302 2615 2519 2670 semper
2545 2601 2599 2655 in
2623 2601 3002 2656 communione
3031 2601 3177 2656 sedis
3205 2597 3497 2671 apostolica
3527 2597 3757 2660 habitqu

2303 2694 2372 2748 ab
2410 2693 2528 2764 ejus
2556 2695 2718 2750 etiam
2753 2694 3101 2764 pontiﬁcibus
3139 2693 3289 2749 inter
3331 2692 3583 2762 magistros
3605 2687 3756 2743 ﬁdelib-

2302 2786 2492 2841 ctrina
2519 2785 2900 2842 venerabiliter
2929 2794 3234 2856 receptum,
3257 2793 3312 2839 et
3331 2784 3398 2838 ab
3420 2782 3534 2852 ipsis
3557 2788 3638 2834 tam
3652 2776 3754 2839 clare,

2301 2885 2359 2932 et
2381 2866 2681 2932 honoriﬁce
2717 2884 2911 2932 contra
2943 2877 3317 2932 obtrectantes
3334 2884 3390 2930 et
3411 2873 3686 2942 obloquentes
3703 2867 3756 2921 de-

2300 2966 2537 3033 fensum,
2563 2967 2635 3022 ita
2665 2977 2726 3022 ut
2749 2967 3002 3036 imposito
3024 2966 3290 3036 improbis
3309 2963 3524 3028 silentio,
3553 2955 3756 3015 omnemi:

2301 3075 2368 3115 eo
2407 3060 2840 3116 mussitationem
2866 3060 3352 3130 comprimendam.
3408 3074 3467 3113 ac
3510 3051 3755 3127 repellendam

577 3145 709 3197 .sed
738 3158 884 3208 vere,
935 3151 994 3197 ut
1042 3144 1214 3214 legem
1259 3145 1551 3200 observare
1597 3145 1895 3201 debemus:
1943 3145 2068 3216 quia
2103 3160 2201 3215 per
2226 3143 2273 3206 C
2305 3151 2681 3214 decernerent,
2712 3149 2878 3204 etiam
2926 3163 3023 3204 nos
3078 3158 3192 3204 tota
3242 3148 3364 3204 ﬁdei
3409 3142 3756 3202 devotionem

613 3236 873 3305 Spiritum
899 3246 1144 3294 sanctum
1170 3238 1313 3294 edita
1343 3238 1564 3294 minime
1593 3238 1922 3296 dubitamus.

688 3331 929 3400 Denique
958 3331 1025 3386 de
1054 3331 1195 3386 beati
1247 3331 1531 3400 Augustini
1579 3331 1732 3388 libris
1787 3341 1842 3389 et
1887 3332 2106 3404 scriptis
2144 3332 2199 3387 in

610 3423 810 3492 quibus
839 3438 903 3477 ex
931 3423 1254 3479 necessitate
1285 3439 1457 3489 nova,
1489 3425 1540 3478 id
1561 3433 1645 3480 est
1689 3424 1991 3497 Pelagiana
2024 3427 2198 3481 hare—

608 3514 686 3567 sis
712 3513 1051 3569 destruenda
1073 3523 1128 3569 et
1158 3513 1281 3569 ﬁdei
1308 3513 1591 3569 catholica
1619 3514 1966 3571 defendenda
1996 3517 2201 3570 instan-

610 3607 817 3660 tissima
861 3606 1162 3661 intentione
1191 3605 1257 3660 de
1294 3614 1487 3660 natura
1522 3614 1579 3660 et
1605 3607 1803 3677 gratia,
1849 3607 1914 3662 de
1942 3607 2118 3678 gratia
2145 3614 2201 3662 et

614 3697 785 3752 libero
813 3699 1058 3761 arbitrio,
1089 3698 1155 3752 de
1183 3699 1530 3768 correptione
1571 3706 1626 3754 et
1653 3700 1848 3769 gratia,
1899 3699 1965 3754 de
1995 3699 2200 3769 praede-

609 3790 902 3844 stinatione
927 3799 1236 3844 sanctorum
1273 3797 1328 3843 et
1357 3789 1498 3844 bono
1544 3789 1980 3860 perseverantia,
2009 3803 2074 3844 ac
2098 3789 2198 3844 ba-

611 3880 810 3949 ptismo
835 3881 1200 3950 parvulorum,
1232 3882 1386 3952 juxta
1436 3882 1856 3951 profunditatem
1903 3881 2199 3953 Scriptura

617 3981 839 4040 sancta,
895 3984 950 4028 et
1002 3975 1328 4046 evangelica
1374 3985 1536 4045 atque
1573 3977 1885 4046 apostolica
1938 3977 2199 4033 doctrina

577 4095 584 4100 -
613 4065 856 4134 regulam
881 4065 1246 4136 multipliciter
1271 4067 1592 4137 disputavit;
1620 4069 1794 4125 adhuc
1819 4071 1935 4139 ipso
1959 4070 2195 4137 vivente,

579 4157 755 4211 :sicut
783 4157 1014 4227 Prosper
1065 4167 1119 4213 et
1146 4159 1382 4215 Hilarius
1424 4162 1491 4216 ad
1529 4162 1778 4218 eumdem
1827 4164 2113 4218 scribunt:
2141 4171 2199 4219 et

613 4250 788 4306 multo
817 4251 989 4320 magis
1033 4260 1156 4321 post
1187 4251 1393 4307 obitum
1418 4250 1533 4321 ejus
1557 4261 1784 4323 propter
1807 4254 2196 4310 obscuritatem

579 4369 582 4372 η
614 4358 824 4410 rerum,
848 4353 904 4399 et
933 4344 1244 4400 tarditatem
1300 4346 1479 4401 minus
1529 4346 1968 4418 intelligentiam,
2015 4347 2197 4404 multi-

608 4435 734 4505 plex
757 4434 998 4506 querela,
1047 4435 1279 4491 maxime
1308 4437 1450 4491 intra
1476 4435 1684 4493 Gallias
1705 4447 1895 4494 exorta
1931 4448 2016 4495 est
2042 4457 2057 4506 ;
2098 4441 2195 4496 sed

2304 3252 2508 3304 remus,
2535 3246 2646 3294 toto
2689 3238 2866 3294 studio
2899 3247 2954 3295 et
3000 3239 3299 3300 intentione
3332 3238 3528 3309 pietatis
3549 3243 3753 3304 sequamur.

2304 3328 2372 3383 Et
2395 3329 2447 3382 in
2501 3330 2698 3398 quibus
2735 3340 2955 3400 promer
2977 3332 3366 3386 obscuritatem
3414 3345 3583 3391 rerum,
3624 3321 3755 3382 emb-

2307 3422 2556 3477 tilitatem
2589 3421 3016 3492 disputationum
3048 3424 3231 3480 minus
3281 3440 3399 3479 eum
3425 3421 3664 3489 intelligere
3685 3426 3755 3485 poi-

2303 3529 2510 3578 sumus,
2537 3515 2621 3570 vel
2650 3531 2676 3570 a
2713 3516 2941 3572 Domino
2971 3517 3382 3589 intelligentiam
3418 3504 3754 3587 postulemusnel

2301 3603 2372 3658 ab
2399 3605 2500 3671 eis,
2524 3620 2660 3675 quos
2681 3607 2797 3676 ipse
2820 3623 2920 3664 suo
2958 3606 3100 3663 dono
3147 3609 3448 3665 illuminare
3473 3608 3668 3678 dignatus
3695 3605 3753 3659 est»

2303 3699 2580 3754 humiliter
2598 3715 2696 3756 nos
2715 3701 2896 3756 doceri
2918 3702 3191 3772 patiamur
3213 3719 3276 3759 ac
3302 3704 3624 3775 deprecemur.

2372 3789 2506 3845 Nam
2537 3791 2680 3861 quod
2709 3799 2793 3847 est
2821 3792 2994 3862 magis
3033 3793 3343 3860 dolendum,
3373 3804 3424 3849 et
3462 3806 3612 3847 amore
3637 3785 3754 3839 ditio!

2301 3881 2548 3936 veritatis
2577 3882 2792 3951 penitus
2840 3883 3220 3938 detestandum
3251 3882 3598 3940 circumferunt
3616 3874 3751 3946 quidam

2300 3973 2543 4030 libellum
2569 3974 2720 4030 velut
2747 3975 2918 4046 ipsius
2946 3977 3166 4032 nomine
3196 3977 3477 4041 titulatum,
3503 3967 3754 4045 quemGrsoo

2299 4065 2563 4122 vocabulo
2609 4067 2984 4138 ὑπομνηπιιών
3033 4067 3327 4138 appellant,
3373 4081 3516 4138 quem
3559 4073 3682 4130 neque
3706 4053 3753 4108 illi

2299 4167 2521 4212 sanctus
2545 4159 2854 4227 episcopus,
2880 4158 2974 4228 qui
3002 4158 3190 4228 utique
3222 4158 3393 4214 Vitam
3444 4157 3585 4227 ipsius
3604 4145 3752 4214 scripsit.

2298 4258 2353 4305 et
2381 4249 2612 4304 indicem
2643 4250 2884 4306 omnium
2906 4250 3167 4306 librorum
3225 4252 3338 4308 sive
3379 4246 3661 4321 epistolarom
3683 4236 3754 4306 ei”

2299 4340 2712 4411 diligentissime
2741 4341 2796 4395 in
2846 4343 2952 4396 ﬁne
2981 4341 3223 4412 ejusdem
3259 4342 3516 4412 scriptura
3557 4327 3752 4403 subiunxit.

2299 4431 2390 4501 qui
2419 4431 2606 4501 utique
2629 4431 2811 4486 omnia
2831 4430 2951 4499 ejus
2976 4432 3178 4502 scripta
3202 4432 3401 4504 optime
3422 4434 3624 4489 noverat,
3639 4423 3751 4488 IIle

580 4553 583 4555 -
613 4528 873 4583 continuo
903 4544 1001 4598 per
1036 4528 1231 4583 divina
1263 4529 1648 4585 misericordia
1693 4531 2110 4601 providentiam,
2138 4551 2146 4584 t

2186 4514 2273 4586 LD
2299 4526 2368 4579 ab
2396 4525 2512 4594 ipso
2535 4525 2792 4592 nutritus,
2815 4533 3017 4581 etcum
3067 4539 3135 4581 eo
3168 4526 3353 4581 multis
3399 4507 3632 4578 curriculis
3651 4521 3752 4566 anno-

565 4696 575 4703 .
615 4621 860 4676 conciliis
893 4638 958 4676 ac
985 4621 1202 4676 statutis
1253 4621 1686 4679 beatissimorum
1737 4624 1979 4692 Patrum,
2013 4635 2068 4682 et
2095 4627 2194 4682 de-

614 4717 778 4771 cretis
807 4725 970 4787 atque
1019 4717 1341 4772 auctoritate
1370 4717 1678 4787 apostolica
1707 4719 1850 4774 sedis
1879 4719 2194 4790 pontiﬁcum

618 4810 971 4865 solertissime
1001 4811 1205 4872 sedata,
1259 4818 1423 4878 atque
1477 4819 1704 4864 sanata:
1749 4811 1820 4865 ita
1857 4821 1918 4866 ut
1946 4811 2122 4866 stultis
2141 4819 2196 4867 et

611 4903 1027 4974 indisciplinatis
1055 4905 1442 4972 quaestionibus
1490 4905 1759 4960 silentium
1810 4907 2192 4976 imponeretur,

618 5004 671 5047 et
702 4994 1031 5049 sanctissimi
1063 5009 1126 5047 ac
1156 4994 1510 5049 sincerissimi
1557 4995 1794 5050 doctoris
1822 4997 2114 5052 auctoritas
2143 4997 2199 5052 in

617 5083 867 5140 omnibus
927 5083 1204 5148 Ecclesiis,
1259 5092 1419 5153 atque
1451 5084 1505 5138 in
1563 5085 1678 5154 ipsa
1731 5086 1855 5140 sede
1903 5086 2199 5156 apostolica

616 5171 1048 5229 conﬁrmaretur.
1118 5173 1357 5244 Denique
1395 5173 1737 5230 beatissimus
1787 5191 1924 5247 papa
1954 5177 2202 5234 Caelesti-

615 5281 742 5329 nus,
775 5264 928 5332 cujus
976 5267 1300 5322 auctoritate
1330 5276 1384 5321 et
1433 5266 1696 5322 industria
1730 5265 2047 5322 Nestoriana
2090 5270 2198 5324 ha-

613 5357 754 5412 resis
784 5371 1032 5429 surgens,
1069 5375 1190 5413 cum
1220 5373 1318 5415 suo
1334 5368 1553 5414 auctore
1582 5374 1840 5430 oppressa
1871 5369 1972 5423 est,
2009 5369 2195 5415 contra

615 5449 753 5503 tanti
781 5446 881 5501 viri
905 5449 1345 5517 reprehensores,
1393 5449 1476 5502 vel
1524 5449 1702 5518 potius
1754 5449 2193 5516 calumniatores,

615 5541 753 5594 sicut
789 5540 841 5593 in
863 5539 1015 5593 libris
1047 5539 1324 5594 Canonum
1349 5541 1490 5594 inter
1509 5539 1722 5596 decreta
1747 5542 2060 5612 pontiﬁcum
2093 5543 2198 5597 Ro-

616 5646 899 5686 manorum
930 5631 1256 5696 continetur,
1290 5631 1507 5701 scripsit
1565 5633 1630 5687 ad
1663 5633 1944 5704 episcopos
1995 5633 2196 5689 Gallia-

614 5740 757 5792 rum,
785 5733 929 5780 tanta
953 5722 1255 5781 reverentia
1275 5730 1332 5780 et
1352 5721 1510 5780 laude
1536 5723 1685 5781 illum
1711 5728 2114 5798 commendans,
2137 5737 2198 5784 ut

2304 4631 2424 4670 rum
2450 4625 2802 4672 conversatus
2825 4617 2970 4672 inter
2992 4626 3221 4673 caeteros
3246 4617 3403 4672 libros
3441 4612 3540 4682 ejus
3564 4606 3753 4678 memmi:

2303 4705 2492 4776 Neque
2526 4707 2668 4763 ullus
2689 4708 2804 4764 fere
2843 4709 3246 4765 ecclesiasticus
3288 4709 3503 4778 scriptor
3530 4702 3620 4773 eius
3663 4705 3753 4749 1⁸³⁸³·

2303 4799 2506 4853 tionem
2534 4799 2712 4855 facere
2730 4799 3020 4866 invenitur,
3045 4809 3099 4856 et
3126 4801 3248 4856 ideo
3269 4799 3396 4855 falsa
3419 4786 3753 4879 superscripto”.e

2303 4893 2574 4948 titulatum
2604 4894 2825 4950 minime
2850 4895 3069 4950 dubium
3100 4904 3203 4949 est.
3238 4893 3386 4948 [huic
3407 4904 3518 4959 ergo
3537 4885 3603 4940 isti
3625 4876 3752 4932 relictis

2303 4986 2422 5056 ejus
2451 4987 2794 5053 authenticis,
2831 4998 2886 5042 et
2913 4987 3230 5043 clarissimis
3252 4987 3417 5050 libris,
3446 4994 3561 5053 quos
3584 4974 3750 5029 anim“

2303 5080 2544 5136 Ecclesia
2581 5081 2846 5151 sequitur,
2871 5081 3188 5150 conﬁngunt
3215 5096 3310 5137 suo
3339 5090 3505 5134 errore
3523 5073 3751 5160 atque”?

2304 5175 2480 5240 dacio,
2507 5174 2655 5229 velut
2680 5184 2802 5245 post
2825 5191 3016 5230 omnes
3048 5175 3215 5231 libros
3239 5188 3361 5229 suos
3383 5167 3619 5243 praelatum
3636 5160 3750 5245 ponti:

2302 5267 2456 5324 ﬁcem
2506 5268 2752 5322 ultimum
2809 5268 3195 5338 conscripsisse
3249 5286 3259 5300 ο
3299 5275 3352 5321 et
3400 5263 3623 5319 asserunt.
3661 5239 3749 5317 φθδ

2301 5361 2561 5431 (ιυίιιίιυίά
2591 5363 2641 5414 in
2694 5362 3120 5432 pfacedcntibus
3170 5362 3319 5416 libris
3346 5359 3446 5414 suis
3491 5354 3549 5408 de
3578 5343 3750 5438 mihi?

2303 5453 2474 5508 libero
2510 5452 2752 5515 arbitrio.
2811 5453 2878 5507 de
2913 5453 3380 5522 praedestinatione
3425 5454 3472 5504 et
3512 5435 3749 5531 prasciettlii

2302 5543 2396 5599 Dei
2427 5559 2709 5614 Perperam
2732 5543 2965 5609 dixerat,
2985 5545 3037 5598 in
3070 5545 3173 5601 isto
3196 5543 3433 5598 correxit.
3463 5531 3586 5604 Quod
3605 5528 3750 5615 omitto

2302 5634 2446 5690 absit
2471 5651 2500 5687 a
2541 5634 2718 5700 nobis,
2745 5643 2805 5689 ut
2858 5644 2964 5689 tam
3006 5634 3269 5690 nefarium
3303 5635 3612 5688 commentum
3639 5622 3750 5703 δυξας

2299 5741 2429 5806 pere
2456 5725 2762 5800 patiamur:
2794 5732 2855 5782 ut
2902 5735 3128 5806 propter
3172 5721 3452 5786 istiusmodi
3493 5717 3645 5776 librum
3675 5703 3749 5780 (Ψ
