3966 6334
614 275 778 378 sui

1169 385 1172 388 ρ
1595 326 1651 382 s.
1693 327 1950 386 REMlGll
1988 331 2470 395 LUGDUNENSIS
2505 309 2810 402 EPISCOPl
2859 319 2863 324 ⁷

681 432 735 485 4.
768 432 953 500 (Ibid.,
985 449 1034 490 c.
1061 433 1140 507 9.)
1167 434 1317 502 Quod
1345 436 1419 490 ita
1448 437 1588 494 Deus
1629 439 1682 494 in
1718 441 1972 498 cordibus
2019 443 2194 499 homi-
2217 449 2272 511 Α
2365 449 2498 508 Cum
2527 457 2641 514 haec
2670 458 2745 515 ita
2784 455 2917 530 'sint,

3661 376 3755 433 illi

2951 474 3007 519 et
3038 465 3261 524 liberum
3295 473 3552 534 arbitrium
3572 487 3757 546 omnibus

606 535 760 626 num,
783 531 945 627 atque
967 525 1023 628 in
1047 525 1161 594 ipso
1182 525 1352 638 libero
1373 536 1630 633 operetur
1651 530 1901 598 arbitrio,
1919 542 1977 587 ut
2005 541 2194 590 sancta
2293 544 2470 603 inesse
2496 548 2804 610 hominibus
2845 525 3031 628 negari
3061 525 3754 638 nullatenusVdebea-t,vn:i;:

607 615 882 730 οοξίῑειίίξν
925 616 1075 730 Pi“;n
1127 618 1411 720 θίξηείῙίυῐξι
1465 621 1751 730 omnii?“
1811 627 2192 730 {1910.8‘11003?
2293 647 2402 694 tam
2433 641 2830 700 multitudinem
2861 615 3753 730 hdniinuminﬁdelium,

604 702 896 759 voluntatis
916 719 984 760 ex
1012 705 1122 760 Deo
1148 707 1219 761 sit
1253 725 1267 761 :
1296 710 1424 777 quia
1461 725 1559 779 per
1611 711 1764 768 illum
1809 713 2012 784 aliquid
2059 716 2189 773 boni

603 809 908 863 possumus,
945 795 1062 852 sine
1107 812 1216 867 quo
1250 799 1384 854 nihil
1413 815 1726 870 possumus.

671 888 723 943 5.
754 887 941 960 (Ibid.,
967 905 1016 945 c.
1057 888 1170 962 12.)
1201 890 1454 947 Omnium
1486 895 1789 950 studiorum
1835 898 2186 968 omniumque

598 975 892 1043 virtutum,
922 978 1130 1050 quibus
1164 981 1231 1035 ab
1271 981 1427 1036 initio
1471 983 1593 1039 fidei
1637 986 1704 1040 ad
1742 987 2027 1042 Dominum
2062 996 2182 1043 ten-

598 1067 762 1136 ditur,
795 1070 962 1124 Deum
979 1071 1299 1142 proﬁtemur
1321 1083 1630 1142 auctorem;
1661 1085 1716 1132 et
1743 1093 1848 1132 non
1873 1065 2183 1134 dubitamus

596 1158 664 1214 ab
691 1158 860 1229 ipsius
885 1162 1059 1233 gratia
1086 1164 1267 1219 omnia
1289 1166 1527 1223 hominis
1554 1169 1744 1223 merita
1773 1170 2057 1237 przeveniri
2084 1184 2181 1240 per

594 1263 754 1320 quem
784 1251 844 1307 fit
863 1262 923 1309 ut
944 1255 1147 1326 aliquid
1168 1257 1292 1312 boni
1311 1267 1366 1312 et
1387 1259 1526 1315 velle
1549 1259 1872 1330 incipiamus
1895 1270 1949 1317 et
1974 1261 2176 1317 facere.

593 1341 710 1410 Quo
735 1345 922 1416 utique
946 1348 1149 1406 auxilio
1183 1358 1240 1405 et
1263 1351 1634 1408 misericordia
1658 1353 1753 1408 Dei
1778 1369 1884 1408 non
1933 1352 2180 1408 aufertur

589 1432 820 1492 liberum
849 1438 1153 1508 arbitrium,
1200 1443 1294 1498 sed
1343 1443 1624 1511 liberatur,
1650 1455 1710 1500 ut
1763 1445 1830 1501 de
1887 1446 2177 1501 tenebroso

587 1525 846 1594 lucidum,
872 1531 939 1586 de
967 1547 1136 1602 pravo
1172 1545 1411 1598 rectum,
1441 1535 1506 1590 de
1546 1535 1800 1608 languido
1842 1552 2058 1602 sanum,
2107 1535 2176 1592 de

586 1617 928 1690 imprudente
971 1623 1043 1677 sit
1079 1623 1384 1694 providum.
1422 1625 1595 1681 Tanta
1625 1626 1768 1682 enim
1798 1635 1881 1681 est
1906 1641 2034 1698 erga
2057 1641 2175 1682 om-

584 1725 684 1766 nes
712 1711 960 1769 homines
985 1715 1200 1771 bonitas
1220 1717 1336 1784 Dei,
1364 1727 1422 1772 ut
1449 1726 1632 1774 nostra
1662 1717 1793 1773 velit
1818 1733 1939 1774 esse
1978 1718 2172 1773 merita

2289 732 2359 787 ab
2380 733 2536 790 initio
2567 738 2752 792 saeculi
2781 753 2954 811 usque
2981 746 3048 798 ad
3077 745 3356 803 adventum
3379 749 3572 819 Christi,
3596 766 3640 812 et
3658 773 3754 818 nunc

2287 824 2463 881 adhuc
2489 827 2696 894 existit,
2724 839 2780 885 et
2823 833 3018 890 existet
3045 851 3212 906 usque
3245 840 3312 894 ad
3337 847 3753 905 consummationem

2286 921 2497 986 mundi,
2525 934 2813 980 excusatus
2834 925 3118 994 faciamus,
3149 931 3292 1000 quod
3333 933 3568 992 videlicet
3591 951 3671 993 non
3693 941 3753 995 ha-

2285 1009 2500 1067 buerint
2545 1013 2626 1068 vel
2688 1015 2924 1072 habeant
2979 1007 3189 1076 arbitrii
3240 1022 3524 1082 libertatem
3558 1043 3680 1097 quam
3720 1033 3754 1086 in

2281 1101 2452 1157 Adam
2491 1105 2862 1175 perdiderint,
2909 1118 2965 1165 et
3011 1110 3133 1167 ideo
3173 1129 3274 1170 nec
3299 1115 3436 1186 juste
3469 1115 3694 1189 culpentur
3711 1122 3754 1189 in

2283 1192 2463 1260 malis,
2493 1209 2612 1264 quae
2638 1207 2826 1267 agunt,
2864 1215 2966 1256 nec
3002 1217 3101 1271 pro
3129 1203 3332 1260 eisdem
3359 1207 3503 1264 malis
3514 1206 3632 1277 iuste
3649 1211 3687 1264 in
3703 1212 3753 1266 di-

2281 1284 2406 1340 vino
2423 1283 2642 1353 judicio,
2655 1287 3048 1346 condemnandi
3071 1303 3217 1349 sunt.
3238 1294 3432 1351 Contra
3452 1297 3576 1353 hunc
3592 1314 3754 1370 namque

2281 1391 2521 1438 errorem
2549 1386 2602 1433 et
2630 1395 2826 1435 vanam
2866 1384 3268 1441 excusationem
3306 1381 3378 1441 ΒΣ
3403 1387 3678 1461 Augustinus
3696 1407 3754 1447 ve-

2281 1467 2495 1522 ritatem
2523 1467 2648 1524 fidei
2674 1467 2987 1536 defendens,
3033 1474 3106 1529 ita
3137 1474 3267 1531 dicit
3299 1496 3311 1530 :
3345 1475 3532 1550 [Primo
3555 1480 3666 1534 enim
3685 1481 3752 1536 Do-

2279 1557 2458 1613 minus
2481 1557 2659 1626 Jesus,
2687 1561 2828 1617 sicut
2866 1563 3126 1634 scriptum
3156 1575 3242 1621 est
3281 1567 3336 1622 in
3371 1567 3624 1640 Evangelio
3644 1568 3750 1624 Joan-

2277 1651 2363 1708 nis
2392 1654 2641 1723 apostoli,
2671 1671 2777 1710 non
2805 1656 2953 1712 venit
2990 1668 3050 1712 ut
3067 1659 3340 1730 judicaret
3364 1661 3611 1725 mundum,
3634 1662 3701 1716 sed
3717 1671 3752 1714 ut

2276 1744 2576 1801 salvaretur
2601 1747 2834 1803 mundus
2857 1763 2954 1819 per
2983 1749 3159 1819 ipsum
3194 1748 3375 1822 (Joan.
3404 1765 3480 1816 nt,
3518 1749 3752 1822 l7).Posles

549 1817 705 1872 -quae
731 1812 857 1859 sunt
881 1806 1048 1909 ipsius
1079 1808 1215 1911 dona
1241 1825 1254 1864 :
1280 1818 1334 1863 et
1354 1824 1452 1878 pro
1492 1809 1593 1911 his.
1627 1825 1748 1911 qua?
1793 1809 2021 1910 Ιθῐᾚίιυε
2059 1818 2164 1911 ξεξίν
2195 1804 2245 1865 Β
2271 1853 2421 1902 vero,
2475 1839 2617 1894 sicut
2657 1804 3175 1911 scribit-apostolus
3199 1804 3412 1898 ‘Paulus
3433 1883 3446 1908 ,
3467 1804 3479 1816 I
3503 1862 3519 1895 ι
3563 1804 3749 1899 ,ίυάίολδὶι

581 1901 781 1949 aeterna
809 1898 1028 1964 praemia
1053 1898 1126 1953 sit
1147 1897 1464 1954 donaturus.
1496 1899 1622 1971 Agit
1651 1899 1849 1970 quippe
1887 1901 1944 1955 in
1987 1899 2164 1966 nobis,

582 1993 641 2038 ut
664 1986 806 2054 quod
836 1987 970 2054 vult,
998 1997 1054 2044 et
1077 1991 1327 2058 velimus,
1355 2001 1410 2048 et
1451 2008 1693 2065 agamus.

651 2073 705 2128 6.
746 2073 856 2146 (Ex
868 2077 1147 2147 Augustini
1170 2081 1319 2150 epist.
1348 2082 1500 2152 107.)
1533 2083 1786 2138 Fatemur
1811 2082 2040 2154 gratiam
2068 2080 2167 2138 Dei

581 2172 637 2219 et
663 2164 988 2234 adiutorium
1019 2170 1180 2225 etiam
1214 2173 1280 2226 ad
1302 2172 1540 2243 singulos
1563 2183 1717 2230 actus
1744 2175 1896 2240 dari;
1929 2188 2164 2244 namque

578 2271 685 2311 non
715 2257 833 2312 dari
863 2260 1156 2315 secundum
1187 2264 1381 2318 merita
1409 2272 1696 2330 nostra,ut
1715 2278 1841 2320 vera
1865 2265 1938 2320 sit
1961 2265 2158 2335 gratia,

575 2346 628 2402 ld
662 2355 748 2401 est
775 2350 944 2420 gratis
972 2351 1118 2417 data,
1145 2367 1241 2423 per
1271 2351 1387 2422 ejus
1407 2355 1838 2420 misericordiam
1859 2355 1950 2425 qui
1978 2355 2114 2410 dixit
2143 2371 2156 2409 :

583 2457 601 2488 ‹
648 2437 946 2496 Miserebor
974 2443 1061 2497 cui
1092 2444 1348 2500 misertus
1384 2459 1479 2501 ero
1525 2444 1696 2517 (Rom.
1729 2436 1810 2510 ix,
1846 2446 1949 2516 15).
1989 2465 2008 2499 ι
2042 2445 2110 2500 Et
2143 2464 2155 2501 :

582 2546 603 2580 ι
649 2529 1078 2589 Misericordiam
1132 2537 1442 2607 praestabo,
1494 2538 1580 2593 cui
1637 2537 1950 2594 misericors
2003 2536 2157 2594 fuero

578 2621 779 2693 (Exod.
804 2641 920 2692 ιω,
953 2627 1062 2698 19).
1102 2648 1121 2681 ι

643 2715 696 2768 7.
729 2714 986 2772 Fatemur
1014 2732 1134 2774 esse
1160 2717 1388 2775 liberum
1407 2720 1696 2777 arbitrium
1715 2719 1931 2776 etiamsi
1973 2718 2156 2776 divino

569 2804 770 2876 indiget
791 2805 1074 2878 adjutorio.
1722 2873 1724 2875 ,

636 2896 689 2950 8.
733 2895 840 2965 (Ea:
875 2896 1075 2953 Concil.
1113 2899 1358 2954 Arausic.
1391 2915 1512 2956 can.
1542 2900 1656 2971 15.)
1703 2900 2004 2956 Arbitrium
2056 2915 2155 2955 vo-

565 2983 791 3040 luntatis
813 2987 867 3040 in
891 2989 1064 3058 primo
1098 2989 1318 3045 homine
1345 2991 1698 3058 infirmatum,
1724 2991 1828 3046 nisi
1879 3004 1978 3061 per
2022 3005 2151 3061 gra-

562 3075 695 3131 tiam
725 3077 978 3149 baptismi
1005 3096 1111 3136 non
1138 3093 1320 3152 potest
1338 3085 1599 3156 reparari.

632 3165 687 3219 9.
714 3167 1012 3223 Arbitrium
1034 3171 1326 3226 voluntatis
1345 3182 1472 3230 tunc
1493 3183 1578 3230 est
1601 3190 1728 3231 vere
1754 3175 2149 3241 liberum,cum
2176 3173 2224 3238 C

558 3258 707 3312 vitiis
730 3260 1075 3331 peccatisque
1104 3278 1210 3318 non
1252 3265 1438 3319 servit.
1478 3265 1608 3322 Tale
1634 3267 1816 3322 datum
1839 3275 1924 3322 est
1947 3282 1978 3321 a
2005 3265 2138 3330 Deo,

559 3349 744 3419 utique
777 3350 980 3406 homini
1005 3353 1180 3424 primo
1209 3371 1223 3408 :
1247 3355 1390 3424 quod
1412 3356 1694 3422 amissum,
1717 3357 1819 3412 nisi
1847 3371 1878 3411 a
1910 3371 2020 3427 quo
2044 3370 2142 3425 po-

558 3438 660 3492 tuit
700 3440 846 3507 dari,
899 3455 1006 3497 non
1052 3444 1227 3514 potuit
1276 3445 1448 3501 reddi.
1477 3445 1631 3503 Unde
1671 3445 1886 3503 Veritas
1936 3447 2070 3502 dicit
2119 3462 2134 3502 :

563 3550 582 3583 ι
626 3531 684 3586 Si
714 3548 811 3588 vos
849 3533 1020 3593 Filius
1044 3536 1389 3604 liberaverit,
1411 3554 1542 3597 vere
1569 3541 1728 3598 liberi
1749 3541 1907 3598 eritis
1949 3539 2140 3612 (Joan.

554 3636 671 3689 vm,
703 3623 817 3696 56).
865 3643 884 3677 ι

625 3711 764 3768 Ecce
791 3717 1120 3774 sanctissimi
1157 3718 1348 3776 Patres
1381 3736 1488 3778 non
1525 3731 1725 3794 negant
1765 3723 1999 3780 liberum
2041 3737 2134 3778 ar-

553 3802 775 3860 bitrium
815 3821 938 3874 esse
974 3810 1030 3865 in
1071 3810 1401 3880 horninibus,
1433 3815 1528 3870 sed
1569 3815 1767 3871 docent
1793 3815 1849 3870 in
1876 3814 2135 3886 praevari-

551 3897 766 3954 catione
810 3899 941 3955 Adae
980 3903 1279 3960 naturalem
1313 3904 1731 3976 possibilitatem
1767 3913 1825 3962 et
1871 3906 2131 3962 innocen-

554 3988 684 4042 tiam
714 3991 1033 4058 perdidisse.

622 4076 738 4132 Non
787 4090 986 4151 negant
1027 4081 1258 4139 liberum
1307 4086 1528 4140 humani
1577 4087 1793 4158 generis
1816 4087 2128 4154 arbitrium,

548 4166 646 4223 sed
669 4166 864 4225 docent
892 4174 1035 4241 quod
1065 4189 1223 4229 nemo
1249 4175 1352 4230 nisi
1375 4191 1473 4246 per
1494 4176 1774 4234 Christum
1799 4177 1971 4233 libero
1992 4178 2131 4234 bene

443 4322 452 4331 ι
547 4267 732 4316 utatur
757 4262 986 4318 arbitrio
1015 4281 1029 4318 :
1067 4279 1175 4319 non
1211 4276 1409 4337 negant
1435 4267 1663 4322 liberum
1696 4269 2006 4337 arbitrium,
2030 4269 2127 4326 sed

544 4350 745 4408 docent
786 4354 929 4424 quod
962 4355 1036 4409 ita
1077 4355 1220 4412 Deus
1258 4358 1312 4413 in
1358 4358 1475 4430 ipso
1505 4359 1676 4416 libero
1701 4370 1956 4434 Operetur
1981 4362 2128 4418 arbi-

545 4443 650 4499 trio
681 4454 741 4500 ut
766 4455 952 4502 sancta
997 4449 1274 4521 cogitatio,
1301 4451 1450 4522 pium
1495 4454 1802 4531 consilium,
1834 4455 2124 4525 omnisque

542 4545 722 4592 motus
753 4536 910 4594 bona:
936 4538 1228 4596 voluntatis
1256 4556 1324 4597 ex
1352 4544 1463 4599 Deo
1488 4543 1580 4598 sit.

609 4627 727 4685 Non
764 4641 966 4702 negant
1006 4632 1239 4689 liberum
1262 4633 1569 4703 arbitrium,
1607 4638 1704 4693 sed
1728 4637 1947 4706 docent,
1971 4637 2118 4708 quod

538 4722 738 4778 auxilio
766 4731 822 4779 et
875 4739 1100 4781 munere
1139 4725 1238 4783 Dei
1267 4741 1376 4782 non
1409 4727 1655 4784 aufertur
1697 4728 1930 4785 liberum
1968 4729 2117 4785 arbi-

537 4813 724 4879 trium,
773 4816 870 4871 sed
909 4815 1199 4885 liberatur;
1233 4827 1292 4874 ut
1335 4817 1406 4874 de
1435 4819 1724 4876 tenebroso
1751 4819 2014 4885 lucidum,
2050 4819 2118 4874 de

534 4926 703 4980 pravo
734 4893 964 4979 rectum,
1017 4913 1087 4968 de
1138 4912 1390 4986 languido
1422 4929 1637 4983 sanum,
1665 4913 1734 4970 de
1773 4915 2116 4986 imprudente

533 4999 608 5054 sit
635 5002 938 5070 providum.

606 5089 722 5147 Non
751 5106 949 5165 negant
994 5095 1222 5150 liberum
1266 5097 1575 5163 arbitrium,
1617 5097 1710 5152 sed
1749 5098 1946 5152 docent
1967 5097 2114 5166 quod

534 5183 589 5237 in
616 5183 792 5252 primo
815 5185 1031 5240 homine
1055 5185 1410 5254 iulirmatum,
1430 5187 1534 5242 nisi
1559 5201 1656 5258 per
1679 5188 1910 5259 gratiam
1938 5186 2116 5255 bapti-

531 5275 636 5330 smi
665 5290 772 5331 non
795 5286 973 5347 potest
1001 5281 1259 5349 reparari.
1749 5267 1754 5270 ’

601 5368 720 5425 Non
768 5379 969 5440 negant
1007 5371 1234 5428 liberum
1277 5375 1588 5442 arbitrium,
1617 5375 1714 5431 sed
1755 5375 1953 5432 docent
1978 5381 2106 5428 tunc

530 5481 650 5522 esse
675 5481 800 5520 vere
825 5465 1071 5530 liberum,
1097 5482 1216 5522 cum
1242 5468 1388 5522 vitiis
1410 5469 1755 5539 peccatisque
1776 5484 1882 5524 non
1906 5467 2104 5534 servit;

530 5559 725 5612 docent
749 5557 853 5611 tale
875 5557 1058 5611 datum
1083 5575 1205 5614 esse
1225 5577 1253 5612 a
1278 5561 1407 5614 Deo.
1425 5563 1630 5616 Docent
1649 5563 1790 5633 quod
1820 5563 2104 5628 amissum,

528 5648 631 5703 nisi
653 5664 682 5702 a
702 5665 809 5719 quo
832 5651 1004 5720 potuit
1032 5649 1166 5713 dari,
1194 5665 1299 5704 non
1322 5654 1496 5719 potuit
1518 5655 1687 5708 reddi.
1714 5654 1866 5710 Unde
1893 5653 2107 5709 Veritas

527 5743 686 5800 dicit:
721 5763 739 5796 ί
775 5741 832 5798 Si
858 5759 955 5799 vos
983 5743 1151 5799 Filius
1179 5743 1510 5817 liberaverit,
1539 5764 1664 5807 vere
1691 5750 1847 5807 liberi
1875 5751 2047 5808 eritis.
2077 5769 2098 5804 ι

2271 1929 2414 1984 Deus
2454 1930 2713 1986 mundum
2749 1932 2966 2002 quando
2990 1943 3252 1990 venturus
3277 1943 3360 1989 est
3383 1933 3546 2006 (Rom.
3576 1952 3638 2002 lll,
3660 1937 3747 2007 6),:

2269 2020 2410 2075 sicut
2441 2029 2552 2076 tota
2576 2021 2821 2077 Ecclesia
2851 2022 2906 2078 in
2943 2021 3203 2094 Symbolo
3226 2025 3504 2080 confitetur
3534 2044 3548 2077 t
3576 2025 3750 2081 iudicare

2267 2113 2420 2168 vivos
2449 2121 2505 2168 et
2534 2123 2792 2170 mortuos.
2834 2133 2853 2167 ι
2891 2115 2948 2170 Si
2975 2130 3106 2188 ergo
3140 2131 3249 2173 non
3270 2126 3353 2172 est
3375 2118 3466 2174 Dei
3494 2119 3646 2188 gratia,
3663 2134 3743 2189 quo

2266 2206 2426 2260 modo
2454 2206 2628 2261 salvat
2674 2207 2970 2262 mundum?
2998 2217 3053 2264 et
3080 2210 3126 2264 si
3170 2225 3280 2266 non
3311 2219 3393 2266 est
3428 2211 3624 2266 liberum
3657 2212 3731 2265 arbi

2263 2297 2448 2363 trium,
2476 2300 2745 2368 quomodo
2763 2299 2976 2370 judicat
2997 2302 3256 2357 mundum
3277 2301 3323 2375 1]

2335 2387 2471 2442 Cum
2515 2405 2644 2460 ergo
2680 2389 2910 2445 liberum
2959 2391 3250 2447 arbitrium
3282 2393 3474 2461 habeat
3509 2402 3624 2448 totus
3645 2407 3742 2446 nun-

2263 2479 2385 2545 dus,
2425 2488 2481 2535 et
2513 2471 2632 2536 ideo
2677 2481 2820 2537 Deus
2847 2482 2993 2550 juste
3014 2483 3226 2554 judicet
3259 2485 3526 2551 mundum,
3557 2485 3745 2555 quomodo

2261 2570 2316 2626 in
2342 2573 2444 2628 hac
2473 2589 2612 2629 nova
2638 2575 2953 2631 definitione
2980 2577 3186 2633 dictum
3229 2587 3316 2635 est
3343 2597 3356 2633 :
3390 2597 3408 2630 ι
3443 2577 3577 2646 Quod
3597 2578 3745 2631 liberta-

2259 2670 2370 2716 tem
2405 2662 2613 2718 arbitrii
2658 2664 2712 2719 in
2751 2665 2930 2735 primo
2959 2666 3186 2723 homine
3215 2668 3553 2738 perdidimus.
3584 2663 3744 2720 iSancti

2258 2746 2450 2805 Patres
2477 2751 2666 2807 dicunt
2712 2753 2944 2810 liberum
2973 2755 3266 2812 arbitrium
3307 2758 3364 2812 in
3397 2755 3744 2829 pmvaﬁcahone

2256 2840 2387 2897 Adae
2427 2843 2790 2912 infirmatum,
2838 2846 3025 2902 dicunt
3071 2847 3378 2905 naturalem
3421 2846 3742 2920 possibilitatem

2256 2941 2311 2988 et
2355 2933 2722 2991 innocentiam
2771 2937 3089 3008 perdidisse.
3129 2937 3332 2995 Dicunt
3360 2939 3494 3011 quod
3521 2953 3591 3003 eo,
3623 2936 3662 2990 id
3686 2942 3742 2988 est

2253 3025 2427 3082 libero
2491 3028 2738 3096 arbitrio,
2788 3046 2948 3087 nemo
2994 3031 3130 3088 bene
3178 3043 3368 3090 utatur
3417 3034 3524 3090 sine
3569 3030 3736 3087 Christo.

2254 3117 2454 3174 Dicunt
2477 3119 2707 3176 liberum
2734 3136 2857 3180 esse
2895 3122 3207 3194 arbitrium,
3239 3125 3449 3183 etiamsi
3475 3123 3625 3180 divino
3645 3118 3738 3175 indi-

2255 3219 2383 3282 geat
2407 3211 2700 3282 adjutorio.

2861 3347 3090 3406 CAPUT
3123 3347 3220 3406 XI.

2245 3437 2387 3505 Quid
2411 3439 2572 3509 possit
2600 3438 2823 3512 filiarum
2844 3441 3117 3512 arbitrium
3141 3458 3239 3512 per
3263 3457 3337 3496 se.
3364 3440 3507 3506 Quod
3531 3453 3613 3493 non
3627 3432 3734 3507 possit

2592 3509 2813 3566 liberum
2837 3511 3114 3568 arbitrium
3142 3509 3266 3568 sine
3288 3512 3471 3584 gratia.

2269 3717 2271 3720 p
2312 3645 2525 3704 Habent
2540 3646 2720 3718 itaque
2735 3660 2923 3702 omnes
2937 3647 3212 3714 homines,
3235 3646 3397 3703 etiam
3413 3644 3496 3716 qui
3515 3638 3732 3696 alienisunt

2239 3753 2271 3794 a
2285 3723 2520 3805 Christo,
2545 3739 2771 3796 liberum
2787 3735 3070 3794 arbitrium
3085 3757 3099 3805 ;
3117 3737 3215 3795 sed
3239 3738 3344 3794 tale
3361 3736 3506 3809 quale
3516 3733 3588 3789 isti
3605 3729 3733 3783 Patres

2239 3831 2552 3897 ostendunt,
2579 3831 2632 3886 id
2653 3843 2738 3888 est
2755 3832 2806 3887 in
2829 3831 3282 3903 praevaricatione
3308 3831 3433 3886 Adae
3459 3827 3728 3884 inﬁrmatam.

2239 3921 2476 3977 naturali
2513 3921 2871 3993 possibilitate
2901 3929 2957 3977 et
2997 3923 3311 3978 innocentia
3347 3921 3630 3991 spoliatum,
3652 3914 3729 3966 sine

2235 4008 2454 4066 Christo
2500 4011 2634 4066 nulli
2675 4013 2818 4068 bono
2859 4012 2978 4068 usui
3013 4020 3223 4082 aptum.
3272 4011 3476 4067 Habent
3497 4000 3729 4064 omnesbo-

2234 4103 2410 4159 mines
2452 4103 2773 4159 naturaliter
2817 4113 3052 4160 mentem
3103 4104 3420 4161 rationalem
3465 4110 3514 4157 et
3551 4095 3726 4155 intellec-

2234 4194 2455 4262 tualem,
2486 4210 2593 4266 qua
2622 4195 2834 4267 possint
2868 4197 3179 4253 discernere
3230 4212 3296 4253 ac
3335 4195 3620 4264 dijudicare,
3643 4198 3722 4242 cum

2231 4286 2300 4342 ad
2345 4286 2639 4342 rationales
2687 4302 2859 4342 annos
2879 4287 3150 4355 venerint,
3197 4288 3341 4343 inter
3369 4287 3498 4342 bona
3537 4292 3581 4338 et
3612 4275 3722 4336 mala.

2230 4376 2375 4432 inter
2397 4376 2544 4448 justa
2574 4385 2630 4433 et
2658 4375 2878 4447 injusta.
2911 4376 3126 4433 Habent
3150 4379 3315 4434 etiam
3343 4374 3622 4434 naturaliter
3636 4365 3722 4423 insi-

2230 4475 2343 4522 tum
2366 4467 2650 4523 arbitrium
2699 4468 2994 4524 voluntatis
3035 4477 3096 4525 ut
3118 4471 3310 4526 eodem
3343 4467 3546 4526 arbitrio
3572 4458 3722 4535 possin!

2149 4555 2205 4618 D
2227 4559 2366 4614 velle
2391 4560 2550 4626 mala,
2605 4559 2815 4631 possint
2848 4559 2985 4616 velle
3012 4561 3178 4616 etiam
3217 4561 3455 4634 quaedam
3480 4558 3598 4612 bona
3619 4569 3631 4604 :
3655 4546 3720 4602 sed

2225 4651 2459 4707 humana
2506 4649 2791 4708 affectione
2835 4652 2904 4706 ad
2945 4651 3239 4706 humanam
3288 4650 3572 4707 societatem
3605 4650 3718 4708 ειςυθ

2220 4741 2561 4798 honestatem
2611 4741 2958 4812 pertinentia.
3005 4740 3136 4809 Quae
3173 4741 3362 4796 eadem
3403 4741 3607 4795 humana
3628 4725 3718 4784 alie-

2221 4833 2418 4898 ctione,
2447 4834 2530 4888 vel
2559 4841 2782 4904 propter
2825 4833 3004 4904 aliqua
3049 4833 3362 4905 temporalia
3387 4824 3628 4888 commoda
3651 4825 3716 4889 ap-

2220 4937 2500 4999 petuntur,
2531 4927 2614 4982 vel
2641 4937 2861 4996 propter
2899 4926 3070 4996 ipsam
3109 4925 3439 4982 solummodo
3461 4921 3569 4977 vitae
3597 4916 3715 4971 bono-

2220 5027 2436 5074 statem.
2471 5017 2578 5073 Sed
2609 5013 2917 5085 huiusmodi
2959 5016 3385 5092 humanahona,
3409 5027 3516 5085 quae
3537 5010 3711 5064 humans

2217 5106 2501 5162 affectione
2552 5114 2729 5174 potest
2776 5104 2933 5171 velle,
2982 5114 3161 5176 potest
3205 5105 3366 5160 etiam
3406 5102 3713 5165 nonnunquam

2217 5211 2378 5270 agere
2397 5200 2632 5254 humana
2659 5205 2853 5253 natura
2885 5215 2899 5250 :
2923 5212 3045 5252 cum
3072 5206 3294 5267 propter
3323 5187 3712 5264 temporaliabona

2218 5304 2563 5366 appetuntur,
2584 5294 2703 5349 sine
2724 5292 2888 5349 dubio
2909 5293 3230 5363 cupiditates
3243 5300 3395 5358 sunt;
3424 5303 3530 5345 cum
3549 5288 3714 5356 proplef

2214 5388 2383 5444 solam
2400 5389 2523 5442 vitae
2537 5388 2892 5451 honestatem,
2908 5386 3026 5442 sine
3042 5386 3204 5443 dubio
3219 5384 3394 5440 inflata
3413 5392 3461 5437 et
3477 5380 3592 5435 elata
3605 5376 3710 5428 sunl-

2217 5481 2417 5536 Tamen
2439 5490 2692 5551 potestea
2709 5481 3040 5546 discernere,
3061 5487 3237 5550 potest
3257 5479 3415 5536 etiam
3433 5473 3568 5538 velle,
3579 5467 3713 5540 pote“

2212 5575 2374 5631 etiam
2405 5575 2624 5638 habere,
2648 5574 2966 5644 inquantum
2990 5573 3223 5628 naturali
3251 5572 3390 5627 bono
3405 5557 3708 5655 adjuvatlifif‘

2213 5665 2308 5720 Dei
2359 5666 2713 5737 dispositione
2746 5665 3081 5735 permittitur
3131 5666 3359 5721 humana
3385 5671 3576 5716 natura.
3597 5645 3706 5705 Talia

2211 5773 2446 5827 namque
2469 5757 2610 5813 bona
2645 5766 2696 5812 ct
2722 5756 2776 5810 in
2802 5759 3016 5814 caeteris
3043 5756 3210 5814 videri
3243 5755 3413 5813 solent
3436 5742 3702 5810 hominibus:
