3966 6334
199 333 335 387 ειη

1157 328 1245 384 DE
1284 326 1607 383 TENENDA
1648 321 2063 381 SCRIPTURE
2105 320 2477 381 VERITATE.

3307 317 3447 377 HM

194 459 249 504 ot
287 448 525 504 maxime
565 447 616 501 in
669 444 849 500 multis
889 443 1220 515 philosophis
1267 445 1506 516 gentium
1536 485 1550 510 ,
1603 451 1658 499 et
1708 444 1760 496 in
1790 442 1842 503 Α
1867 457 1963 513 per
2000 441 2278 498 Christum
2321 442 2375 496 in
2427 440 2582 496 nobis
2632 438 2691 495 ﬁt
2719 439 2949 497 liberum
2973 480 2989 507 ,
3038 447 3243 509 quanto
3271 437 3451 493 minus

194 540 407 611 magnis
434 540 592 605 viris,
630 538 722 609 qui
761 539 815 591 in
849 537 1119 608 republica
1140 537 1389 609 praeclari
1416 538 1766 603 exstiterunt,

192 633 358 689 etiam
380 631 710 687 mirabiliter
738 630 1096 697 commendat,
1127 638 1181 685 et
1210 629 1393 684 laudat
1411 628 1659 684 historia.

262 721 339 777 De
376 737 481 792 qua
518 721 628 776 vita
664 720 897 775 humana
928 718 1078 774 iuxta
1104 720 1393 775 humanam
1429 718 1768 775 aﬁ‘ectionem

190 820 245 867 et
272 811 717 866 consuetudinem
737 852 750 875 ,
781 810 925 865 velut
954 811 1093 866 bona
1126 821 1182 867 et
1218 810 1471 866 laudabili
1501 810 1563 866 B.
1587 812 1769 883 Augu—

190 901 431 957 stinusin
454 901 775 957 tractatibus
796 900 1069 973 Evangelii
1093 902 1386 958 secundum
1408 900 1669 958 Joannem
1691 903 1770 958 sic

188 1003 373 1063 aperte
403 1002 813 1060 commemorat,
856 994 1040 1050 dicens
1075 994 1249 1066 (tract.
1269 995 1392 1062 40):
1422 992 1596 1067 [Multi
1624 994 1770 1050 enim

188 1092 333 1148 sunt,
360 1083 452 1154 qui
483 1084 780 1139 secundum
797 1085 1081 1154 quamdam
1107 1086 1233 1140 vitae
1257 1084 1416 1154 hujus
1428 1086 1770 1141 consuetudi-

188 1176 311 1229 nem
338 1174 597 1230 dicuntur
611 1176 735 1231 boni
752 1175 1019 1242 homines,
1046 1176 1173 1232 boni
1200 1177 1496 1242 viri,bonze
1525 1176 1767 1243 feminae,

187 1267 528 1332 innocentes,
552 1274 606 1323 et
629 1268 781 1337 quasi
804 1268 1152 1325 observantes
1177 1284 1240 1324 ea
1266 1284 1386 1339 quae
1408 1269 1461 1324 in
1489 1270 1605 1341 lege
1634 1285 1771 1340 prae-

189 1367 343 1427 cepta
395 1368 563 1426 sunt;
613 1359 916 1417 deferentes
968 1362 1228 1416 honorem
1269 1363 1583 1432 parentibus
1634 1363 1769 1428 suis,

188 1464 293 1503 non
324 1451 677 1513 mtechantes.
713 1468 819 1507 non
850 1453 1195 1508 homicidium
1234 1462 1629 1525 perpetrantes,
1664 1469 1771 1509 non

188 1543 393 1600 furtum
442 1547 734 1612 facientes,
783 1561 889 1601 non
934 1545 1127 1602 falsum
1166 1548 1422 1603 adversus
1448 1562 1773 1618 quemquam

191 1636 567 1691 testimonium
616 1638 961 1707 perhibentes
990 1680 1005 1704 ,
1054 1648 1109 1693 et
1153 1648 1347 1694 caetera
1399 1656 1518 1709 qua:
1563 1640 1617 1695 in
1656 1640 1772 1708 lege

186 1728 445 1781 mandata
494 1736 620 1782 sunt
666 1728 815 1783 velut
858 1729 1186 1794 observant,
1230 1740 1283 1785 et
1318 1729 1613 1785 Christiani
1664 1747 1770 1785 non

1868 534 2015 591 vitiis
2046 535 2389 606 peccatisque
2425 533 2692 589 servierit.
2726 530 2880 587 Tunc
2904 540 3079 586 autem
3108 530 3213 586 erit
3237 542 3366 586 vero
3390 537 3448 584 et

1868 625 2024 698 plene
2066 626 2295 681 liberum
2318 667 2332 692 ,
2383 625 2601 696 quando
2631 622 2743 694 jam
2781 623 3017 695 perfecte
3044 623 3362 689 liberatum,
3393 621 3450 677 in

1867 718 1991 775 vitae
2017 726 2230 773 aeterna:
2256 718 2586 774 beatitudine
2626 716 2786 773 nullis
2824 716 3022 773 serviet
3057 702 3204 771 vitiis
3245 722 3299 771 et
3325 728 3450 785 pec—

1870 812 2024 866 catis.
2055 809 2253 879 Sicque
2274 809 2363 864 illa
2388 810 2601 865 Domini
2627 809 2856 881 benigna
2886 807 3173 879 promissio
3206 821 3311 875 qua
3334 806 3448 860 ait:

1876 920 1897 955 ι
1937 902 1995 959 Si
2023 918 2119 958 vos
2153 902 2325 958 Filius
2363 902 2706 970 liberaverit,
2733 917 2861 958 vere
2888 900 3040 956 liberi
3067 899 3219 956 eritis
3264 896 3448 969 (Joan.

1869 1012 1989 1061 vni,
2019 996 2141 1066 56);
2185 1016 2204 1050 ι
2252 995 2343 1052 hic
2374 996 2657 1051 inchoatur
2700 995 2755 1050 in
2806 995 3155 1050 innoVatione
3191 990 3451 1057 ﬁdelium,

1872 1086 1945 1142 ibi
1974 1087 2284 1157 perficietur
2314 1087 2368 1142 in
2398 1086 2803 1157 incorruptione
2838 1085 3200 1157 regnantium.

1944 1179 2003 1235 Si
2031 1196 2161 1252 ergo
2188 1189 2471 1250 propterea
2516 1179 2720 1234 dictum
2762 1188 2846 1234 est
2890 1179 2943 1233 in
2980 1178 3082 1232 hac
3118 1174 3453 1238 definitione,

1879 1292 1897 1325 ι
1930 1270 2257 1328 Libertatem
2291 1270 2499 1326 arbitrii
2524 1270 2578 1325 in
2604 1269 2780 1339 primo
2808 1269 3025 1325 homine
3049 1266 3398 1339 perdidimus,
3431 1283 3449 1316 ι

1875 1367 2050 1441 [quasi
2089 1375 2210 1438 post
2240 1366 2381 1420 illius
2419 1364 2657 1420 hominis
2689 1362 3175 1434 transgressionem
3200 1399 3214 1423 ,
3251 1356 3457 1412 nullum

1875 1459 1930 1515 in
1960 1458 2268 1513 hominibus
2295 1456 2617 1511 remanserit
2642 1453 2869 1509 liberum
2900 1450 3207 1513 arbitrium,
3234 1452 3457 1519 apparet

1874 1549 2015 1620 quod
2045 1564 2151 1603 non
2180 1548 2251 1604 sit
2277 1560 2573 1602 consonum
2615 1543 2831 1599 veritati
2863 1560 2876 1597 :
2910 1541 3033 1613 quia
3065 1540 3107 1595 si
3138 1538 3339 1593 nullum
3372 1543 3457 1590 est

1874 1641 2097 1697 humani
2136 1638 2350 1711 generis
2392 1636 2620 1692 liberum
2659 1635 2973 1699 arbitrium,
3007 1631 3276 1702 quomodo
3325 1647 3343 1680 ‹
3370 1624 3459 1695 ju-

1877 1731 2076 1786 dicabit
2105 1730 2247 1785 Deus
2273 1727 2569 1783 mundum?
2595 1725 2773 1798 (Rom.
2809 1723 2916 1795 nt.)
2952 1742 2971 1776 ι
3008 1721 3064 1777 Si
3110 1729 3287 1775 autem
3329 1732 3456 1787 pro-

80 2016 93 2025 ·
187 1998 387 2067 pagani
421 2017 434 2052 :
463 1998 609 2055 Bene
647 2000 898 2056 vivimus.
951 2000 1007 2055 Si
1039 2016 1135 2071 per
1161 2004 1358 2057 ostium
1400 2019 1508 2057 non
1548 2005 1772 2067 intrant,

187 1826 332 1871 sunt.
367 1818 505 1884 Quid
535 1834 663 1889 ergo
690 1819 792 1875 ista
818 1820 997 1875 omnia
1031 1837 1150 1890 qua:
1177 1820 1402 1888 faciunt,
1431 1824 1680 1878 nesciunt
1704 1824 1771 1878 ad
1806 1795 1851 1855 Β
1876 1832 2060 1895 pterea
2089 1822 2292 1876 dictum
2322 1828 2433 1884 est,
2472 1795 2929 1889 quia-naturalem
2959 1812 3372 1884 possibilitatem
3405 1817 3463 1864 et

185 1923 349 1978 quem
396 1909 557 1965 ﬁnem
605 1910 877 1977 referant,
919 1913 1150 1968 inaniter
1172 1912 1394 1969 faciunt.
1429 1916 1620 1970 Dicant
1646 1931 1775 1986 ergo
1877 1915 2131 1981 virtutem
2160 1912 2313 1966 liberi
2344 1910 2582 1973 arbitrii,
2628 1908 2801 1979 qualis
2838 1908 2893 1962 in
2922 1907 3012 1961 illo
3042 1906 3218 1976 primo
3243 1901 3461 1958 homine

1876 2010 2093 2066 condita
2120 2017 2204 2063 est
2222 2052 2235 2072 ,
2274 2008 2470 2062 merito
2497 2005 2640 2059 illius
2668 2000 3127 2073 praevaricationis
3155 1996 3457 2056 amisimus,

185 2086 316 2155 quid
340 2086 421 2142 eis
446 2089 662 2157 prodest
692 2089 833 2145 unde
855 2088 1189 2160 gloriantur?
1213 2091 1293 2145 Ad
1318 2091 1421 2147 hoc
1443 2093 1601 2147 debet
1630 2094 1773 2148 enim
1875 2099 2171 2155 cavendum
2200 2104 2282 2151 est
2307 2095 2551 2159 omnino,
2579 2108 2646 2147 ne
2677 2093 2780 2147 hoc
2810 2090 2951 2159 quod
2980 2089 3046 2143 de
3080 2086 3279 2141 amissa
3309 2082 3457 2152 ejus-

186 2178 387 2249 cuique
427 2180 686 2249 prodesse
725 2183 863 2237 bene
909 2182 1125 2244 vivere,
1161 2191 1221 2237 nt
1261 2184 1417 2237 detur
1458 2184 1528 2238 illi
1563 2199 1778 2253 semper

182 2268 374 2323 vivere
407 2286 421 2323 :
452 2285 576 2324 nam
606 2271 689 2326 cui
720 2286 825 2325 non
859 2271 1015 2325 datur
1037 2286 1251 2339 semper
1270 2273 1476 2335 vivere,
1501 2272 1628 2341 quid
1655 2287 1776 2341 pro—

184 2359 307 2414 dest
328 2361 469 2415 bene
491 2362 708 2416 vivere?
736 2362 870 2430 Quia
900 2376 1000 2417 nec
1026 2365 1163 2418 bene
1188 2364 1371 2418 vivere
1391 2364 1602 2419 dicendi
1626 2373 1772 2428 sunt,

185 2452 277 2521 qui
313 2451 478 2506 ﬁnem
506 2453 643 2508 bene
670 2454 915 2519 vivendi,
956 2454 1041 2509 vel
1073 2456 1315 2510 caecitate
1368 2457 1650 2519 nesciunt,
1690 2456 1775 2509 vel

188 2542 468 2599 inflatione
496 2555 867 2603 contemnunt.
908 2545 1025 2601 Non
1056 2556 1141 2603 est
1168 2556 1347 2602 autem
1372 2548 1621 2617 cuiquam
1654 2563 1777 2617 spes

190 2648 343 2700 vera,
376 2642 434 2690 et
464 2644 611 2690 certa
639 2650 855 2707 semper
882 2637 1129 2701 vivendi,
1168 2637 1270 2691 nisi
1301 2645 1559 2706 agnoscat
1587 2637 1773 2701 vitam,

186 2725 328 2794 quod
380 2735 467 2781 est
507 2725 755 2783 Christus
778 2770 792 2793 ,
843 2735 898 2783 et
938 2743 1035 2797 per
1068 2726 1289 2797 januam
1320 2728 1483 2782 intret
1516 2728 1568 2782 in
1614 2727 1769 2783 ovile.

188 2813 431 2871 Fuerunt
481 2818 698 2886 quidam
744 2816 1045 2887 philosophi
1092 2818 1157 2873 de
1200 2817 1490 2873 virtutibus
1540 2825 1594 2873 et
1630 2817 1778 2873 vitiis

188 2906 403 2962 subtilia
450 2907 617 2962 multa
670 2915 1006 2973 tractantes,
1058 2909 1387 2974 dividentes,
1433 2908 1776 2974 deﬁnientes,

188 2997 281 3065 qui
325 2999 492 3053 etiam
537 2999 719 3053 dicere
767 3000 1025 3054 auderent
1067 3000 1378 3055 hominibus
1413 3015 1427 3052 :
1463 2999 1569 3055 Nos
1595 2999 1776 3068 sequi-

191 3086 344 3151 mini,
372 3096 575 3143 sectam
604 3097 840 3143 nostram
872 3097 1069 3155 tenete,
1106 3090 1150 3145 si
1179 3089 1341 3145 vultis
1375 3091 1531 3146 beate
1561 3091 1774 3155 vivere;

1877 2194 1997 2249 dem
2022 2190 2230 2244 arbitrii
2259 2189 2503 2243 libertate
2532 2182 2872 2253 subjungitur
2896 2200 2909 2235 ε
2942 2201 2959 2232 ι
2990 2178 3162 2246 Quam
3185 2192 3281 2247 per
3304 2174 3461 2230 Chri-

1876 2293 2017 2340 stum
2041 2281 2326 2336 Dominum
2350 2287 2591 2333 nostrum
2615 2275 2938 2345 recepimus,
2964 2271 3010 2344 ι]
3042 2272 3115 2325 ita
3138 2270 3211 2324 sit
3233 2267 3458 2331 dictum,

1876 2373 2031 2445 quasi
2063 2388 2130 2429 ex
2158 2387 2265 2442 quo
2312 2371 2365 2425 in
2411 2369 2628 2425 Christo
2672 2363 2979 2437 regenerati
3026 2375 3212 2417 sumus
3238 2400 3253 2423 ,
3296 2357 3460 2412 talem

1877 2472 2100 2528 statum,
2131 2471 2188 2517 et
2214 2462 2468 2515 virtutem
2510 2457 2666 2513 liberi
2705 2455 2913 2511 arbitrii
2959 2451 3325 2521 receperimus
3359 2467 3373 2503 :
3404 2456 3465 2501 ut

1878 2557 2073 2612 exinde
2117 2554 2173 2608 in
2217 2552 2469 2623 praesenti
2513 2552 2619 2605 vita
2648 2549 2783 2604 tales
2812 2562 2934 2603 esse
2962 2546 3255 2616 possimus,
3284 2541 3465 2614 qualis

1880 2646 1968 2702 ille
1997 2646 2159 2700 homo
2185 2651 2303 2697 erat
2338 2650 2462 2696 ante
2494 2648 2803 2709 peccatum;
2839 2645 2898 2691 ut
2937 2636 3078 2691 sicut
3110 2634 3224 2703 ipse
3248 2632 3465 2686 vivebat

1878 2739 1934 2794 in
1964 2737 2215 2808 paradiso
2243 2736 2445 2804 absque
2486 2733 2595 2788 ullo
2629 2739 2866 2801 peccato,
2909 2730 2981 2784 ita
3016 2736 3070 2783 et
3093 2726 3276 2782 ﬁdeles
3308 2741 3464 2797 rege-

1879 2827 2055 2882 nerati
2082 2826 2135 2881 in
2167 2824 2384 2881 Christo
2411 2823 2612 2892 absque
2639 2830 2863 2891 peccato
2892 2820 3077 2875 vivant
3123 2818 3176 2872 in
3220 2815 3419 2870 mundo
3448 2832 3462 2891 ;
3516 2850 3519 2853 ‹

1880 2919 2021 2988 quod
2068 2915 2352 2973 manifeste
2404 2930 2509 2969 non
2549 2914 2780 2985 pertinet
2824 2912 2891 2966 ad
2937 2918 3137 2965 statum
3182 2905 3466 2979 praesentis

1879 3012 2023 3075 vitae,
2055 3010 2149 3065 sed
2174 3009 2240 3063 ad
2272 3007 2582 3062 felicitatem
2626 3005 2750 3059 vita:
2797 3011 3032 3058 :eternze.
3079 2999 3213 3054 Nam
3262 2998 3314 3052 in
3362 2996 3467 3052 hac

1880 3103 1989 3156 vita
2022 3118 2043 3153 ‹
2071 3100 2115 3156 si
2139 3099 2453 3161 dixerimus,
2480 3095 2603 3166 quia
2622 3102 2900 3166 peccatum
2924 3105 3030 3145 non
3055 3089 3335 3150 habemus,
3366 3099 3466 3141 nos

193 3179 289 3233 sed
311 3195 417 3235 non
444 3180 711 3234 intrarant
731 3196 829 3250 per
847 3181 1043 3236 ostium
1068 3200 1083 3235 :
1106 3183 1330 3251 perdere
1349 3182 1618 3250 volebant,
1643 3180 1775 3254 etc.]
1806 3160 1851 3224 ο
1884 3192 2030 3263 ipsos
2057 3188 2398 3252 seducimus,
2435 3160 2721 3240 et'veri—tas
2752 3183 2805 3237 in
2824 3160 2993 3237 nobis
3021 3194 3130 3233 non
3159 3184 3244 3233 est
3282 3174 3463 3241 (Ιοαηο

262 3269 323 3325 In
349 3271 547 3325 talibus
570 3272 733 3341 igitur
760 3273 915 3328 bonis
944 3282 999 3328 et
1024 3274 1184 3345 viget,
1215 3283 1269 3328 et
1289 3274 1503 3330 excellit
1530 3276 1778 3330 humana:

194 3356 491 3416 voluntatis
515 3360 819 3427 arbitrium,
852 3362 904 3416 in
931 3371 1209 3432 quantum,
1239 3374 1299 3419 ut
1322 3365 1522 3421 dictum
1549 3374 1653 3431 est,
1683 3380 1778 3419 na-

194 3451 356 3506 turali
386 3453 527 3508 bono
550 3451 852 3521 adjuvetur.
885 3452 990 3509 Sed
1022 3463 1074 3509 ut
1110 3456 1284 3526 ipsum
1314 3456 1607 3512 voluntatis
1634 3455 1778 3511 arbi-

195 3543 359 3597 trium
384 3544 563 3599 divina
594 3544 875 3600 affectione
917 3546 1095 3599 divina
1126 3548 1265 3601 bona
1297 3556 1459 3612 amet,
1491 3547 1775 3617 intelligat,

192 3636 462 3705 recipiat,
509 3646 760 3691 exerceat
788 3677 803 3701 ,
849 3645 905 3691 et
946 3646 1359 3705 perseveranter
1407 3647 1622 3701 teneat,
1670 3652 1776 3692 non

190 3734 417 3796 propter
460 3726 638 3797 aliqua
683 3726 999 3796 temporalia
1044 3728 1326 3783 commoda
1352 3769 1367 3795 ,
1415 3729 1508 3783 sed
1554 3736 1779 3799 propter

191 3818 418 3888 praemia
446 3828 680 3885 aeterna;
728 3834 830 3874 nec
866 3826 1089 3888 propter
1127 3819 1296 3875 solam
1340 3820 1462 3874 vita:
1496 3820 1779 3889 praesentis

195 3905 560 3975 honestatem,
590 3910 681 3965 sed
708 3917 928 3979 propter
952 3908 1119 3964 solam
1146 3908 1272 3964 vitae
1298 3917 1512 3965 aeternae
1543 3910 1778 3965 beatitu-

196 3998 379 4055 dinem
413 4019 426 4054 :
455 4010 515 4055 ut
558 4001 673 4056 hzec
709 4000 972 4071 (inquam)
1012 3999 1293 4055 arbitrium
1337 3999 1627 4054 voluntatis
1673 4000 1776 4055 hu-

195 4105 373 4145 mana:
398 4091 569 4160 possit
593 4089 748 4154 velle,
776 4089 949 4159 possit
973 4103 1284 4159 agnoscere,
1316 4089 1486 4159 possit
1509 4088 1777 4159 accipere,

197 4178 368 4250 possit
396 4178 614 4243 habere,
654 4177 957 4232 nullatenus
994 4177 1138 4233 valet
1180 4177 1286 4233 nisi
1322 4177 1515 4233 divinae
1549 4178 1779 4249 inspira-

1879 3296 1918 3346 ι,
1947 3281 2023 3351 8).
2057 3298 2075 3332 ι
2119 3278 2187 3334 Ει
2225 3279 2367 3334 sicut
2396 3277 2501 3332 alia
2532 3275 2813 3345 Scriptura
2838 3272 2914 3327 ait
2942 3290 2958 3326 :
2996 3289 3015 3323 ι
3044 3268 3161 3323 Non
3192 3275 3277 3322 est
3301 3265 3465 3319 homo

1872 3372 2051 3442 justus
2090 3384 2253 3440 super
2290 3378 2489 3423 terram
2531 3365 2623 3435 qui
2655 3364 2818 3418 faciat
2855 3368 3054 3416 bonum
3076 3400 3090 3423 ,
3124 3366 3178 3412 et
3206 3371 3312 3411 non
3342 3368 3469 3424 pec-

1880 3469 1967 3516 cet
2001 3458 2192 3529 (Eccli.
2217 3471 2311 3519 vn,
2333 3456 2411 3523 2).
2446 3474 2464 3505 ι
2510 3453 2661 3508 Unde
2684 3461 2739 3506 et
2764 3449 3046 3505 Psalmista
3083 3446 3150 3499 ad
3182 3442 3467 3497 Dominum

1884 3551 2057 3607 dicit:
2095 3568 2113 3601 ι
2146 3546 2263 3603 Non
2297 3545 2687 3615 justiﬁcabitur
2724 3543 2777 3597 in
2828 3547 3119 3609 conspectu
3168 3546 3257 3592 tuo
3290 3532 3470 3589 omnis

1880 3641 2070 3696 vivens
2117 3636 2289 3709 (Psal.
2330 3651 2495 3699 chn,
2525 3634 2601 3705 2).
2635 3653 2654 3687 ι
2708 3632 2776 3688 Et
2808 3630 3049 3701 quotidie
3090 3629 3144 3683 in
3189 3625 3469 3681 Dominica

1881 3731 2127 3787 oratione
2174 3730 2355 3784 dicere
2395 3726 2649 3796 iubemur
2686 3742 2699 3778 :
2749 3742 2767 3776 ς
2809 3722 3028 3778 Dimitte
3077 3717 3235 3774 nobis
3284 3716 3467 3770 debita

1881 3831 2100 3886 nostra,
2144 3822 2283 3877 sicut
2319 3829 2373 3875 et
2411 3834 2510 3875 nos
2543 3817 2862 3874 dimittimus
2899 3811 3231 3870 debitoribus
3265 3808 3467 3866 nostris

1882 3911 2098 3984 (Matth.
2127 3926 2204 3976 vr,
2235 3910 2344 3979 12).
2377 3930 2397 3963 ι

1952 4005 2260 4061 Cavendum
2290 4011 2375 4058 est
2402 4002 2585 4074 igitur,
2618 4007 2677 4054 ut
2699 3998 2812 4073 iam
2846 3996 3102 4061 diximus,
3133 4008 3202 4049 ne
3239 3991 3337 4047 sub
3370 3990 3467 4045 tali

1879 4096 2260 4169 praedicatione
2306 4094 2495 4166 gratia:
2540 4091 2783 4154 Christi,
2834 4104 2938 4159 qua
2969 4103 3089 4142 eam
3122 4127 3138 4150 ,
3190 4100 3350 4156 quam
3409 4083 3466 4137 in

1880 4188 2051 4242 Adam
2080 4186 2436 4257 perdidimus,
2463 4183 2575 4252 jam
2603 4182 2873 4250 recepisse
2900 4178 3131 4234 dicimur
3151 4175 3464 4232 libertatem

200 4270 365 4326 tionis
404 4270 575 4341 gratia
625 4268 902 4333 incitetur,
934 4268 1266 4325 illuminetur
1289 4278 1345 4325 et
1382 4268 1687 4340 adjuvetur,
1716 4285 1780 4325 ac
1882 4277 2113 4341 arbitrii,
2142 4276 2389 4347 impietas
2411 4276 2664 4344 subrepat
2686 4272 2886 4328 erroris
2914 4268 3209 4339 Pelagiani,
3235 4274 3296 4320 ut
3324 4265 3466 4320 sicut

201 4360 348 4415 νθιυῑ
402 4375 466 4415 εκ
514 4360 738 4415 mortuis
785 4359 851 4413 ad
888 4360 1054 4414 Vitam
1100 4360 1455 4416 Γθευεοὶιθῑυτ
1500 4378 1514 4415 ε
1554 4361 1689 4429 quia
1726 4369 1781 4415 el-
1883 4368 1971 4423 ille
1997 4366 2247 4432 asseruit,
2279 4364 2392 4419 sola
2417 4365 2619 4417 virtute
2653 4360 2809 4415 liberi
2841 4358 3051 4413 arbitrii
3084 4357 3339 4412 credatur
3367 4354 3466 4409 ho-

202 4465 390 4507 revera
420 4450 508 4504 illa
540 4450 773 4504 humana
803 4450 909 4504 vita
942 4451 1172 4505 humana
1199 4451 1481 4507 affectione
1509 4459 1652 4517 acta,
1682 4452 1780 4508 bo-
1805 4519 1838 4524 _
1885 4472 1973 4512 mo
1999 4470 2116 4511 esse
2144 4470 2302 4524 posse
2351 4453 2556 4521 absque
2596 4458 2845 4522 peccato,
2891 4448 3127 4503 maxime
3163 4460 3285 4500 cum
3327 4453 3380 4499 et
3407 4444 3464 4499 in

202 4544 437 4597 minibus
476 4542 645 4596 videri
694 4550 871 4612 potest
915 4543 1069 4612 quasi
1116 4542 1259 4609 vita,
1300 4543 1392 4598 sed
1428 4544 1537 4597 Deo
1565 4553 1776 4599 mortua
1803 4519 1856 4579 Ῑ)
1880 4548 2056 4619 primo
2085 4519 2319 4614 capitulo
2358 4519 3032 4603 istarum—definitionum,
3079 4537 3154 4591 ita
3192 4535 3245 4590 in
3288 4534 3464 4605 primo

200 4644 300 4690 est.
332 4635 447 4691 Hac
480 4635 688 4690 ratione
721 4642 775 4690 et
800 4635 999 4689 bonum
1037 4634 1193 4689 liberi
1223 4635 1430 4689 arbitrii
1460 4636 1512 4689 in
1543 4636 1777 4691 homini-

197 4719 299 4780 bus
325 4725 655 4796 agnoscitur,
695 4732 749 4778 et
788 4723 881 4777 Dei
916 4724 1089 4795 gratia
1117 4724 1442 4779 omnimodis
1471 4727 1775 4781 necessaria

198 4814 523 4883 declaratur,
550 4830 646 4884 per
666 4829 829 4885 quam
853 4814 1088 4869 humana
1112 4823 1304 4869 natura
1329 4816 1521 4872 merito
1541 4816 1777 4887 antiquae

199 4905 663 4976 praevaricationis
690 4903 980 4971 inﬁrmata,
1009 4918 1108 4974 per
1139 4904 1298 4958 ﬁdem
1326 4904 1524 4960 Christi
1555 4919 1777 4976 regene-

201 5004 315 5051 rata
366 5004 526 5067 atque
569 4995 845 5061 innovata,
883 5002 938 5050 et
983 4994 1048 5049 ad
1088 4995 1345 5052 honorem
1374 4996 1456 5051 sui
1484 4995 1775 5051 reformata

202 5090 489 5160 principii,
534 5089 757 5159 recipiat
817 5088 1226 5159 possibilitatem
1280 5097 1335 5144 et
1396 5090 1778 5157 innocentiam,

204 5196 365 5250 quam
394 5182 445 5235 in
469 5181 638 5236 Adam
664 5180 919 5250 perdidit,
944 5188 1000 5236 et
1022 5195 1119 5251 per
1144 5180 1419 5235 Christum
1450 5180 1619 5236 libero
1644 5182 1782 5237 bene

206 5270 283 5325 uti
308 5271 531 5341 incipiat
559 5270 783 5326 arbitrio
809 5288 821 5323 :
860 5278 921 5323 ut
948 5268 1065 5339 ejus
1091 5270 1267 5341 gratia
1295 5270 1464 5341 possit
1493 5271 1545 5325 in
1570 5286 1635 5326 eo
1659 5286 1781 5326 esse

208 5370 392 5416 sancta
418 5362 693 5433 cogitatio,
733 5362 878 5431 pinm
906 5360 1188 5416 consilium
1218 5402 1233 5426 ,
1277 5361 1558 5432 omnisque
1600 5372 1781 5424 motus

208 5449 362 5509 bonae
388 5454 711 5519 voluntatis,
748 5455 931 5523 sicque
960 5454 1227 5509 efﬁciatur
1258 5453 1504 5510 humana:
1529 5454 1777 5511 volunta-

208 5544 279 5599 tis
324 5544 603 5599 arbitrium
648 5561 754 5599 non
805 5545 1039 5599 ablatum
1097 5546 1190 5601 sed
1235 5545 1558 5611 liberatum;
1611 5556 1666 5601 et
1709 5548 1776 5602 de

214 5639 493 5695 tenebroso
522 5638 754 5693 lucidum
783 5680 797 5704 ,
833 5639 899 5693 de
929 5654 1094 5709 pravo
1138 5646 1340 5695 rectum
1369 5680 1383 5704 ,
1429 5640 1492 5695 de
1527 5640 1776 5711 languido

217 5743 421 5799 sanum,
451 5731 516 5786 de
546 5730 883 5802 imprudente
910 5731 1211 5802 providum.
1253 5729 1405 5798 Quod
1438 5739 1585 5787 tanto
1612 5732 1781 5797 magis

1883 4638 1975 4693 illo
2002 4636 2219 4692 homine
2249 4636 2474 4690 liberum
2505 4632 2787 4687 arbitrium
2813 4630 3122 4694 deﬁniatur,
3154 4636 3213 4682 ut
3242 4627 3464 4682 omnino

1884 4726 1979 4782 Dei
2002 4726 2174 4797 gratia
2201 4733 2462 4780 taceatur.
2491 4722 2642 4791 Quod
2668 4722 2713 4777 si
2744 4720 3062 4792 simpliciter
3089 4717 3463 4774 tantummodo

1884 4818 2082 4872 dictum
2128 4823 2243 4879 est,
2276 4823 2334 4868 ut
2361 4821 2580 4884 propter
2611 4810 3009 4867 inchoationem
3049 4809 3267 4880 gratiae,
3298 4823 3462 4878 quam

1886 4908 1940 4962 in
1963 4907 2368 4979 regeneratione
2393 4904 2741 4974 percipimus,
2763 4902 2876 4973 jam
2898 4901 3204 4957 libertatem
3229 4898 3461 4965 arbitrii,

1884 5012 2043 5068 quam
2078 4996 2131 5050 in
2158 4996 2331 5050 Adam
2358 4992 2657 5064 perdidisse
2684 4991 2935 5055 dicimur,
2976 4990 3248 5060 recepisse
3282 4988 3462 5043 videa-

1883 5105 2026 5155 mur,
2068 5102 2188 5143 cum
2232 5096 2409 5141 tamen
2458 5084 2573 5153 ejus
2618 5084 2896 5153 plenitudo
2922 5090 3084 5153 atque
3122 5079 3381 5151 perfectio
3406 5081 3462 5136 in

1882 5179 2064 5236 futura
2120 5180 2233 5234 vita
2290 5177 2519 5232 ﬁdeliter
2571 5176 2933 5247 exspectanda
2988 5174 3279 5238 credatur,
3334 5172 3463 5244 quid

1883 5288 2105 5331 necesse
2135 5272 2233 5327 fuit
2260 5280 2410 5326 tanta
2439 5269 2810 5342 ambiguitate,
2842 5279 2898 5326 et
2926 5269 3241 5327 confusione
3268 5270 3464 5325 verbo-

1886 5383 2008 5423 rum
2038 5364 2390 5420 clarissimam
2419 5362 2711 5418 obscurare
2741 5363 3023 5418 veritatem
3050 5376 3065 5416 :
3094 5377 3215 5417 cum
3242 5368 3465 5432 possent

1887 5474 1953 5514 ex
1997 5455 2342 5528 praefatorum
2391 5453 2612 5508 Patrum
2661 5452 3095 5518 deﬁnitionibus,
3141 5451 3225 5506 vel
3276 5465 3459 5513 unum,

1888 5548 1971 5603 vel
2000 5547 2174 5617 aliqua
2201 5545 2429 5615 capitula
2459 5543 2659 5600 assumi
2688 5552 2740 5597 et
2770 5543 2915 5613 poni,
2949 5544 3143 5613 quibus
3167 5548 3222 5594 et
3256 5537 3465 5593 arbitrii

1888 5640 2128 5702 libertas,
2157 5649 2212 5693 et
2260 5638 2352 5693 Dci
2401 5636 2574 5709 gratia
2610 5636 2820 5707 plenius
2847 5651 2910 5693 ac
2946 5631 3281 5690 manifestius
3313 5645 3465 5687 com-

1891 5730 2081 5786 menda
2090 5739 2294 5785 rentur.
