3966 6334
610 263 752 336 ωε
1596 263 1621 345 s_

1212 370 1438 441 CAPUT
1474 370 1588 429 XII.

609 502 744 562 Item
766 503 833 560 de
857 504 1085 585 mundo
1103 502 1363 585 capitulo.
1393 520 1465 585 δ-τ-
1488 502 1570 556 Ad
1595 503 1753 585 ﬁdem
1781 511 1829 558 et
1855 502 1988 558 alios
2024 503 2186 559 bona:

1002 582 1151 629 actus
1174 582 1351 644 gratia
1375 582 1451 631 est
1479 582 1792 628 necessaria.

675 729 791 785 Jam
820 734 1020 799 quanta
1054 727 1359 783 absurditas
1384 736 1468 782 est
1493 726 1547 781 in
1575 741 1641 781 eo
1670 726 1811 796 quod
1836 726 2095 797 sequitur,
2122 732 2184 779 ut

602 831 881 892 postquam
910 820 1114 876 dictum
1141 825 1259 877 est:
1287 836 1307 870 ι
1336 802 1664 885 Libertatem
1693 817 1899 872 arbitrii
1929 817 1981 871 in
2008 816 2182 887 primo

602 913 820 968 homine
848 911 1201 982 perdidimus,
1224 904 1403 980 Quam
1447 925 1544 982 per
1578 907 1851 977 Christum
1895 908 2181 977 Dominum

601 1011 843 1058 nostrum
874 1002 1192 1081 recepimus,
1226 984 1251 1053 ί
1279 1001 1461 1065 statim
1491 1001 1928 1072 subjungeretur,
1958 1017 1976 1048 ι
2004 1007 2057 1052 et
2088 999 2180 1052 ha-

599 1093 791 1148 bemus
816 1091 1046 1147 liberum
1076 1091 1357 1147 arbitrium
1396 1091 1463 1171 ad
1506 1091 1729 1153 bonum,
1763 1095 2096 1159 praeventum
2128 1095 2183 1140 et

600 1185 839 1256 adjutum
877 1184 1085 1257 gratia;
1132 1192 1189 1239 et
1229 1170 1494 1247 habemus
1535 1170 1771 1236 liberum
1798 1178 2083 1234 arbitrium
2114 1177 2181 1232 ad

598 1276 798 1332 malum
836 1276 1330 1347 desertumgratia.
1364 1262 1399 1328 ι’
1429 1272 1593 1341 Quasi
1622 1280 1907 1357 postquam
1934 1286 2032 1341 per
2055 1284 2181 1341 gra-

598 1367 728 1423 tiam
760 1365 964 1423 Christi
995 1365 1207 1422 Domini
1233 1364 1533 1438 regenerati
1560 1377 1766 1427 sumus,
1799 1372 1927 1415 tunc
1950 1359 2182 1430 emperi-

599 1476 721 1517 mus
757 1459 983 1525 habere,
1021 1459 1161 1515 sicut
1190 1457 1419 1513 liberum
1449 1455 1730 1510 arbitrium
1757 1452 1824 1506 ad
1852 1452 2074 1515 bonum,
2106 1450 2179 1505 i-ta

597 1560 651 1606 et
677 1551 912 1608 liberum
938 1550 1221 1606 arbitrium
1251 1550 1317 1613 ad
1352 1547 1552 1602 malum
1584 1560 1599 1600 :
1629 1559 1780 1616 quasr
1815 1560 1881 1599 ex
1908 1542 1995 1598 illa
2029 1556 2180 1612 rege-

596 1642 874 1698 neratione
902 1656 1023 1696 cum
1049 1641 1221 1713 gratia
1249 1638 1609 1711 praevenimur
1633 1644 1689 1690 et
1712 1633 2051 1704 adiuvamur,
2078 1634 2177 1687 ha-

1596 259 1655 316 S.
1696 258 1956 316 REMIGII
1996 255 2481 314 LUGDUNENSIS
2519 254 2823 329 EPISCOPI

3644 268 3745 327 Im

2213 377 2263 435 Α
2290 370 2551 441 Apostolo
2583 387 2595 422 :
2633 388 2652 419 ‹
2686 368 2802 423 Non
2840 384 2907 423 ex
2934 366 3182 437 operibus
3203 365 3433 435 justitize,
3460 386 3562 442 qua:
3583 370 3744 436 iecimus

2289 452 2414 523 nos,
2447 458 2542 513 sed
2573 458 2867 512 secundum
2907 472 3061 512 suam
3095 457 3745 534 misericordiam‘saivosnop

2284 548 2413 605 fecit
2452 565 2548 620 per
2596 550 2868 605 lavacrum
2918 550 3336 621 regenerationis
3387 561 3438 606 et
3470 554 3746 618 reuovatiuui:

2286 639 2520 712 Spiritus
2547 642 2717 698 sancti
2756 640 2882 711 (Tit.
2928 652 3014 706 in,
3046 641 3123 713 5).
3155 660 3173 694 i
3214 638 3501 714 lndigemus
3528 649 3663 716 gratia
3684 653 3745 709 Dei

2284 730 2352 785 ad
2380 732 2560 786 omnia
2583 738 2636 786 et
2662 732 2870 803 singula
2906 732 3046 786 bona
3083 747 3179 803 per
3217 733 3444 804 singulos
3463 735 3575 802 dies,
3596 738 3746 798 dicente

2284 817 2567 875 Psalmista
2598 836 2612 874 :
2636 840 2653 872 ι
2674 820 2731 874 In
2757 835 3076 893 quacunque
3095 820 3179 876 die
3204 820 3504 879 invocarem
3521 833 3583 891 te,
3611 831 3746 886 εωιῶ

2284 925 2371 965 me
2399 910 2573 981 (Psal.
2614 927 2686 977 cx,
2715 910 2793 984 ὅ).
2831 929 2850 963 ι
2880 911 2948 966 Et
2990 911 3184 965 iterum
3220 928 3279 965 τι
3314 910 3369 966 1n
3403 927 3667 985 quacunque
3691 918 3747 976 die

2285 996 2531 1066 tribulor,
2565 1001 2762 1056 inclina
2793 1001 2860 1057 ad
2885 1017 2973 1057 me
2997 1016 3181 1057 aurem
3208 1011 3352 1057 tuam
3380 1002 3566 1074 (ibid).
3593 1025 3609 1058 ι
3628 1006 3744 1074 ρυλε.

2284 1091 2511 1160 gratiam
2553 1092 2922 1162 quotidianam
2956 1101 3033 1159 ,et
3073 1093 3339 1148 assiduam
3375 1095 3600 1151 Dominus
3621 1110 3747 1155 noster

2283 1182 2539 1238 Ecclesiae
2593 1199 2703 1239 suae
2746 1186 3067 1254 promittere
3120 1187 3367 1256 dignatus
3413 1196 3522 1250 est.
3563 1189 3744 1248 dicens.

2290 1291 2308 1324 ι
2345 1272 2484 1328 Ecce
2514 1289 2616 1344 ego
2640 1275 2918 1332 vobiscum
2946 1291 3065 1330 sum
3092 1277 3337 1332 omnibus
3361 1277 3534 1333 diebus
3557 1281 3747 1350 usquead

2285 1369 2806 1423 consummationem
2848 1369 3027 1424 saeculi
3054 1365 3270 1440 (Matth.
3298 1384 3481 1436 xxviii,
3500 1370 3601 1443 20).
3626 1393 3641 1426 ι
3662 1372 3749 1429 ludi-

2283 1471 2473 1528 gemus
2518 1473 2580 1513 ea
2611 1461 2678 1515 ad
2718 1455 3064 1515 excitandam
3105 1461 3158 1514 in
3191 1461 3345 1516 nobis
3370 1460 3545 1516 bonam
3572 1454 3750 1518 "volunta-

2283 1554 2415 1614 tem,
2461 1551 2600 1605 sicut
2643 1550 2930 1621 Apostolus
2957 1551 3088 1606 dicit
3139 1568 3152 1604 :
3210 1568 3229 1602 ι
3262 1550 3468 1606 Gratias
3497 1560 3642 1606 autem
3666 1552 3748 1620 Deo,

2285 1640 2377 1709 qui
2407 1641 2555 1695 dedit
2600 1642 2845 1697 eamdem
2894 1640 3313 1697 sollicitudinem
3351 1642 3403 1696 in
3437 1643 3577 1697 corde
3599 1641 3750 1713 'liti.(il

594 1732 818 1790 beamus
843 1732 1073 1790 liberum
1101 1732 1386 1788 arbitrium
1418 1730 1484 1784 ad
1514 1730 1737 1793 bonum,
1768 1735 1964 1783 etcum
1986 1722 2175 1781 eadem
2203 1726 2251 1789 B
2280 1728 2402 1785 (ἔον.
2426 1748 2545 1797 vni,
2578 1734 2685 1803 16).
2726 1752 2744 1785 ι
2772 1734 2837 1788 Et
2868 1734 2929 1788 Β.
2961 1733 3133 1788 David
3160 1722 3284 1789 orat
3317 1749 3411 1809 pt'u
3437 1735 3621 1806 pupulo,
3646 1749 3750 1805 quem

596 1825 896 1898 deserimur
928 1827 1101 1899 gratia
1126 1865 1144 1891 ,
1188 1825 1487 1883 habeamus
1533 1821 1763 1875 liberum
1801 1819 2084 1874 arbitrium
2113 1817 2182 1872 ad

596 1914 818 1971 malum.
850 1913 981 1983 Qua:
1013 1915 1110 1971 hic
1142 1914 1283 1970 ratio
1318 1921 1374 1969 et
1401 1912 1786 1982 consequentia
1814 1923 2006 1965 sensus
2030 1907 2181 1964 inve-

594 2005 703 2058 uiri
718 2006 938 2076 potest?
971 2004 1221 2077 Nunquid
1244 2014 1370 2060 ante
1398 2003 1544 2058 illam
1572 2000 2037 2074 regenerationem
2061 1998 2179 2055 nul-

594 2092 707 2150 lum
745 2095 969 2151 omnino
1011 2095 1240 2151 liberum
1277 2094 1613 2149 habebamus
1644 2092 1947 2157 arbitrium,
1982 2105 2081 2145 nec
2110 2087 2178 2143 ad

592 2184 815 2255 bonum,
841 2201 942 2242 nec
963 2186 1030 2243 ad
1052 2186 1287 2245 malum?
1315 2184 1567 2257 Nunquid
1588 2185 1730 2240 illius
1752 2183 2177 2255 regenerationis

593 2278 768 2350 gratia
793 2277 900 2333 hoc
925 2277 1039 2348 egit
1064 2278 1117 2343 in
1145 2277 1322 2343 nobis,
1346 2285 1406 2331 ut
1428 2275 1623 2332 exinde
1650 2276 2020 2346 acciperemus
2040 2273 2179 2328 sicut

590 2366 659 2438 ad
688 2364 909 2432 bonum,
948 2366 1026 2422 ita
1052 2365 1219 2437 etiam
1255 2364 1322 2420 ad
1354 2365 1554 2421 malum
1585 2365 1816 2420 liberum
1848 2362 2178 2418 arbitrium?

589 2451 711 2510 Jam
744 2444 875 2511 illud
910 2454 1052 2527 quod
1085 2455 1144 2511 in
1180 2456 1368 2535 eadem
1396 2453 1710 2511 deﬁnitione
1734 2455 2001 2526 ponitur:
2038 2472 2056 2505 ‹
2083 2450 2176 2508 Li-

593 2545 784 2601 berum
820 2545 1104 2603 arbitrium
1134 2548 1202 2603 ad
1239 2548 1461 2613 bonum,
1492 2555 1827 2617 praeventum
1853 2554 1908 2602 et
1933 2547 2176 2617 adjutum

594 2634 765 2706 gratia
788 2675 804 2702 ,
853 2624 917 2691 et.
938 2635 1166 2711 liberum
1197 2637 1480 2693 arbitrium
1518 2639 1587 2692 ad
1615 2636 1813 2692 malum
1840 2677 1855 2703 ,
1900 2637 2175 2691 desertum

593 2724 788 2800 gratia,
817 2745 838 2781 ι
871 2716 1142 2800 quomodo
1180 2728 1402 2801 intelligi
1430 2729 1645 2800 potest?
1685 2728 1744 2784 Si
1775 2728 1919 2784 enim
1960 2730 2175 2798 quando

590 2804 895 2888 regenerati
922 2833 1108 2875 sumus
1132 2819 1187 2891 in
1215 2819 1506 2893 baptismo,
1536 2829 1666 2875 tunc
1695 2820 2004 2875 libertatem
2031 2818 2174 2874 arbi-

588 2906 679 2961 trii
707 2908 763 2963 in
788 2907 961 2977 Adam
1000 2911 1302 2981 perditam,
1332 2911 1389 2965 in
1423 2908 1642 2966 Christo
1670 2912 1972 2982 recepimus
1991 2951 2006 2977 ,
2036 2924 2174 2965 nun-

587 3000 716 3077 quid
744 3010 874 3058 tunc
905 3012 1109 3069 tantum
1137 3005 1416 3075 przevenit,
1447 3012 1503 3060 et
1543 3003 1748 3073 adjuvit
1790 3019 1888 3061 nos
1928 3004 2023 3058 Dei
2051 3016 2172 3074 gra-

2283 1821 2478 1877 devote
2501 1830 2557 1877 et
2581 1821 2834 1879 alacriter
2858 1823 2970 1879 Deo
3012 1825 3150 1879 dona
3181 1822 3483 1879 offerentem
3509 1823 3689 1888 videbat,
3711 1831 3747 1876 ut

2281 1912 2525 1968 eamdem
2569 1911 2766 1967 bonam
2810 1913 3161 1989 voluntatem,
3222 1928 3380 1982 quam
3412 1912 3603 1967 dederat
3636 1914 3674 1966 in
3702 1911 3751 1967 eis

2279 2005 2444 2071 Deus,
2475 2014 2845 2071 conservaret,
2876 2006 3063 2061 dicens
3101 2023 3114 2059 :
3170 2023 3189 2057 ι
3230 2004 3479 2060 Dominus
3502 2005 3615 2058 Deus
3635 2002 3750 2057 Abn-

2280 2095 2430 2163 ham,
2454 2105 2509 2152 et
2530 2096 2696 2162 [saac,
2727 2105 2782 2152 et
2799 2096 2963 2152 Israel
2985 2095 3162 2152 Patris
3198 2094 3390 2161 nostri,
3412 2094 3589 2151 custodi
3608 2094 3647 2148 in
3663 2107 3750 2147 sem.

2277 2187 2545 2256 piternum
2570 2189 2709 2244 hanc
2736 2188 3065 2243 voluntatem
3093 2188 3275 2243 cordis
3315 2203 3490 2244 eorum
3508 2228 3522 2253 ,
3551 2194 3595 2241 et
3608 2199 3748 2256 semper

2278 2278 2335 2333 in
2358 2281 2763 2335 venerationem
2810 2281 2887 2335 tui
2933 2296 3087 2336 mens
3133 2281 3240 2335 ista
3282 2287 3575 2351 permaneat
3606 2277 3643 2349 (i
3663 2274 3744 2331 Par.

2278 2384 2431 2441 Xm,
2482 2375 2590 2447 18).
2645 2393 2663 2428 ι
2699 2375 3003 2447 lndigemus
3038 2377 3215 2446 gratia
3240 2376 3335 2431 Dei
3368 2374 3429 2430 ad
3466 2374 3585 2430 bona
3607 2382 3643 2428 et
3658 2371 3745 2426 salu-

2277 2464 2396 2520 bria
2426 2466 2717 2535 loquenda,
2762 2467 2902 2521 sicut
2936 2468 3057 2536 ipse
3084 2465 3350 2529 Dominus
3376 2466 3427 2520 in
3460 2462 3748 2533 Evangeliodi-

2276 2555 2352 2609 cit
2379 2573 2391 2609 :
2432 2574 2452 2608 ι
2486 2554 2599 2611 Νοη
2631 2557 2775 2612 enim
2801 2571 2898 2613 vos
2931 2558 3061 2613 estis
3105 2558 3200 2629 qui
3231 2557 3519 2628 loquimini,
3542 2558 3615 2610 sed
3632 2554 3739 2624 Spiri-

2279 2652 2364 2701 tus
2414 2644 2592 2702 Patris
2638 2647 2804 2703 vestri
2845 2648 2939 2718 qui
2987 2648 3230 2717 loquitur
3278 2648 3330 2703 in
3380 2649 3519 2702 vobis
3539 2632 3695 2717 (Matth.
3713 2658 3746 2706 ι.

2274 2737 2389 2811 20).
2431 2757 2450 2790 ι
2483 2737 2585 2805 Qui
2617 2739 2781 2815 etiam
2809 2738 2933 2794 alibi
2968 2739 3241 2808 promittit
3269 2756 3284 2793 :
3322 2757 3342 2791 ‹
3377 2734 3527 2810 Aperi
3559 2750 3607 2792 os
3636 2746 3745 2799 tuum,

2275 2838 2331 2885 et
2363 2844 2462 2900 ego
2489 2830 2795 2901 adimplebo
2834 2831 2962 2901 illud
3012 2829 3189 2901 (Psal.
3222 2846 3382 2896 Lux,
3435 2830 3530 2901 il).
3566 2849 3580 2880 ι
3614 2826 3748 2895 indige-

2275 2930 2397 2979 mus
2445 2921 2542 2978 Dei
2589 2922 2761 2993 gratia
2804 2922 2869 2989 ad
2921 2936 3110 2977 omnes
3150 2924 3274 2978 vias
3311 2936 3519 2992 operum
3549 2921 3745 2976 bonorum

2276 3008 2476 3069 Paulus
2507 3013 2791 3085 Apostolus
2811 3023 2999 3086 optare
3025 3029 3084 3070 se
3121 3014 3279 3081 dicit,
3312 3015 3398 3069 ubi
3428 3015 3497 3068 ait
3529 3031 3540 3066 :
3569 3009 3749 3064 «Namet

584 3073 662 3147 tia
692 3111 705 3145 :
753 3101 848 3148 aut
872 3094 1059 3149 eadem
1097 3073 1195 3151 Dei
1228 3098 1421 3168 gratia,
1463 3096 1606 3152 sicut
1633 3096 1799 3152 semel
1829 3112 1928 3151 nos
1967 3073 2173 3167 adjuvit
2197 3073 2243 3138 Ο
2280 3086 2373 3175 qui
2408 3073 2595 3160 sumtis
2641 3105 2693 3159 in
2745 3073 3097 3160 tabernaculo
3138 3073 3531 3179 ingemiscimus
3550 3096 3748 3179 gravatiitt

587 3186 648 3234 ut
667 3179 1008 3243 eﬂiceremur
1027 3182 1182 3249 liberi
1202 3186 1269 3239 ad
1290 3186 1512 3251 bonum,
1535 3187 1610 3240 ita
1640 3185 1802 3241 semei
1828 3201 1927 3241 nos
1946 3185 2167 3251 deserit,

587 3277 649 3325 ut
680 3269 982 3326 efﬁciamur
1014 3271 1169 3327 liberi
1212 3274 1279 3327 ad
1315 3273 1564 3329 malum?
1610 3273 1741 3340 Quae
1778 3283 1864 3329 est
1900 3274 2007 3342 ita,
2056 3284 2169 3329 tam

588 3362 817 3419 obscura
838 3370 895 3425 et
914 3365 1187 3437 ambigua,
1208 3381 1272 3422 ac
1294 3381 1429 3437 pene
1451 3366 1596 3422 nulla
1620 3368 1805 3437 gratia:
1826 3368 2171 3439 praedicatio?

586 3448 996 3527 Nonue'melius
1028 3464 1183 3522 erat,
1224 3464 1283 3510 ut
1324 3455 1669 3526 praefatorum
1698 3456 1920 3513 Patrum
1953 3467 2170 3513 senten.

588 3542 675 3599 tize
698 3560 818 3616 quae
843 3542 911 3601 de
934 3545 1038 3605 hac
1065 3562 1125 3604 re
1145 3548 1458 3619 plenissime
1480 3559 1537 3605 et
1557 3551 1861 3607 clarissime
1884 3552 2164 3618 deﬁniunt,

588 3642 1016 3701 assumerentur,
1048 3637 1135 3692 vel
1179 3651 1366 3693 eorum
1406 3639 1588 3694 verbis
1632 3640 1733 3709 ista
1772 3639 2014 3696 deﬁnitio
2043 3655 2171 3695 con-

590 3731 897 3794 tereretur;
944 3738 999 3783 et
1034 3736 1219 3799 aperte
1262 3729 1333 3784 ibi
1360 3738 1505 3785 esset
1530 3730 1782 3801 positum,
1814 3729 2045 3800 qualiter
2071 3744 2170 3786 nos

584 3817 885 3886 praeveniat
916 3825 973 3874 et
1010 3819 1227 3888 adjuvet
1265 3820 1382 3875 haec
1410 3820 1503 3875 Dei
1533 3821 1729 3892 gratia,
1764 3820 1818 3876 id
1848 3829 1932 3876 est
1987 3828 2171 3876 utrum

586 3908 756 3983 semel
786 3911 941 3967 nobis
981 3911 1036 3965 in
1066 3911 1387 3982 baptismate
1434 3919 1581 3967 tanta
1625 3913 1913 3980 tribuatur,
1954 3928 2074 3984 qua:
2103 3910 2171 3968 ad

587 4005 761 4053 totum
793 4005 1004 4068 tempus
1028 4000 1152 4055 vitae
1178 4009 1379 4073 nostra:
1415 3998 1663 4067 suiﬁciat,
1698 4018 1765 4057 an
1799 4003 2044 4074 quotidie
2070 4003 2168 4058 im-

583 4085 845 4167 ploranda
873 4095 929 4161 et
957 4090 1268 4160 accipienda
1298 4089 1398 4156 sit;
1423 4102 1499 4155 .et
1544 4102 1725 4165 utrum
1763 4110 1825 4149 ea
1869 4095 1938 4149 ad
1987 4093 2168 4165 aliqua

583 4174 745 4251 bona,
775 4193 845 4233 an
877 4179 945 4234 ad
972 4180 1152 4259 omnia
1181 4180 1561 4252 indigeamus?
1610 4180 1771 4239 Certe
1810 4184 1943 4240 nihil
1974 4186 2167 4240 horum

583 4267 638 4322 in
683 4268 787 4325 hac
830 4270 1140 4339 deﬁnitione
1182 4281 1433 4344 apparet;
1484 4282 1540 4330 et
1585 4275 1707 4331 ideo
1756 4276 1951 4332 melius
1988 4274 2172 4331 fuerat

586 4366 788 4425 tacere,
824 4374 991 4441 quam
1039 4362 1107 4418 de
1150 4377 1208 4418 re
1246 4372 1394 4418 tanta
1431 4372 1545 4419 tam
1588 4365 1769 4436 inepte
1812 4374 1867 4422 et
1909 4366 2173 4423 inutiliter

582 4442 752 4518 loqui.
1204 4476 1211 4480 ι

652 4540 958 4627 lndigemus
1004 4552 1237 4620 namque
1283 4547 1459 4627 gratia
1514 4546 1661 4616 Dei,
1722 4565 1828 4607 non
1878 4549 2052 4607 solum
2102 4552 2173 4609 ad

581 4650 717 4705 opus
763 4624 1007 4717 bonum,
1054 4638 1194 4694 sicut
1238 4624 1299 4693 in
1344 4640 1447 4698 hoc
1482 4640 1718 4713 capitulo
1755 4641 2029 4709 deﬁnitur,
2077 4646 2173 4701 sed

581 4724 746 4778 ctiam
813 4726 881 4783 ad
950 4726 1126 4801 ipsum
1195 4729 1409 4791 initium
1474 4732 1635 4798 ﬁdei,
1704 4733 1821 4788 sine
1890 4748 1996 4803 qua
2066 4748 2174 4790 non

583 4831 869 4885 possumus
923 4820 1181 4881 accedere
1242 4821 1308 4885 ad
1370 4824 1796 4895 regenerationis
1859 4839 2167 4881 sacramen-

583 4913 742 4973 tum;
792 4908 933 4963 sicut
996 4909 1286 4980 Apostolus
1348 4912 1479 4967 dicit
1530 4913 1595 4968 de
1650 4914 1826 4984 seipso
1874 4932 1889 4969 :
1941 4934 1959 4967 ι
2010 4913 2168 4972 Mise-

2276 3212 2343 3253 eo
2390 3198 2533 3269 quod
2586 3198 2838 3253 nolumus
2896 3197 3211 3268 exspoliari,
3262 3199 3355 3253 sed
3394 3191 3748 3268 supervestiri,ttl

2279 3288 2633 3344 absorbeatur
2653 3289 2797 3360 quod
2819 3297 2902 3345 est
2922 3288 3150 3344 mortale
3183 3304 3213 3343 a
3236 3291 3346 3343 vita
3368 3287 3448 3362 (II
3477 3287 3579 3342 Cor.
3601 3299 3641 3350 ν,
3662 3281 3745 3353 4).»

2352 3377 2477 3450 (Hic
2505 3377 2732 3449 plurima
2764 3380 2973 3446 desunt,
3020 3379 3221 3434 scilicet
3257 3396 3443 3451 magna
3461 3374 3749 3451 pursCenttttq

2277 3470 2436 3540 hujus
2465 3471 2678 3525 secundi
2700 3469 2936 3541 capituli,
2967 3479 3013 3525 et
3046 3471 3284 3525 maxima
3308 3486 3427 3542 pars
3450 3482 3643 3524 censura:
3664 3436 3749 3517 lli"

2277 3578 2392 3634 cap.
2420 3563 2559 3634 quod
2583 3562 2859 3635 sequitur.)

2756 3695 2822 3736 DE
2863 3694 3064 3737 TERTIO
3098 3692 3385 3735 CAPITULO.

2352 3809 2372 3843 ε
2415 3790 2558 3847 Deus
2601 3791 2942 3861 omnipotens
2999 3806 3195 3846 omnes
3245 3789 3483 3849 homines
3525 3784 3622 3841 sine
3652 3789 3748 3835 exct-

2273 3884 2458 3955 ptione
2484 3883 2599 3939 vult
2625 3885 2803 3941 salvos
2851 3884 2992 3949 ﬁeri,
3045 3883 3174 3939 licet
3204 3899 3312 3939 non
3350 3894 3526 3939 omnes
3543 3875 3747 3932 salicum.

2276 3973 2429 4041 Quod
2456 3982 2638 4031 autem
2668 3974 2890 4044 quidam
2915 3972 3217 4039 salvantur,
3236 3970 3489 4028 salvantis
3508 3965 3745 4057 estdomus

2274 4066 2418 4136 quod
2452 4074 2630 4121 autem
2657 4066 2879 4136 quidam
2910 4072 3159 4136 pereunt,
3211 4062 3539 4135 pereuntium
3562 4063 3628 4113 est
3645 4062 3748 4108 νη

2277 4162 2413 4209 tum.
2448 4173 2471 4208 ι
3552 4164 3555 4167 ’

2771 4255 3023 4303 οιδευιω
3061 4260 3374 4304 εοκειυειο.

2554 4381 2687 4439 Cum
2723 4397 2854 4456 ergo
2887 4384 2971 4439 hae
2997 4383 3115 4440 duae
3143 4383 3426 4455 opiniones
3447 4381 3495 4447 in
3519 4371 3690 4459 pralato
3709 4364 3748 4418 li-

2197 4436 2252 4497 D
2275 4436 2433 4530 bello,
2466 4474 2552 4545 (de
2568 4436 2581 4439 ⁷
2600 4436 3359 4547 ινεὸυξτιέρὲξιᾉίεὲἶάζ’ὦ
3382 4436 3442 4530 re
3481 4436 3702 4544 ρὲοροείιπ
3716 4463 3749 4547 ξι

2276 4562 2537 4634 exposita:
2588 4562 2836 4631 fuissent,
2884 4546 3230 4636 subjunctum
3288 4573 3371 4620 est
3412 4560 3621 4634 protinus
3650 4546 3748 4605 valde

2276 4656 2502 4722 utiliter,
2524 4664 2580 4711 et
2603 4656 2802 4715 dictum
2829 4675 2842 4711 :
2873 4675 2891 4708 ι
2922 4657 3171 4724 Quolibet
3197 4657 3320 4729 quis
3344 4654 3614 4726 acquiescat
3631 4639 3747 4699 modo,

2278 4760 2385 4800 non
2416 4754 2499 4800 est
2527 4747 2840 4801 hazreticum
2868 4746 2969 4800 nisi
3002 4749 3344 4802 contentione
3366 4742 3634 4801 litereticum
3651 4735 3745 4787 σθω

2279 4832 2521 4889 Similem
2578 4849 2794 4905 quoque
2856 4836 3179 4895 sententiam
3232 4837 3294 4890 Β.
3339 4849 3469 4906 papa
3515 4820 3750 4886 Ctelestiuus

2269 4923 2338 4977 de
2417 4924 2738 4993 quibusdam
2822 4924 3263 4997 profundioribus
3336 4918 3665 4996 quaestionibus
3717 4906 3749 4997 iu

583 4996 822 5051 cordiam
850 5009 1173 5077 consecutus
1203 5016 1343 5068 sum,
1368 5010 1424 5073 ut
1454 5002 1626 5059 ﬁdelis
1651 5018 1826 5060 essem
1844 5005 1898 5079 (1
1914 5004 2035 5061 Cor.
2067 5021 2166 5074 vn,
2270 4990 2513 5069 Decre—lis
2582 5015 2694 5070 suis
2756 4990 2972 5085 posuit,
3034 5016 3218 5071 dicens
3276 4990 3457 5070 de'eis
3501 4998 3663 5078 (Epist.
3706 4990 3748 5047 σέ

580 5084 698 5157 25).
742 5107 761 5139 ι
794 5088 862 5143 Et
896 5090 1141 5147 ﬁdelibus
1160 5091 1398 5169 loquitur
1429 5112 1443 5148 :
1496 5113 1516 5146 ι
1548 5093 1689 5163 Quia
1719 5096 1872 5153 vobis
1909 5094 2164 5153 donatum

591 5183 677 5229 est
714 5191 811 5244 pro
829 5177 1066 5245 Christo,
1092 5168 1198 5259 non
1230 5182 1402 5239 solum
1434 5184 1567 5239 utin
1593 5199 1715 5241 eum
1746 5181 2166 5259 credatisKPiiil.

584 5280 624 5345 μ,
662 5264 776 5336 29),
822 5276 927 5324 etc.
971 5271 1040 5325 Et
1074 5256 1201 5343 alibi
1250 5273 1324 5327 ait
1363 5290 1377 5327 :
1421 5292 1441 5326 ι
1488 5274 1826 5347 Aspicientes
1886 5275 1940 5331 in
1978 5256 2167 5335 aucto-

584 5371 701 5412 rem
746 5357 905 5424 ﬁdei,
952 5369 1007 5416 et
1047 5373 1538 5435 cous’ummatorem
1608 5366 1823 5434 Jesum,
1868 5368 2171 5440 indigemus

587 5450 764 5517 gratia
790 5450 882 5505 Dei
914 5451 967 5506 in
995 5452 1109 5522 ipso
1143 5457 1565 5527 regenerationis
1594 5458 1813 5515 lavacro
1843 5458 2029 5531 (Hebr.
2065 5476 2165 5529 xu,

578 5537 680 5609 2):
721 5560 740 5592 ι
774 5541 903 5610 quia
949 5543 1066 5599 siue
1107 5546 1194 5599 illa
1248 5563 1351 5602 nec
1395 5548 1779 5619 indulgentiam
1818 5563 2164 5622 peccatorum

2265 5104 2448 5176 ’Episc.
2482 5101 2648 5176 Call.)
2679 5125 2691 5160 :
2728 5104 2857 5174 Qua:
2884 5109 3024 5163 sicut
3045 5123 3151 5163 non
3174 5108 3426 5177 audemus
3449 5101 3745 5159 contemnch

2271 5198 2344 5253 ita
2397 5215 2503 5253 non
2550 5214 2773 5255 necesse
2804 5198 3069 5263 habemus
3115 5209 3377 5254 astruere.
3425 5194 3500 5250 Sit
3536 5183 3750 5259 ergtli“let

2276 5306 2377 5347 nos
2404 5291 2566 5346 etiam
2589 5292 2655 5347 de
2678 5293 2781 5347 hac
2810 5307 2866 5346 re
2897 5292 3196 5350 istiusmodi
3228 5292 3313 5360 pia
3341 5285 3532 5345 cautela
3557 5290 3600 5337 et
3623 5274 3749 5333 mode'

2272 5381 2433 5446 ratio,
2460 5390 2726 5451 quatenus
2752 5391 2806 5437 et
2856 5383 3062 5438 sanctis
3100 5381 3352 5436 Patribus
3380 5382 3594 5435 servetur
3616 5368 3747 5422 Ιιουοτι

2272 5483 2328 5528 et
2354 5472 2596 5544 quolibet
2644 5474 2766 5543 quis
2799 5474 3120 5543 acquiescat
3169 5472 3325 5527 modo
3352 5485 3415 5526 ex
3436 5467 3528 5523 illis
3556 5456 3747 5516 sensim”:

2270 5566 2361 5634 qui
2402 5565 2469 5620 de
2503 5565 2604 5619 hac
2644 5565 2914 5619 sententia
2943 5563 3012 5618 ah
3038 5563 3118 5618 eis
3146 5562 3304 5634 positi
3326 5567 3461 5623 sunt,
3488 5567 3577 5610 non
3599 5546 3746 5634 judin

584 5635 864 5707 consequi,
900 5650 999 5692 nec
1035 5637 1128 5693 ﬁlii
1160 5638 1252 5693 Dei
1291 5639 1404 5695 ﬁeri
1437 5642 1714 5712 valemus;
1741 5645 1954 5703 dicente
1975 5649 2159 5706 eodem
2267 5623 2390 5711 mus
2412 5668 2532 5710 esse
2550 5654 2895 5723 luereticum;
2925 5653 3020 5710 sed
3040 5623 3217 5726 poti-us
3242 5623 3749 5707 vitemuseontentiouis
