  <div class='ocr_page' id='page_1' title='image "/cluster/home/n/w/nwhite01/storage/ocr_20150623/121/hvd.32044015471642/564.png"; bbox 0 0 3966 6334; ppageno 0'>
   <div class='ocr_carea' id='block_1_1' title="bbox 208 308 347 371">
    <p class='ocr_par' dir='ltr' id='par_1_1' title="bbox 208 308 347 371">
     <span class='ocr_line' id='line_1_1' title="bbox 208 308 347 371; baseline -0.043 0"><span class='ocrx_word' id='word_1_1' title='bbox 208 308 347 371; x_wconf 75' lang='grc' dir='ltr'><strong>ΗΠ</strong></span> 
     </span>
    </p>
   </div>
   <div class='ocr_carea' id='block_1_2' title="bbox 1169 268 2493 367">
    <p class='ocr_par' dir='ltr' id='par_1_2' title="bbox 1169 268 2493 367">
     <span class='ocr_line' id='line_1_2' title="bbox 1169 268 2493 367; baseline -0.002 -12"><span class='ocrx_word' id='word_1_2' title='bbox 1169 299 1257 355; x_wconf 75' lang='lat' dir='ltr'><strong>ne</strong></span> <span class='ocrx_word' id='word_1_3' title='bbox 1296 296 1619 357; x_wconf 80' lang='lat' dir='ltr'><strong>TENENDA</strong></span> <span class='ocrx_word' id='word_1_4' title='bbox 1661 297 2079 367; x_wconf 64' lang='lat' dir='ltr'><strong>scalprum:</strong></span> <span class='ocrx_word' id='word_1_5' title='bbox 2124 268 2493 367; x_wconf 63' lang='lat' dir='ltr'><strong>venture,</strong></span> 
     </span>
    </p>
   </div>
   <div class='ocr_carea' id='block_1_3' title="bbox 3316 295 3454 367">
    <p class='ocr_par' dir='ltr' id='par_1_3' title="bbox 3316 295 3454 367">
     <span class='ocr_line' id='line_1_3' title="bbox 3316 295 3454 367; baseline -0.014 0"><span class='ocrx_word' id='word_1_6' title='bbox 3316 295 3454 367; x_wconf 66' lang='grc'><strong>1118</strong></span> 
     </span>
    </p>
   </div>
   <div class='ocr_carea' id='block_1_4' title="bbox 202 411 3469 493">
    <p class='ocr_par' dir='ltr' id='par_1_4' title="bbox 202 411 3469 493">
     <span class='ocr_line' id='line_1_4' title="bbox 202 411 3469 493; baseline -0.003 -12"><span class='ocrx_word' id='word_1_7' title='bbox 202 426 431 488; x_wconf 87' lang='lat' dir='ltr'><strong>malum,</strong></span> <span class='ocrx_word' id='word_1_8' title='bbox 457 432 560 492; x_wconf 90' lang='lat' dir='ltr'><strong>per</strong></span> <span class='ocrx_word' id='word_1_9' title='bbox 577 417 722 489; x_wconf 84' lang='lat' dir='ltr'><strong>quod</strong></span> <span class='ocrx_word' id='word_1_10' title='bbox 748 417 910 473; x_wconf 90' lang='lat' dir='ltr'><strong>etiam</strong></span> <span class='ocrx_word' id='word_1_11' title='bbox 958 415 1023 470; x_wconf 89' lang='lat' dir='ltr'><strong>de</strong></span> <span class='ocrx_word' id='word_1_12' title='bbox 1057 414 1299 486; x_wconf 77' lang='lat' dir='ltr'><strong>pacificis</strong></span> <span class='ocrx_word' id='word_1_13' title='bbox 1325 425 1379 470; x_wconf 91' lang='lat' dir='ltr'><strong>et</strong></span> <span class='ocrx_word' id='word_1_14' title='bbox 1403 411 1787 469; x_wconf 76' lang='lat' dir='ltr'><strong>ecclesiasticis</strong></span> <span class='ocrx_word' id='word_1_15' title='bbox 1814 414 1863 477; x_wconf 79' lang='grc' dir='ltr'><strong>Α</strong></span> <span class='ocrx_word' id='word_1_16' title='bbox 1890 413 2275 493; x_wconf 70' lang='lat' dir='ltr'><strong>misericordia:</strong></span> <span class='ocrx_word' id='word_1_17' title='bbox 2298 428 2408 468; x_wconf 85' lang='lat' dir='ltr'><strong>suae</strong></span> <span class='ocrx_word' id='word_1_18' title='bbox 2446 414 2563 482; x_wconf 89' lang='lat' dir='ltr'><strong>ipse</strong></span> <span class='ocrx_word' id='word_1_19' title='bbox 2600 419 2860 491; x_wconf 84' lang='lat' dir='ltr'><strong>operatur</strong></span> <span class='ocrx_word' id='word_1_20' title='bbox 2883 413 3125 470; x_wconf 89' lang='lat' dir='ltr'><strong>eamdem</strong></span> <span class='ocrx_word' id='word_1_21' title='bbox 3157 412 3353 471; x_wconf 80' lang='lat' dir='ltr'><strong>bonam</strong></span> <span class='ocrx_word' id='word_1_22' title='bbox 3371 430 3469 472; x_wconf 84' lang='lat' dir='ltr'><strong>vo-</strong></span> 
     </span>
    </p>
   </div>
   <div class='ocr_carea' id='block_1_5' title="bbox 203 504 1787 582">
    <p class='ocr_par' dir='ltr' id='par_1_5' title="bbox 203 504 1787 582">
     <span class='ocr_line' id='line_1_5' title="bbox 203 504 1787 582; baseline -0.011 -8"><span class='ocrx_word' id='word_1_23' title='bbox 203 515 456 575; x_wconf 88' lang='lat' dir='ltr'><strong>sensibus</strong></span> <span class='ocrx_word' id='word_1_24' title='bbox 495 517 676 582; x_wconf 86' lang='lat' dir='ltr'><strong>potest</strong></span> <span class='ocrx_word' id='word_1_25' title='bbox 703 508 796 579; x_wconf 89' lang='lat' dir='ltr'><strong>qui</strong></span> <span class='ocrx_word' id='word_1_26' title='bbox 837 509 1206 575; x_wconf 75' lang='lat' dir='ltr'><strong>contentiosus</strong></span> <span class='ocrx_word' id='word_1_27' title='bbox 1239 524 1359 564; x_wconf 87' lang='lat' dir='ltr'><strong>esse</strong></span> <span class='ocrx_word' id='word_1_28' title='bbox 1391 506 1642 570; x_wconf 90' lang='lat' dir='ltr'><strong>voluerit,</strong></span> <span class='ocrx_word' id='word_1_29' title='bbox 1675 504 1787 569; x_wconf 78' lang='lat' dir='ltr'><strong>hae-</strong></span> 
     </span>
    </p>
   </div>
   <div class='ocr_carea' id='block_1_6' title="bbox 203 595 1787 672">
    <p class='ocr_par' dir='ltr' id='par_1_6' title="bbox 203 595 1787 672">
     <span class='ocr_line' id='line_1_6' title="bbox 203 595 1787 672; baseline -0.008 -9"><span class='ocrx_word' id='word_1_30' title='bbox 203 607 437 663; x_wconf 89' lang='lat' dir='ltr'><strong>reticum</strong></span> <span class='ocrx_word' id='word_1_31' title='bbox 467 598 682 656; x_wconf 79' lang='lat' dir='ltr'><strong>efﬁcere</strong></span> <span class='ocrx_word' id='word_1_32' title='bbox 726 599 869 672; x_wconf 88' lang='lat' dir='ltr'><strong>quod</strong></span> <span class='ocrx_word' id='word_1_33' title='bbox 896 601 1081 655; x_wconf 90' lang='lat' dir='ltr'><strong>sentit.</strong></span> <span class='ocrx_word' id='word_1_34' title='bbox 1119 598 1303 669; x_wconf 77' lang='lat' dir='ltr'><strong>Itaque</strong></span> <span class='ocrx_word' id='word_1_35' title='bbox 1330 599 1382 652; x_wconf 92' lang='lat' dir='ltr'><strong>in</strong></span> <span class='ocrx_word' id='word_1_36' title='bbox 1409 596 1569 653; x_wconf 86' lang='lat' dir='ltr'><strong>rebus</strong></span> <span class='ocrx_word' id='word_1_37' title='bbox 1592 595 1787 651; x_wconf 79' lang='lat' dir='ltr'><strong>talibus</strong></span> 
     </span>
    </p>
   </div>
   <div class='ocr_carea' id='block_1_7' title="bbox 202 689 1788 758">
    <p class='ocr_par' dir='ltr' id='par_1_7' title="bbox 202 689 1788 758">
     <span class='ocr_line' id='line_1_7' title="bbox 202 689 1788 758; baseline -0.009 -4"><span class='ocrx_word' id='word_1_38' title='bbox 202 696 561 754; x_wconf 84' lang='lat' dir='ltr'><strong>cohibeamus</strong></span> <span class='ocrx_word' id='word_1_39' title='bbox 600 706 699 746; x_wconf 93' lang='lat' dir='ltr'><strong>nos</strong></span> <span class='ocrx_word' id='word_1_40' title='bbox 740 689 885 758; x_wconf 91' lang='lat' dir='ltr'><strong>ipsos</strong></span> <span class='ocrx_word' id='word_1_41' title='bbox 926 689 1126 745; x_wconf 85' lang='lat' dir='ltr'><strong>salubri</strong></span> <span class='ocrx_word' id='word_1_42' title='bbox 1173 689 1564 753; x_wconf 78' lang='lat' dir='ltr'><strong>moderatione,</strong></span> <span class='ocrx_word' id='word_1_43' title='bbox 1596 696 1651 742; x_wconf 92' lang='lat' dir='ltr'><strong>ut</strong></span> <span class='ocrx_word' id='word_1_44' title='bbox 1687 701 1788 747; x_wconf 82' lang='lat' dir='ltr'><strong>nec</strong></span> 
     </span>
    </p>
   </div>
   <div class='ocr_carea' id='block_1_8' title="bbox 200 779 1787 855">
    <p class='ocr_par' dir='ltr' id='par_1_8' title="bbox 200 779 1787 855">
     <span class='ocr_line' id='line_1_8' title="bbox 200 779 1787 855; baseline -0.008 -9"><span class='ocrx_word' id='word_1_45' title='bbox 200 797 560 846; x_wconf 78' lang='lat' dir='ltr'><strong>contemnere</strong></span> <span class='ocrx_word' id='word_1_46' title='bbox 609 784 922 849; x_wconf 88' lang='lat' dir='ltr'><strong>audeamus,</strong></span> <span class='ocrx_word' id='word_1_47' title='bbox 956 800 1055 841; x_wconf 91' lang='lat' dir='ltr'><strong>nec</strong></span> <span class='ocrx_word' id='word_1_48' title='bbox 1105 784 1259 855; x_wconf 91' lang='lat' dir='ltr'><strong>quasi</strong></span> <span class='ocrx_word' id='word_1_49' title='bbox 1300 782 1606 840; x_wconf 91' lang='lat' dir='ltr'><strong>necessario</strong></span> <span class='ocrx_word' id='word_1_50' title='bbox 1642 779 1787 835; x_wconf 82' lang='lat' dir='ltr'><strong>allir-</strong></span> 
     </span>
    </p>
   </div>
   <div class='ocr_carea' id='block_1_9' title="bbox 200 876 1789 948">
    <p class='ocr_par' dir='ltr' id='par_1_9' title="bbox 200 876 1789 948">
     <span class='ocr_line' id='line_1_9' title="bbox 200 876 1789 948; baseline -0.003 -11"><span class='ocrx_word' id='word_1_51' title='bbox 200 894 356 937; x_wconf 90' lang='lat' dir='ltr'><strong>mare</strong></span> <span class='ocrx_word' id='word_1_52' title='bbox 416 892 702 943; x_wconf 88' lang='lat' dir='ltr'><strong>conemur,</strong></span> <span class='ocrx_word' id='word_1_53' title='bbox 746 891 1017 932; x_wconf 88' lang='lat' dir='ltr'><strong>memores</strong></span> <span class='ocrx_word' id='word_1_54' title='bbox 1054 892 1267 948; x_wconf 87' lang='lat' dir='ltr'><strong>semper</strong></span> <span class='ocrx_word' id='word_1_55' title='bbox 1307 876 1447 932; x_wconf 89' lang='lat' dir='ltr'><strong>illius</strong></span> <span class='ocrx_word' id='word_1_56' title='bbox 1487 877 1789 948; x_wconf 79' lang='lat' dir='ltr'><strong>apostolicae</strong></span> 
     </span>
    </p>
   </div>
   <div class='ocr_carea' id='block_1_10' title="bbox 199 964 1791 1038">
    <p class='ocr_par' dir='ltr' id='par_1_10' title="bbox 199 964 1791 1038">
     <span class='ocr_line' id='line_1_10' title="bbox 199 964 1791 1038; baseline -0.001 -12"><span class='ocrx_word' id='word_1_57' title='bbox 199 968 493 1026; x_wconf 63' lang='lat' dir='ltr'><strong>sententiae</strong></span> <span class='ocrx_word' id='word_1_58' title='bbox 540 984 555 1020; x_wconf 90' lang='lat'><strong>:</strong></span> <span class='ocrx_word' id='word_1_59' title='bbox 609 986 628 1020; x_wconf 73' lang='grc' dir='ltr'><strong>ι</strong></span> <span class='ocrx_word' id='word_1_60' title='bbox 676 964 734 1022; x_wconf 90' lang='lat' dir='ltr'><strong>Si</strong></span> <span class='ocrx_word' id='word_1_61' title='bbox 764 964 1115 1038; x_wconf 54' lang='lat' dir='ltr'><strong>quis‘autem</strong></span> <span class='ocrx_word' id='word_1_62' title='bbox 1162 967 1376 1023; x_wconf 91' lang='lat' dir='ltr'><strong>videtur</strong></span> <span class='ocrx_word' id='word_1_63' title='bbox 1418 970 1791 1025; x_wconf 89' lang='lat' dir='ltr'><strong>contentiosus</strong></span> 
     </span>
    </p>
   </div>
   <div class='ocr_carea' id='block_1_11' title="bbox 199 1056 1791 1131">
    <p class='ocr_par' dir='ltr' id='par_1_11' title="bbox 199 1056 1791 1131">
     <span class='ocr_line' id='line_1_11' title="bbox 199 1056 1791 1131; baseline 0 -16"><span class='ocrx_word' id='word_1_64' title='bbox 199 1075 341 1124; x_wconf 85' lang='lat' dir='ltr'><strong>esse,</strong></span> <span class='ocrx_word' id='word_1_65' title='bbox 375 1072 480 1112; x_wconf 87' lang='lat' dir='ltr'><strong>nos</strong></span> <span class='ocrx_word' id='word_1_66' title='bbox 515 1056 675 1112; x_wconf 90' lang='lat' dir='ltr'><strong>talem</strong></span> <span class='ocrx_word' id='word_1_67' title='bbox 705 1057 1151 1113; x_wconf 89' lang='lat' dir='ltr'><strong>consuetudinem</strong></span> <span class='ocrx_word' id='word_1_68' title='bbox 1177 1073 1284 1112; x_wconf 92' lang='lat' dir='ltr'><strong>non</strong></span> <span class='ocrx_word' id='word_1_69' title='bbox 1309 1056 1593 1124; x_wconf 85' lang='lat' dir='ltr'><strong>habemus,</strong></span> <span class='ocrx_word' id='word_1_70' title='bbox 1617 1074 1791 1131; x_wconf 89' lang='lat' dir='ltr'><strong>neque</strong></span> 
     </span>
    </p>
   </div>
   <div class='ocr_carea' id='block_1_12' title="bbox 197 1143 1794 1222">
    <p class='ocr_par' dir='ltr' id='par_1_12' title="bbox 197 1143 1794 1222">
     <span class='ocr_line' id='line_1_12' title="bbox 197 1143 1794 1222; baseline -0.001 -19"><span class='ocrx_word' id='word_1_71' title='bbox 197 1145 449 1222; x_wconf 86' lang='lat' dir='ltr'><strong>Ecclesia</strong></span> <span class='ocrx_word' id='word_1_72' title='bbox 481 1145 577 1200; x_wconf 89' lang='lat' dir='ltr'><strong>Dei</strong></span> <span class='ocrx_word' id='word_1_73' title='bbox 613 1145 666 1217; x_wconf 87' lang='grc' dir='ltr'><strong>(Ι</strong></span> <span class='ocrx_word' id='word_1_74' title='bbox 696 1143 819 1200; x_wconf 87' lang='lat' dir='ltr'><strong>Cor.</strong></span> <span class='ocrx_word' id='word_1_75' title='bbox 868 1162 943 1210; x_wconf 71' lang='lat' dir='ltr'><strong>xu,</strong></span> <span class='ocrx_word' id='word_1_76' title='bbox 989 1145 1098 1219; x_wconf 79' lang='grc'><strong>16).</strong></span> <span class='ocrx_word' id='word_1_77' title='bbox 1136 1167 1155 1199; x_wconf 76' lang='grc' dir='ltr'><strong>ι</strong></span> <span class='ocrx_word' id='word_1_78' title='bbox 1190 1144 1456 1217; x_wconf 80' lang='lat' dir='ltr'><strong>Legamus</strong></span> <span class='ocrx_word' id='word_1_79' title='bbox 1485 1163 1615 1219; x_wconf 87' lang='lat' dir='ltr'><strong>ergo</strong></span> <span class='ocrx_word' id='word_1_80' title='bbox 1644 1148 1794 1219; x_wconf 88' lang='lat' dir='ltr'><strong>paci-</strong></span> 
     </span>
    </p>
   </div>
   <div class='ocr_carea' id='block_1_13' title="bbox 200 1234 1793 1306">
    <p class='ocr_par' dir='ltr' id='par_1_13' title="bbox 200 1234 1793 1306">
     <span class='ocr_line' id='line_1_13' title="bbox 200 1234 1793 1306; baseline 0.001 -16"><span class='ocrx_word' id='word_1_81' title='bbox 200 1236 322 1299; x_wconf 89' lang='lat' dir='ltr'><strong>lice,</strong></span> <span class='ocrx_word' id='word_1_82' title='bbox 339 1242 397 1289; x_wconf 92' lang='lat' dir='ltr'><strong>et</strong></span> <span class='ocrx_word' id='word_1_83' title='bbox 411 1242 674 1305; x_wconf 87' lang='lat' dir='ltr'><strong>quantum</strong></span> <span class='ocrx_word' id='word_1_84' title='bbox 700 1234 958 1289; x_wconf 90' lang='lat' dir='ltr'><strong>Dominus</strong></span> <span class='ocrx_word' id='word_1_85' title='bbox 973 1234 1135 1290; x_wconf 90' lang='lat' dir='ltr'><strong>donat</strong></span> <span class='ocrx_word' id='word_1_86' title='bbox 1156 1235 1519 1306; x_wconf 84' lang='lat' dir='ltr'><strong>intelligamus</strong></span> <span class='ocrx_word' id='word_1_87' title='bbox 1541 1236 1793 1305; x_wconf 80' lang='lat' dir='ltr'><strong>dogmata</strong></span> 
     </span>
    </p>
   </div>
   <div class='ocr_carea' id='block_1_14' title="bbox 199 1325 1796 1397">
    <p class='ocr_par' dir='ltr' id='par_1_14' title="bbox 199 1325 1796 1397">
     <span class='ocr_line' id='line_1_14' title="bbox 199 1325 1796 1397; baseline 0.001 -16"><span class='ocrx_word' id='word_1_88' title='bbox 199 1325 706 1381; x_wconf 79' lang='lat' dir='ltr'><strong>ecclesiasticarum</strong></span> <span class='ocrx_word' id='word_1_89' title='bbox 751 1326 1013 1391; x_wconf 90' lang='lat' dir='ltr'><strong>virorum,</strong></span> <span class='ocrx_word' id='word_1_90' title='bbox 1060 1339 1160 1380; x_wconf 87' lang='lat' dir='ltr'><strong>nec</strong></span> <span class='ocrx_word' id='word_1_91' title='bbox 1200 1342 1299 1397; x_wconf 88' lang='lat' dir='ltr'><strong>pro</strong></span> <span class='ocrx_word' id='word_1_92' title='bbox 1337 1326 1455 1381; x_wconf 89' lang='lat' dir='ltr'><strong>aliis</strong></span> <span class='ocrx_word' id='word_1_93' title='bbox 1481 1327 1796 1383; x_wconf 88' lang='lat' dir='ltr'><strong>doctoribus</strong></span> 
     </span>
    </p>
   </div>
   <div class='ocr_carea' id='block_1_15' title="bbox 198 1414 1793 1488">
    <p class='ocr_par' dir='ltr' id='par_1_15' title="bbox 198 1414 1793 1488">
     <span class='ocr_line' id='line_1_15' title="bbox 198 1414 1793 1488; baseline 0.003 -21"><span class='ocrx_word' id='word_1_94' title='bbox 198 1414 469 1469; x_wconf 87' lang='lat' dir='ltr'><strong>adversus</strong></span> <span class='ocrx_word' id='word_1_95' title='bbox 495 1414 629 1469; x_wconf 90' lang='lat' dir='ltr'><strong>alios</strong></span> <span class='ocrx_word' id='word_1_96' title='bbox 664 1414 936 1484; x_wconf 83' lang='lat' dir='ltr'><strong>litigemus</strong></span> <span class='ocrx_word' id='word_1_97' title='bbox 966 1431 982 1480; x_wconf 89' lang='lat'><strong>;</strong></span> <span class='ocrx_word' id='word_1_98' title='bbox 1018 1414 1144 1485; x_wconf 87' lang='lat' dir='ltr'><strong>quia</strong></span> <span class='ocrx_word' id='word_1_99' title='bbox 1174 1426 1230 1470; x_wconf 88' lang='lat' dir='ltr'><strong>et</strong></span> <span class='ocrx_word' id='word_1_100' title='bbox 1261 1416 1359 1486; x_wconf 90' lang='lat' dir='ltr'><strong>ipsi</strong></span> <span class='ocrx_word' id='word_1_101' title='bbox 1392 1416 1535 1471; x_wconf 91' lang='lat' dir='ltr'><strong>inter</strong></span> <span class='ocrx_word' id='word_1_102' title='bbox 1563 1432 1620 1472; x_wconf 91' lang='lat' dir='ltr'><strong>se</strong></span> <span class='ocrx_word' id='word_1_103' title='bbox 1642 1417 1793 1488; x_wconf 89' lang='lat' dir='ltr'><strong>paci-</strong></span> 
     </span>
    </p>
   </div>
   <div class='ocr_carea' id='block_1_16' title="bbox 183 1503 1791 1577">
    <p class='ocr_par' dir='ltr' id='par_1_16' title="bbox 183 1503 1791 1577">
     <span class='ocr_line' id='line_1_16' title="bbox 183 1503 1791 1577; baseline 0.002 -18"><span class='ocrx_word' id='word_1_104' title='bbox 183 1503 313 1560; x_wconf 38' lang='lat' dir='ltr'><strong>‘llci.</strong></span> <span class='ocrx_word' id='word_1_105' title='bbox 344 1524 362 1557; x_wconf 86' lang='grc'><strong>‹</strong></span> <span class='ocrx_word' id='word_1_106' title='bbox 387 1504 776 1575; x_wconf 85' lang='lat' dir='ltr'><strong>Unusquisque</strong></span> <span class='ocrx_word' id='word_1_107' title='bbox 800 1505 852 1558; x_wconf 92' lang='lat' dir='ltr'><strong>in</strong></span> <span class='ocrx_word' id='word_1_108' title='bbox 875 1520 973 1560; x_wconf 91' lang='lat' dir='ltr'><strong>suo</strong></span> <span class='ocrx_word' id='word_1_109' title='bbox 996 1521 1158 1562; x_wconf 88' lang='lat' dir='ltr'><strong>sensu</strong></span> <span class='ocrx_word' id='word_1_110' title='bbox 1180 1507 1589 1562; x_wconf 83' lang='lat' dir='ltr'><strong>abundaverunt</strong></span> <span class='ocrx_word' id='word_1_111' title='bbox 1612 1507 1791 1577; x_wconf 87' lang='lat' dir='ltr'><strong>(Rom.</strong></span> 
     </span>
    </p>
   </div>
   <div class='ocr_carea' id='block_1_17' title="bbox 184 1594 1797 1670">
    <p class='ocr_par' dir='ltr' id='par_1_17' title="bbox 184 1594 1797 1670">
     <span class='ocr_line' id='line_1_17' title="bbox 184 1594 1797 1670; baseline 0.003 -21"><span class='ocrx_word' id='word_1_112' title='bbox 184 1609 313 1658; x_wconf 53' lang='lat' dir='ltr'><strong>“xxv,</strong></span> <span class='ocrx_word' id='word_1_113' title='bbox 351 1594 450 1666; x_wconf 85' lang='lat'><strong>5);</strong></span> <span class='ocrx_word' id='word_1_114' title='bbox 492 1615 511 1648; x_wconf 75' lang='grc' dir='ltr'><strong>ι</strong></span> <span class='ocrx_word' id='word_1_115' title='bbox 567 1594 704 1650; x_wconf 91' lang='lat' dir='ltr'><strong>alius</strong></span> <span class='ocrx_word' id='word_1_116' title='bbox 733 1596 951 1665; x_wconf 89' lang='lat' dir='ltr'><strong>quidem</strong></span> <span class='ocrx_word' id='word_1_117' title='bbox 999 1597 1099 1663; x_wconf 89' lang='lat' dir='ltr'><strong>sic,</strong></span> <span class='ocrx_word' id='word_1_118' title='bbox 1141 1597 1278 1653; x_wconf 89' lang='lat' dir='ltr'><strong>alius</strong></span> <span class='ocrx_word' id='word_1_119' title='bbox 1306 1613 1435 1653; x_wconf 91' lang='lat' dir='ltr'><strong>vero</strong></span> <span class='ocrx_word' id='word_1_120' title='bbox 1470 1599 1568 1664; x_wconf 89' lang='lat' dir='ltr'><strong>sic,</strong></span> <span class='ocrx_word' id='word_1_121' title='bbox 1606 1615 1797 1670; x_wconf 79' lang='lat' dir='ltr'><strong>exspe-</strong></span> 
     </span>
    </p>
   </div>
   <div class='ocr_carea' id='block_1_18' title="bbox 199 1682 1796 1761">
    <p class='ocr_par' dir='ltr' id='par_1_18' title="bbox 199 1682 1796 1761">
     <span class='ocr_line' id='line_1_18' title="bbox 199 1682 1796 1761; baseline 0.006 -24"><span class='ocrx_word' id='word_1_122' title='bbox 199 1691 417 1739; x_wconf 91' lang='lat' dir='ltr'><strong>ctantes</strong></span> <span class='ocrx_word' id='word_1_123' title='bbox 480 1682 715 1742; x_wconf 83' lang='lat' dir='ltr'><strong>ﬁdeliter</strong></span> <span class='ocrx_word' id='word_1_124' title='bbox 764 1695 925 1756; x_wconf 88' lang='lat' dir='ltr'><strong>atque</strong></span> <span class='ocrx_word' id='word_1_125' title='bbox 976 1688 1255 1742; x_wconf 86' lang='lat' dir='ltr'><strong>humiliter</strong></span> <span class='ocrx_word' id='word_1_126' title='bbox 1312 1690 1456 1758; x_wconf 92' lang='lat' dir='ltr'><strong>quod</strong></span> <span class='ocrx_word' id='word_1_127' title='bbox 1503 1690 1796 1761; x_wconf 80' lang='lat' dir='ltr'><strong>Apostolus</strong></span> 
     </span>
    </p>
   </div>
   <div class='ocr_carea' id='block_1_19' title="bbox 1890 502 3465 577">
    <p class='ocr_par' dir='ltr' id='par_1_19' title="bbox 1890 502 3465 577">
     <span class='ocr_line' id='line_1_19' title="bbox 1890 502 3465 577; baseline 0.002 -18"><span class='ocrx_word' id='word_1_128' title='bbox 1890 503 2160 566; x_wconf 43' lang='lat' dir='ltr'><strong>luntatem.</strong></span> <span class='ocrx_word' id='word_1_129' title='bbox 2180 519 2356 569; x_wconf 90' lang='lat' dir='ltr'><strong>suam,</strong></span> <span class='ocrx_word' id='word_1_130' title='bbox 2381 511 2440 563; x_wconf 89' lang='lat' dir='ltr'><strong>ut</strong></span> <span class='ocrx_word' id='word_1_131' title='bbox 2466 512 2521 557; x_wconf 90' lang='lat' dir='ltr'><strong>et</strong></span> <span class='ocrx_word' id='word_1_132' title='bbox 2562 502 2663 573; x_wconf 87' lang='lat' dir='ltr'><strong>ipsi</strong></span> <span class='ocrx_word' id='word_1_133' title='bbox 2696 503 2892 558; x_wconf 85' lang='lat' dir='ltr'><strong>salvari</strong></span> <span class='ocrx_word' id='word_1_134' title='bbox 2919 503 3116 571; x_wconf 82' lang='lat' dir='ltr'><strong>velint,</strong></span> <span class='ocrx_word' id='word_1_135' title='bbox 3165 515 3327 577; x_wconf 80' lang='lat' dir='ltr'><strong>atque</strong></span> <span class='ocrx_word' id='word_1_136' title='bbox 3354 504 3465 562; x_wconf 85' lang='lat' dir='ltr'><strong>sal—</strong></span> 
     </span>
    </p>
   </div>
   <div class='ocr_carea' id='block_1_20' title="bbox 1888 570 3471 671">
    <p class='ocr_par' dir='ltr' id='par_1_20' title="bbox 1888 570 3471 671">
     <span class='ocr_line' id='line_1_20' title="bbox 1888 570 3471 671; baseline -0.001 -18"><span class='ocrx_word' id='word_1_137' title='bbox 1888 606 2099 653; x_wconf 85' lang='lat' dir='ltr'><strong>ventur.</strong></span> <span class='ocrx_word' id='word_1_138' title='bbox 2132 595 2388 664; x_wconf 82' lang='lat' dir='ltr'><strong>Qualibus</strong></span> <span class='ocrx_word' id='word_1_139' title='bbox 2413 602 2466 649; x_wconf 90' lang='lat' dir='ltr'><strong>et</strong></span> <span class='ocrx_word' id='word_1_140' title='bbox 2488 570 2777 665; x_wconf 82' lang='lat' dir='ltr'><strong>Apostolus</strong></span> <span class='ocrx_word' id='word_1_141' title='bbox 2795 594 2956 669; x_wconf 77' lang='lat' dir='ltr'><strong>dicit,</strong></span> <span class='ocrx_word' id='word_1_142' title='bbox 2984 615 3003 648; x_wconf 78' lang='grc' dir='ltr'><strong>ι</strong></span> <span class='ocrx_word' id='word_1_143' title='bbox 3036 594 3170 671; x_wconf 71' lang='lat' dir='ltr'><strong>Cum</strong></span> <span class='ocrx_word' id='word_1_144' title='bbox 3199 570 3471 657; x_wconf 64' lang='lat' dir='ltr'><strong>limat-eet</strong></span> 
     </span>
    </p>
   </div>
   <div class='ocr_carea' id='block_1_21' title="bbox 1888 685 3468 756">
    <p class='ocr_par' dir='ltr' id='par_1_21' title="bbox 1888 685 3468 756">
     <span class='ocr_line' id='line_1_21' title="bbox 1888 685 3468 756; baseline 0 -13"><span class='ocrx_word' id='word_1_145' title='bbox 1888 695 2124 743; x_wconf 87' lang='lat' dir='ltr'><strong>tremore</strong></span> <span class='ocrx_word' id='word_1_146' title='bbox 2197 694 2432 741; x_wconf 86' lang='lat' dir='ltr'><strong>vestram</strong></span> <span class='ocrx_word' id='word_1_147' title='bbox 2494 685 2723 740; x_wconf 87' lang='lat' dir='ltr'><strong>salutem</strong></span> <span class='ocrx_word' id='word_1_148' title='bbox 2787 686 3083 756; x_wconf 87' lang='lat' dir='ltr'><strong>operamini</strong></span> <span class='ocrx_word' id='word_1_149' title='bbox 3130 704 3144 739; x_wconf 90' lang='lat'><strong>:</strong></span> <span class='ocrx_word' id='word_1_150' title='bbox 3194 687 3338 741; x_wconf 89' lang='lat' dir='ltr'><strong>Deus</strong></span> <span class='ocrx_word' id='word_1_151' title='bbox 3380 694 3468 743; x_wconf 80' lang='lat' dir='ltr'><strong>est</strong></span> 
     </span>
    </p>
   </div>
   <div class='ocr_carea' id='block_1_22' title="bbox 1888 775 3470 855">
    <p class='ocr_par' dir='ltr' id='par_1_22' title="bbox 1888 775 3470 855">
     <span class='ocr_line' id='line_1_22' title="bbox 1888 775 3470 855; baseline 0 -21"><span class='ocrx_word' id='word_1_152' title='bbox 1888 780 2064 847; x_wconf 88' lang='lat' dir='ltr'><strong>enim,</strong></span> <span class='ocrx_word' id='word_1_153' title='bbox 2095 779 2186 850; x_wconf 88' lang='lat' dir='ltr'><strong>qui</strong></span> <span class='ocrx_word' id='word_1_154' title='bbox 2212 785 2466 849; x_wconf 83' lang='lat' dir='ltr'><strong>operatur</strong></span> <span class='ocrx_word' id='word_1_155' title='bbox 2495 777 2546 831; x_wconf 93' lang='lat' dir='ltr'><strong>in</strong></span> <span class='ocrx_word' id='word_1_156' title='bbox 2578 775 2765 855; x_wconf 80' lang='lat' dir='ltr'><strong>vobis,</strong></span> <span class='ocrx_word' id='word_1_157' title='bbox 2813 783 2869 832; x_wconf 91' lang='lat' dir='ltr'><strong>et</strong></span> <span class='ocrx_word' id='word_1_158' title='bbox 2909 776 3063 843; x_wconf 85' lang='lat' dir='ltr'><strong>velle,</strong></span> <span class='ocrx_word' id='word_1_159' title='bbox 3111 785 3164 831; x_wconf 91' lang='lat' dir='ltr'><strong>et</strong></span> <span class='ocrx_word' id='word_1_160' title='bbox 3206 776 3470 851; x_wconf 89' lang='lat' dir='ltr'><strong>perlicere</strong></span> 
     </span>
    </p>
   </div>
   <div class='ocr_carea' id='block_1_23' title="bbox 1888 859 3511 946">
    <p class='ocr_par' dir='ltr' id='par_1_23' title="bbox 1888 859 3511 946">
     <span class='ocr_line' id='line_1_23' title="bbox 1888 859 3511 946; baseline -0.002 -19"><span class='ocrx_word' id='word_1_161' title='bbox 1888 888 1990 946; x_wconf 88' lang='lat' dir='ltr'><strong>pro</strong></span> <span class='ocrx_word' id='word_1_162' title='bbox 2029 872 2168 927; x_wconf 89' lang='lat' dir='ltr'><strong>bona</strong></span> <span class='ocrx_word' id='word_1_163' title='bbox 2209 869 2483 925; x_wconf 86' lang='lat' dir='ltr'><strong>voluntate</strong></span> <span class='ocrx_word' id='word_1_164' title='bbox 2516 866 2679 941; x_wconf 83' lang='lat' dir='ltr'><strong>(Phil.</strong></span> <span class='ocrx_word' id='word_1_165' title='bbox 2711 884 2783 935; x_wconf 89' lang='grc' dir='ltr'><strong>ιι,</strong></span> <span class='ocrx_word' id='word_1_166' title='bbox 2816 868 2883 923; x_wconf 75' lang='grc'><strong>12</strong></span> <span class='ocrx_word' id='word_1_167' title='bbox 2904 910 2920 935; x_wconf 93' lang='grc'><strong>,</strong></span> <span class='ocrx_word' id='word_1_168' title='bbox 2950 869 3059 940; x_wconf 78' lang='grc'><strong>15).</strong></span> <span class='ocrx_word' id='word_1_169' title='bbox 3107 889 3124 922; x_wconf 79' lang='grc' dir='ltr'><strong>ι</strong></span> <span class='ocrx_word' id='word_1_170' title='bbox 3154 869 3210 924; x_wconf 86' lang='lat' dir='ltr'><strong>In</strong></span> <span class='ocrx_word' id='word_1_171' title='bbox 3240 868 3470 924; x_wconf 88' lang='lat' dir='ltr'><strong>aliorum</strong></span> <span class='ocrx_word' id='word_1_172' title='bbox 3504 859 3511 865; x_wconf 71' lang='grc'><em>’</em></span> 
     </span>
    </p>
   </div>
   <div class='ocr_carea' id='block_1_24' title="bbox 1892 951 3471 1031">
    <p class='ocr_par' dir='ltr' id='par_1_24' title="bbox 1892 951 3471 1031">
     <span class='ocr_line' id='line_1_24' title="bbox 1892 951 3471 1031; baseline -0.002 -11"><span class='ocrx_word' id='word_1_173' title='bbox 1892 974 2071 1020; x_wconf 91' lang='lat' dir='ltr'><strong>autem</strong></span> <span class='ocrx_word' id='word_1_174' title='bbox 2110 964 2363 1020; x_wconf 82' lang='lat' dir='ltr'><strong>cordibus</strong></span> <span class='ocrx_word' id='word_1_175' title='bbox 2394 962 2679 1017; x_wconf 81' lang='lat' dir='ltr'><strong>severitate</strong></span> <span class='ocrx_word' id='word_1_176' title='bbox 2698 951 2833 1030; x_wconf 90' lang='lat' dir='ltr'><strong>justi</strong></span> <span class='ocrx_word' id='word_1_177' title='bbox 2873 970 2927 1016; x_wconf 90' lang='lat' dir='ltr'><strong>et</strong></span> <span class='ocrx_word' id='word_1_178' title='bbox 2954 961 3150 1017; x_wconf 89' lang='lat' dir='ltr'><strong>occulti</strong></span> <span class='ocrx_word' id='word_1_179' title='bbox 3173 961 3360 1031; x_wconf 92' lang='lat' dir='ltr'><strong>judicii</strong></span> <span class='ocrx_word' id='word_1_180' title='bbox 3385 961 3471 1017; x_wconf 90' lang='lat' dir='ltr'><strong>sui</strong></span> 
     </span>
    </p>
   </div>
   <div class='ocr_carea' id='block_1_25' title="bbox 1894 1052 3471 1127">
    <p class='ocr_par' dir='ltr' id='par_1_25' title="bbox 1894 1052 3471 1127">
     <span class='ocr_line' id='line_1_25' title="bbox 1894 1052 3471 1127; baseline -0.003 -15"><span class='ocrx_word' id='word_1_181' title='bbox 1894 1073 1999 1112; x_wconf 88' lang='lat' dir='ltr'><strong>non</strong></span> <span class='ocrx_word' id='word_1_182' title='bbox 2030 1065 2286 1127; x_wconf 87' lang='lat' dir='ltr'><strong>operatur</strong></span> <span class='ocrx_word' id='word_1_183' title='bbox 2310 1056 2450 1110; x_wconf 87' lang='lat' dir='ltr'><strong>hanc</strong></span> <span class='ocrx_word' id='word_1_184' title='bbox 2471 1054 2759 1110; x_wconf 87' lang='lat' dir='ltr'><strong>salutarem</strong></span> <span class='ocrx_word' id='word_1_185' title='bbox 2791 1053 3143 1117; x_wconf 88' lang='lat' dir='ltr'><strong>voluntatem,</strong></span> <span class='ocrx_word' id='word_1_186' title='bbox 3168 1053 3261 1109; x_wconf 91' lang='lat' dir='ltr'><strong>sed</strong></span> <span class='ocrx_word' id='word_1_187' title='bbox 3289 1052 3471 1108; x_wconf 88' lang='lat' dir='ltr'><strong>dimit-</strong></span> 
     </span>
    </p>
   </div>
   <div class='ocr_carea' id='block_1_26' title="bbox 1896 1142 3477 1215">
    <p class='ocr_par' dir='ltr' id='par_1_26' title="bbox 1896 1142 3477 1215">
     <span class='ocr_line' id='line_1_26' title="bbox 1896 1142 3477 1215; baseline -0.003 -12"><span class='ocrx_word' id='word_1_188' title='bbox 1896 1149 1961 1203; x_wconf 89' lang='lat' dir='ltr'><strong>tit</strong></span> <span class='ocrx_word' id='word_1_189' title='bbox 1987 1162 2082 1203; x_wconf 86' lang='lat' dir='ltr'><strong>eos</strong></span> <span class='ocrx_word' id='word_1_190' title='bbox 2108 1162 2205 1204; x_wconf 88' lang='lat' dir='ltr'><strong>suo</strong></span> <span class='ocrx_word' id='word_1_191' title='bbox 2234 1147 2459 1202; x_wconf 87' lang='lat' dir='ltr'><strong>arbitrio</strong></span> <span class='ocrx_word' id='word_1_192' title='bbox 2490 1164 2504 1200; x_wconf 86' lang='lat'><strong>:</strong></span> <span class='ocrx_word' id='word_1_193' title='bbox 2529 1156 2588 1201; x_wconf 92' lang='lat' dir='ltr'><strong>ut</strong></span> <span class='ocrx_word' id='word_1_194' title='bbox 2613 1145 2736 1215; x_wconf 89' lang='lat' dir='ltr'><strong>quia</strong></span> <span class='ocrx_word' id='word_1_195' title='bbox 2761 1144 3046 1199; x_wconf 91' lang='lat' dir='ltr'><strong>noluerunt</strong></span> <span class='ocrx_word' id='word_1_196' title='bbox 3066 1143 3305 1208; x_wconf 84' lang='lat' dir='ltr'><strong>credere,</strong></span> <span class='ocrx_word' id='word_1_197' title='bbox 3326 1142 3477 1212; x_wconf 78' lang='lat' dir='ltr'><strong>iusta</strong></span> 
     </span>
    </p>
   </div>
   <div class='ocr_carea' id='block_1_27' title="bbox 1895 1214 3473 1306">
    <p class='ocr_par' dir='ltr' id='par_1_27' title="bbox 1895 1214 3473 1306">
     <span class='ocr_line' id='line_1_27' title="bbox 1895 1214 3473 1306; baseline -0.002 -14"><span class='ocrx_word' id='word_1_198' title='bbox 1895 1238 2098 1293; x_wconf 89' lang='lat' dir='ltr'><strong>ultione</strong></span> <span class='ocrx_word' id='word_1_199' title='bbox 2127 1239 2467 1292; x_wconf 89' lang='lat' dir='ltr'><strong>damnentur.</strong></span> <span class='ocrx_word' id='word_1_200' title='bbox 2506 1236 2573 1290; x_wconf 84' lang='lat' dir='ltr'><strong>Et</strong></span> <span class='ocrx_word' id='word_1_201' title='bbox 2601 1214 2703 1291; x_wconf 82' lang='lat' dir='ltr'><strong>hoc</strong></span> <span class='ocrx_word' id='word_1_202' title='bbox 2744 1234 2961 1306; x_wconf 86' lang='lat' dir='ltr'><strong>quidem</strong></span> <span class='ocrx_word' id='word_1_203' title='bbox 2996 1235 3063 1289; x_wconf 92' lang='lat' dir='ltr'><strong>de</strong></span> <span class='ocrx_word' id='word_1_204' title='bbox 3100 1232 3205 1289; x_wconf 89' lang='lat' dir='ltr'><strong>illis</strong></span> <span class='ocrx_word' id='word_1_205' title='bbox 3234 1231 3341 1288; x_wconf 89' lang='lat' dir='ltr'><strong>dici</strong></span> <span class='ocrx_word' id='word_1_206' title='bbox 3372 1214 3473 1303; x_wconf 72' lang='lat' dir='ltr'><strong>po;-</strong></span> 
     </span>
    </p>
   </div>
   <div class='ocr_carea' id='block_1_28' title="bbox 1896 1324 3476 1400">
    <p class='ocr_par' dir='ltr' id='par_1_28' title="bbox 1896 1324 3476 1400">
     <span class='ocr_line' id='line_1_28' title="bbox 1896 1324 3476 1400; baseline -0.002 -17"><span class='ocrx_word' id='word_1_207' title='bbox 1896 1337 2022 1393; x_wconf 89' lang='lat' dir='ltr'><strong>test,</strong></span> <span class='ocrx_word' id='word_1_208' title='bbox 2045 1329 2137 1400; x_wconf 89' lang='lat' dir='ltr'><strong>qui</strong></span> <span class='ocrx_word' id='word_1_209' title='bbox 2169 1328 2392 1383; x_wconf 90' lang='lat' dir='ltr'><strong>verbum</strong></span> <span class='ocrx_word' id='word_1_210' title='bbox 2412 1327 2686 1397; x_wconf 81' lang='lat' dir='ltr'><strong>Evangelii</strong></span> <span class='ocrx_word' id='word_1_211' title='bbox 2709 1326 3017 1392; x_wconf 89' lang='lat' dir='ltr'><strong>audierunt,</strong></span> <span class='ocrx_word' id='word_1_212' title='bbox 3049 1324 3146 1382; x_wconf 87' lang='lat' dir='ltr'><strong>sed</strong></span> <span class='ocrx_word' id='word_1_213' title='bbox 3170 1324 3367 1381; x_wconf 89' lang='lat' dir='ltr'><strong>duritia</strong></span> <span class='ocrx_word' id='word_1_214' title='bbox 3391 1324 3476 1381; x_wconf 89' lang='lat' dir='ltr'><strong>ln-</strong></span> 
     </span>
    </p>
   </div>
   <div class='ocr_carea' id='block_1_29' title="bbox 1896 1420 2965 1493">
    <p class='ocr_par' dir='ltr' id='par_1_29' title="bbox 1896 1420 2965 1493">
     <span class='ocr_line' id='line_1_29' title="bbox 1896 1420 2965 1493; baseline -0.005 -15"><span class='ocrx_word' id='word_1_215' title='bbox 1896 1422 2234 1478; x_wconf 90' lang='lat' dir='ltr'><strong>credulitatis</strong></span> <span class='ocrx_word' id='word_1_216' title='bbox 2267 1436 2377 1477; x_wconf 64' lang='lat' dir='ltr'><strong>sua&#39;</strong></span> <span class='ocrx_word' id='word_1_217' title='bbox 2396 1421 2637 1493; x_wconf 89' lang='lat' dir='ltr'><strong>recipere</strong></span> <span class='ocrx_word' id='word_1_218' title='bbox 2658 1420 2965 1475; x_wconf 81' lang='lat' dir='ltr'><strong>noluerunt.</strong></span> 
     </span>
    </p>
   </div>
   <div class='ocr_carea' id='block_1_30' title="bbox 1970 1509 3475 1581">
    <p class='ocr_par' dir='ltr' id='par_1_30' title="bbox 1970 1509 3475 1581">
     <span class='ocr_line' id='line_1_30' title="bbox 1970 1509 3475 1581; baseline -0.001 -13"><span class='ocrx_word' id='word_1_219' title='bbox 1970 1513 2106 1581; x_wconf 87' lang='lat' dir='ltr'><strong>Quid</strong></span> <span class='ocrx_word' id='word_1_220' title='bbox 2132 1528 2261 1569; x_wconf 91' lang='lat' dir='ltr'><strong>vero</strong></span> <span class='ocrx_word' id='word_1_221' title='bbox 2294 1512 2581 1568; x_wconf 91' lang='lat' dir='ltr'><strong>dicendum</strong></span> <span class='ocrx_word' id='word_1_222' title='bbox 2612 1522 2695 1568; x_wconf 90' lang='lat' dir='ltr'><strong>est</strong></span> <span class='ocrx_word' id='word_1_223' title='bbox 2722 1513 2790 1568; x_wconf 89' lang='lat' dir='ltr'><strong>de</strong></span> <span class='ocrx_word' id='word_1_224' title='bbox 2825 1520 2974 1567; x_wconf 87' lang='lat' dir='ltr'><strong>tanta</strong></span> <span class='ocrx_word' id='word_1_225' title='bbox 3002 1509 3345 1566; x_wconf 87' lang='lat' dir='ltr'><strong>multitudine</strong></span> <span class='ocrx_word' id='word_1_226' title='bbox 3373 1509 3475 1566; x_wconf 84' lang='lat' dir='ltr'><strong>im-</strong></span> 
     </span>
    </p>
   </div>
   <div class='ocr_carea' id='block_1_31' title="bbox 1895 1599 3479 1677">
    <p class='ocr_par' dir='ltr' id='par_1_31' title="bbox 1895 1599 3479 1677">
     <span class='ocr_line' id='line_1_31' title="bbox 1895 1599 3479 1677; baseline -0.004 -16"><span class='ocrx_word' id='word_1_227' title='bbox 1895 1607 2134 1677; x_wconf 89' lang='lat' dir='ltr'><strong>piorum,</strong></span> <span class='ocrx_word' id='word_1_228' title='bbox 2157 1605 2250 1677; x_wconf 90' lang='lat' dir='ltr'><strong>qui</strong></span> <span class='ocrx_word' id='word_1_229' title='bbox 2286 1603 2505 1659; x_wconf 81' lang='lat' dir='ltr'><strong>fuerunt</strong></span> <span class='ocrx_word' id='word_1_230' title='bbox 2528 1605 2597 1660; x_wconf 92' lang='lat' dir='ltr'><strong>ab</strong></span> <span class='ocrx_word' id='word_1_231' title='bbox 2621 1603 2845 1660; x_wconf 82' lang='lat' dir='ltr'><strong>exordio</strong></span> <span class='ocrx_word' id='word_1_232' title='bbox 2868 1603 3055 1660; x_wconf 91' lang='lat' dir='ltr'><strong>mundi</strong></span> <span class='ocrx_word' id='word_1_233' title='bbox 3081 1616 3251 1674; x_wconf 90' lang='lat' dir='ltr'><strong>usque</strong></span> <span class='ocrx_word' id='word_1_234' title='bbox 3287 1602 3354 1657; x_wconf 89' lang='lat' dir='ltr'><strong>ad</strong></span> <span class='ocrx_word' id='word_1_235' title='bbox 3382 1599 3479 1655; x_wconf 87' lang='lat' dir='ltr'><strong>ad-</strong></span> 
     </span>
    </p>
   </div>
   <div class='ocr_carea' id='block_1_32' title="bbox 1897 1688 3481 1766">
    <p class='ocr_par' dir='ltr' id='par_1_32' title="bbox 1897 1688 3481 1766">
     <span class='ocr_line' id='line_1_32' title="bbox 1897 1688 3481 1766; baseline -0.003 -16"><span class='ocrx_word' id='word_1_236' title='bbox 1897 1706 2117 1751; x_wconf 89' lang='lat' dir='ltr'><strong>ventum</strong></span> <span class='ocrx_word' id='word_1_237' title='bbox 2149 1688 2385 1752; x_wconf 44' lang='lat' dir='ltr'><strong>Christi.</strong></span> <span class='ocrx_word' id='word_1_238' title='bbox 2414 1695 2479 1750; x_wconf 86' lang='lat' dir='ltr'><strong>Et</strong></span> <span class='ocrx_word' id='word_1_239' title='bbox 2508 1695 2686 1751; x_wconf 89' lang='lat' dir='ltr'><strong>adhuc</strong></span> <span class='ocrx_word' id='word_1_240' title='bbox 2712 1710 2822 1751; x_wconf 90' lang='lat' dir='ltr'><strong>non</strong></span> <span class='ocrx_word' id='word_1_241' title='bbox 2861 1694 3094 1766; x_wconf 78' lang='lat' dir='ltr'><strong>negandi</strong></span> <span class='ocrx_word' id='word_1_242' title='bbox 3122 1701 3250 1750; x_wconf 92' lang='lat' dir='ltr'><strong>sunt</strong></span> <span class='ocrx_word' id='word_1_243' title='bbox 3277 1707 3397 1749; x_wconf 86' lang='lat' dir='ltr'><strong>esse</strong></span> <span class='ocrx_word' id='word_1_244' title='bbox 3424 1691 3481 1757; x_wconf 84' lang='lat' dir='ltr'><strong>in</strong></span> 
     </span>
    </p>
   </div>
   <div class='ocr_carea' id='block_1_33' title="bbox 194 1775 3484 1856">
    <p class='ocr_par' dir='ltr' id='par_1_33' title="bbox 194 1775 3484 1856">
     <span class='ocr_line' id='line_1_33' title="bbox 194 1775 3484 1856; baseline 0.003 -28"><span class='ocrx_word' id='word_1_245' title='bbox 194 1775 500 1844; x_wconf 90' lang='lat' dir='ltr'><strong>promittit,</strong></span> <span class='ocrx_word' id='word_1_246' title='bbox 537 1777 722 1833; x_wconf 89' lang='lat' dir='ltr'><strong>dicens</strong></span> <span class='ocrx_word' id='word_1_247' title='bbox 765 1796 778 1833; x_wconf 91' lang='lat'>:</span> <span class='ocrx_word' id='word_1_248' title='bbox 826 1797 845 1830; x_wconf 77' lang='grc' dir='ltr'><strong>ι</strong></span> <span class='ocrx_word' id='word_1_249' title='bbox 882 1779 949 1833; x_wconf 85' lang='grc' dir='ltr'>Ει</span> <span class='ocrx_word' id='word_1_250' title='bbox 997 1779 1044 1834; x_wconf 90' lang='lat' dir='ltr'><strong>si</strong></span> <span class='ocrx_word' id='word_1_251' title='bbox 1088 1780 1216 1851; x_wconf 90' lang='lat' dir='ltr'><strong>quid</strong></span> <span class='ocrx_word' id='word_1_252' title='bbox 1252 1780 1409 1836; x_wconf 89' lang='lat' dir='ltr'><strong>aliter</strong></span> <span class='ocrx_word' id='word_1_253' title='bbox 1449 1783 1664 1852; x_wconf 89' lang='lat' dir='ltr'><strong>sapitis,</strong></span> <span class='ocrx_word' id='word_1_254' title='bbox 1691 1783 1795 1839; x_wconf 92' lang='lat' dir='ltr'><strong>hoc</strong></span> <span class='ocrx_word' id='word_1_255' title='bbox 1822 1776 1871 1853; x_wconf 80' lang='grc' dir='ltr'>Β</span> <span class='ocrx_word' id='word_1_256' title='bbox 1897 1786 2153 1842; x_wconf 79' lang='lat' dir='ltr'><strong>extremis</strong></span> <span class='ocrx_word' id='word_1_257' title='bbox 2195 1785 2441 1856; x_wconf 88' lang='lat' dir='ltr'><strong>partibus</strong></span> <span class='ocrx_word' id='word_1_258' title='bbox 2488 1783 2637 1840; x_wconf 88' lang='lat' dir='ltr'><strong>orbis</strong></span> <span class='ocrx_word' id='word_1_259' title='bbox 2676 1793 2858 1852; x_wconf 64' lang='lat' dir='ltr'><strong>terra,</strong></span> <span class='ocrx_word' id='word_1_260' title='bbox 2898 1785 2964 1839; x_wconf 93' lang='lat' dir='ltr'><strong>ad</strong></span> <span class='ocrx_word' id='word_1_261' title='bbox 3001 1798 3137 1855; x_wconf 87' lang='lat' dir='ltr'><strong>quos</strong></span> <span class='ocrx_word' id='word_1_262' title='bbox 3167 1782 3343 1839; x_wconf 91' lang='lat' dir='ltr'><strong>nullus</strong></span> <span class='ocrx_word' id='word_1_263' title='bbox 3381 1796 3484 1837; x_wconf 81' lang='lat' dir='ltr'><strong>un-</strong></span> 
     </span>
    </p>
   </div>
   <div class='ocr_carea' id='block_1_34' title="bbox 200 1865 1796 1943">
    <p class='ocr_par' dir='ltr' id='par_1_34' title="bbox 200 1865 1796 1943">
     <span class='ocr_line' id='line_1_34' title="bbox 200 1865 1796 1943; baseline 0.008 -26"><span class='ocrx_word' id='word_1_264' title='bbox 200 1878 423 1933; x_wconf 90' lang='lat' dir='ltr'><strong>quoque</strong></span> <span class='ocrx_word' id='word_1_265' title='bbox 461 1865 612 1921; x_wconf 88' lang='lat' dir='ltr'><strong>vobis</strong></span> <span class='ocrx_word' id='word_1_266' title='bbox 664 1866 803 1922; x_wconf 90' lang='lat' dir='ltr'><strong>Deus</strong></span> <span class='ocrx_word' id='word_1_267' title='bbox 844 1866 1108 1923; x_wconf 87' lang='lat' dir='ltr'><strong>revelabit</strong></span> <span class='ocrx_word' id='word_1_268' title='bbox 1153 1865 1320 1939; x_wconf 84' lang='lat' dir='ltr'><strong>(Phil.</strong></span> <span class='ocrx_word' id='word_1_269' title='bbox 1349 1886 1433 1936; x_wconf 91' lang='grc' dir='ltr'>ιιι,</span> <span class='ocrx_word' id='word_1_270' title='bbox 1463 1871 1573 1943; x_wconf 84' lang='lat' dir='ltr'><strong>i5).</strong></span> <span class='ocrx_word' id='word_1_271' title='bbox 1609 1891 1627 1924; x_wconf 76' lang='grc' dir='ltr'><strong>ι</strong></span> <span class='ocrx_word' id='word_1_272' title='bbox 1660 1871 1796 1928; x_wconf 84' lang='lat' dir='ltr'><strong>Nam</strong></span> 
     </span>
    </p>
   </div>
   <div class='ocr_carea' id='block_1_35' title="bbox 200 1955 1794 2033">
    <p class='ocr_par' dir='ltr' id='par_1_35' title="bbox 200 1955 1794 2033">
     <span class='ocr_line' id='line_1_35' title="bbox 200 1955 1794 2033; baseline 0.007 -26"><span class='ocrx_word' id='word_1_273' title='bbox 200 1955 293 2024; x_wconf 93' lang='lat' dir='ltr'><strong>qui</strong></span> <span class='ocrx_word' id='word_1_274' title='bbox 327 1970 441 2011; x_wconf 91' lang='lat' dir='ltr'><strong>non</strong></span> <span class='ocrx_word' id='word_1_275' title='bbox 479 1955 770 2027; x_wconf 91' lang='lat' dir='ltr'><strong>tranquille</strong></span> <span class='ocrx_word' id='word_1_276' title='bbox 798 1966 853 2013; x_wconf 91' lang='lat' dir='ltr'><strong>et</strong></span> <span class='ocrx_word' id='word_1_277' title='bbox 891 1958 1120 2030; x_wconf 86' lang='lat' dir='ltr'><strong>paciﬁce</strong></span> <span class='ocrx_word' id='word_1_278' title='bbox 1147 1961 1465 2016; x_wconf 87' lang='lat' dir='ltr'><strong>moderatur</strong></span> <span class='ocrx_word' id='word_1_279' title='bbox 1502 1962 1644 2033; x_wconf 89' lang='lat' dir='ltr'><strong>quod</strong></span> <span class='ocrx_word' id='word_1_280' title='bbox 1668 1977 1794 2018; x_wconf 89' lang='lat' dir='ltr'><strong>sen-</strong></span> 
     </span>
    </p>
   </div>
   <div class='ocr_carea' id='block_1_36' title="bbox 182 2042 1798 2119">
    <p class='ocr_par' dir='ltr' id='par_1_36' title="bbox 182 2042 1798 2119">
     <span class='ocr_line' id='line_1_36' title="bbox 182 2042 1798 2119; baseline 0.007 -21"><span class='ocrx_word' id='word_1_281' title='bbox 182 2042 298 2110; x_wconf 89' lang='lat' dir='ltr'><strong>‘tit,</strong></span> <span class='ocrx_word' id='word_1_282' title='bbox 332 2046 432 2101; x_wconf 87' lang='lat' dir='ltr'><strong>sed</strong></span> <span class='ocrx_word' id='word_1_283' title='bbox 468 2048 653 2102; x_wconf 89' lang='lat' dir='ltr'><strong>statim</strong></span> <span class='ocrx_word' id='word_1_284' title='bbox 686 2057 911 2118; x_wconf 87' lang='lat' dir='ltr'><strong>paratus</strong></span> <span class='ocrx_word' id='word_1_285' title='bbox 948 2058 1035 2105; x_wconf 90' lang='lat' dir='ltr'><strong>est</strong></span> <span class='ocrx_word' id='word_1_286' title='bbox 1078 2050 1144 2105; x_wconf 89' lang='lat' dir='ltr'><strong>ad</strong></span> <span class='ocrx_word' id='word_1_287' title='bbox 1173 2052 1570 2119; x_wconf 86' lang='lat' dir='ltr'><strong>contentiones,</strong></span> <span class='ocrx_word' id='word_1_288' title='bbox 1592 2053 1798 2109; x_wconf 89' lang='lat' dir='ltr'><strong>dissen-</strong></span> 
     </span>
    </p>
   </div>
   <div class='ocr_carea' id='block_1_37' title="bbox 196 2138 1795 2211">
    <p class='ocr_par' dir='ltr' id='par_1_37' title="bbox 196 2138 1795 2211">
     <span class='ocr_line' id='line_1_37' title="bbox 196 2138 1795 2211; baseline 0.008 -19"><span class='ocrx_word' id='word_1_289' title='bbox 196 2138 392 2194; x_wconf 90' lang='lat' dir='ltr'><strong>siones</strong></span> <span class='ocrx_word' id='word_1_290' title='bbox 442 2148 498 2196; x_wconf 91' lang='lat' dir='ltr'><strong>et</strong></span> <span class='ocrx_word' id='word_1_291' title='bbox 544 2142 833 2211; x_wconf 82' lang='lat' dir='ltr'><strong>scandala,</strong></span> <span class='ocrx_word' id='word_1_292' title='bbox 882 2143 1098 2200; x_wconf 88' lang='lat' dir='ltr'><strong>etiamsi</strong></span> <span class='ocrx_word' id='word_1_293' title='bbox 1128 2162 1234 2202; x_wconf 92' lang='lat' dir='ltr'><strong>non</strong></span> <span class='ocrx_word' id='word_1_294' title='bbox 1262 2147 1458 2203; x_wconf 89' lang='lat' dir='ltr'><strong>habeat</strong></span> <span class='ocrx_word' id='word_1_295' title='bbox 1484 2147 1795 2205; x_wconf 77' lang='lat' dir='ltr'><strong>haereticum</strong></span> 
     </span>
    </p>
   </div>
   <div class='ocr_carea' id='block_1_38' title="bbox 192 2224 1583 2294">
    <p class='ocr_par' dir='ltr' id='par_1_38' title="bbox 192 2224 1583 2294">
     <span class='ocr_line' id='line_1_38' title="bbox 192 2224 1583 2294; baseline 0.006 -8"><span class='ocrx_word' id='word_1_296' title='bbox 192 2224 433 2287; x_wconf 23' lang='lat' dir='ltr'><strong>‘scnsum</strong></span> <span class='ocrx_word' id='word_1_297' title='bbox 463 2234 764 2291; x_wconf 91' lang='lat' dir='ltr'><strong>certissime</strong></span> <span class='ocrx_word' id='word_1_298' title='bbox 785 2234 949 2291; x_wconf 88' lang='lat' dir='ltr'><strong>habet</strong></span> <span class='ocrx_word' id='word_1_299' title='bbox 978 2236 1291 2293; x_wconf 83' lang='lat' dir='ltr'><strong>haereticum</strong></span> <span class='ocrx_word' id='word_1_300' title='bbox 1318 2239 1583 2294; x_wconf 89' lang='lat' dir='ltr'><strong>animum.</strong></span> 
     </span>
    </p>
   </div>
   <div class='ocr_carea' id='block_1_39' title="bbox 272 2322 1797 2395">
    <p class='ocr_par' dir='ltr' id='par_1_39' title="bbox 272 2322 1797 2395">
     <span class='ocr_line' id='line_1_39' title="bbox 272 2322 1797 2395; baseline 0.007 -19"><span class='ocrx_word' id='word_1_301' title='bbox 272 2322 456 2389; x_wconf 85' lang='lat' dir='ltr'><strong>Quam</strong></span> <span class='ocrx_word' id='word_1_302' title='bbox 502 2325 716 2395; x_wconf 90' lang='lat' dir='ltr'><strong>pietatis</strong></span> <span class='ocrx_word' id='word_1_303' title='bbox 771 2326 1195 2382; x_wconf 87' lang='lat' dir='ltr'><strong>moderationem</strong></span> <span class='ocrx_word' id='word_1_304' title='bbox 1244 2328 1289 2384; x_wconf 91' lang='lat' dir='ltr'><strong>si</strong></span> <span class='ocrx_word' id='word_1_305' title='bbox 1334 2329 1500 2384; x_wconf 89' lang='lat' dir='ltr'><strong>etiam</strong></span> <span class='ocrx_word' id='word_1_306' title='bbox 1542 2329 1633 2385; x_wconf 89' lang='lat' dir='ltr'><strong>isti</strong></span> <span class='ocrx_word' id='word_1_307' title='bbox 1668 2329 1797 2386; x_wconf 88' lang='lat' dir='ltr'><strong>boni</strong></span> 
     </span>
    </p>
   </div>
   <div class='ocr_carea' id='block_1_40' title="bbox 197 2412 1799 2488">
    <p class='ocr_par' dir='ltr' id='par_1_40' title="bbox 197 2412 1799 2488">
     <span class='ocr_line' id='line_1_40' title="bbox 197 2412 1799 2488; baseline 0.006 -21"><span class='ocrx_word' id='word_1_308' title='bbox 197 2412 349 2481; x_wconf 90' lang='lat' dir='ltr'><strong>viri,</strong></span> <span class='ocrx_word' id='word_1_309' title='bbox 377 2416 474 2487; x_wconf 91' lang='lat' dir='ltr'><strong>qui</strong></span> <span class='ocrx_word' id='word_1_310' title='bbox 516 2417 656 2472; x_wconf 88' lang='lat' dir='ltr'><strong>hanc</strong></span> <span class='ocrx_word' id='word_1_311' title='bbox 698 2431 895 2473; x_wconf 87' lang='lat' dir='ltr'><strong>novam</strong></span> <span class='ocrx_word' id='word_1_312' title='bbox 922 2416 1289 2474; x_wconf 72' lang='lat' dir='ltr'><strong>definitionem</strong></span> <span class='ocrx_word' id='word_1_313' title='bbox 1317 2427 1655 2488; x_wconf 87' lang='lat' dir='ltr'><strong>statuerunt,</strong></span> <span class='ocrx_word' id='word_1_314' title='bbox 1689 2436 1799 2477; x_wconf 86' lang='lat' dir='ltr'><strong>ser-</strong></span> 
     </span>
    </p>
   </div>
   <div class='ocr_carea' id='block_1_41' title="bbox 198 2507 1799 2587">
    <p class='ocr_par' dir='ltr' id='par_1_41' title="bbox 198 2507 1799 2587">
     <span class='ocr_line' id='line_1_41' title="bbox 198 2507 1799 2587; baseline 0.006 -28"><span class='ocrx_word' id='word_1_315' title='bbox 198 2519 333 2561; x_wconf 88' lang='lat' dir='ltr'><strong>vare</strong></span> <span class='ocrx_word' id='word_1_316' title='bbox 354 2507 688 2575; x_wconf 87' lang='lat' dir='ltr'><strong>voluissent,</strong></span> <span class='ocrx_word' id='word_1_317' title='bbox 735 2509 926 2565; x_wconf 90' lang='lat' dir='ltr'><strong>melius</strong></span> <span class='ocrx_word' id='word_1_318' title='bbox 952 2510 1093 2566; x_wconf 89' lang='lat' dir='ltr'><strong>hanc</strong></span> <span class='ocrx_word' id='word_1_319' title='bbox 1122 2525 1236 2566; x_wconf 88' lang='lat' dir='ltr'><strong>rem</strong></span> <span class='ocrx_word' id='word_1_320' title='bbox 1264 2511 1479 2567; x_wconf 91' lang='lat' dir='ltr'><strong>silentio</strong></span> <span class='ocrx_word' id='word_1_321' title='bbox 1505 2512 1799 2587; x_wconf 84' lang='lat' dir='ltr'><strong>praeteriis-</strong></span> 
     </span>
    </p>
   </div>
   <div class='ocr_carea' id='block_1_42' title="bbox 190 2600 1801 2671">
    <p class='ocr_par' dir='ltr' id='par_1_42' title="bbox 190 2600 1801 2671">
     <span class='ocr_line' id='line_1_42' title="bbox 190 2600 1801 2671; baseline 0.005 -20"><span class='ocrx_word' id='word_1_322' title='bbox 190 2605 362 2667; x_wconf 74' lang='lat' dir='ltr'><strong>sent;</strong></span> <span class='ocrx_word' id='word_1_323' title='bbox 398 2607 459 2655; x_wconf 86' lang='lat' dir='ltr'><strong>et</strong></span> <span class='ocrx_word' id='word_1_324' title='bbox 500 2600 792 2671; x_wconf 89' lang='lat' dir='ltr'><strong>unicuique</strong></span> <span class='ocrx_word' id='word_1_325' title='bbox 835 2602 900 2656; x_wconf 90' lang='lat' dir='ltr'><strong>de</strong></span> <span class='ocrx_word' id='word_1_326' title='bbox 930 2616 990 2656; x_wconf 90' lang='lat' dir='ltr'><strong>ea</strong></span> <span class='ocrx_word' id='word_1_327' title='bbox 1021 2601 1318 2658; x_wconf 92' lang='lat' dir='ltr'><strong>secundum</strong></span> <span class='ocrx_word' id='word_1_328' title='bbox 1360 2602 1518 2657; x_wconf 83' lang='lat' dir='ltr'><strong>ﬁdem</strong></span> <span class='ocrx_word' id='word_1_329' title='bbox 1550 2617 1705 2658; x_wconf 90' lang='lat' dir='ltr'><strong>suam</strong></span> <span class='ocrx_word' id='word_1_330' title='bbox 1745 2610 1801 2659; x_wconf 92' lang='lat' dir='ltr'><strong>et</strong></span> 
     </span>
    </p>
   </div>
   <div class='ocr_carea' id='block_1_43' title="bbox 201 2690 1791 2764">
    <p class='ocr_par' dir='ltr' id='par_1_43' title="bbox 201 2690 1791 2764">
     <span class='ocr_line' id='line_1_43' title="bbox 201 2690 1791 2764; baseline 0.004 -23"><span class='ocrx_word' id='word_1_331' title='bbox 201 2690 630 2757; x_wconf 86' lang='lat' dir='ltr'><strong>auctoritatem,</strong></span> <span class='ocrx_word' id='word_1_332' title='bbox 678 2692 765 2747; x_wconf 91' lang='lat' dir='ltr'><strong>cui</strong></span> <span class='ocrx_word' id='word_1_333' title='bbox 819 2692 991 2763; x_wconf 88' lang='lat' dir='ltr'><strong>magis</strong></span> <span class='ocrx_word' id='word_1_334' title='bbox 1037 2693 1487 2763; x_wconf 90' lang='lat' dir='ltr'><strong>acquiescendum</strong></span> <span class='ocrx_word' id='word_1_335' title='bbox 1542 2700 1791 2764; x_wconf 86' lang='lat' dir='ltr'><strong>putaret,</strong></span> 
     </span>
    </p>
   </div>
   <div class='ocr_carea' id='block_1_44' title="bbox 198 2770 1798 2856">
    <p class='ocr_par' dir='ltr' id='par_1_44' title="bbox 198 2770 1798 2856">
     <span class='ocr_line' id='line_1_44' title="bbox 198 2770 1798 2856; baseline 0.004 -21"><span class='ocrx_word' id='word_1_336' title='bbox 198 2770 555 2839; x_wconf 80' lang='lat' dir='ltr'><strong>sentiendum</strong></span> <span class='ocrx_word' id='word_1_337' title='bbox 604 2783 1019 2854; x_wconf 87' lang='lat' dir='ltr'><strong>permitterent,</strong></span> <span class='ocrx_word' id='word_1_338' title='bbox 1067 2783 1325 2856; x_wconf 80' lang='lat' dir='ltr'><strong>ﬁnitoque</strong></span> <span class='ocrx_word' id='word_1_339' title='bbox 1381 2785 1522 2840; x_wconf 92' lang='lat' dir='ltr'><strong>inter</strong></span> <span class='ocrx_word' id='word_1_340' title='bbox 1562 2799 1656 2841; x_wconf 89' lang='lat' dir='ltr'><strong>eos</strong></span> <span class='ocrx_word' id='word_1_341' title='bbox 1688 2793 1798 2841; x_wconf 91' lang='lat' dir='ltr'><strong>tam</strong></span> 
     </span>
    </p>
   </div>
   <div class='ocr_carea' id='block_1_45' title="bbox 203 2869 1801 2947">
    <p class='ocr_par' dir='ltr' id='par_1_45' title="bbox 203 2869 1801 2947">
     <span class='ocr_line' id='line_1_45' title="bbox 203 2869 1801 2947; baseline 0.003 -23"><span class='ocrx_word' id='word_1_342' title='bbox 203 2869 380 2947; x_wconf 77' lang='lat' dir='ltr'><strong>longae</strong></span> <span class='ocrx_word' id='word_1_343' title='bbox 456 2881 512 2929; x_wconf 90' lang='lat' dir='ltr'><strong>et</strong></span> <span class='ocrx_word' id='word_1_344' title='bbox 552 2874 874 2946; x_wconf 67' lang='lat' dir='ltr'><strong>perniciosa:</strong></span> <span class='ocrx_word' id='word_1_345' title='bbox 929 2874 1292 2930; x_wconf 87' lang='lat' dir='ltr'><strong>contentionis</strong></span> <span class='ocrx_word' id='word_1_346' title='bbox 1330 2872 1542 2946; x_wconf 79' lang='lat' dir='ltr'><strong>iurgio,</strong></span> <span class='ocrx_word' id='word_1_347' title='bbox 1588 2888 1694 2945; x_wconf 87' lang='lat' dir='ltr'><strong>pax</strong></span> <span class='ocrx_word' id='word_1_348' title='bbox 1744 2881 1801 2928; x_wconf 89' lang='lat' dir='ltr'><strong>et</strong></span> 
     </span>
    </p>
   </div>
   <div class='ocr_carea' id='block_1_46' title="bbox 205 2962 1800 3021">
    <p class='ocr_par' dir='ltr' id='par_1_46' title="bbox 205 2962 1800 3021">
     <span class='ocr_line' id='line_1_46' title="bbox 205 2962 1800 3021; baseline 0.002 -6"><span class='ocrx_word' id='word_1_349' title='bbox 205 2962 391 3020; x_wconf 89' lang='lat' dir='ltr'><strong>unitas</strong></span> <span class='ocrx_word' id='word_1_350' title='bbox 421 2964 627 3021; x_wconf 86' lang='lat' dir='ltr'><strong>Christi</strong></span> <span class='ocrx_word' id='word_1_351' title='bbox 660 2963 914 3021; x_wconf 70' lang='lat' dir='ltr'><strong>Ecclesia:</strong></span> <span class='ocrx_word' id='word_1_352' title='bbox 938 2964 1346 3021; x_wconf 84' lang='lat' dir='ltr'><strong>reformaretur.</strong></span> <span class='ocrx_word' id='word_1_353' title='bbox 1368 2965 1508 3021; x_wconf 90' lang='lat' dir='ltr'><strong>Ecce</strong></span> <span class='ocrx_word' id='word_1_354' title='bbox 1528 2965 1670 3020; x_wconf 81' lang='lat' dir='ltr'><strong>enim</strong></span> <span class='ocrx_word' id='word_1_355' title='bbox 1697 2963 1800 3019; x_wconf 91' lang='lat' dir='ltr'><strong>ali-</strong></span> 
     </span>
    </p>
   </div>
   <div class='ocr_carea' id='block_1_47' title="bbox 207 3055 1799 3128">
    <p class='ocr_par' dir='ltr' id='par_1_47' title="bbox 207 3055 1799 3128">
     <span class='ocr_line' id='line_1_47' title="bbox 207 3055 1799 3128; baseline 0.001 -19"><span class='ocrx_word' id='word_1_356' title='bbox 207 3055 335 3125; x_wconf 88' lang='lat' dir='ltr'><strong>quis</strong></span> <span class='ocrx_word' id='word_1_357' title='bbox 361 3057 562 3114; x_wconf 89' lang='lat' dir='ltr'><strong>sentiat</strong></span> <span class='ocrx_word' id='word_1_358' title='bbox 591 3066 647 3113; x_wconf 92' lang='lat' dir='ltr'><strong>et</strong></span> <span class='ocrx_word' id='word_1_359' title='bbox 671 3056 834 3123; x_wconf 90' lang='lat' dir='ltr'><strong>dicat,</strong></span> <span class='ocrx_word' id='word_1_360' title='bbox 874 3058 1014 3113; x_wconf 89' lang='lat' dir='ltr'><strong>sicut</strong></span> <span class='ocrx_word' id='word_1_361' title='bbox 1050 3059 1211 3113; x_wconf 89' lang='lat' dir='ltr'><strong>etiam</strong></span> <span class='ocrx_word' id='word_1_362' title='bbox 1244 3057 1563 3128; x_wconf 87' lang='lat' dir='ltr'><strong>antiquitus,</strong></span> <span class='ocrx_word' id='word_1_363' title='bbox 1596 3064 1653 3112; x_wconf 86' lang='lat' dir='ltr'><strong>et</strong></span> <span class='ocrx_word' id='word_1_364' title='bbox 1674 3069 1799 3111; x_wconf 87' lang='lat' dir='ltr'><strong>sen-</strong></span> 
     </span>
    </p>
   </div>
   <div class='ocr_carea' id='block_1_48' title="bbox 1896 1875 3480 1950">
    <p class='ocr_par' dir='ltr' id='par_1_48' title="bbox 1896 1875 3480 1950">
     <span class='ocr_line' id='line_1_48' title="bbox 1896 1875 3480 1950; baseline -0.001 -19"><span class='ocrx_word' id='word_1_365' title='bbox 1896 1893 2055 1950; x_wconf 90' lang='lat' dir='ltr'><strong>quam</strong></span> <span class='ocrx_word' id='word_1_366' title='bbox 2101 1877 2423 1949; x_wconf 73' lang='lat' dir='ltr'><strong>prazdicator</strong></span> <span class='ocrx_word' id='word_1_367' title='bbox 2448 1878 2679 1934; x_wconf 88' lang='lat' dir='ltr'><strong>accessit</strong></span> <span class='ocrx_word' id='word_1_368' title='bbox 2702 1919 2717 1944; x_wconf 90' lang='lat'><strong>,</strong></span> <span class='ocrx_word' id='word_1_369' title='bbox 2745 1878 2947 1933; x_wconf 90' lang='lat' dir='ltr'><strong>nullum</strong></span> <span class='ocrx_word' id='word_1_370' title='bbox 2979 1892 3219 1949; x_wconf 89' lang='lat' dir='ltr'><strong>unquam</strong></span> <span class='ocrx_word' id='word_1_371' title='bbox 3258 1875 3480 1947; x_wconf 84' lang='lat' dir='ltr'><strong>verbum</strong></span> 
     </span>
    </p>
   </div>
   <div class='ocr_carea' id='block_1_49' title="bbox 1896 1966 3483 2038">
    <p class='ocr_par' dir='ltr' id='par_1_49' title="bbox 1896 1966 3483 2038">
     <span class='ocr_line' id='line_1_49' title="bbox 1896 1966 3483 2038; baseline -0.003 -16"><span class='ocrx_word' id='word_1_372' title='bbox 1896 1966 2022 2023; x_wconf 80' lang='lat' dir='ltr'><strong>ﬁdei</strong></span> <span class='ocrx_word' id='word_1_373' title='bbox 2062 1968 2386 2034; x_wconf 89' lang='lat' dir='ltr'><strong>audierunt,</strong></span> <span class='ocrx_word' id='word_1_374' title='bbox 2448 1967 2539 2036; x_wconf 89' lang='lat' dir='ltr'><strong>qui</strong></span> <span class='ocrx_word' id='word_1_375' title='bbox 2588 1967 2778 2038; x_wconf 90' lang='lat' dir='ltr'><strong>utique</strong></span> <span class='ocrx_word' id='word_1_376' title='bbox 2834 1966 3140 2023; x_wconf 89' lang='lat' dir='ltr'><strong>nullatenus</strong></span> <span class='ocrx_word' id='word_1_377' title='bbox 3192 1972 3483 2037; x_wconf 90' lang='lat' dir='ltr'><strong>potuerunt</strong></span> 
     </span>
    </p>
   </div>
   <div class='ocr_carea' id='block_1_50' title="bbox 1901 2053 3481 2130">
    <p class='ocr_par' dir='ltr' id='par_1_50' title="bbox 1901 2053 3481 2130">
     <span class='ocr_line' id='line_1_50' title="bbox 1901 2053 3481 2130; baseline -0.004 -16"><span class='ocrx_word' id='word_1_378' title='bbox 1901 2077 1922 2113; x_wconf 74' lang='grc' dir='ltr'><strong>ι</strong></span> <span class='ocrx_word' id='word_1_379' title='bbox 1957 2059 2179 2114; x_wconf 90' lang='lat' dir='ltr'><strong>credere</strong></span> <span class='ocrx_word' id='word_1_380' title='bbox 2203 2059 2252 2113; x_wconf 92' lang='lat' dir='ltr'><strong>ei</strong></span> <span class='ocrx_word' id='word_1_381' title='bbox 2284 2072 2444 2130; x_wconf 91' lang='lat' dir='ltr'><strong>quem</strong></span> <span class='ocrx_word' id='word_1_382' title='bbox 2475 2073 2581 2114; x_wconf 91' lang='lat' dir='ltr'><strong>non</strong></span> <span class='ocrx_word' id='word_1_383' title='bbox 2613 2059 2923 2122; x_wconf 90' lang='lat' dir='ltr'><strong>audierunt,</strong></span> <span class='ocrx_word' id='word_1_384' title='bbox 2952 2069 3128 2125; x_wconf 91' lang='lat' dir='ltr'><strong>neque</strong></span> <span class='ocrx_word' id='word_1_385' title='bbox 3149 2055 3338 2111; x_wconf 89' lang='lat' dir='ltr'><strong>audire</strong></span> <span class='ocrx_word' id='word_1_386' title='bbox 3363 2053 3481 2108; x_wconf 85' lang='lat' dir='ltr'><strong>sine</strong></span> 
     </span>
    </p>
   </div>
   <div class='ocr_carea' id='block_1_51' title="bbox 1895 2144 3483 2220">
    <p class='ocr_par' dir='ltr' id='par_1_51' title="bbox 1895 2144 3483 2220">
     <span class='ocr_line' id='line_1_51' title="bbox 1895 2144 3483 2220; baseline -0.005 -15"><span class='ocrx_word' id='word_1_387' title='bbox 1895 2150 2226 2220; x_wconf 85' lang='lat' dir='ltr'><strong>praedicante</strong></span> <span class='ocrx_word' id='word_1_388' title='bbox 2264 2146 2437 2219; x_wconf 83' lang='lat' dir='ltr'><strong>(Rom.</strong></span> <span class='ocrx_word' id='word_1_389' title='bbox 2478 2163 2545 2214; x_wconf 84' lang='lat' dir='ltr'><strong>x,</strong></span> <span class='ocrx_word' id='word_1_390' title='bbox 2592 2147 2680 2214; x_wconf 74' lang='grc'><strong>14,</strong></span> <span class='ocrx_word' id='word_1_391' title='bbox 2728 2146 2817 2217; x_wconf 77' lang='grc'><strong>15)</strong></span> <span class='ocrx_word' id='word_1_392' title='bbox 2846 2186 2860 2217; x_wconf 88' lang='grc'><strong>,</strong></span> <span class='ocrx_word' id='word_1_393' title='bbox 2894 2165 2913 2198; x_wconf 73' lang='grc' dir='ltr'><strong>ι</strong></span> <span class='ocrx_word' id='word_1_394' title='bbox 2956 2160 3023 2200; x_wconf 91' lang='lat' dir='ltr'><strong>ne</strong></span> <span class='ocrx_word' id='word_1_395' title='bbox 3070 2144 3483 2220; x_wconf 75' lang='lat' dir='ltr'><strong>praedicatorem</strong></span> 
     </span>
    </p>
   </div>
   <div class='ocr_carea' id='block_1_52' title="bbox 1897 2218 3484 2308">
    <p class='ocr_par' dir='ltr' id='par_1_52' title="bbox 1897 2218 3484 2308">
     <span class='ocr_line' id='line_1_52' title="bbox 1897 2218 3484 2308; baseline -0.004 -14"><span class='ocrx_word' id='word_1_396' title='bbox 1897 2218 2139 2308; x_wconf 71' lang='lat' dir='ltr'><strong>recipere</strong></span> <span class='ocrx_word' id='word_1_397' title='bbox 2163 2278 2179 2299; x_wconf 88' lang='lat'><strong>.</strong></span> <span class='ocrx_word' id='word_1_398' title='bbox 2229 2218 2321 2308; x_wconf 90' lang='lat' dir='ltr'><strong>qui</strong></span> <span class='ocrx_word' id='word_1_399' title='bbox 2346 2237 2526 2292; x_wconf 89' lang='lat' dir='ltr'><strong>nullus</strong></span> <span class='ocrx_word' id='word_1_400' title='bbox 2554 2237 2750 2307; x_wconf 64' lang='lat' dir='ltr'><strong>adjeos</strong></span> <span class='ocrx_word' id='word_1_401' title='bbox 2774 2236 2975 2291; x_wconf 90' lang='lat' dir='ltr'><strong>missus</strong></span> <span class='ocrx_word' id='word_1_402' title='bbox 2998 2242 3081 2290; x_wconf 87' lang='lat' dir='ltr'><strong>est</strong></span> <span class='ocrx_word' id='word_1_403' title='bbox 3114 2253 3128 2289; x_wconf 89' lang='lat'><strong>:</strong></span> <span class='ocrx_word' id='word_1_404' title='bbox 3160 2232 3401 2304; x_wconf 90' lang='lat' dir='ltr'><strong>nunquid</strong></span> <span class='ocrx_word' id='word_1_405' title='bbox 3431 2218 3484 2288; x_wconf 79' lang='lat' dir='ltr'><strong>et</strong></span> 
     </span>
    </p>
   </div>
   <div class='ocr_carea' id='block_1_53' title="bbox 1898 2326 3482 2403">
    <p class='ocr_par' dir='ltr' id='par_1_53' title="bbox 1898 2326 3482 2403">
     <span class='ocr_line' id='line_1_53' title="bbox 1898 2326 3482 2403; baseline -0.006 -17"><span class='ocrx_word' id='word_1_406' title='bbox 1898 2332 2033 2387; x_wconf 91' lang='lat' dir='ltr'><strong>tales</strong></span> <span class='ocrx_word' id='word_1_407' title='bbox 2070 2339 2354 2403; x_wconf 86' lang='lat' dir='ltr'><strong>propterea</strong></span> <span class='ocrx_word' id='word_1_408' title='bbox 2388 2328 2808 2395; x_wconf 88' lang='lat' dir='ltr'><strong>damnabuntur,</strong></span> <span class='ocrx_word' id='word_1_409' title='bbox 2833 2328 2959 2398; x_wconf 89' lang='lat' dir='ltr'><strong>quia</strong></span> <span class='ocrx_word' id='word_1_410' title='bbox 2987 2342 3095 2383; x_wconf 92' lang='lat' dir='ltr'><strong>non</strong></span> <span class='ocrx_word' id='word_1_411' title='bbox 3131 2326 3482 2382; x_wconf 90' lang='lat' dir='ltr'><strong>crediderunt</strong></span> 
     </span>
    </p>
   </div>
   <div class='ocr_carea' id='block_1_54' title="bbox 1898 2414 3483 2495">
    <p class='ocr_par' dir='ltr' id='par_1_54' title="bbox 1898 2414 3483 2495">
     <span class='ocr_line' id='line_1_54' title="bbox 1898 2414 3483 2495; baseline -0.006 -16"><span class='ocrx_word' id='word_1_412' title='bbox 1898 2422 2043 2495; x_wconf 89' lang='lat' dir='ltr'><strong>quod</strong></span> <span class='ocrx_word' id='word_1_413' title='bbox 2073 2438 2351 2493; x_wconf 91' lang='lat' dir='ltr'><strong>nunquam</strong></span> <span class='ocrx_word' id='word_1_414' title='bbox 2380 2421 2569 2495; x_wconf 84' lang='lat' dir='ltr'><strong>audire</strong></span> <span class='ocrx_word' id='word_1_415' title='bbox 2596 2420 2926 2490; x_wconf 86' lang='lat' dir='ltr'><strong>potuerunt?</strong></span> <span class='ocrx_word' id='word_1_416' title='bbox 2955 2419 3023 2474; x_wconf 85' lang='lat' dir='ltr'><strong>Et</strong></span> <span class='ocrx_word' id='word_1_417' title='bbox 3047 2426 3228 2473; x_wconf 88' lang='lat' dir='ltr'><strong>tamen</strong></span> <span class='ocrx_word' id='word_1_418' title='bbox 3260 2414 3483 2471; x_wconf 87' lang='lat' dir='ltr'><strong>omnino</strong></span> 
     </span>
    </p>
   </div>
   <div class='ocr_carea' id='block_1_55' title="bbox 1897 2508 3487 2585">
    <p class='ocr_par' dir='ltr' id='par_1_55' title="bbox 1897 2508 3487 2585">
     <span class='ocr_line' id='line_1_55' title="bbox 1897 2508 3487 2585; baseline -0.006 -14"><span class='ocrx_word' id='word_1_419' title='bbox 1897 2514 2301 2571; x_wconf 89' lang='lat' dir='ltr'><strong>damnabuntur</strong></span> <span class='ocrx_word' id='word_1_420' title='bbox 2325 2528 2425 2585; x_wconf 94' lang='lat' dir='ltr'><strong>pro</strong></span> <span class='ocrx_word' id='word_1_421' title='bbox 2451 2513 2571 2568; x_wconf 90' lang='lat' dir='ltr'><strong>aliis</strong></span> <span class='ocrx_word' id='word_1_422' title='bbox 2590 2512 2829 2584; x_wconf 83' lang='lat' dir='ltr'><strong>peccatis</strong></span> <span class='ocrx_word' id='word_1_423' title='bbox 2858 2514 2970 2567; x_wconf 91' lang='lat' dir='ltr'><strong>suis</strong></span> <span class='ocrx_word' id='word_1_424' title='bbox 2993 2552 3008 2575; x_wconf 92' lang='lat'><strong>,</strong></span> <span class='ocrx_word' id='word_1_425' title='bbox 3034 2519 3087 2565; x_wconf 89' lang='lat' dir='ltr'><strong>et</strong></span> <span class='ocrx_word' id='word_1_426' title='bbox 3114 2508 3487 2580; x_wconf 87' lang='lat' dir='ltr'><strong>principaliter</strong></span> 
     </span>
    </p>
   </div>
   <div class='ocr_carea' id='block_1_56' title="bbox 1897 2602 3486 2678">
    <p class='ocr_par' dir='ltr' id='par_1_56' title="bbox 1897 2602 3486 2678">
     <span class='ocr_line' id='line_1_56' title="bbox 1897 2602 3486 2678; baseline -0.006 -16"><span class='ocrx_word' id='word_1_427' title='bbox 1897 2621 1997 2678; x_wconf 89' lang='lat' dir='ltr'><strong>pro</strong></span> <span class='ocrx_word' id='word_1_428' title='bbox 2027 2605 2117 2660; x_wconf 91' lang='lat' dir='ltr'><strong>illo</strong></span> <span class='ocrx_word' id='word_1_429' title='bbox 2148 2605 2323 2676; x_wconf 88' lang='lat' dir='ltr'><strong>primo</strong></span> <span class='ocrx_word' id='word_1_430' title='bbox 2364 2611 2421 2659; x_wconf 92' lang='lat' dir='ltr'><strong>et</strong></span> <span class='ocrx_word' id='word_1_431' title='bbox 2443 2603 2691 2676; x_wconf 78' lang='lat' dir='ltr'><strong>originali</strong></span> <span class='ocrx_word' id='word_1_432' title='bbox 2724 2612 2981 2674; x_wconf 87' lang='lat' dir='ltr'><strong>peccato,</strong></span> <span class='ocrx_word' id='word_1_433' title='bbox 3019 2618 3039 2652; x_wconf 74' lang='grc' dir='ltr'><strong>ι</strong></span> <span class='ocrx_word' id='word_1_434' title='bbox 3078 2602 3134 2655; x_wconf 84' lang='grc' dir='ltr'><strong>ἱιι</strong></span> <span class='ocrx_word' id='word_1_435' title='bbox 3163 2615 3270 2670; x_wconf 91' lang='lat' dir='ltr'><strong>quo</strong></span> <span class='ocrx_word' id='word_1_436' title='bbox 3296 2608 3486 2653; x_wconf 81' lang='lat' dir='ltr'><strong>omnes</strong></span> 
     </span>
    </p>
   </div>
   <div class='ocr_carea' id='block_1_57' title="bbox 1896 2689 3487 2771">
    <p class='ocr_par' dir='ltr' id='par_1_57' title="bbox 1896 2689 3487 2771">
     <span class='ocr_line' id='line_1_57' title="bbox 1896 2689 3487 2771; baseline -0.007 -16"><span class='ocrx_word' id='word_1_437' title='bbox 1896 2707 2260 2771; x_wconf 84' lang='lat' dir='ltr'><strong>peccaverunt</strong></span> <span class='ocrx_word' id='word_1_438' title='bbox 2290 2697 2468 2769; x_wconf 85' lang='lat' dir='ltr'><strong>(Rom.</strong></span> <span class='ocrx_word' id='word_1_439' title='bbox 2500 2712 2536 2748; x_wconf 90' lang='lat' dir='ltr'><strong>v</strong></span> <span class='ocrx_word' id='word_1_440' title='bbox 2558 2738 2573 2763; x_wconf 92' lang='lat'><strong>,</strong></span> <span class='ocrx_word' id='word_1_441' title='bbox 2614 2696 2731 2770; x_wconf 76' lang='lat'><strong>1‘2),</strong></span> <span class='ocrx_word' id='word_1_442' title='bbox 2761 2717 2781 2750; x_wconf 75' lang='grc' dir='ltr'><strong>ι</strong></span> <span class='ocrx_word' id='word_1_443' title='bbox 2816 2697 2941 2767; x_wconf 89' lang='lat' dir='ltr'><strong>quia</strong></span> <span class='ocrx_word' id='word_1_444' title='bbox 2984 2710 3092 2751; x_wconf 90' lang='lat' dir='ltr'><strong>non</strong></span> <span class='ocrx_word' id='word_1_445' title='bbox 3121 2693 3322 2749; x_wconf 86' lang='lat' dir='ltr'><strong>frustra</strong></span> <span class='ocrx_word' id='word_1_446' title='bbox 3347 2689 3487 2745; x_wconf 86' lang='lat' dir='ltr'><strong>scri-</strong></span> 
     </span>
    </p>
   </div>
   <div class='ocr_carea' id='block_1_58' title="bbox 1900 2787 3486 2861">
    <p class='ocr_par' dir='ltr' id='par_1_58' title="bbox 1900 2787 3486 2861">
     <span class='ocr_line' id='line_1_58' title="bbox 1900 2787 3486 2861; baseline -0.006 -16"><span class='ocrx_word' id='word_1_447' title='bbox 1900 2799 2051 2860; x_wconf 88' lang='lat' dir='ltr'><strong>ptum</strong></span> <span class='ocrx_word' id='word_1_448' title='bbox 2081 2797 2163 2845; x_wconf 91' lang='lat' dir='ltr'><strong>est</strong></span> <span class='ocrx_word' id='word_1_449' title='bbox 2184 2787 2488 2861; x_wconf 62' lang='lat' dir='ltr'><strong>:-«;Elfunde</strong></span> <span class='ocrx_word' id='word_1_450' title='bbox 2509 2788 2648 2844; x_wconf 90' lang='lat' dir='ltr'><strong>iram</strong></span> <span class='ocrx_word' id='word_1_451' title='bbox 2674 2796 2819 2842; x_wconf 87' lang='lat' dir='ltr'><strong>tuam</strong></span> <span class='ocrx_word' id='word_1_452' title='bbox 2845 2787 2897 2842; x_wconf 92' lang='lat' dir='ltr'><strong>in</strong></span> <span class='ocrx_word' id='word_1_453' title='bbox 2927 2795 3134 2858; x_wconf 79' lang='lat' dir='ltr'><strong>gentes,</strong></span> <span class='ocrx_word' id='word_1_454' title='bbox 3161 2797 3282 2855; x_wconf 58' lang='lat' dir='ltr'><strong>quae</strong></span> <span class='ocrx_word' id='word_1_455' title='bbox 3304 2790 3358 2837; x_wconf 87' lang='lat' dir='ltr'><strong>te</strong></span> <span class='ocrx_word' id='word_1_456' title='bbox 3380 2793 3486 2836; x_wconf 88' lang='lat' dir='ltr'><strong>non</strong></span> 
     </span>
    </p>
   </div>
   <div class='ocr_carea' id='block_1_59' title="bbox 1900 2872 3489 2953">
    <p class='ocr_par' dir='ltr' id='par_1_59' title="bbox 1900 2872 3489 2953">
     <span class='ocr_line' id='line_1_59' title="bbox 1900 2872 3489 2953; baseline -0.007 -16"><span class='ocrx_word' id='word_1_457' title='bbox 1900 2892 2200 2950; x_wconf 88' lang='lat' dir='ltr'><strong>noverunt;</strong></span> <span class='ocrx_word' id='word_1_458' title='bbox 2232 2891 2286 2936; x_wconf 92' lang='lat' dir='ltr'><strong>et</strong></span> <span class='ocrx_word' id='word_1_459' title='bbox 2313 2883 2369 2936; x_wconf 90' lang='lat' dir='ltr'><strong>in</strong></span> <span class='ocrx_word' id='word_1_460' title='bbox 2404 2895 2599 2953; x_wconf 89' lang='lat' dir='ltr'><strong>regna,</strong></span> <span class='ocrx_word' id='word_1_461' title='bbox 2622 2895 2743 2952; x_wconf 73' lang='lat' dir='ltr'><strong>quae</strong></span> <span class='ocrx_word' id='word_1_462' title='bbox 2766 2893 2963 2934; x_wconf 88' lang='lat' dir='ltr'><strong>nomen</strong></span> <span class='ocrx_word' id='word_1_463' title='bbox 3006 2887 3157 2933; x_wconf 90' lang='lat' dir='ltr'><strong>tuum</strong></span> <span class='ocrx_word' id='word_1_464' title='bbox 3200 2889 3306 2931; x_wconf 89' lang='lat' dir='ltr'><strong>non</strong></span> <span class='ocrx_word' id='word_1_465' title='bbox 3335 2872 3489 2927; x_wconf 90' lang='lat' dir='ltr'><strong>invo-</strong></span> 
     </span>
    </p>
   </div>
   <div class='ocr_carea' id='block_1_60' title="bbox 1902 2960 3481 3047">
    <p class='ocr_par' dir='ltr' id='par_1_60' title="bbox 1902 2960 3481 3047">
     <span class='ocr_line' id='line_1_60' title="bbox 1902 2960 3481 3047; baseline -0.008 -16"><span class='ocrx_word' id='word_1_466' title='bbox 1902 2984 2165 3031; x_wconf 87' lang='lat' dir='ltr'><strong>caverunt</strong></span> <span class='ocrx_word' id='word_1_467' title='bbox 2194 2960 2366 3045; x_wconf 72' lang='lat' dir='ltr'><strong>(Psal.</strong></span> <span class='ocrx_word' id='word_1_468' title='bbox 2407 2989 2648 3040; x_wconf 81' lang='lat' dir='ltr'><strong>Lxxmt,</strong></span> <span class='ocrx_word' id='word_1_469' title='bbox 2692 2973 2769 3045; x_wconf 86' lang='lat'><strong>6).</strong></span> <span class='ocrx_word' id='word_1_470' title='bbox 2819 2992 2837 3025; x_wconf 88' lang='grc'><strong>›</strong></span> <span class='ocrx_word' id='word_1_471' title='bbox 2873 2972 2942 3047; x_wconf 76' lang='lat' dir='ltr'><strong>Et</strong></span> <span class='ocrx_word' id='word_1_472' title='bbox 2979 2969 3268 3041; x_wconf 84' lang='lat' dir='ltr'><strong>Apostolus</strong></span> <span class='ocrx_word' id='word_1_473' title='bbox 3311 2965 3481 3023; x_wconf 89' lang='lat' dir='ltr'><strong>dicit:</strong></span> 
     </span>
    </p>
   </div>
   <div class='ocr_carea' id='block_1_61' title="bbox 1910 3061 3484 3136">
    <p class='ocr_par' dir='ltr' id='par_1_61' title="bbox 1910 3061 3484 3136">
     <span class='ocr_line' id='line_1_61' title="bbox 1910 3061 3484 3136; baseline -0.004 -15"><span class='ocrx_word' id='word_1_474' title='bbox 1910 3085 1931 3120; x_wconf 75' lang='grc' dir='ltr'><strong>ι</strong></span> <span class='ocrx_word' id='word_1_475' title='bbox 1954 3067 2143 3124; x_wconf 92' lang='lat' dir='ltr'><strong>Dantis</strong></span> <span class='ocrx_word' id='word_1_476' title='bbox 2170 3067 2459 3123; x_wconf 87' lang='lat' dir='ltr'><strong>vindictam</strong></span> <span class='ocrx_word' id='word_1_477' title='bbox 2482 3067 2537 3121; x_wconf 92' lang='lat' dir='ltr'><strong>in</strong></span> <span class='ocrx_word' id='word_1_478' title='bbox 2555 3066 2825 3121; x_wconf 85' lang='lat' dir='ltr'><strong>ﬂammam</strong></span> <span class='ocrx_word' id='word_1_479' title='bbox 2851 3064 2991 3136; x_wconf 88' lang='lat' dir='ltr'><strong>ignis</strong></span> <span class='ocrx_word' id='word_1_480' title='bbox 3008 3064 3112 3127; x_wconf 89' lang='lat' dir='ltr'><strong>his,</strong></span> <span class='ocrx_word' id='word_1_481' title='bbox 3132 3061 3223 3132; x_wconf 92' lang='lat' dir='ltr'><strong>qui</strong></span> <span class='ocrx_word' id='word_1_482' title='bbox 3246 3075 3352 3116; x_wconf 91' lang='lat' dir='ltr'><strong>non</strong></span> <span class='ocrx_word' id='word_1_483' title='bbox 3382 3072 3484 3127; x_wconf 84' lang='lat' dir='ltr'><strong>no-</strong></span> 
     </span>
    </p>
   </div>
   <div class='ocr_carea' id='block_1_62' title="bbox 202 3129 3483 3235">
    <p class='ocr_par' dir='ltr' id='par_1_62' title="bbox 202 3129 3483 3235">
     <span class='ocr_line' id='line_1_62' title="bbox 202 3129 3483 3235; baseline -0.003 -31"><span class='ocrx_word' id='word_1_484' title='bbox 202 3142 331 3204; x_wconf 52' lang='lat' dir='ltr'><strong>&quot;sum</strong></span> <span class='ocrx_word' id='word_1_485' title='bbox 363 3157 484 3216; x_wconf 89' lang='lat' dir='ltr'><strong>est,</strong></span> <span class='ocrx_word' id='word_1_486' title='bbox 518 3158 572 3207; x_wconf 89' lang='lat' dir='ltr'><strong>et</strong></span> <span class='ocrx_word' id='word_1_487' title='bbox 598 3150 799 3206; x_wconf 91' lang='lat' dir='ltr'><strong>dictum</strong></span> <span class='ocrx_word' id='word_1_488' title='bbox 832 3166 846 3204; x_wconf 91' lang='lat'><strong>:</strong></span> <span class='ocrx_word' id='word_1_489' title='bbox 876 3149 992 3206; x_wconf 80' lang='lat' dir='ltr'><strong>Non</strong></span> <span class='ocrx_word' id='word_1_490' title='bbox 1036 3151 1173 3205; x_wconf 81' lang='lat' dir='ltr'><strong>dixit</strong></span> <span class='ocrx_word' id='word_1_491' title='bbox 1200 3149 1489 3220; x_wconf 86' lang='lat' dir='ltr'><strong>Apostolus</strong></span> <span class='ocrx_word' id='word_1_492' title='bbox 1515 3149 1797 3204; x_wconf 84' lang='lat' dir='ltr'><strong>universa-</strong></span> <span class='ocrx_word' id='word_1_493' title='bbox 1829 3129 1874 3192; x_wconf 73' lang='grc' dir='ltr'>Ο</span> <span class='ocrx_word' id='word_1_494' title='bbox 1906 3166 2103 3215; x_wconf 63' lang='lat' dir='ltr'><strong>verum</strong></span> <span class='ocrx_word' id='word_1_495' title='bbox 2146 3159 2431 3214; x_wconf 70' lang='lat' dir='ltr'><strong>Dominum</strong></span> <span class='ocrx_word' id='word_1_496' title='bbox 2460 3156 2546 3229; x_wconf 79' lang='grc' dir='ltr'>(ιι</span> <span class='ocrx_word' id='word_1_497' title='bbox 2579 3158 2758 3214; x_wconf 55' lang='lat' dir='ltr'><strong>nm,</strong></span> <span class='ocrx_word' id='word_1_498' title='bbox 2785 3174 2837 3224; x_wconf 61' lang='grc' dir='ltr'><strong>ι,</strong></span> <span class='ocrx_word' id='word_1_499' title='bbox 2866 3129 2945 3235; x_wconf 61' lang='grc' dir='ltr'><strong>ᾗ),</strong></span> <span class='ocrx_word' id='word_1_500' title='bbox 2988 3177 3006 3209; x_wconf 83' lang='lat'><strong>,</strong></span> <span class='ocrx_word' id='word_1_501' title='bbox 3043 3152 3101 3211; x_wconf 73' lang='lat' dir='ltr'><strong>Si</strong></span> <span class='ocrx_word' id='word_1_502' title='bbox 3139 3129 3263 3228; x_wconf 56' lang='lat' dir='ltr'><strong>[luis</strong></span> <span class='ocrx_word' id='word_1_503' title='bbox 3303 3153 3369 3208; x_wconf 74' lang='lat' dir='ltr'><strong>de</strong></span> <span class='ocrx_word' id='word_1_504' title='bbox 3399 3159 3483 3208; x_wconf 61' lang='lat' dir='ltr'><strong>ta-</strong></span> 
     </span>
    </p>
   </div>
   <div class='ocr_carea' id='block_1_63' title="bbox 207 3240 1802 3318">
    <p class='ocr_par' dir='ltr' id='par_1_63' title="bbox 207 3240 1802 3318">
     <span class='ocr_line' id='line_1_63' title="bbox 207 3240 1802 3318; baseline 0.001 -22"><span class='ocrx_word' id='word_1_505' title='bbox 207 3240 338 3300; x_wconf 87' lang='lat' dir='ltr'><strong>liter</strong></span> <span class='ocrx_word' id='word_1_506' title='bbox 366 3255 425 3301; x_wconf 86' lang='lat' dir='ltr'><strong>et</strong></span> <span class='ocrx_word' id='word_1_507' title='bbox 447 3242 793 3318; x_wconf 79' lang='lat' dir='ltr'><strong>generaliter,</strong></span> <span class='ocrx_word' id='word_1_508' title='bbox 834 3251 973 3299; x_wconf 90' lang='lat' dir='ltr'><strong>etut</strong></span> <span class='ocrx_word' id='word_1_509' title='bbox 999 3243 1089 3299; x_wconf 89' lang='lat' dir='ltr'><strong>isti</strong></span> <span class='ocrx_word' id='word_1_510' title='bbox 1121 3242 1444 3299; x_wconf 90' lang='lat' dir='ltr'><strong>addiderunt</strong></span> <span class='ocrx_word' id='word_1_511' title='bbox 1482 3242 1599 3298; x_wconf 91' lang='lat' dir='ltr'><strong>sine</strong></span> <span class='ocrx_word' id='word_1_512' title='bbox 1642 3256 1802 3298; x_wconf 84' lang='lat' dir='ltr'><strong>exce-</strong></span> 
     </span>
    </p>
   </div>
   <div class='ocr_carea' id='block_1_64' title="bbox 208 3330 1801 3406">
    <p class='ocr_par' dir='ltr' id='par_1_64' title="bbox 208 3330 1801 3406">
     <span class='ocr_line' id='line_1_64' title="bbox 208 3330 1801 3406; baseline -0.002 -15"><span class='ocrx_word' id='word_1_513' title='bbox 208 3336 432 3406; x_wconf 88' lang='lat' dir='ltr'><strong>ptione,</strong></span> <span class='ocrx_word' id='word_1_514' title='bbox 473 3356 491 3390; x_wconf 79' lang='grc' dir='ltr'><strong>ι</strong></span> <span class='ocrx_word' id='word_1_515' title='bbox 530 3335 631 3404; x_wconf 93' lang='lat' dir='ltr'><strong>Qui</strong></span> <span class='ocrx_word' id='word_1_516' title='bbox 666 3335 785 3392; x_wconf 90' lang='lat' dir='ltr'><strong>vult</strong></span> <span class='ocrx_word' id='word_1_517' title='bbox 827 3351 1017 3392; x_wconf 88' lang='lat' dir='ltr'><strong>omnes</strong></span> <span class='ocrx_word' id='word_1_518' title='bbox 1066 3337 1317 3394; x_wconf 89' lang='lat' dir='ltr'><strong>homines</strong></span> <span class='ocrx_word' id='word_1_519' title='bbox 1362 3333 1542 3391; x_wconf 91' lang='lat' dir='ltr'><strong>salvos</strong></span> <span class='ocrx_word' id='word_1_520' title='bbox 1580 3334 1699 3391; x_wconf 82' lang='lat' dir='ltr'><strong>ﬁeri</strong></span> <span class='ocrx_word' id='word_1_521' title='bbox 1728 3330 1801 3406; x_wconf 84' lang='grc' dir='ltr'><strong>(Ι</strong></span> 
     </span>
    </p>
   </div>
   <div class='ocr_carea' id='block_1_65' title="bbox 214 3418 1807 3500">
    <p class='ocr_par' dir='ltr' id='par_1_65' title="bbox 214 3418 1807 3500">
     <span class='ocr_line' id='line_1_65' title="bbox 214 3418 1807 3500; baseline 0.002 -21"><span class='ocrx_word' id='word_1_522' title='bbox 214 3422 354 3481; x_wconf 83' lang='lat' dir='ltr'><strong>Tim.</strong></span> <span class='ocrx_word' id='word_1_523' title='bbox 380 3443 445 3494; x_wconf 88' lang='grc' dir='ltr'>ιι,</span> <span class='ocrx_word' id='word_1_524' title='bbox 472 3427 551 3500; x_wconf 75' lang='grc'><strong>4),</strong></span> <span class='ocrx_word' id='word_1_525' title='bbox 582 3448 602 3481; x_wconf 73' lang='grc' dir='ltr'><strong>ι</strong></span> <span class='ocrx_word' id='word_1_526' title='bbox 637 3418 1066 3499; x_wconf 66' lang='grc' dir='ltr'><strong>εθᾶέρὸεὶιιιίιει-</strong></span> <span class='ocrx_word' id='word_1_527' title='bbox 1086 3429 1152 3484; x_wconf 91' lang='lat' dir='ltr'><strong>ad</strong></span> <span class='ocrx_word' id='word_1_528' title='bbox 1176 3442 1270 3484; x_wconf 89' lang='lat' dir='ltr'><strong>eos</strong></span> <span class='ocrx_word' id='word_1_529' title='bbox 1293 3427 1495 3493; x_wconf 87' lang='lat' dir='ltr'><strong>retulit,</strong></span> <span class='ocrx_word' id='word_1_530' title='bbox 1521 3426 1588 3482; x_wconf 92' lang='lat' dir='ltr'><strong>de</strong></span> <span class='ocrx_word' id='word_1_531' title='bbox 1612 3426 1807 3497; x_wconf 90' lang='lat' dir='ltr'><strong>quibus</strong></span> 
     </span>
    </p>
   </div>
   <div class='ocr_carea' id='block_1_66' title="bbox 217 3516 1809 3591">
    <p class='ocr_par' dir='ltr' id='par_1_66' title="bbox 217 3516 1809 3591">
     <span class='ocr_line' id='line_1_66' title="bbox 217 3516 1809 3591; baseline -0.001 -18"><span class='ocrx_word' id='word_1_532' title='bbox 217 3532 384 3587; x_wconf 86' lang='lat' dir='ltr'><strong>supra</strong></span> <span class='ocrx_word' id='word_1_533' title='bbox 420 3521 668 3587; x_wconf 89' lang='lat' dir='ltr'><strong>dixerat,</strong></span> <span class='ocrx_word' id='word_1_534' title='bbox 702 3536 721 3573; x_wconf 74' lang='grc' dir='ltr'><strong>ι</strong></span> <span class='ocrx_word' id='word_1_535' title='bbox 762 3537 859 3591; x_wconf 91' lang='lat' dir='ltr'><strong>pro</strong></span> <span class='ocrx_word' id='word_1_536' title='bbox 892 3520 1143 3577; x_wconf 88' lang='lat' dir='ltr'><strong>omnibus</strong></span> <span class='ocrx_word' id='word_1_537' title='bbox 1167 3521 1477 3576; x_wconf 86' lang='lat' dir='ltr'><strong>hominibus</strong></span> <span class='ocrx_word' id='word_1_538' title='bbox 1498 3559 1512 3584; x_wconf 93' lang='lat'><strong>,</strong></span> <span class='ocrx_word' id='word_1_539' title='bbox 1544 3534 1643 3589; x_wconf 91' lang='lat' dir='ltr'><strong>pro</strong></span> <span class='ocrx_word' id='word_1_540' title='bbox 1667 3516 1809 3589; x_wconf 86' lang='lat' dir='ltr'><strong>regi-</strong></span> 
     </span>
    </p>
   </div>
   <div class='ocr_carea' id='block_1_67' title="bbox 211 3606 1809 3682">
    <p class='ocr_par' dir='ltr' id='par_1_67' title="bbox 211 3606 1809 3682">
     <span class='ocr_line' id='line_1_67' title="bbox 211 3606 1809 3682; baseline -0.002 -18"><span class='ocrx_word' id='word_1_541' title='bbox 211 3606 342 3676; x_wconf 86' lang='lat' dir='ltr'><strong>bus,</strong></span> <span class='ocrx_word' id='word_1_542' title='bbox 360 3619 414 3666; x_wconf 92' lang='lat' dir='ltr'><strong>et</strong></span> <span class='ocrx_word' id='word_1_543' title='bbox 428 3612 512 3666; x_wconf 91' lang='lat' dir='ltr'><strong>his</strong></span> <span class='ocrx_word' id='word_1_544' title='bbox 528 3612 620 3682; x_wconf 93' lang='lat' dir='ltr'><strong>qui</strong></span> <span class='ocrx_word' id='word_1_545' title='bbox 647 3612 702 3665; x_wconf 91' lang='lat' dir='ltr'><strong>in</strong></span> <span class='ocrx_word' id='word_1_546' title='bbox 728 3612 1053 3666; x_wconf 83' lang='lat' dir='ltr'><strong>sublimitate</strong></span> <span class='ocrx_word' id='word_1_547' title='bbox 1078 3619 1204 3666; x_wconf 89' lang='lat' dir='ltr'><strong>sunt</strong></span> <span class='ocrx_word' id='word_1_548' title='bbox 1218 3609 1405 3681; x_wconf 82' lang='lat' dir='ltr'><strong>(Ibid.,</strong></span> <span class='ocrx_word' id='word_1_549' title='bbox 1427 3609 1515 3679; x_wconf 72' lang='lat'><strong>2);</strong></span> <span class='ocrx_word' id='word_1_550' title='bbox 1540 3624 1575 3659; x_wconf 68' lang='grc' dir='ltr'><strong>ιΔ</strong></span> <span class='ocrx_word' id='word_1_551' title='bbox 1594 3607 1809 3676; x_wconf 91' lang='lat' dir='ltr'><strong>utquod</strong></span> 
     </span>
    </p>
   </div>
   <div class='ocr_carea' id='block_1_68' title="bbox 214 3695 1807 3770">
    <p class='ocr_par' dir='ltr' id='par_1_68' title="bbox 214 3695 1807 3770">
     <span class='ocr_line' id='line_1_68' title="bbox 214 3695 1807 3770; baseline -0.001 -18"><span class='ocrx_word' id='word_1_552' title='bbox 214 3697 358 3753; x_wconf 82' lang='lat' dir='ltr'><strong>dixit</strong></span> <span class='ocrx_word' id='word_1_553' title='bbox 388 3719 408 3751; x_wconf 87' lang='grc'><strong>‹</strong></span> <span class='ocrx_word' id='word_1_554' title='bbox 441 3715 629 3756; x_wconf 91' lang='lat' dir='ltr'><strong>omnes</strong></span> <span class='ocrx_word' id='word_1_555' title='bbox 659 3718 679 3753; x_wconf 76' lang='grc' dir='ltr'><strong>ι</strong></span> <span class='ocrx_word' id='word_1_556' title='bbox 712 3700 892 3755; x_wconf 88' lang='lat' dir='ltr'><strong>omnia</strong></span> <span class='ocrx_word' id='word_1_557' title='bbox 922 3714 1119 3770; x_wconf 88' lang='lat' dir='ltr'><strong>genera</strong></span> <span class='ocrx_word' id='word_1_558' title='bbox 1145 3698 1423 3753; x_wconf 89' lang='lat' dir='ltr'><strong>hominum</strong></span> <span class='ocrx_word' id='word_1_559' title='bbox 1456 3695 1682 3766; x_wconf 81' lang='lat' dir='ltr'><strong>intelligi</strong></span> <span class='ocrx_word' id='word_1_560' title='bbox 1706 3710 1807 3750; x_wconf 90' lang='lat' dir='ltr'><strong>vo-</strong></span> 
     </span>
    </p>
   </div>
   <div class='ocr_carea' id='block_1_69' title="bbox 123 3786 1805 3864">
    <p class='ocr_par' dir='ltr' id='par_1_69' title="bbox 123 3786 1805 3864">
     <span class='ocr_line' id='line_1_69' title="bbox 123 3786 1805 3864; baseline -0.002 -20"><span class='ocrx_word' id='word_1_561' title='bbox 123 3796 129 3803; x_wconf 86' lang='lat'>&#39;</span> <span class='ocrx_word' id='word_1_562' title='bbox 216 3789 407 3859; x_wconf 91' lang='lat' dir='ltr'><strong>luerit,</strong></span> <span class='ocrx_word' id='word_1_563' title='bbox 434 3793 675 3849; x_wconf 88' lang='lat' dir='ltr'><strong>omnium</strong></span> <span class='ocrx_word' id='word_1_564' title='bbox 704 3793 913 3849; x_wconf 88' lang='lat' dir='ltr'><strong>scilicet</strong></span> <span class='ocrx_word' id='word_1_565' title='bbox 934 3792 1175 3864; x_wconf 87' lang='lat' dir='ltr'><strong>gentium</strong></span> <span class='ocrx_word' id='word_1_566' title='bbox 1192 3831 1207 3855; x_wconf 91' lang='lat'><strong>,</strong></span> <span class='ocrx_word' id='word_1_567' title='bbox 1234 3803 1461 3845; x_wconf 85' lang='lat' dir='ltr'><strong>sexuum</strong></span> <span class='ocrx_word' id='word_1_568' title='bbox 1487 3828 1502 3852; x_wconf 91' lang='lat'><strong>,</strong></span> <span class='ocrx_word' id='word_1_569' title='bbox 1531 3786 1805 3853; x_wconf 81' lang='lat' dir='ltr'><strong>conditio-</strong></span> 
     </span>
    </p>
   </div>
   <div class='ocr_carea' id='block_1_70' title="bbox 218 3876 1806 3956">
    <p class='ocr_par' dir='ltr' id='par_1_70' title="bbox 218 3876 1806 3956">
     <span class='ocr_line' id='line_1_70' title="bbox 218 3876 1806 3956; baseline -0.001 -22"><span class='ocrx_word' id='word_1_570' title='bbox 218 3894 375 3949; x_wconf 88' lang='lat' dir='ltr'><strong>num,</strong></span> <span class='ocrx_word' id='word_1_571' title='bbox 408 3883 661 3939; x_wconf 89' lang='lat' dir='ltr'><strong>ordinum</strong></span> <span class='ocrx_word' id='word_1_572' title='bbox 681 3927 697 3952; x_wconf 92' lang='lat'><strong>,</strong></span> <span class='ocrx_word' id='word_1_573' title='bbox 732 3882 1078 3956; x_wconf 86' lang='lat' dir='ltr'><strong>dignitatum.</strong></span> <span class='ocrx_word' id='word_1_574' title='bbox 1107 3880 1249 3948; x_wconf 84' lang='lat' dir='ltr'><strong>Quid</strong></span> <span class='ocrx_word' id='word_1_575' title='bbox 1276 3880 1442 3936; x_wconf 87' lang='lat' dir='ltr'><strong>habet</strong></span> <span class='ocrx_word' id='word_1_576' title='bbox 1464 3879 1579 3935; x_wconf 76' lang='lat' dir='ltr'><strong>llth</strong></span> <span class='ocrx_word' id='word_1_577' title='bbox 1604 3876 1806 3933; x_wconf 91' lang='lat' dir='ltr'><strong>intelli-</strong></span> 
     </span>
    </p>
   </div>
   <div class='ocr_carea' id='block_1_71' title="bbox 216 3971 1808 4048">
    <p class='ocr_par' dir='ltr' id='par_1_71' title="bbox 216 3971 1808 4048">
     <span class='ocr_line' id='line_1_71' title="bbox 216 3971 1808 4048; baseline -0.002 -20"><span class='ocrx_word' id='word_1_578' title='bbox 216 3974 405 4044; x_wconf 88' lang='lat' dir='ltr'><strong>gentia</strong></span> <span class='ocrx_word' id='word_1_579' title='bbox 447 3977 842 4048; x_wconf 85' lang='lat' dir='ltr'><strong>inconsequens</strong></span> <span class='ocrx_word' id='word_1_580' title='bbox 889 3985 984 4031; x_wconf 86' lang='lat' dir='ltr'><strong>aut</strong></span> <span class='ocrx_word' id='word_1_581' title='bbox 1011 3975 1345 4031; x_wconf 89' lang='lat' dir='ltr'><strong>contrarium</strong></span> <span class='ocrx_word' id='word_1_582' title='bbox 1378 3971 1633 4029; x_wconf 84' lang='lat' dir='ltr'><strong>veritati?</strong></span> <span class='ocrx_word' id='word_1_583' title='bbox 1673 3971 1808 4027; x_wconf 86' lang='lat' dir='ltr'><strong>Item</strong></span> 
     </span>
    </p>
   </div>
   <div class='ocr_carea' id='block_1_72' title="bbox 213 4061 1809 4137">
    <p class='ocr_par' dir='ltr' id='par_1_72' title="bbox 213 4061 1809 4137">
     <span class='ocr_line' id='line_1_72' title="bbox 213 4061 1809 4137; baseline 0.001 -19"><span class='ocrx_word' id='word_1_584' title='bbox 213 4064 356 4123; x_wconf 88' lang='lat' dir='ltr'><strong>alius</strong></span> <span class='ocrx_word' id='word_1_585' title='bbox 392 4069 538 4125; x_wconf 88' lang='lat' dir='ltr'><strong>dicat</strong></span> <span class='ocrx_word' id='word_1_586' title='bbox 562 4077 616 4125; x_wconf 91' lang='lat' dir='ltr'><strong>et</strong></span> <span class='ocrx_word' id='word_1_587' title='bbox 639 4069 861 4136; x_wconf 88' lang='lat' dir='ltr'><strong>sentiat,</strong></span> <span class='ocrx_word' id='word_1_588' title='bbox 887 4070 1029 4125; x_wconf 83' lang='lat' dir='ltr'><strong>sicut</strong></span> <span class='ocrx_word' id='word_1_589' title='bbox 1047 4067 1213 4123; x_wconf 91' lang='lat' dir='ltr'><strong>etiam</strong></span> <span class='ocrx_word' id='word_1_590' title='bbox 1238 4082 1269 4122; x_wconf 89' lang='lat' dir='ltr'><strong>a</strong></span> <span class='ocrx_word' id='word_1_591' title='bbox 1291 4065 1614 4137; x_wconf 89' lang='lat' dir='ltr'><strong>quibusdam</strong></span> <span class='ocrx_word' id='word_1_592' title='bbox 1641 4061 1809 4132; x_wconf 88' lang='lat' dir='ltr'><strong>majo-</strong></span> 
     </span>
    </p>
   </div>
   <div class='ocr_carea' id='block_1_73' title="bbox 214 4153 1810 4229">
    <p class='ocr_par' dir='ltr' id='par_1_73' title="bbox 214 4153 1810 4229">
     <span class='ocr_line' id='line_1_73' title="bbox 214 4153 1810 4229; baseline -0.003 -18"><span class='ocrx_word' id='word_1_593' title='bbox 214 4156 380 4215; x_wconf 83' lang='lat' dir='ltr'><strong>ribus</strong></span> <span class='ocrx_word' id='word_1_594' title='bbox 405 4159 628 4226; x_wconf 90' lang='lat' dir='ltr'><strong>dictum,</strong></span> <span class='ocrx_word' id='word_1_595' title='bbox 659 4167 716 4215; x_wconf 90' lang='lat' dir='ltr'><strong>et</strong></span> <span class='ocrx_word' id='word_1_596' title='bbox 741 4174 961 4215; x_wconf 89' lang='lat' dir='ltr'><strong>sensum</strong></span> <span class='ocrx_word' id='word_1_597' title='bbox 993 4158 1262 4229; x_wconf 89' lang='lat' dir='ltr'><strong>reperitur</strong></span> <span class='ocrx_word' id='word_1_598' title='bbox 1290 4174 1304 4212; x_wconf 89' lang='lat'><strong>:</strong></span> <span class='ocrx_word' id='word_1_599' title='bbox 1336 4153 1657 4228; x_wconf 87' lang='lat' dir='ltr'><strong>Apostolus,</strong></span> <span class='ocrx_word' id='word_1_600' title='bbox 1686 4167 1810 4208; x_wconf 90' lang='lat' dir='ltr'><strong>cum</strong></span> 
     </span>
    </p>
   </div>
   <div class='ocr_carea' id='block_1_74' title="bbox 207 4242 1810 4322">
    <p class='ocr_par' dir='ltr' id='par_1_74' title="bbox 207 4242 1810 4322">
     <span class='ocr_line' id='line_1_74' title="bbox 207 4242 1810 4322; baseline -0.002 -19"><span class='ocrx_word' id='word_1_601' title='bbox 207 4242 476 4322; x_wconf 83' lang='lat' dir='ltr'><strong>superius</strong></span> <span class='ocrx_word' id='word_1_602' title='bbox 503 4248 647 4307; x_wconf 90' lang='lat' dir='ltr'><strong>orari</strong></span> <span class='ocrx_word' id='word_1_603' title='bbox 692 4250 945 4321; x_wconf 73' lang='lat' dir='ltr'><strong>iussisset</strong></span> <span class='ocrx_word' id='word_1_604' title='bbox 977 4270 997 4304; x_wconf 80' lang='grc' dir='ltr'><strong>ι</strong></span> <span class='ocrx_word' id='word_1_605' title='bbox 1025 4265 1125 4322; x_wconf 91' lang='lat' dir='ltr'><strong>pro</strong></span> <span class='ocrx_word' id='word_1_606' title='bbox 1168 4250 1419 4305; x_wconf 89' lang='lat' dir='ltr'><strong>omnibus</strong></span> <span class='ocrx_word' id='word_1_607' title='bbox 1460 4246 1770 4303; x_wconf 89' lang='lat' dir='ltr'><strong>hominibus</strong></span> <span class='ocrx_word' id='word_1_608' title='bbox 1792 4284 1810 4311; x_wconf 95' lang='lat'><strong>,</strong></span> 
     </span>
    </p>
   </div>
   <div class='ocr_carea' id='block_1_75' title="bbox 224 4340 1809 4414">
    <p class='ocr_par' dir='ltr' id='par_1_75' title="bbox 224 4340 1809 4414">
     <span class='ocr_line' id='line_1_75' title="bbox 224 4340 1809 4414; baseline -0.001 -21"><span class='ocrx_word' id='word_1_609' title='bbox 224 4356 326 4410; x_wconf 91' lang='lat' dir='ltr'><strong>pro</strong></span> <span class='ocrx_word' id='word_1_610' title='bbox 375 4342 594 4414; x_wconf 89' lang='lat' dir='ltr'><strong>regibus</strong></span> <span class='ocrx_word' id='word_1_611' title='bbox 621 4350 677 4397; x_wconf 91' lang='lat' dir='ltr'><strong>et</strong></span> <span class='ocrx_word' id='word_1_612' title='bbox 715 4342 802 4397; x_wconf 93' lang='lat' dir='ltr'><strong>his</strong></span> <span class='ocrx_word' id='word_1_613' title='bbox 831 4343 922 4413; x_wconf 92' lang='lat' dir='ltr'><strong>qui</strong></span> <span class='ocrx_word' id='word_1_614' title='bbox 964 4342 1019 4397; x_wconf 93' lang='lat' dir='ltr'><strong>in</strong></span> <span class='ocrx_word' id='word_1_615' title='bbox 1051 4340 1383 4398; x_wconf 89' lang='lat' dir='ltr'><strong>sublimitate</strong></span> <span class='ocrx_word' id='word_1_616' title='bbox 1427 4347 1591 4404; x_wconf 89' lang='lat' dir='ltr'><strong>sunt,</strong></span> <span class='ocrx_word' id='word_1_617' title='bbox 1627 4355 1647 4389; x_wconf 80' lang='grc' dir='ltr'><strong>ι</strong></span> <span class='ocrx_word' id='word_1_618' title='bbox 1684 4342 1809 4407; x_wconf 79' lang='lat' dir='ltr'><strong>pOSt</strong></span> 
     </span>
    </p>
   </div>
   <div class='ocr_carea' id='block_1_76' title="bbox 227 4433 1810 4506">
    <p class='ocr_par' dir='ltr' id='par_1_76' title="bbox 227 4433 1810 4506">
     <span class='ocr_line' id='line_1_76' title="bbox 227 4433 1810 4506; baseline -0.002 -19"><span class='ocrx_word' id='word_1_619' title='bbox 227 4433 318 4490; x_wconf 89' lang='lat' dir='ltr'><strong>illa</strong></span> <span class='ocrx_word' id='word_1_620' title='bbox 359 4437 539 4491; x_wconf 91' lang='lat' dir='ltr'><strong>omnia</strong></span> <span class='ocrx_word' id='word_1_621' title='bbox 574 4435 900 4506; x_wconf 87' lang='lat' dir='ltr'><strong>generaliter</strong></span> <span class='ocrx_word' id='word_1_622' title='bbox 938 4435 1005 4491; x_wconf 92' lang='lat' dir='ltr'><strong>de</strong></span> <span class='ocrx_word' id='word_1_623' title='bbox 1039 4435 1296 4490; x_wconf 91' lang='lat' dir='ltr'><strong>universo</strong></span> <span class='ocrx_word' id='word_1_624' title='bbox 1325 4447 1527 4505; x_wconf 87' lang='lat' dir='ltr'><strong>genere</strong></span> <span class='ocrx_word' id='word_1_625' title='bbox 1568 4433 1810 4499; x_wconf 84' lang='lat' dir='ltr'><strong>humano</strong></span> 
     </span>
    </p>
   </div>
   <div class='ocr_carea' id='block_1_77' title="bbox 231 4521 1801 4598">
    <p class='ocr_par' dir='ltr' id='par_1_77' title="bbox 231 4521 1801 4598">
     <span class='ocr_line' id='line_1_77' title="bbox 231 4521 1801 4598; baseline -0.004 -18"><span class='ocrx_word' id='word_1_626' title='bbox 231 4526 512 4598; x_wconf 83' lang='lat' dir='ltr'><strong>subjunxit</strong></span> <span class='ocrx_word' id='word_1_627' title='bbox 537 4546 550 4583; x_wconf 92' lang='lat'>:</span> <span class='ocrx_word' id='word_1_628' title='bbox 585 4547 604 4581; x_wconf 87' lang='grc' dir='ltr'><strong>ι</strong></span> <span class='ocrx_word' id='word_1_629' title='bbox 650 4528 753 4595; x_wconf 88' lang='lat' dir='ltr'><strong>Qui</strong></span> <span class='ocrx_word' id='word_1_630' title='bbox 780 4526 897 4582; x_wconf 86' lang='lat' dir='ltr'><strong>vult</strong></span> <span class='ocrx_word' id='word_1_631' title='bbox 924 4541 1114 4583; x_wconf 88' lang='lat' dir='ltr'><strong>omnes</strong></span> <span class='ocrx_word' id='word_1_632' title='bbox 1142 4527 1391 4582; x_wconf 89' lang='lat' dir='ltr'><strong>homines</strong></span> <span class='ocrx_word' id='word_1_633' title='bbox 1411 4523 1588 4581; x_wconf 89' lang='lat' dir='ltr'><strong>salvos</strong></span> <span class='ocrx_word' id='word_1_634' title='bbox 1610 4521 1749 4579; x_wconf 86' lang='lat' dir='ltr'><strong>ﬁeri.</strong></span> <span class='ocrx_word' id='word_1_635' title='bbox 1782 4539 1801 4573; x_wconf 80' lang='grc' dir='ltr'><strong>ι</strong></span> 
     </span>
    </p>
   </div>
   <div class='ocr_carea' id='block_1_78' title="bbox 229 4612 1815 4693">
    <p class='ocr_par' dir='ltr' id='par_1_78' title="bbox 229 4612 1815 4693">
     <span class='ocr_line' id='line_1_78' title="bbox 229 4612 1815 4693; baseline -0.006 -16"><span class='ocrx_word' id='word_1_636' title='bbox 229 4620 370 4690; x_wconf 86' lang='lat' dir='ltr'><strong>Quid</strong></span> <span class='ocrx_word' id='word_1_637' title='bbox 394 4622 559 4678; x_wconf 90' lang='lat' dir='ltr'><strong>habet</strong></span> <span class='ocrx_word' id='word_1_638' title='bbox 584 4622 708 4677; x_wconf 92' lang='lat' dir='ltr'><strong>mali</strong></span> <span class='ocrx_word' id='word_1_639' title='bbox 731 4630 825 4677; x_wconf 93' lang='lat' dir='ltr'><strong>aut</strong></span> <span class='ocrx_word' id='word_1_640' title='bbox 849 4619 1074 4693; x_wconf 88' lang='lat' dir='ltr'><strong>periculi</strong></span> <span class='ocrx_word' id='word_1_641' title='bbox 1103 4620 1269 4675; x_wconf 90' lang='lat' dir='ltr'><strong>etiam</strong></span> <span class='ocrx_word' id='word_1_642' title='bbox 1294 4619 1397 4674; x_wconf 89' lang='lat' dir='ltr'><strong>ista</strong></span> <span class='ocrx_word' id='word_1_643' title='bbox 1426 4612 1815 4687; x_wconf 82' lang='lat' dir='ltr'><strong>intelligentia?</strong></span> 
     </span>
    </p>
   </div>
   <div class='ocr_carea' id='block_1_79' title="bbox 230 4709 1813 4788">
    <p class='ocr_par' dir='ltr' id='par_1_79' title="bbox 230 4709 1813 4788">
     <span class='ocr_line' id='line_1_79' title="bbox 230 4709 1813 4788; baseline -0.001 -20"><span class='ocrx_word' id='word_1_644' title='bbox 230 4711 418 4788; x_wconf 87' lang='lat' dir='ltr'><strong>Neque</strong></span> <span class='ocrx_word' id='word_1_645' title='bbox 453 4716 596 4769; x_wconf 92' lang='lat' dir='ltr'><strong>enim</strong></span> <span class='ocrx_word' id='word_1_646' title='bbox 627 4714 719 4786; x_wconf 91' lang='lat' dir='ltr'><strong>qui</strong></span> <span class='ocrx_word' id='word_1_647' title='bbox 763 4715 838 4769; x_wconf 93' lang='lat' dir='ltr'><strong>ita</strong></span> <span class='ocrx_word' id='word_1_648' title='bbox 881 4714 1046 4770; x_wconf 91' lang='lat' dir='ltr'><strong>sentit</strong></span> <span class='ocrx_word' id='word_1_649' title='bbox 1090 4721 1244 4786; x_wconf 89' lang='lat' dir='ltr'><strong>putat</strong></span> <span class='ocrx_word' id='word_1_650' title='bbox 1288 4710 1550 4788; x_wconf 81' lang='lat' dir='ltr'><strong>voluntati</strong></span> <span class='ocrx_word' id='word_1_651' title='bbox 1580 4709 1679 4766; x_wconf 91' lang='lat' dir='ltr'><strong>Dei</strong></span> <span class='ocrx_word' id='word_1_652' title='bbox 1707 4727 1813 4782; x_wconf 89' lang='lat' dir='ltr'><strong>qua</strong></span> 
     </span>
    </p>
   </div>
   <div class='ocr_carea' id='block_1_80' title="bbox 235 4784 1818 4872">
    <p class='ocr_par' dir='ltr' id='par_1_80' title="bbox 235 4784 1818 4872">
     <span class='ocr_line' id='line_1_80' title="bbox 235 4784 1818 4872; baseline -0.001 -13"><span class='ocrx_word' id='word_1_653' title='bbox 235 4824 255 4859; x_wconf 77' lang='grc' dir='ltr'><strong>ι</strong></span> <span class='ocrx_word' id='word_1_654' title='bbox 280 4808 397 4864; x_wconf 89' lang='lat' dir='ltr'><strong>vult</strong></span> <span class='ocrx_word' id='word_1_655' title='bbox 425 4823 614 4864; x_wconf 92' lang='lat' dir='ltr'><strong>omnes</strong></span> <span class='ocrx_word' id='word_1_656' title='bbox 632 4806 881 4863; x_wconf 91' lang='lat' dir='ltr'><strong>homines</strong></span> <span class='ocrx_word' id='word_1_657' title='bbox 904 4804 1082 4861; x_wconf 89' lang='lat' dir='ltr'><strong>salvos</strong></span> <span class='ocrx_word' id='word_1_658' title='bbox 1094 4784 1238 4869; x_wconf 80' lang='lat' dir='ltr'><strong>lieri,</strong></span> <span class='ocrx_word' id='word_1_659' title='bbox 1266 4822 1285 4857; x_wconf 80' lang='grc' dir='ltr'><strong>ι</strong></span> <span class='ocrx_word' id='word_1_660' title='bbox 1312 4784 1549 4872; x_wconf 76' lang='lat' dir='ltr'><strong>aliquem</strong></span> <span class='ocrx_word' id='word_1_661' title='bbox 1568 4801 1818 4858; x_wconf 87' lang='lat' dir='ltr'><strong>resistere</strong></span> 
     </span>
    </p>
   </div>
   <div class='ocr_carea' id='block_1_81' title="bbox 233 4891 1819 4968">
    <p class='ocr_par' dir='ltr' id='par_1_81' title="bbox 233 4891 1819 4968">
     <span class='ocr_line' id='line_1_81' title="bbox 233 4891 1819 4968; baseline -0.004 -15"><span class='ocrx_word' id='word_1_662' title='bbox 233 4902 286 4953; x_wconf 85' lang='lat' dir='ltr'><strong>et</strong></span> <span class='ocrx_word' id='word_1_663' title='bbox 328 4899 637 4964; x_wconf 88' lang='lat' dir='ltr'><strong>contraire,</strong></span> <span class='ocrx_word' id='word_1_664' title='bbox 668 4905 729 4951; x_wconf 92' lang='lat' dir='ltr'><strong>ut</strong></span> <span class='ocrx_word' id='word_1_665' title='bbox 766 4911 873 4951; x_wconf 93' lang='lat' dir='ltr'><strong>non</strong></span> <span class='ocrx_word' id='word_1_666' title='bbox 902 4895 1076 4968; x_wconf 85' lang='lat' dir='ltr'><strong>possit</strong></span> <span class='ocrx_word' id='word_1_667' title='bbox 1116 4893 1340 4965; x_wconf 89' lang='lat' dir='ltr'><strong>implere</strong></span> <span class='ocrx_word' id='word_1_668' title='bbox 1378 4893 1523 4963; x_wconf 90' lang='lat' dir='ltr'><strong>quod</strong></span> <span class='ocrx_word' id='word_1_669' title='bbox 1566 4891 1732 4959; x_wconf 91' lang='lat' dir='ltr'><strong>velit;</strong></span> <span class='ocrx_word' id='word_1_670' title='bbox 1761 4900 1819 4947; x_wconf 89' lang='lat' dir='ltr'><strong>et</strong></span> 
     </span>
    </p>
   </div>
   <div class='ocr_carea' id='block_1_82' title="bbox 236 4983 1824 5051">
    <p class='ocr_par' dir='ltr' id='par_1_82' title="bbox 236 4983 1824 5051">
     <span class='ocr_line' id='line_1_82' title="bbox 236 4983 1824 5051; baseline -0.005 -6"><span class='ocrx_word' id='word_1_671' title='bbox 236 4992 400 5046; x_wconf 82' lang='lat' dir='ltr'><strong>ambo</strong></span> <span class='ocrx_word' id='word_1_672' title='bbox 428 4990 532 5047; x_wconf 88' lang='lat' dir='ltr'><strong>sibi</strong></span> <span class='ocrx_word' id='word_1_673' title='bbox 552 4997 607 5045; x_wconf 91' lang='lat' dir='ltr'><strong>et</strong></span> <span class='ocrx_word' id='word_1_674' title='bbox 648 4989 750 5044; x_wconf 91' lang='lat' dir='ltr'><strong>iste</strong></span> <span class='ocrx_word' id='word_1_675' title='bbox 776 4986 1029 5042; x_wconf 89' lang='lat' dir='ltr'><strong>videlicet</strong></span> <span class='ocrx_word' id='word_1_676' title='bbox 1055 4994 1111 5041; x_wconf 91' lang='lat' dir='ltr'><strong>et</strong></span> <span class='ocrx_word' id='word_1_677' title='bbox 1141 4985 1233 5041; x_wconf 91' lang='lat' dir='ltr'><strong>ille</strong></span> <span class='ocrx_word' id='word_1_678' title='bbox 1257 5026 1272 5051; x_wconf 93' lang='lat'><strong>,</strong></span> <span class='ocrx_word' id='word_1_679' title='bbox 1300 4985 1428 5040; x_wconf 88' lang='lat' dir='ltr'><strong>licet</strong></span> <span class='ocrx_word' id='word_1_680' title='bbox 1454 4983 1670 5039; x_wconf 88' lang='lat' dir='ltr'><strong>diversa</strong></span> <span class='ocrx_word' id='word_1_681' title='bbox 1700 4998 1824 5038; x_wconf 89' lang='lat' dir='ltr'><strong>sen-</strong></span> 
     </span>
    </p>
   </div>
   <div class='ocr_carea' id='block_1_83' title="bbox 236 5076 1823 5153">
    <p class='ocr_par' dir='ltr' id='par_1_83' title="bbox 236 5076 1823 5153">
     <span class='ocr_line' id='line_1_83' title="bbox 236 5076 1823 5153; baseline -0.003 -16"><span class='ocrx_word' id='word_1_682' title='bbox 236 5082 433 5140; x_wconf 89' lang='lat' dir='ltr'><strong>tientes</strong></span> <span class='ocrx_word' id='word_1_683' title='bbox 452 5124 468 5151; x_wconf 88' lang='lat'><strong>,</strong></span> <span class='ocrx_word' id='word_1_684' title='bbox 494 5082 726 5140; x_wconf 79' lang='lat' dir='ltr'><strong>ﬁdeliter</strong></span> <span class='ocrx_word' id='word_1_685' title='bbox 750 5092 911 5153; x_wconf 90' lang='lat' dir='ltr'><strong>atque</strong></span> <span class='ocrx_word' id='word_1_686' title='bbox 934 5079 1263 5136; x_wconf 89' lang='lat' dir='ltr'><strong>unanimiter</strong></span> <span class='ocrx_word' id='word_1_687' title='bbox 1291 5078 1641 5134; x_wconf 90' lang='lat' dir='ltr'><strong>concordant.</strong></span> <span class='ocrx_word' id='word_1_688' title='bbox 1669 5076 1823 5145; x_wconf 89' lang='lat' dir='ltr'><strong>Quod</strong></span> 
     </span>
    </p>
   </div>
   <div class='ocr_carea' id='block_1_84' title="bbox 238 5167 1826 5247">
    <p class='ocr_par' dir='ltr' id='par_1_84' title="bbox 238 5167 1826 5247">
     <span class='ocr_line' id='line_1_84' title="bbox 238 5167 1826 5247; baseline -0.006 -16"><span class='ocrx_word' id='word_1_689' title='bbox 238 5175 478 5247; x_wconf 87' lang='lat' dir='ltr'><strong>quolibet</strong></span> <span class='ocrx_word' id='word_1_690' title='bbox 516 5174 680 5232; x_wconf 90' lang='lat' dir='ltr'><strong>modo</strong></span> <span class='ocrx_word' id='word_1_691' title='bbox 706 5173 903 5229; x_wconf 88' lang='lat' dir='ltr'><strong>dixerit</strong></span> <span class='ocrx_word' id='word_1_692' title='bbox 940 5173 1231 5244; x_wconf 90' lang='lat' dir='ltr'><strong>Apostolus</strong></span> <span class='ocrx_word' id='word_1_693' title='bbox 1256 5170 1322 5227; x_wconf 90' lang='lat' dir='ltr'><strong>de</strong></span> <span class='ocrx_word' id='word_1_694' title='bbox 1352 5170 1493 5234; x_wconf 90' lang='lat' dir='ltr'><strong>Deo,</strong></span> <span class='ocrx_word' id='word_1_695' title='bbox 1528 5188 1545 5221; x_wconf 75' lang='grc' dir='ltr'><strong>ι</strong></span> <span class='ocrx_word' id='word_1_696' title='bbox 1578 5167 1826 5237; x_wconf 73' lang='grc' dir='ltr'>ριιῑ-νυιι</span> 
     </span>
    </p>
   </div>
   <div class='ocr_carea' id='block_1_85' title="bbox 239 5259 1826 5325">
    <p class='ocr_par' dir='ltr' id='par_1_85' title="bbox 239 5259 1826 5325">
     <span class='ocr_line' id='line_1_85' title="bbox 239 5259 1826 5325; baseline -0.006 -2"><span class='ocrx_word' id='word_1_697' title='bbox 239 5283 430 5325; x_wconf 90' lang='lat' dir='ltr'><strong>omnes</strong></span> <span class='ocrx_word' id='word_1_698' title='bbox 479 5267 723 5324; x_wconf 89' lang='lat' dir='ltr'><strong>homines</strong></span> <span class='ocrx_word' id='word_1_699' title='bbox 769 5265 949 5322; x_wconf 87' lang='lat' dir='ltr'><strong>salvos</strong></span> <span class='ocrx_word' id='word_1_700' title='bbox 994 5264 1111 5321; x_wconf 87' lang='lat' dir='ltr'><strong>lieri</strong></span> <span class='ocrx_word' id='word_1_701' title='bbox 1143 5283 1163 5316; x_wconf 77' lang='grc' dir='ltr'><strong>ι</strong></span> <span class='ocrx_word' id='word_1_702' title='bbox 1201 5272 1383 5318; x_wconf 91' lang='lat' dir='ltr'><strong>tamen</strong></span> <span class='ocrx_word' id='word_1_703' title='bbox 1426 5261 1603 5317; x_wconf 93' lang='lat' dir='ltr'><strong>nullus</strong></span> <span class='ocrx_word' id='word_1_704' title='bbox 1650 5259 1826 5315; x_wconf 88' lang='lat' dir='ltr'><strong>homi-</strong></span> 
     </span>
    </p>
   </div>
   <div class='ocr_carea' id='block_1_86' title="bbox 240 5353 1823 5431">
    <p class='ocr_par' dir='ltr' id='par_1_86' title="bbox 240 5353 1823 5431">
     <span class='ocr_line' id='line_1_86' title="bbox 240 5353 1823 5431; baseline -0.003 -17"><span class='ocrx_word' id='word_1_705' title='bbox 240 5374 391 5426; x_wconf 88' lang='lat' dir='ltr'><strong>num,</strong></span> <span class='ocrx_word' id='word_1_706' title='bbox 418 5359 520 5415; x_wconf 89' lang='lat' dir='ltr'><strong>nisi</strong></span> <span class='ocrx_word' id='word_1_707' title='bbox 555 5359 791 5431; x_wconf 88' lang='lat' dir='ltr'><strong>gratuita</strong></span> <span class='ocrx_word' id='word_1_708' title='bbox 819 5356 936 5427; x_wconf 88' lang='lat' dir='ltr'><strong>ejus</strong></span> <span class='ocrx_word' id='word_1_709' title='bbox 956 5355 1330 5412; x_wconf 80' lang='lat' dir='ltr'><strong>misericordia</strong></span> <span class='ocrx_word' id='word_1_710' title='bbox 1358 5353 1617 5420; x_wconf 90' lang='lat' dir='ltr'><strong>salvetur,</strong></span> <span class='ocrx_word' id='word_1_711' title='bbox 1645 5353 1823 5409; x_wconf 91' lang='lat' dir='ltr'><strong>nullus</strong></span> 
     </span>
    </p>
   </div>
   <div class='ocr_carea' id='block_1_87' title="bbox 242 5446 1824 5525">
    <p class='ocr_par' dir='ltr' id='par_1_87' title="bbox 242 5446 1824 5525">
     <span class='ocr_line' id='line_1_87' title="bbox 242 5446 1824 5525; baseline -0.004 -16"><span class='ocrx_word' id='word_1_712' title='bbox 242 5453 345 5511; x_wconf 90' lang='lat' dir='ltr'><strong>nisi</strong></span> <span class='ocrx_word' id='word_1_713' title='bbox 366 5453 513 5525; x_wconf 87' lang='lat' dir='ltr'><strong>justo</strong></span> <span class='ocrx_word' id='word_1_714' title='bbox 541 5451 658 5525; x_wconf 88' lang='lat' dir='ltr'><strong>ejus</strong></span> <span class='ocrx_word' id='word_1_715' title='bbox 688 5451 890 5524; x_wconf 91' lang='lat' dir='ltr'><strong>judicio</strong></span> <span class='ocrx_word' id='word_1_716' title='bbox 913 5451 1092 5522; x_wconf 89' lang='lat' dir='ltr'><strong>perire</strong></span> <span class='ocrx_word' id='word_1_717' title='bbox 1117 5448 1479 5521; x_wconf 88' lang='lat' dir='ltr'><strong>permittatur.</strong></span> <span class='ocrx_word' id='word_1_718' title='bbox 1512 5447 1671 5503; x_wconf 91' lang='lat' dir='ltr'><strong>Certe</strong></span> <span class='ocrx_word' id='word_1_719' title='bbox 1694 5446 1824 5503; x_wconf 91' lang='lat' dir='ltr'><strong>illud</strong></span> 
     </span>
    </p>
   </div>
   <div class='ocr_carea' id='block_1_88' title="bbox 246 5540 1825 5618">
    <p class='ocr_par' dir='ltr' id='par_1_88' title="bbox 246 5540 1825 5618">
     <span class='ocr_line' id='line_1_88' title="bbox 246 5540 1825 5618; baseline -0.006 -16"><span class='ocrx_word' id='word_1_720' title='bbox 246 5545 297 5603; x_wconf 92' lang='lat' dir='ltr'><strong>in</strong></span> <span class='ocrx_word' id='word_1_721' title='bbox 323 5548 427 5604; x_wconf 88' lang='lat' dir='ltr'><strong>hac</strong></span> <span class='ocrx_word' id='word_1_722' title='bbox 445 5547 741 5618; x_wconf 58' lang='lat' dir='ltr'><strong>quastione</strong></span> <span class='ocrx_word' id='word_1_723' title='bbox 769 5543 1113 5601; x_wconf 85' lang='lat' dir='ltr'><strong>manifestum</strong></span> <span class='ocrx_word' id='word_1_724' title='bbox 1138 5551 1239 5608; x_wconf 83' lang='lat' dir='ltr'><strong>est,</strong></span> <span class='ocrx_word' id='word_1_725' title='bbox 1263 5541 1405 5613; x_wconf 91' lang='lat' dir='ltr'><strong>quod</strong></span> <span class='ocrx_word' id='word_1_726' title='bbox 1428 5540 1639 5595; x_wconf 88' lang='lat' dir='ltr'><strong>etiamsi</strong></span> <span class='ocrx_word' id='word_1_727' title='bbox 1663 5553 1825 5612; x_wconf 84' lang='lat' dir='ltr'><strong>gene-</strong></span> 
     </span>
    </p>
   </div>
   <div class='ocr_carea' id='block_1_89' title="bbox 230 5633 1826 5709">
    <p class='ocr_par' dir='ltr' id='par_1_89' title="bbox 230 5633 1826 5709">
     <span class='ocr_line' id='line_1_89' title="bbox 230 5633 1826 5709; baseline -0.004 -12"><span class='ocrx_word' id='word_1_728' title='bbox 230 5640 431 5709; x_wconf 70' lang='lat' dir='ltr'><strong>,raliter</strong></span> <span class='ocrx_word' id='word_1_729' title='bbox 454 5679 470 5706; x_wconf 95' lang='lat'><strong>,</strong></span> <span class='ocrx_word' id='word_1_730' title='bbox 500 5637 942 5695; x_wconf 74' lang='lat' dir='ltr'><strong>etindill‘erenter</strong></span> <span class='ocrx_word' id='word_1_731' title='bbox 969 5655 988 5688; x_wconf 78' lang='grc' dir='ltr'>ί</span> <span class='ocrx_word' id='word_1_732' title='bbox 1020 5651 1210 5691; x_wconf 89' lang='lat' dir='ltr'><strong>omnes</strong></span> <span class='ocrx_word' id='word_1_733' title='bbox 1237 5634 1486 5691; x_wconf 89' lang='lat' dir='ltr'><strong>homines</strong></span> <span class='ocrx_word' id='word_1_734' title='bbox 1532 5633 1673 5689; x_wconf 86' lang='lat' dir='ltr'><strong>Deus</strong></span> <span class='ocrx_word' id='word_1_735' title='bbox 1714 5634 1826 5690; x_wconf 90' lang='lat' dir='ltr'><strong>vult</strong></span> 
     </span>
    </p>
   </div>
   <div class='ocr_carea' id='block_1_90' title="bbox 240 5725 1827 5815">
    <p class='ocr_par' dir='ltr' id='par_1_90' title="bbox 240 5725 1827 5815">
     <span class='ocr_line' id='line_1_90' title="bbox 240 5725 1827 5815; baseline -0.003 -26"><span class='ocrx_word' id='word_1_736' title='bbox 240 5730 424 5815; x_wconf 54' lang='lat' dir='ltr'><strong>salvos</strong></span> <span class='ocrx_word' id='word_1_737' title='bbox 448 5730 591 5807; x_wconf 83' lang='lat' dir='ltr'><strong>lleri,</strong></span> <span class='ocrx_word' id='word_1_738' title='bbox 619 5749 640 5789; x_wconf 79' lang='grc' dir='ltr'><strong>ι</strong></span> <span class='ocrx_word' id='word_1_739' title='bbox 674 5729 733 5790; x_wconf 87' lang='lat' dir='ltr'><strong>in</strong></span> <span class='ocrx_word' id='word_1_740' title='bbox 761 5727 991 5788; x_wconf 84' lang='lat' dir='ltr'><strong>aliorum</strong></span> <span class='ocrx_word' id='word_1_741' title='bbox 1015 5736 1196 5786; x_wconf 87' lang='lat' dir='ltr'><strong>tamen</strong></span> <span class='ocrx_word' id='word_1_742' title='bbox 1226 5725 1479 5786; x_wconf 89' lang='lat' dir='ltr'><strong>cordibus</strong></span> <span class='ocrx_word' id='word_1_743' title='bbox 1498 5725 1827 5800; x_wconf 77' lang='lat' dir='ltr'><strong>benignitate</strong></span> 
     </span>
    </p>
   </div>
   <div class='ocr_carea' id='block_1_91' title="bbox 1835 4488 1890 4552">
    <p class='ocr_par' dir='ltr' id='par_1_91' title="bbox 1835 4488 1890 4552">
     <span class='ocr_line' id='line_1_91' title="bbox 1835 4488 1890 4552; baseline 0 0"><span class='ocrx_word' id='word_1_744' title='bbox 1835 4488 1890 4552; x_wconf 90' lang='lat' dir='ltr'><strong>D</strong></span> 
     </span>
    </p>
   </div>
   <div class='ocr_carea' id='block_1_92' title="bbox 1906 3244 3484 3323">
    <p class='ocr_par' dir='ltr' id='par_1_92' title="bbox 1906 3244 3484 3323">
     <span class='ocr_line' id='line_1_92' title="bbox 1906 3244 3484 3323; baseline -0.004 -17"><span class='ocrx_word' id='word_1_745' title='bbox 1906 3251 2046 3308; x_wconf 91' lang='lat' dir='ltr'><strong>libus</strong></span> <span class='ocrx_word' id='word_1_746' title='bbox 2071 3252 2409 3323; x_wconf 89' lang='lat' dir='ltr'><strong>interroget,</strong></span> <span class='ocrx_word' id='word_1_747' title='bbox 2448 3252 2576 3322; x_wconf 90' lang='lat' dir='ltr'><strong>quid</strong></span> <span class='ocrx_word' id='word_1_748' title='bbox 2630 3251 2683 3306; x_wconf 93' lang='lat' dir='ltr'><strong>in</strong></span> <span class='ocrx_word' id='word_1_749' title='bbox 2715 3252 2795 3307; x_wconf 89' lang='lat' dir='ltr'><strong>eis</strong></span> <span class='ocrx_word' id='word_1_750' title='bbox 2832 3250 3004 3323; x_wconf 84' lang='lat' dir='ltr'><strong>egerit</strong></span> <span class='ocrx_word' id='word_1_751' title='bbox 3052 3247 3301 3304; x_wconf 88' lang='lat' dir='ltr'><strong>voluntas</strong></span> <span class='ocrx_word' id='word_1_752' title='bbox 3344 3244 3484 3311; x_wconf 85' lang='lat' dir='ltr'><strong>Dei,</strong></span> 
     </span>
    </p>
   </div>
   <div class='ocr_carea' id='block_1_93' title="bbox 1914 3336 3492 3417">
    <p class='ocr_par' dir='ltr' id='par_1_93' title="bbox 1914 3336 3492 3417">
     <span class='ocr_line' id='line_1_93' title="bbox 1914 3336 3492 3417; baseline -0.004 -20"><span class='ocrx_word' id='word_1_753' title='bbox 1914 3363 1933 3397; x_wconf 75' lang='grc' dir='ltr'><strong>ι</strong></span> <span class='ocrx_word' id='word_1_754' title='bbox 1971 3345 2061 3417; x_wconf 89' lang='lat' dir='ltr'><strong>qui</strong></span> <span class='ocrx_word' id='word_1_755' title='bbox 2096 3362 2285 3402; x_wconf 89' lang='lat' dir='ltr'><strong>omnes</strong></span> <span class='ocrx_word' id='word_1_756' title='bbox 2325 3345 2571 3400; x_wconf 87' lang='lat' dir='ltr'><strong>homines</strong></span> <span class='ocrx_word' id='word_1_757' title='bbox 2605 3348 2719 3399; x_wconf 89' lang='lat' dir='ltr'><strong>vult</strong></span> <span class='ocrx_word' id='word_1_758' title='bbox 2753 3343 2929 3400; x_wconf 91' lang='lat' dir='ltr'><strong>salvos</strong></span> <span class='ocrx_word' id='word_1_759' title='bbox 2962 3342 3075 3396; x_wconf 85' lang='lat' dir='ltr'><strong>ﬁeri</strong></span> <span class='ocrx_word' id='word_1_760' title='bbox 3106 3382 3121 3407; x_wconf 92' lang='lat'><strong>,</strong></span> <span class='ocrx_word' id='word_1_761' title='bbox 3167 3349 3221 3395; x_wconf 92' lang='lat' dir='ltr'><strong>et</strong></span> <span class='ocrx_word' id='word_1_762' title='bbox 3245 3338 3309 3393; x_wconf 85' lang='lat' dir='ltr'><strong>ad</strong></span> <span class='ocrx_word' id='word_1_763' title='bbox 3340 3336 3492 3409; x_wconf 83' lang='lat' dir='ltr'><strong>agni-</strong></span> 
     </span>
    </p>
   </div>
   <div class='ocr_carea' id='block_1_94' title="bbox 1906 3426 3492 3504">
    <p class='ocr_par' dir='ltr' id='par_1_94' title="bbox 1906 3426 3492 3504">
     <span class='ocr_line' id='line_1_94' title="bbox 1906 3426 3492 3504; baseline -0.009 -10"><span class='ocrx_word' id='word_1_764' title='bbox 1906 3438 2111 3494; x_wconf 86' lang='lat' dir='ltr'><strong>tionem</strong></span> <span class='ocrx_word' id='word_1_765' title='bbox 2135 3437 2377 3492; x_wconf 88' lang='lat' dir='ltr'><strong>veritatis</strong></span> <span class='ocrx_word' id='word_1_766' title='bbox 2399 3437 2607 3499; x_wconf 89' lang='lat' dir='ltr'><strong>venire,</strong></span> <span class='ocrx_word' id='word_1_767' title='bbox 2637 3455 2654 3486; x_wconf 76' lang='grc' dir='ltr'><strong>ι</strong></span> <span class='ocrx_word' id='word_1_768' title='bbox 2681 3434 2811 3504; x_wconf 91' lang='lat' dir='ltr'><strong>quid</strong></span> <span class='ocrx_word' id='word_1_769' title='bbox 2837 3427 3284 3503; x_wconf 83' lang='lat' dir='ltr'><strong>respondebitur?</strong></span> <span class='ocrx_word' id='word_1_770' title='bbox 3306 3426 3492 3481; x_wconf 86' lang='lat' dir='ltr'><strong>Nonne</strong></span> 
     </span>
    </p>
   </div>
   <div class='ocr_carea' id='block_1_95' title="bbox 1908 3523 3492 3596">
    <p class='ocr_par' dir='ltr' id='par_1_95' title="bbox 1908 3523 3492 3596">
     <span class='ocr_line' id='line_1_95' title="bbox 1908 3523 3492 3596; baseline -0.008 -12"><span class='ocrx_word' id='word_1_771' title='bbox 1908 3528 2071 3585; x_wconf 91' lang='lat' dir='ltr'><strong>homo</strong></span> <span class='ocrx_word' id='word_1_772' title='bbox 2096 3535 2286 3583; x_wconf 90' lang='lat' dir='ltr'><strong>cautus</strong></span> <span class='ocrx_word' id='word_1_773' title='bbox 2313 3535 2368 3581; x_wconf 90' lang='lat' dir='ltr'><strong>et</strong></span> <span class='ocrx_word' id='word_1_774' title='bbox 2394 3527 2516 3596; x_wconf 88' lang='lat' dir='ltr'><strong>pius</strong></span> <span class='ocrx_word' id='word_1_775' title='bbox 2545 3525 2718 3596; x_wconf 89' lang='lat' dir='ltr'><strong>magis</strong></span> <span class='ocrx_word' id='word_1_776' title='bbox 2763 3524 2924 3596; x_wconf 86' lang='lat' dir='ltr'><strong>eliget</strong></span> <span class='ocrx_word' id='word_1_777' title='bbox 2960 3532 3141 3577; x_wconf 92' lang='lat' dir='ltr'><strong>tacere</strong></span> <span class='ocrx_word' id='word_1_778' title='bbox 3163 3561 3178 3586; x_wconf 93' lang='lat'><strong>,</strong></span> <span class='ocrx_word' id='word_1_779' title='bbox 3218 3528 3308 3574; x_wconf 90' lang='lat' dir='ltr'><strong>aut</strong></span> <span class='ocrx_word' id='word_1_780' title='bbox 3344 3523 3492 3572; x_wconf 88' lang='lat' dir='ltr'><strong>certe</strong></span> 
     </span>
    </p>
   </div>
   <div class='ocr_carea' id='block_1_96' title="bbox 1909 3606 3495 3687">
    <p class='ocr_par' dir='ltr' id='par_1_96' title="bbox 1909 3606 3495 3687">
     <span class='ocr_line' id='line_1_96' title="bbox 1909 3606 3495 3687; baseline -0.009 -14"><span class='ocrx_word' id='word_1_781' title='bbox 1909 3633 2033 3673; x_wconf 91' lang='lat' dir='ltr'><strong>cum</strong></span> <span class='ocrx_word' id='word_1_782' title='bbox 2069 3617 2337 3687; x_wconf 87' lang='lat' dir='ltr'><strong>Propheta</strong></span> <span class='ocrx_word' id='word_1_783' title='bbox 2363 3623 2418 3683; x_wconf 85' lang='lat' dir='ltr'><strong>et</strong></span> <span class='ocrx_word' id='word_1_784' title='bbox 2440 3615 2699 3686; x_wconf 87' lang='lat' dir='ltr'><strong>Apostolo</strong></span> <span class='ocrx_word' id='word_1_785' title='bbox 2724 3614 3032 3669; x_wconf 83' lang='lat' dir='ltr'><strong>exclamare</strong></span> <span class='ocrx_word' id='word_1_786' title='bbox 3062 3624 3081 3663; x_wconf 88' lang='lat'><strong><em>:</em></strong></span> <span class='ocrx_word' id='word_1_787' title='bbox 3110 3629 3128 3663; x_wconf 84' lang='grc' dir='ltr'><strong>ι</strong></span> <span class='ocrx_word' id='word_1_788' title='bbox 3162 3606 3368 3663; x_wconf 85' lang='lat' dir='ltr'><strong>Judicia</strong></span> <span class='ocrx_word' id='word_1_789' title='bbox 3401 3612 3495 3681; x_wconf 64' lang='lat' dir='ltr'><strong>tua</strong></span> 
     </span>
    </p>
   </div>
   <div class='ocr_carea' id='block_1_97' title="bbox 1910 3699 3490 3780">
    <p class='ocr_par' dir='ltr' id='par_1_97' title="bbox 1910 3699 3490 3780">
     <span class='ocr_line' id='line_1_97' title="bbox 1910 3699 3490 3780; baseline -0.006 -16"><span class='ocrx_word' id='word_1_790' title='bbox 1910 3710 2139 3780; x_wconf 87' lang='lat' dir='ltr'><strong>abyssus</strong></span> <span class='ocrx_word' id='word_1_791' title='bbox 2164 3708 2332 3763; x_wconf 90' lang='lat' dir='ltr'><strong>multa</strong></span> <span class='ocrx_word' id='word_1_792' title='bbox 2363 3705 2536 3779; x_wconf 83' lang='lat' dir='ltr'><strong>(Psal.</strong></span> <span class='ocrx_word' id='word_1_793' title='bbox 2567 3721 2731 3777; x_wconf 79' lang='lat' dir='ltr'><strong>xxxv,</strong></span> <span class='ocrx_word' id='word_1_794' title='bbox 2761 3706 2837 3777; x_wconf 88' lang='lat'><strong>7);</strong></span> <span class='ocrx_word' id='word_1_795' title='bbox 2875 3724 2894 3771; x_wconf 69' lang='grc' dir='ltr'><strong>ι</strong></span> <span class='ocrx_word' id='word_1_796' title='bbox 2925 3714 3016 3760; x_wconf 85' lang='lat' dir='ltr'><strong>et:</strong></span> <span class='ocrx_word' id='word_1_797' title='bbox 3046 3708 3070 3755; x_wconf 73' lang='lat' dir='ltr'><strong>‘i</strong></span> <span class='ocrx_word' id='word_1_798' title='bbox 3098 3703 3142 3758; x_wconf 93' lang='grc'>0</span> <span class='ocrx_word' id='word_1_799' title='bbox 3162 3699 3490 3773; x_wconf 74' lang='lat' dir='ltr'><strong>profundum</strong></span> 
     </span>
    </p>
   </div>
   <div class='ocr_carea' id='block_1_98' title="bbox 1911 3788 3494 3868">
    <p class='ocr_par' dir='ltr' id='par_1_98' title="bbox 1911 3788 3494 3868">
     <span class='ocr_line' id='line_1_98' title="bbox 1911 3788 3494 3868; baseline -0.006 -14"><span class='ocrx_word' id='word_1_800' title='bbox 1911 3799 2221 3854; x_wconf 90' lang='lat' dir='ltr'><strong>divitiarum</strong></span> <span class='ocrx_word' id='word_1_801' title='bbox 2267 3788 2545 3868; x_wconf 65' lang='lat' dir='ltr'><strong>sapientia:</strong></span> <span class='ocrx_word' id='word_1_802' title='bbox 2580 3805 2636 3852; x_wconf 89' lang='lat' dir='ltr'><strong>et</strong></span> <span class='ocrx_word' id='word_1_803' title='bbox 2674 3796 2913 3852; x_wconf 63' lang='lat' dir='ltr'><strong>scientiae</strong></span> <span class='ocrx_word' id='word_1_804' title='bbox 2946 3794 3060 3861; x_wconf 87' lang='lat' dir='ltr'><strong>Dei.</strong></span> <span class='ocrx_word' id='word_1_805' title='bbox 3086 3791 3256 3861; x_wconf 90' lang='lat' dir='ltr'><strong>Quam</strong></span> <span class='ocrx_word' id='word_1_806' title='bbox 3286 3791 3494 3846; x_wconf 88' lang='lat' dir='ltr'><strong>incom-</strong></span> 
     </span>
    </p>
   </div>
   <div class='ocr_carea' id='block_1_99' title="bbox 1906 3870 3495 3963">
    <p class='ocr_par' dir='ltr' id='par_1_99' title="bbox 1906 3870 3495 3963">
     <span class='ocr_line' id='line_1_99' title="bbox 1906 3870 3495 3963; baseline -0.006 -17"><span class='ocrx_word' id='word_1_807' title='bbox 1906 3888 2295 3963; x_wconf 89' lang='lat' dir='ltr'><strong>prehensibilia</strong></span> <span class='ocrx_word' id='word_1_808' title='bbox 2319 3896 2445 3944; x_wconf 89' lang='lat' dir='ltr'><strong>sunt</strong></span> <span class='ocrx_word' id='word_1_809' title='bbox 2463 3889 2664 3960; x_wconf 85' lang='lat' dir='ltr'><strong>judicia</strong></span> <span class='ocrx_word' id='word_1_810' title='bbox 2703 3887 2819 3958; x_wconf 85' lang='lat' dir='ltr'><strong>ejus</strong></span> <span class='ocrx_word' id='word_1_811' title='bbox 2854 3897 2929 3955; x_wconf 92' lang='lat' dir='ltr'><strong>et,</strong></span> <span class='ocrx_word' id='word_1_812' title='bbox 2956 3870 3369 3956; x_wconf 85' lang='lat' dir='ltr'><strong>investigabiles</strong></span> <span class='ocrx_word' id='word_1_813' title='bbox 3391 3881 3495 3937; x_wconf 72' lang='lat' dir='ltr'><strong>vite</strong></span> 
     </span>
    </p>
   </div>
   <div class='ocr_carea' id='block_1_100' title="bbox 1910 3968 3497 4052">
    <p class='ocr_par' dir='ltr' id='par_1_100' title="bbox 1910 3968 3497 4052">
     <span class='ocr_line' id='line_1_100' title="bbox 1910 3968 3497 4052; baseline -0.006 -17"><span class='ocrx_word' id='word_1_814' title='bbox 1910 3980 2027 4051; x_wconf 86' lang='lat' dir='ltr'><strong>ejus</strong></span> <span class='ocrx_word' id='word_1_815' title='bbox 2058 3972 2236 4052; x_wconf 73' lang='lat' dir='ltr'><strong>(Rom.</strong></span> <span class='ocrx_word' id='word_1_816' title='bbox 2267 3994 2347 4048; x_wconf 69' lang='grc' dir='ltr'><strong>ιι,</strong></span> <span class='ocrx_word' id='word_1_817' title='bbox 2394 3978 2508 4052; x_wconf 78' lang='lat'><strong>35).</strong></span> <span class='ocrx_word' id='word_1_818' title='bbox 2554 3999 2574 4034; x_wconf 78' lang='grc' dir='ltr'><strong>ι</strong></span> <span class='ocrx_word' id='word_1_819' title='bbox 2607 3978 2685 4036; x_wconf 86' lang='lat' dir='ltr'><strong>De</strong></span> <span class='ocrx_word' id='word_1_820' title='bbox 2724 3978 2829 4035; x_wconf 93' lang='lat' dir='ltr'><strong>hoc</strong></span> <span class='ocrx_word' id='word_1_821' title='bbox 2869 3991 2999 4049; x_wconf 88' lang='lat' dir='ltr'><strong>ergo</strong></span> <span class='ocrx_word' id='word_1_822' title='bbox 3019 3973 3254 4047; x_wconf 78' lang='lat' dir='ltr'><strong>capitulo</strong></span> <span class='ocrx_word' id='word_1_823' title='bbox 3288 3972 3390 4029; x_wconf 90' lang='lat' dir='ltr'><strong>iste</strong></span> <span class='ocrx_word' id='word_1_824' title='bbox 3422 3968 3497 4027; x_wconf 88' lang='lat' dir='ltr'><strong>sit</strong></span> 
     </span>
    </p>
   </div>
   <div class='ocr_carea' id='block_1_101' title="bbox 1910 4066 2058 4129">
    <p class='ocr_par' dir='ltr' id='par_1_101' title="bbox 1910 4066 2058 4129">
     <span class='ocr_line' id='line_1_101' title="bbox 1910 4066 2058 4129; baseline 0.007 -1"><span class='ocrx_word' id='word_1_825' title='bbox 1910 4066 2058 4129; x_wconf 68' lang='lat' dir='ltr'><strong>linis.</strong></span> 
     </span>
    </p>
   </div>
   <div class='ocr_carea' id='block_1_102' title="bbox 2496 4206 2901 4268">
    <p class='ocr_par' dir='ltr' id='par_1_102' title="bbox 2496 4206 2901 4268">
     <span class='ocr_line' id='line_1_102' title="bbox 2496 4206 2901 4268; baseline -0.015 0"><span class='ocrx_word' id='word_1_826' title='bbox 2496 4206 2725 4268; x_wconf 71' lang='lat' dir='ltr'><strong>CAPUT</strong></span> <span class='ocrx_word' id='word_1_827' title='bbox 2762 4206 2901 4265; x_wconf 78' lang='lat' dir='ltr'><strong>Xﬂl.</strong></span> 
     </span>
    </p>
   </div>
   <div class='ocr_carea' id='block_1_103' title="bbox 1913 4312 3500 4447">
    <p class='ocr_par' dir='ltr' id='par_1_103' title="bbox 1913 4312 3500 4447">
     <span class='ocr_line' id='line_1_103' title="bbox 1913 4312 3500 4447; baseline -0.009 -65"><span class='ocrx_word' id='word_1_828' title='bbox 1913 4325 2163 4398; x_wconf 80' lang='lat' dir='ltr'><strong>Sequitur</strong></span> <span class='ocrx_word' id='word_1_829' title='bbox 2204 4321 2441 4395; x_wconf 74' lang='lat' dir='ltr'><strong>deﬁnitio</strong></span> <span class='ocrx_word' id='word_1_830' title='bbox 2484 4330 2864 4447; x_wconf 47' lang='lat' dir='ltr'><strong>quaizzdcz‘uw</strong></span> <span class='ocrx_word' id='word_1_831' title='bbox 2894 4327 2949 4373; x_wconf 75' lang='lat' dir='ltr'><strong>et</strong></span> <span class='ocrx_word' id='word_1_832' title='bbox 2977 4315 3168 4373; x_wconf 66' lang='lat' dir='ltr'><strong>ultima</strong></span> <span class='ocrx_word' id='word_1_833' title='bbox 3192 4320 3300 4378; x_wconf 68' lang='lat' dir='ltr'><strong>ut,</strong></span> <span class='ocrx_word' id='word_1_834' title='bbox 3329 4312 3409 4367; x_wconf 75' lang='grc' dir='ltr'>ιω</span> <span class='ocrx_word' id='word_1_835' title='bbox 3438 4318 3500 4368; x_wconf 68' lang='lat' dir='ltr'><strong>lc</strong></span> 
     </span>
    </p>
   </div>
   <div class='ocr_carea' id='block_1_104' title="bbox 1994 4537 3504 4619">
    <p class='ocr_par' dir='ltr' id='par_1_104' title="bbox 1994 4537 3504 4619">
     <span class='ocr_line' id='line_1_104' title="bbox 1994 4537 3504 4619; baseline -0.007 -17"><span class='ocrx_word' id='word_1_836' title='bbox 1994 4568 2015 4602; x_wconf 83' lang='grc'><em>‹</em></span> <span class='ocrx_word' id='word_1_837' title='bbox 2067 4547 2319 4605; x_wconf 89' lang='lat' dir='ltr'><strong>Christus</strong></span> <span class='ocrx_word' id='word_1_838' title='bbox 2361 4544 2521 4605; x_wconf 85' lang='lat' dir='ltr'><strong>Jesus</strong></span> <span class='ocrx_word' id='word_1_839' title='bbox 2561 4545 2822 4605; x_wconf 83' lang='lat' dir='ltr'><strong>Dominus</strong></span> <span class='ocrx_word' id='word_1_840' title='bbox 2868 4551 3084 4613; x_wconf 80' lang='lat' dir='ltr'><strong>noster,</strong></span> <span class='ocrx_word' id='word_1_841' title='bbox 3134 4540 3276 4599; x_wconf 89' lang='lat' dir='ltr'><strong>sicut</strong></span> <span class='ocrx_word' id='word_1_842' title='bbox 3324 4537 3504 4619; x_wconf 65' lang='lat' dir='ltr'><strong>nullus</strong></span> 
     </span>
    </p>
   </div>
   <div class='ocr_carea' id='block_1_105' title="bbox 1918 4623 3505 4707">
    <p class='ocr_par' dir='ltr' id='par_1_105' title="bbox 1918 4623 3505 4707">
     <span class='ocr_line' id='line_1_105' title="bbox 1918 4623 3505 4707; baseline -0.009 -9"><span class='ocrx_word' id='word_1_843' title='bbox 1918 4641 2081 4701; x_wconf 90' lang='lat' dir='ltr'><strong>homo</strong></span> <span class='ocrx_word' id='word_1_844' title='bbox 2105 4648 2212 4707; x_wconf 89' lang='lat' dir='ltr'><strong>est,</strong></span> <span class='ocrx_word' id='word_1_845' title='bbox 2239 4638 2360 4705; x_wconf 82' lang='lat' dir='ltr'><strong>fuit,</strong></span> <span class='ocrx_word' id='word_1_846' title='bbox 2383 4636 2469 4695; x_wconf 88' lang='lat' dir='ltr'><strong>vel</strong></span> <span class='ocrx_word' id='word_1_847' title='bbox 2489 4636 2613 4702; x_wconf 88' lang='lat' dir='ltr'><strong>erit,</strong></span> <span class='ocrx_word' id='word_1_848' title='bbox 2639 4636 2793 4707; x_wconf 90' lang='lat' dir='ltr'><strong>cujus</strong></span> <span class='ocrx_word' id='word_1_849' title='bbox 2819 4623 3087 4690; x_wconf 89' lang='lat' dir='ltr'><strong>naturain</strong></span> <span class='ocrx_word' id='word_1_850' title='bbox 3116 4630 3205 4687; x_wconf 93' lang='lat' dir='ltr'><strong>illo</strong></span> <span class='ocrx_word' id='word_1_851' title='bbox 3224 4638 3505 4701; x_wconf 76' lang='lat' dir='ltr'><strong>assumpta</strong></span> 
     </span>
    </p>
   </div>
   <div class='ocr_carea' id='block_1_106' title="bbox 1918 4724 3506 4803">
    <p class='ocr_par' dir='ltr' id='par_1_106' title="bbox 1918 4724 3506 4803">
     <span class='ocr_line' id='line_1_106' title="bbox 1918 4724 3506 4803; baseline -0.008 -16"><span class='ocrx_word' id='word_1_852' title='bbox 1918 4748 2026 4789; x_wconf 90' lang='lat' dir='ltr'><strong>nou</strong></span> <span class='ocrx_word' id='word_1_853' title='bbox 2054 4730 2242 4796; x_wconf 81' lang='lat' dir='ltr'><strong>fuerit,</strong></span> <span class='ocrx_word' id='word_1_854' title='bbox 2272 4730 2346 4789; x_wconf 88' lang='lat' dir='ltr'><strong>ita</strong></span> <span class='ocrx_word' id='word_1_855' title='bbox 2379 4728 2555 4784; x_wconf 91' lang='lat' dir='ltr'><strong>nullus</strong></span> <span class='ocrx_word' id='word_1_856' title='bbox 2574 4737 2676 4795; x_wconf 89' lang='lat' dir='ltr'><strong>est,</strong></span> <span class='ocrx_word' id='word_1_857' title='bbox 2706 4726 2806 4782; x_wconf 84' lang='lat' dir='ltr'><strong>fuit</strong></span> <span class='ocrx_word' id='word_1_858' title='bbox 2831 4724 2913 4785; x_wconf 84' lang='lat' dir='ltr'><strong>vel</strong></span> <span class='ocrx_word' id='word_1_859' title='bbox 2941 4724 3047 4803; x_wconf 85' lang='lat' dir='ltr'><strong>erit</strong></span> <span class='ocrx_word' id='word_1_860' title='bbox 3066 4724 3250 4803; x_wconf 68' lang='lat' dir='ltr'><strong>homo,</strong></span> <span class='ocrx_word' id='word_1_861' title='bbox 3277 4738 3376 4793; x_wconf 91' lang='lat' dir='ltr'><strong>pro</strong></span> <span class='ocrx_word' id='word_1_862' title='bbox 3398 4735 3506 4791; x_wconf 81' lang='lat' dir='ltr'><strong>quo</strong></span> 
     </span>
    </p>
   </div>
   <div class='ocr_carea' id='block_1_107' title="bbox 1918 4802 3504 4901">
    <p class='ocr_par' dir='ltr' id='par_1_107' title="bbox 1918 4802 3504 4901">
     <span class='ocr_line' id='line_1_107' title="bbox 1918 4802 3504 4901; baseline -0.008 -21"><span class='ocrx_word' id='word_1_863' title='bbox 1918 4840 2112 4901; x_wconf 86' lang='lat' dir='ltr'><strong>passus</strong></span> <span class='ocrx_word' id='word_1_864' title='bbox 2155 4839 2261 4879; x_wconf 91' lang='lat' dir='ltr'><strong>non</strong></span> <span class='ocrx_word' id='word_1_865' title='bbox 2297 4821 2479 4887; x_wconf 80' lang='lat' dir='ltr'><strong>fuerit,</strong></span> <span class='ocrx_word' id='word_1_866' title='bbox 2508 4819 2637 4877; x_wconf 91' lang='lat' dir='ltr'><strong>licet</strong></span> <span class='ocrx_word' id='word_1_867' title='bbox 2678 4836 2786 4889; x_wconf 88' lang='lat' dir='ltr'><strong>non</strong></span> <span class='ocrx_word' id='word_1_868' title='bbox 2835 4833 3024 4875; x_wconf 91' lang='lat' dir='ltr'><strong>omnes</strong></span> <span class='ocrx_word' id='word_1_869' title='bbox 3069 4802 3340 4889; x_wconf 66' lang='lat' dir='ltr'><strong>passionis</strong></span> <span class='ocrx_word' id='word_1_870' title='bbox 3385 4810 3504 4882; x_wconf 80' lang='lat' dir='ltr'><strong>ejus</strong></span> 
     </span>
    </p>
   </div>
   <div class='ocr_carea' id='block_1_108' title="bbox 1918 4910 3510 4991">
    <p class='ocr_par' dir='ltr' id='par_1_108' title="bbox 1918 4910 3510 4991">
     <span class='ocr_line' id='line_1_108' title="bbox 1918 4910 3510 4991; baseline -0.01 -19"><span class='ocrx_word' id='word_1_871' title='bbox 1918 4910 2180 4989; x_wconf 79' lang='lat' dir='ltr'><strong>mysterio</strong></span> <span class='ocrx_word' id='word_1_872' title='bbox 2211 4914 2562 4970; x_wconf 90' lang='lat' dir='ltr'><strong>redimantur.</strong></span> <span class='ocrx_word' id='word_1_873' title='bbox 2595 4910 2747 4991; x_wconf 80' lang='lat' dir='ltr'><strong>Quod</strong></span> <span class='ocrx_word' id='word_1_874' title='bbox 2777 4919 2955 4965; x_wconf 89' lang='lat' dir='ltr'><strong>autem</strong></span> <span class='ocrx_word' id='word_1_875' title='bbox 3001 4924 3109 4965; x_wconf 88' lang='lat' dir='ltr'><strong>non</strong></span> <span class='ocrx_word' id='word_1_876' title='bbox 3147 4919 3338 4965; x_wconf 88' lang='lat' dir='ltr'><strong>omnes</strong></span> <span class='ocrx_word' id='word_1_877' title='bbox 3383 4918 3510 4981; x_wconf 62' lang='lat' dir='ltr'><strong>pas-</strong></span> 
     </span>
    </p>
   </div>
   <div class='ocr_carea' id='block_1_109' title="bbox 1924 4995 3509 5078">
    <p class='ocr_par' dir='ltr' id='par_1_109' title="bbox 1924 4995 3509 5078">
     <span class='ocr_line' id='line_1_109' title="bbox 1924 4995 3509 5078; baseline -0.008 -15"><span class='ocrx_word' id='word_1_878' title='bbox 1924 5007 2092 5063; x_wconf 89' lang='lat' dir='ltr'><strong>sionis</strong></span> <span class='ocrx_word' id='word_1_879' title='bbox 2135 5006 2253 5078; x_wconf 88' lang='lat' dir='ltr'><strong>ejus</strong></span> <span class='ocrx_word' id='word_1_880' title='bbox 2299 5004 2561 5076; x_wconf 86' lang='lat' dir='ltr'><strong>mysterio</strong></span> <span class='ocrx_word' id='word_1_881' title='bbox 2606 5003 2964 5068; x_wconf 85' lang='lat' dir='ltr'><strong>redimantur,</strong></span> <span class='ocrx_word' id='word_1_882' title='bbox 3013 5014 3122 5056; x_wconf 88' lang='lat' dir='ltr'><strong>non</strong></span> <span class='ocrx_word' id='word_1_883' title='bbox 3170 4997 3390 5075; x_wconf 72' lang='lat' dir='ltr'><strong>resPicit</strong></span> <span class='ocrx_word' id='word_1_884' title='bbox 3442 4995 3509 5065; x_wconf 76' lang='lat' dir='ltr'><strong>ad</strong></span> 
     </span>
    </p>
   </div>
   <div class='ocr_carea' id='block_1_110' title="bbox 1926 5087 3505 5169">
    <p class='ocr_par' dir='ltr' id='par_1_110' title="bbox 1926 5087 3505 5169">
     <span class='ocr_line' id='line_1_110' title="bbox 1926 5087 3505 5169; baseline -0.004 -17"><span class='ocrx_word' id='word_1_885' title='bbox 1926 5097 2372 5169; x_wconf 89' lang='lat' dir='ltr'><strong>magnitudinem,</strong></span> <span class='ocrx_word' id='word_1_886' title='bbox 2399 5103 2455 5150; x_wconf 92' lang='lat' dir='ltr'><strong>et</strong></span> <span class='ocrx_word' id='word_1_887' title='bbox 2486 5095 2646 5165; x_wconf 93' lang='lat' dir='ltr'><strong>pretii</strong></span> <span class='ocrx_word' id='word_1_888' title='bbox 2672 5093 3070 5166; x_wconf 89' lang='lat' dir='ltr'><strong>copiositatem,</strong></span> <span class='ocrx_word' id='word_1_889' title='bbox 3099 5091 3196 5165; x_wconf 75' lang='lat' dir='ltr'><strong>sed</strong></span> <span class='ocrx_word' id='word_1_890' title='bbox 3225 5090 3291 5149; x_wconf 85' lang='lat' dir='ltr'><strong>ad</strong></span> <span class='ocrx_word' id='word_1_891' title='bbox 3317 5087 3505 5145; x_wconf 84' lang='lat' dir='ltr'><strong>inlide-</strong></span> 
     </span>
    </p>
   </div>
   <div class='ocr_carea' id='block_1_111' title="bbox 1926 5182 3512 5276">
    <p class='ocr_par' dir='ltr' id='par_1_111' title="bbox 1926 5182 3512 5276">
     <span class='ocr_line' id='line_1_111' title="bbox 1926 5182 3512 5276; baseline -0.005 -32"><span class='ocrx_word' id='word_1_892' title='bbox 1926 5190 2079 5276; x_wconf 63' lang='lat' dir='ltr'><strong>ljum,</strong></span> <span class='ocrx_word' id='word_1_893' title='bbox 2108 5200 2162 5246; x_wconf 92' lang='lat' dir='ltr'><strong>et</strong></span> <span class='ocrx_word' id='word_1_894' title='bbox 2187 5189 2254 5245; x_wconf 91' lang='lat' dir='ltr'><strong>ad</strong></span> <span class='ocrx_word' id='word_1_895' title='bbox 2279 5205 2385 5245; x_wconf 90' lang='lat' dir='ltr'><strong>non</strong></span> <span class='ocrx_word' id='word_1_896' title='bbox 2413 5188 2749 5243; x_wconf 89' lang='lat' dir='ltr'><strong>credentium</strong></span> <span class='ocrx_word' id='word_1_897' title='bbox 2784 5207 2804 5240; x_wconf 76' lang='grc' dir='ltr'><strong>ι</strong></span> <span class='ocrx_word' id='word_1_898' title='bbox 2831 5201 2895 5243; x_wconf 90' lang='lat' dir='ltr'><strong>ea</strong></span> <span class='ocrx_word' id='word_1_899' title='bbox 2928 5185 3031 5241; x_wconf 72' lang='lat' dir='ltr'><strong>fide</strong></span> <span class='ocrx_word' id='word_1_900' title='bbox 3057 5203 3075 5237; x_wconf 79' lang='grc' dir='ltr'><strong>ι</strong></span> <span class='ocrx_word' id='word_1_901' title='bbox 3104 5199 3226 5267; x_wconf 78' lang='lat' dir='ltr'><strong>quae</strong></span> <span class='ocrx_word' id='word_1_902' title='bbox 3250 5197 3349 5255; x_wconf 90' lang='lat' dir='ltr'><strong>per</strong></span> <span class='ocrx_word' id='word_1_903' title='bbox 3376 5182 3512 5251; x_wconf 81' lang='lat' dir='ltr'><strong>dile-</strong></span> 
     </span>
    </p>
   </div>
   <div class='ocr_carea' id='block_1_112' title="bbox 1927 5262 3506 5353">
    <p class='ocr_par' dir='ltr' id='par_1_112' title="bbox 1927 5262 3506 5353">
     <span class='ocr_line' id='line_1_112' title="bbox 1927 5262 3506 5353; baseline -0.004 -14"><span class='ocrx_word' id='word_1_904' title='bbox 1927 5262 2159 5339; x_wconf 63' lang='lat' dir='ltr'><strong>dtionem</strong></span> <span class='ocrx_word' id='word_1_905' title='bbox 2189 5290 2446 5352; x_wconf 90' lang='lat' dir='ltr'><strong>operatur</strong></span> <span class='ocrx_word' id='word_1_906' title='bbox 2466 5277 2608 5353; x_wconf 86' lang='lat' dir='ltr'><strong>(Gal.</strong></span> <span class='ocrx_word' id='word_1_907' title='bbox 2634 5296 2686 5347; x_wconf 90' lang='lat' dir='ltr'><strong>v,</strong></span> <span class='ocrx_word' id='word_1_908' title='bbox 2712 5278 2791 5352; x_wconf 89' lang='lat'><strong>6),</strong></span> <span class='ocrx_word' id='word_1_909' title='bbox 2827 5298 2846 5333; x_wconf 85' lang='grc'><strong>›</strong></span> <span class='ocrx_word' id='word_1_910' title='bbox 2867 5309 2937 5339; x_wconf 57' lang='grc' dir='ltr'><strong>ε-</strong></span> <span class='ocrx_word' id='word_1_911' title='bbox 2953 5297 2974 5331; x_wconf 71' lang='grc' dir='ltr'><strong>ι</strong></span> <span class='ocrx_word' id='word_1_912' title='bbox 3005 5262 3225 5349; x_wconf 83' lang='lat' dir='ltr'><strong>respicit</strong></span> <span class='ocrx_word' id='word_1_913' title='bbox 3253 5284 3464 5348; x_wconf 74' lang='lat' dir='ltr'><strong>partem</strong></span> <span class='ocrx_word' id='word_1_914' title='bbox 3489 5313 3506 5341; x_wconf 86' lang='lat'><strong>,</strong></span> 
     </span>
    </p>
   </div>
   <div class='ocr_carea' id='block_1_113' title="bbox 1931 5370 3508 5449">
    <p class='ocr_par' dir='ltr' id='par_1_113' title="bbox 1931 5370 3508 5449">
     <span class='ocr_line' id='line_1_113' title="bbox 1931 5370 3508 5449; baseline -0.006 -19"><span class='ocrx_word' id='word_1_915' title='bbox 1931 5376 2058 5447; x_wconf 90' lang='lat' dir='ltr'><strong>quia</strong></span> <span class='ocrx_word' id='word_1_916' title='bbox 2088 5375 2349 5447; x_wconf 85' lang='lat' dir='ltr'><strong>poculum</strong></span> <span class='ocrx_word' id='word_1_917' title='bbox 2373 5375 2623 5430; x_wconf 65' lang='lat' dir='ltr'><strong>humanae</strong></span> <span class='ocrx_word' id='word_1_918' title='bbox 2652 5373 2861 5436; x_wconf 87' lang='lat' dir='ltr'><strong>salutis,</strong></span> <span class='ocrx_word' id='word_1_919' title='bbox 2892 5373 3035 5449; x_wconf 82' lang='lat' dir='ltr'><strong>quod</strong></span> <span class='ocrx_word' id='word_1_920' title='bbox 3078 5370 3383 5431; x_wconf 80' lang='lat' dir='ltr'><strong>confectum</strong></span> <span class='ocrx_word' id='word_1_921' title='bbox 3422 5375 3508 5435; x_wconf 73' lang='lat' dir='ltr'><strong>est</strong></span> 
     </span>
    </p>
   </div>
   <div class='ocr_carea' id='block_1_114' title="bbox 1931 5456 3505 5539">
    <p class='ocr_par' dir='ltr' id='par_1_114' title="bbox 1931 5456 3505 5539">
     <span class='ocr_line' id='line_1_114' title="bbox 1931 5456 3505 5539; baseline -0.007 -16"><span class='ocrx_word' id='word_1_922' title='bbox 1931 5467 2246 5523; x_wconf 86' lang='lat' dir='ltr'><strong>inﬁrmitate</strong></span> <span class='ocrx_word' id='word_1_923' title='bbox 2272 5473 2455 5521; x_wconf 88' lang='lat' dir='ltr'><strong>nostra</strong></span> <span class='ocrx_word' id='word_1_924' title='bbox 2481 5472 2536 5520; x_wconf 90' lang='lat' dir='ltr'><strong>et</strong></span> <span class='ocrx_word' id='word_1_925' title='bbox 2564 5465 2763 5520; x_wconf 88' lang='lat' dir='ltr'><strong>virtute</strong></span> <span class='ocrx_word' id='word_1_926' title='bbox 2788 5463 2989 5528; x_wconf 91' lang='lat' dir='ltr'><strong>divina,</strong></span> <span class='ocrx_word' id='word_1_927' title='bbox 3019 5462 3186 5539; x_wconf 67' lang='lat' dir='ltr'><strong>habet</strong></span> <span class='ocrx_word' id='word_1_928' title='bbox 3206 5459 3419 5531; x_wconf 85' lang='lat' dir='ltr'><strong>quidem</strong></span> <span class='ocrx_word' id='word_1_929' title='bbox 3451 5456 3505 5512; x_wconf 92' lang='lat' dir='ltr'><strong>in</strong></span> 
     </span>
    </p>
   </div>
   <div class='ocr_carea' id='block_1_115' title="bbox 1928 5542 3509 5630">
    <p class='ocr_par' dir='ltr' id='par_1_115' title="bbox 1928 5542 3509 5630">
     <span class='ocr_line' id='line_1_115' title="bbox 1928 5542 3509 5630; baseline -0.009 -12"><span class='ocrx_word' id='word_1_930' title='bbox 1928 5578 1989 5618; x_wconf 86' lang='lat' dir='ltr'><strong>se</strong></span> <span class='ocrx_word' id='word_1_931' title='bbox 2005 5605 2019 5630; x_wconf 93' lang='lat'><strong>,</strong></span> <span class='ocrx_word' id='word_1_932' title='bbox 2045 5578 2106 5616; x_wconf 80' lang='lat' dir='ltr'><strong>ut</strong></span> <span class='ocrx_word' id='word_1_933' title='bbox 2129 5564 2379 5616; x_wconf 81' lang='lat' dir='ltr'><strong>omnibus</strong></span> <span class='ocrx_word' id='word_1_934' title='bbox 2422 5557 2620 5630; x_wconf 90' lang='lat' dir='ltr'><strong>prosit;</strong></span> <span class='ocrx_word' id='word_1_935' title='bbox 2649 5542 2766 5625; x_wconf 83' lang='lat' dir='ltr'><strong>sed,</strong></span> <span class='ocrx_word' id='word_1_936' title='bbox 2795 5555 2843 5614; x_wconf 90' lang='lat' dir='ltr'><strong>si</strong></span> <span class='ocrx_word' id='word_1_937' title='bbox 2870 5569 2979 5613; x_wconf 89' lang='lat' dir='ltr'><strong>non</strong></span> <span class='ocrx_word' id='word_1_938' title='bbox 3001 5553 3228 5620; x_wconf 89' lang='lat' dir='ltr'><strong>bibitur,</strong></span> <span class='ocrx_word' id='word_1_939' title='bbox 3256 5564 3365 5606; x_wconf 87' lang='lat' dir='ltr'><strong>non</strong></span> <span class='ocrx_word' id='word_1_940' title='bbox 3390 5562 3509 5615; x_wconf 70' lang='lat' dir='ltr'><strong>me-</strong></span> 
     </span>
    </p>
   </div>
   <div class='ocr_carea' id='block_1_116' title="bbox 1931 5661 2163 5715">
    <p class='ocr_par' dir='ltr' id='par_1_116' title="bbox 1931 5661 2163 5715">
     <span class='ocr_line' id='line_1_116' title="bbox 1931 5661 2163 5715; baseline -0.017 0"><span class='ocrx_word' id='word_1_941' title='bbox 1931 5661 2106 5715; x_wconf 82' lang='lat' dir='ltr'><strong>detur.</strong></span> <span class='ocrx_word' id='word_1_942' title='bbox 2145 5678 2163 5712; x_wconf 76' lang='grc' dir='ltr'><strong>ι</strong></span> 
     </span>
    </p>
   </div>
  </div>
