3966 6334
1487 248 1613 262 ruﬁ-

163 327 313 388 H21

1173 330 1261 386 DE
1300 327 1627 387 TENENDA
1664 325 2082 386 SCRIPTURAB
2122 326 2493 386 VERITATE.

3333 328 3473 386 ιη’

164 451 384 519 quibus
424 460 523 510 est
558 451 791 526 genitus.
836 446 1143 517 Assumpsit
1180 452 1430 500 naturam
1475 441 1786 514 progenito-
1815 454 1863 514 Α
1898 458 1918 491 ι
1971 440 2038 495 Ει
2070 440 2217 496 omni
2254 461 2273 495 ι
2304 441 2510 497 homini
2553 441 2859 498 renascenti
2904 458 2924 494 ‹
2961 455 3100 514 aqua
3129 441 3474 514 baptismatis

165 556 335 607 rum,
373 542 448 600 de
479 560 712 617 quorum
762 544 931 612 stirpe
976 547 1059 596 est
1101 546 1447 610 propagatus.
1480 535 1787 605 Assumpsit

167 644 446 691 naturam
478 638 641 708 primi
669 635 923 699 hominis,
956 631 1099 688 unde
1129 630 1291 685 totius
1323 627 1546 684 humani
1573 625 1787 699 generis

166 728 337 798 Origo
370 731 670 800 processit.

246 820 585 877 Secundum
617 823 721 877 hoc
745 835 875 893 ergo
901 829 1173 887 utcunque
1208 815 1311 871 dici
1338 821 1535 886 potest,
1560 812 1788 884 quilibet

167 906 348 969 homo
382 931 627 973 nascens
668 915 908 971 omnium
951 912 1229 967 hominum
1278 907 1581 978 suscepisse
1624 915 1787 961 natu—

168 1022 297 1063 ram
318 1049 334 1074 ,
366 1010 509 1080 quia
553 1009 741 1065 ex~illo
783 1007 1046 1079 originem
1079 1004 1277 1070 trahit,
1306 1019 1370 1058 ex
1409 1018 1516 1074 quo
1544 1002 1787 1057 omnium

167 1110 385 1156 natura
437 1102 767 1173 principium
810 1099 1061 1170 sumpsit.
1092 1097 1169 1152 De
1213 1112 1321 1168 quo
1353 1097 1526 1167 primo
1569 1096 1787 1151 homine

167 1191 357 1246 Adam
402 1193 577 1248 etiam
627 1191 882 1247 Dominus
927 1198 1113 1245 noster
1140 1186 1298 1244 Jesus
1329 1185 1577 1241 Christus
1617 1185 1788 1242 veris-

168 1283 320 1339 sime
348 1284 545 1340 carnis
571 1282 927 1340 substantiam
961 1281 1145 1336 traxit.
1178 1278 1332 1336 Unde
1361 1286 1414 1333 et
1441 1280 1508 1334 ab
1529 1277 1789 1349 Apostolo

174 1394 196 1427 s
253 1376 547 1431 secundus
594 1375 766 1430 Adam
816 1393 834 1425 ι
884 1372 1103 1428 dicitur.
1153 1371 1224 1427 Et
1267 1370 1502 1441 seipsum
1548 1388 1568 1421 ι
1618 1369 1784 1425 ﬁlium

168 1465 381 1532 Adam,
416 1486 437 1520 ι
472 1466 574 1523 hoc
595 1475 679 1522 est
710 1484 730 1517 ι
763 1465 927 1519 lilium
954 1463 1188 1520 hominis
1217 1482 1235 1515 ι
1271 1462 1490 1516 assidue
1513 1475 1788 1516 commen-

171 1555 273 1610 dat
327 1555 380 1627 (ι
417 1555 545 1612 Cor.
574 1572 679 1622 xv,
706 1554 806 1621 45,
836 1554 949 1627 47).
994 1554 1063 1609 Ει
1092 1552 1268 1608 Lucas
1316 1550 1646 1623 evangelista
1691 1565 1789 1621 per

173 1644 556 1716 Septuaginta
593 1655 648 1702 et
673 1652 878 1716 septem
903 1644 1283 1716 generationes
1319 1643 1387 1697 ab
1432 1642 1547 1713 ipso
1572 1641 1789 1699 Christo

170 1750 360 1806 usque
394 1735 574 1791 Adam
603 1736 917 1800 ascendens,
943 1750 1128 1790 veram
1151 1749 1220 1789 ex
1244 1733 1335 1788 illo
1358 1733 1789 1790 incarnationem

1888 532 2063 586 instar
2109 541 2194 587 est
2221 533 2360 588 uteri
2391 531 2693 604 virginalis,
2732 550 2750 584 ι
2786 530 2976 588 eodem
3026 543 3215 589 sancto
3268 533 3474 604 Spiritu

1844 620 1857 633 '
1888 623 2127 694 replente
2154 622 2379 689 fontem,
2411 625 2501 693 qui
2528 622 2754 693 replevit
2784 634 2843 679 et
2878 623 3163 693 virginem,
3201 632 3261 679 ut
3285 639 3477 697 pecca-

1887 720 2024 779 tum,
2050 715 2191 784 quod
2226 714 2297 769 ibi
2333 715 2583 770 vacuavit
2604 730 2760 771 sacra
2789 716 3091 786 conceptio,
3120 716 3208 772 hic
3247 717 3475 789 mystica

1888 803 2040 858 tollat
2071 803 2319 876 ablutio.]

1956 894 2087 950 item
2118 894 2225 949 alio
2250 895 2367 950 loco
2397 914 2409 949 :
2448 894 2722 968 [Renovat
2745 897 2902 953 nobis
2925 897 3185 954 hodierna
3211 898 3481 956 festivitas

1887 987 2002 1043 nati
2035 985 2163 1043 Jesu
2190 1002 2259 1041 ex
2289 987 2458 1043 Maria
2486 990 2697 1062 virgine
2726 1006 2882 1046 sacra
2924 990 3244 1060 primordia,
3275 1000 3329 1046 et
3355 993 3481 1047 dum

1889 1078 2189 1135 Salvatoris
2234 1080 2406 1135 nostri
2454 1081 2746 1137 adoramus
2784 1090 2992 1148 ortum,
3036 1083 3343 1138 invenimus
3385 1098 3484 1139 nos

1888 1178 2134 1224 nostrum
2160 1168 2437 1225 celebrare
2471 1171 2817 1242 principium.
2847 1171 3141 1228 Generatio
3163 1174 3304 1229 enim
3328 1173 3485 1229 Chri-

1890 1261 1958 1318 sti
1998 1263 2151 1335 origo
2184 1270 2267 1317 est
2314 1262 2494 1334 populi
2542 1262 2841 1320 Christiani
2871 1282 2885 1330 ;
2915 1274 2971 1319 et
3010 1265 3206 1321 natalis
3250 1265 3482 1336 capitis,

1890 1354 2090 1410 natalis
2125 1362 2211 1410 est
2229 1354 2495 1425 corporis,
2524 1355 2765 1412 habeant
2788 1356 2917 1413 licet
2944 1356 3140 1428 singuli
3170 1357 3369 1427 quique
3392 1371 3487 1411 vo-

1890 1456 2137 1503 catorum
2180 1447 2427 1505 ordinem
2472 1465 2635 1505 suum
2671 1468 2685 1503 :
2719 1458 2773 1504 et
2800 1463 2990 1505 omnes
3048 1435 3486 1516 Ecclesiﬁﬁlii,

1892 1548 2201 1613 temporum
2268 1543 2614 1598 successione
2661 1543 2901 1598 distincti
2930 1584 2945 1609 ,
2992 1544 3243 1598 universa
3310 1552 3488 1600 tamen

1891 1649 2105 1690 summa
2144 1633 2385 1707 ﬁdelium
2408 1676 2425 1703 ,
2468 1634 2617 1692 fonte
2639 1644 2758 1691 crta
2784 1636 3143 1706 baptismatis,
3182 1636 3324 1691 sicut
3363 1650 3485 1691 cum

1891 1726 2110 1785 Christo
2136 1730 2189 1785 in
2221 1731 2473 1801 passione
2499 1731 2751 1788 crucitixi
2772 1772 2787 1797 ,
2815 1731 2871 1786 in
2895 1730 3292 1787 resurrectione
3315 1729 3487 1787 susci-

170 1828 300 1898 ejus
330 1827 574 1883 tideliter
603 1827 955 1883 demonstrat.
984 1824 1122 1896 Quia
1151 1838 1280 1897 ergo
1307 1825 1576 1897 mysterii,
1610 1833 1665 1880 et
1697 1838 1787 1879 re-
1816 1836 1864 1897 Β
1894 1822 1993 1877 tati
2020 1862 2034 1887 ,
2066 1823 2384 1880 ascensione
2414 1824 2484 1881 ad
2506 1824 2686 1881 Patris
2738 1826 3015 1881 dexteram
3049 1824 3326 1890 coilocati;
3360 1837 3487 1878 nam

172 1919 558 1990 demptionis,
585 1928 640 1974 et
684 1918 902 1989 pietatis
930 1917 1032 1975 fuit
1080 1920 1170 1974 illa
1220 1918 1275 1972 in
1317 1916 1535 1973 Christo
1583 1923 1790 1971 natum

172 2011 454 2064 humanae
483 2013 786 2084 susceptio,
834 2011 1038 2067 idcirco
1067 2010 1122 2064 in
1167 2007 1258 2063 illo
1305 2006 1677 2063 sacratissimo
1704 2005 1791 2060 die

170 2100 393 2155 natalis
441 2098 559 2173 ejus
586 2119 653 2159 ex
684 2102 906 2175 Virgine
949 2102 1092 2157 inter
1136 2100 1457 2172 ipsafsacrae
1502 2098 1791 2155 oblationis

168 2196 461 2265 mysteria
492 2202 614 2249 orat
661 2191 925 2258 Ecclesia,
980 2191 1165 2247 dicens
1212 2207 1227 2247 :
1276 2208 1295 2241 ι
1352 2188 1425 2246 Ut
1479 2196 1569 2243 tua
1617 2188 1791 2259 gratia

167 2279 464 2355 largiente
501 2298 599 2353 per
637 2283 762 2338 haec
808 2289 1155 2338 sacrosancta
1192 2279 1515 2335 commercia
1553 2278 1606 2331 in
1648 2276 1792 2332 illius

173 2377 540 2433 inveniamur
573 2374 785 2441 forma,
832 2374 885 2429 in
935 2389 1042 2443 quo
1086 2381 1265 2428 tecum
1309 2379 1391 2427 est
1434 2378 1619 2426 nostra
1660 2369 1790 2425 sub-

173 2468 420 2523 stantia.
467 2486 486 2519 i
534 2466 603 2527 Et
657 2464 984 2537 praecedenti
1029 2464 1145 2531 die,
1197 2478 1321 2518 cum
1374 2477 1543 2518 sacrae
1594 2461 1792 2531 vigilite

175 2559 565 2625 celebrantur,
597 2558 673 2613 ita
703 2557 893 2629 incipit
939 2556 1113 2612 oratio
1142 2574 1156 2612 :
1189 2574 1209 2607 ι
1243 2555 1385 2611 Deus
1428 2556 1517 2625 qui
1563 2569 1662 2609 nos
1707 2568 1793 2608 re-

176 2651 525 2721 demptionis
566 2657 767 2705 nostrae
811 2638 991 2703 annua
1028 2646 1429 2716 exspectatione
1465 2644 1733 2700 laetiﬁcas.
1765 2662 1786 2697 ι

176 2742 438 2813 Itemque
474 2742 590 2811 ipso
619 2739 913 2795 Dominicae
957 2736 1263 2813 Nativitatis
1293 2737 1376 2792 die
1409 2752 1423 2790 :
1461 2755 1479 2787 ‹
1521 2735 1788 2803 Concede,

178 2849 525 2906 quaesumus,
558 2832 899 2902 onmipotens
942 2829 1117 2896 Deus,
1144 2837 1205 2884 ut
1244 2843 1342 2884 nos
1389 2827 1661 2898 Unigeniti
1712 2826 1790 2882 tui

181 2940 330 2979 nova
361 2939 465 2994 per
500 2937 718 2978 carnem
745 2920 1002 2976 nativitas
1032 2919 1244 2984 liberet,
1272 2933 1407 2989 quos
1439 2918 1539 2974 sub
1580 2916 1790 2987 peccati

174 3012 314 3086 jugo
345 3021 568 3068 vetusta
609 3011 841 3067 servitus
870 3019 1036 3065 tenet.
1078 3028 1097 3062 ι
1128 3009 1195 3064 Ει
1225 3022 1389 3079 super
1415 3007 1742 3064 oblationem
1773 3025 1787 3063 :

188 3127 207 3157 ι
246 3105 475 3169 Oblata,
507 3103 755 3168 Domine,
786 3117 1013 3158 munera
1040 3116 1179 3156 nova
1210 3099 1485 3171 Unigeniti
1536 3100 1613 3154 tui
1654 3100 1792 3154 nati-

1897 1929 2019 1968 cum
2062 1913 2180 1984 ipso
2208 1930 2397 1971 sumus
2443 1916 2497 1972 in
2547 1918 2651 1972 hac
2685 1917 2968 1972 nativitate
2997 1917 3289 1988 congeniti.
3323 1915 3488 1984 Quid-

1892 2007 2021 2076 quid
2048 2008 2192 2062 enim
2223 2008 2503 2064 hominum
2539 2010 2592 2064 iu
2624 2023 2948 2081 quacunque
2972 2009 3157 2063 mundi
3186 2018 3340 2079 parte
3367 2024 3489 2064 cre-

1893 2098 2135 2154 dentium
2186 2109 2537 2171 regeneratur
2559 2101 2614 2156 in
2641 2100 2861 2156 Christo
2884 2139 2899 2165 ,
2925 2100 3182 2154 interciso
3210 2100 3489 2171 originalis

1892 2189 2111 2244 tramite
2157 2191 2444 2245 vetustatis
2492 2192 2691 2247 transit
2746 2191 2801 2245 in
2834 2206 3034 2245 novum
3088 2192 3361 2247 hominem
3395 2208 3479 2248 re-

1891 2280 2183 2335 nascendo.
2236 2280 2347 2336 Nec
2385 2280 2498 2352 jam
2530 2282 2584 2337 in
2625 2283 2923 2353 propagine
2959 2282 3189 2339 liabetur
3255 2283 3491 2341 carnalis

1889 2370 2101 2440 patris,
2154 2371 2249 2426 sed
2294 2372 2348 2426 in
2388 2374 2632 2444 germine
2676 2373 2996 2430 Salvatoris.
3044 2375 3144 2442 Qui
3197 2375 3315 2431 ideo
3348 2376 3490 2432 [ilius

1890 2459 2126 2515 hominis
2150 2468 2235 2516 est
2264 2460 2464 2527 factus,
2490 2470 2548 2517 ut
2578 2478 2677 2517 nos
2704 2463 2797 2518 lilii
2820 2464 2913 2519 Dei
2939 2480 3060 2520 esse
3086 2467 3355 2535 possimus
3387 2484 3399 2520 :
3431 2475 3492 2523 ut

1892 2561 2173 2622 susceptus
2203 2568 2232 2606 a
2257 2551 2507 2619 Christo,
2557 2552 2947 2625 Christumque
2986 2557 3287 2626 suscipiens
3315 2603 3327 2623 ,
3379 2571 3489 2614 non

1894 2642 2036 2697 idem
2074 2642 2144 2696 sit
2173 2652 2298 2713 post
2335 2643 2611 2698 lavacrum
2637 2685 2651 2710 ,
2679 2644 2771 2714 qui
2818 2653 2944 2700 ante
2972 2647 3303 2716 baptismum
3349 2646 3490 2714 fuit,

1892 2733 1986 2788 sed
2028 2747 2225 2803 corpus
2252 2735 2555 2802 regenerati
2582 2775 2597 2801 ,
2634 2750 2831 2807 corpus
2863 2734 2957 2790 fiat
2986 2735 3256 2792 crucifixi.
3294 2757 3311 2789 ι
3365 2736 3493 2792 Haec

1892 2825 2244 2880 commutatio
2295 2826 2535 2882 dextera:
2591 2835 2675 2884 est
2718 2827 2934 2883 Excelsi
2985 2827 3232 2900 (Psalm.
3280 2844 3443 2885 uxvr
3473 2869 3491 2896 ,

1893 2915 2003 2986 ll).
2044 2914 2090 2988 ι]
2118 2916 2184 2971 Et
2206 2916 2313 2972 alio
2353 2916 2473 2974 loco
2510 2935 2523 2971 :
2558 2916 2697 2990 [Non
2725 2919 2871 2974 enim
2898 2919 3041 2973 aliud
3070 2920 3179 2992 agit
3200 2921 3494 2991 participa-

1893 3007 1969 3063 tio
2000 3006 2243 3077 corporis
2277 3015 2333 3061 et
2362 3007 2639 3080 sanguinis
2673 3006 2899 3073 Christi,
2928 3023 3090 3079 quam
3118 3049 3132 3073 ,
3176 3021 3238 3065 ut
3265 3010 3318 3065 in
3348 3008 3493 3080 quod

1892 3098 2178 3164 sumimus,
2209 3108 2550 3155 transeamus
2585 3118 2599 3155 :
2629 3109 2685 3156 et
2712 3100 2767 3155 in
2797 3116 2905 3172 quo
2928 3103 3250 3165 commortui
3286 3112 3337 3158 et
3367 3119 3496 3160 con-

184 3200 364 3256 vitate
380 3196 679 3260 sanctiﬁea,
708 3209 958 3265 nosquea
980 3202 1324 3265 peccatorum
1339 3199 1648 3247 nostrorum
1679 3206 1797 3246 ma-
1825 3196 1871 3259 ε
1904 3190 2097 3262 sepulti
2136 3200 2191 3247 et
2213 3193 2624 3249 conresuscitati
2657 3209 2864 3260 sumus,
2893 3195 3067 3265 ipsum
3088 3210 3185 3266 per
3209 3196 3410 3264 omnia,
3441 3204 3501 3254 et

188 3291 337 3347 culis
368 3290 625 3345 emunda.
663 3307 682 3341 ι
710 3288 779 3342 Ει
805 3287 859 3341 in
883 3284 1232 3342 conclusione
1258 3284 1548 3339 missarum
1574 3300 1590 3340 :
1630 3300 1649 3334 ι
1684 3282 1794 3338 Ηιι-

182 3383 279 3452 jus
309 3399 435 3446 nos,
464 3382 710 3446 Domine,
734 3377 1061 3435 sacramenti
1101 3391 1315 3447 semper
1358 3375 1572 3431 novitas
1598 3376 1795 3432 natalis

190 3475 500 3541 instauret,
538 3473 691 3544 cujus
735 3476 993 3530 nativitas
1033 3472 1323 3546 singularis
1362 3473 1658 3529 humanam
1703 3472 1797 3530 de-

189 3569 333 3640 pulit
361 3577 709 3623 vetustatem.
745 3587 765 3621 ι

269 3658 428 3712 Hanc
458 3657 690 3727 gratiam
721 3655 1017 3711 Dominica:
1065 3654 1453 3709 incarnationis
1476 3694 1491 3719 ,
1533 3653 1677 3723 quod
1713 3661 1798 3708 est

191 3761 330 3802 vere
372 3746 695 3818 mysterium
734 3754 934 3801 nostrae
962 3745 1384 3815 redemptionis,
1418 3746 1614 3800 beatus
1656 3742 1795 3800 Gre-

191 3837 388 3909 gorius
427 3838 514 3908 pie
543 3837 930 3892 commendans
969 3836 1046 3890 ait
1069 3835 1306 3906 quodam
1344 3835 1463 3891 loco
1505 3836 1557 3890 in
1580 3835 1798 3906 exposi-

191 3928 349 3983 tione
382 3926 502 3984 libri
536 3926 637 3983 Job
668 3945 681 3982 :
713 3927 1069 4000 [lnterpellat
1096 3936 1277 3983 autem
1302 3943 1401 3999 pro
1425 3927 1582 3983 nobis
1612 3926 1798 3981 Domi-

193 4043 337 4094 nus,
365 4042 472 4083 non
506 4042 639 4083 voce
664 4027 758 4083 sed
790 4028 1161 4093 miseratione,
1211 4027 1337 4097 quia
1369 4027 1511 4097 quod
1551 4025 1798 4081 damnari

195 4118 253 4175 in
288 4116 480 4174 electis
508 4117 713 4184 noluit,
749 4117 1095 4188 suscipiendo
1121 4117 1407 4191 servavit.]
1451 4117 1713 4173 Similiter
1743 4129 1799 4173 et

197 4211 261 4266 Β.
295 4209 534 4266 Hilarius
576 4224 853 4280 exponens
885 4209 972 4263 illa
1016 4210 1181 4265 verba
1209 4209 1421 4263 Domini
1449 4209 1647 4278 quibus
1671 4209 1745 4263 ait
1780 4226 1793 4263 :

204 4322 225 4356 ι
257 4302 362 4371 Qui
410 4302 700 4358 manducat
725 4316 900 4357 meam
932 4315 1154 4357 carnem
1210 4312 1266 4355 et
1314 4301 1452 4355 bibit
1478 4300 1795 4370 sanguinem

201 4407 409 4457 meum,
447 4392 501 4445 in
541 4406 628 4446 me
654 4398 857 4457 manet,
899 4398 955 4445 et
980 4404 1079 4460 ego
1110 4390 1161 4443 in
1195 4404 1259 4443 eo
1291 4387 1473 4459 (Joan.
1510 4405 1582 4453 Vi,
1606 4388 1697 4458 57)
1720 4428 1734 4453 ,
1774 4407 1792 4439 ι

200 4481 438 4563 idipsum
466 4480 751 4552 diligenter
797 4480 1164 4543 commendat,
1203 4478 1391 4533 dicens
1424 4496 1436 4531 :
1467 4476 1606 4549 [Non
1648 4477 1795 4532 enim

1896 3283 2114 3353 spiritu,
2139 3291 2195 3339 et
2240 3299 2405 3339 carne
2433 3284 2752 3358 gestemus.]
2783 3285 2913 3341 Item
2943 3286 3069 3342 alibi
3101 3304 3114 3341 :
3149 3286 3316 3359 [Nihil
3348 3289 3495 3344 enim

1898 3373 2233 3446 Redemptor
2255 3385 2441 3433 noster
2466 3393 2574 3433 non
2607 3379 2675 3433 ad
2703 3386 2949 3433 nostram
2982 3379 3234 3443 salutem,
3264 3389 3360 3434 aut
3386 3381 3500 3452 egit

1906 3474 2000 3521 aut
2023 3468 2282 3538 pertulit;
2316 3479 2375 3522 ut
2407 3468 2605 3533 virtus,
2655 3484 2775 3539 quae
2798 3469 2974 3523 inerat
2994 3470 3155 3540 capiti
3175 3511 3190 3535 ,
3216 3470 3417 3526 inesset
3444 3478 3501 3527 et

1898 3559 2132 3628 corpori.
2172 3557 2305 3612 Nam
2346 3560 2581 3629 primum
2615 3561 2728 3631 ipsa
2757 3560 2846 3629 illa
2874 3560 3189 3616 substantiae
3215 3569 3412 3617 nostra:
3442 3562 3498 3619 in

1899 3647 2107 3703 deitate
2130 3649 2422 3720 susceptio,
2452 3665 2557 3720 qua
2594 3671 2612 3703 ι
2650 3650 2886 3707 Verbum
2928 3666 3055 3707 caro
3084 3652 3287 3709 factum
3315 3662 3419 3719 est,
3444 3664 3501 3710 et

1899 3739 2162 3794 habitavit
2197 3740 2253 3795 in
2305 3741 2463 3797 nobis
2487 3741 2667 3813 (Joan.
2703 3759 2761 3808 ι,
2792 3741 2880 3813 14)
2903 3783 2918 3809 ,
2962 3762 2981 3794 ι
3022 3758 3183 3813 quem
3219 3744 3500 3800 hominum

1900 3828 2285 3884 misericordia:
2309 3846 2420 3885 sua:
2442 3872 2456 3896 ,
2486 3831 2592 3886 nisi
2632 3831 2903 3887 infidelem
2931 3832 3157 3903 reliquit
3180 3844 3452 3891 exsortem
3474 3836 3501 3890 ἳ

1898 3921 1966 3976 Et
1994 3923 2085 3993 qui
2113 3938 2219 3978 non
2246 3925 2551 3980 communis
2575 3934 2768 3980 natura
2800 3942 2924 3980 cum
2953 3905 3171 3982 Christo
3189 3936 3271 3984 est
3297 3970 3311 3995 ,
3336 3930 3379 3984 si
3404 3945 3495 3985 as-

1901 4024 2207 4070 sumentem
2238 4016 2448 4086 recipit,
2482 4027 2535 4072 et
2562 4032 2626 4072 eo
2658 4018 2850 4088 spiritu
2874 4027 2957 4074 est
2981 4030 3354 4091 regeneratus,
3386 4037 3497 4093 quo

1900 4105 1989 4159 ille
2031 4105 2484 4180 primogenitus.]
2531 4108 2831 4164 Audiamus
2885 4109 3000 4165 haec
3040 4112 3209 4166 verba
3254 4111 3503 4168 fidelissi-

1905 4214 2118 4253 morum
2191 4208 2247 4254 et
2312 4200 2752 4256 beatissimorum
2800 4201 3058 4267 Patrum,
3111 4214 3165 4259 et
3214 4206 3502 4275 adjuvantc

1901 4289 2130 4345 Domino
2180 4290 2467 4363 diligenter
2533 4293 2901 4364 intelligamus
2956 4304 3120 4364 atque
3179 4304 3496 4363 teneamus;

1900 4392 2255 4453 agnoscentes
2292 4386 2578 4448 veraciter,
2612 4387 2755 4454 quod
2785 4386 2875 4439 illa
2902 4387 3155 4441 humanm
3191 4398 3400 4443 naturae
3436 4389 3492 4445 in

1901 4473 2119 4529 Christo
2165 4476 2439 4545 susceptio
2466 4474 2710 4529 inﬁdeles
2752 4474 2914 4543 hujus
2954 4476 3342 4535 misericordia:
3370 4476 3498 4532 reli-

202 4551 409 4645 quis'in
447 4587 514 4629 eo
533 4551 658 4639 erit,
693 4571 798 4627 nisi
842 4571 897 4625 in
922 4587 1031 4642 quo
1061 4572 1176 4641 ipse
1206 4569 1402 4637 fuerit;
1432 4569 1552 4640 ejus
1586 4577 1797 4625 tantum
1825 4551 1879 4611 Ῑ)
1904 4569 2021 4638 quit
2047 4577 2313 4623 exsortes.
2348 4569 2414 4623 Et
2444 4569 2525 4623 eis
2550 4569 2680 4624 solis
2702 4569 2978 4639 prazstitit,
3010 4578 3068 4623 ut
3096 4570 3333 4625 habeant
3359 4586 3501 4627 com-

202 4668 258 4724 in
290 4681 354 4721 se
377 4671 710 4733 assumptam
743 4662 949 4718 habens
989 4676 1208 4718 carnem
1236 4661 1329 4732 qui
1365 4674 1517 4716 snam
1552 4676 1798 4732 sumpse-

204 4757 320 4831 rit.]
356 4756 463 4812 Sed
487 4755 625 4811 etB.
659 4753 769 4810 Leo
802 4752 1129 4809 mirabiliter
1152 4753 1257 4808 hoc
1288 4753 1608 4825 mysterium
1629 4767 1798 4822 expo-

202 4852 284 4906 nit
318 4857 489 4921 atque
540 4846 917 4912 commendat,
951 4846 1025 4900 ita
1054 4845 1241 4900 dicens
1272 4862 1285 4898 :
1317 4843 1581 4917 [Nasceris
1616 4845 1801 4915 itaque

202 4941 469 4998 Dominus
501 4939 659 4996 Jesus
682 4937 935 4995 Christus
961 4938 1127 4993 homo
1159 4953 1325 4993 verus
1348 4977 1364 5002 ,
1397 4938 1489 5008 q’ui
1519 4952 1797 5008 nunquam

202 5049 322 5090 esse
371 5033 581 5090 destitit
626 5032 767 5088 Deus
794 5046 979 5097 verus,
1019 5045 1173 5087 novae
1212 5038 1477 5085 creatura:
1506 5029 1561 5084 in
1586 5045 1645 5085 se
1669 5028 1798 5085 fecit

203 5124 486 5181 exordium
519 5140 533 5178 :
561 5122 700 5179 etin
748 5130 901 5178 ortus
925 5121 1009 5178 sui
1035 5119 1209 5178 forma
1240 5119 1387 5176 dedit
1425 5121 1661 5177 humano
1700 5135 1795 5192 ge-

205 5218 321 5273 neri
366 5214 603 5289 speciale
645 5213 1002 5287 principium;
1054 5222 1111 5269 et
1150 5213 1227 5269 ita
1259 5228 1319 5269 se
1361 5212 1553 5279 nobis,
1588 5228 1796 5284 nosque

208 5306 438 5365 inseruit
473 5307 614 5372 sibi,
646 5315 708 5362 ut
735 5304 832 5362 Dei
871 5306 939 5362 ad
981 5306 1217 5363 humana
1271 5304 1555 5362 descensio
1577 5344 1593 5370 ,
1642 5304 1797 5361 ﬁeret

208 5397 445 5455 hominis
468 5399 537 5455 ad
572 5398 754 5455 divina
783 5398 1108 5473 provectio.]
1138 5399 1207 5455 Et
1228 5398 1357 5454 alibi
1390 5417 1403 5453 :
1430 5397 1622 5471 [Terra
1650 5399 1796 5454 enim

211 5489 389 5546 carnis
417 5492 697 5557 humanae,
730 5506 851 5562 quae
895 5492 949 5547 in
972 5492 1150 5563 primo
1178 5490 1356 5547 fuerat
1382 5490 1797 5560 praevaricatore

211 5584 517 5651 maledicta,
557 5585 613 5640 in
636 5586 739 5642 hoc
768 5584 881 5641 solo
905 5585 964 5639 Β.
996 5583 1235 5656 Virginis
1260 5589 1416 5654 partu
1438 5598 1661 5655 germen
1690 5585 1799 5640 edi-

211 5672 286 5729 dit
313 5674 679 5742 benedictum,
711 5684 767 5732 ct
791 5690 821 5730 a
850 5676 981 5732 vitio
1010 5690 1122 5732 sua:
1143 5674 1329 5745 stirpis
1351 5673 1585 5728 alienum
1604 5713 1619 5739 ,
1642 5673 1796 5744 cujus

214 5768 499 5840 specialem
541 5770 805 5841 originem
838 5771 893 5829 in
937 5768 1347 5840 regeneratione
1388 5768 1791 5837 consequimur.

1908 4676 2124 4715 munem
2155 4669 2408 4715 naturam
2437 4675 2560 4715 cum
2589 4661 2805 4716 Christo
2828 4702 2845 4729 ,
2875 4662 2968 4732 qui
3014 4672 3377 4718 assumentem
3410 4678 3500 4719 re-

1904 4751 2154 4822 cipiunt,
2202 4760 2258 4806 et
2284 4766 2349 4806 eo
2378 4751 2573 4821 spiritu
2610 4762 2737 4807 sunt
2769 4754 3073 4823 regenerati
3099 4793 3114 4820 ,
3146 4768 3252 4823 quo
3281 4762 3365 4809 est
3411 4754 3502 4811 ille

1904 4845 2240 4916 progenitus.
2269 4843 2565 4915 Cessetque
2590 4845 2694 4901 ista
2716 4846 3144 4917 supervacnitas,
3168 4862 3275 4917 qua
3304 4847 3502 4903 dicitur

1904 4948 1959 4994 et
1987 4938 2276 5005 delinitur,
2311 4958 2329 4991 ι
2362 4940 2507 5010 quod
2536 4940 2718 4996 nullus
2762 4939 3045 4995 hominum
3093 4937 3229 5001 fuit,
3263 4947 3387 5004 est,
3412 4937 3499 4995 vel

1900 5031 2027 5097 erit,
2059 5029 2214 5101 cujus
2242 5039 2492 5086 naturam
2528 5031 2617 5088 ille
2647 5047 2752 5087 non
2778 5030 3098 5101 susceperit.
3139 5049 3159 5083 ι
3187 5028 3323 5098 Quia
3360 5030 3499 5087 sicut

1898 5122 2190 5192 Apostolus
2210 5121 2367 5177 docet
2392 5138 2412 5173 ‹
2445 5135 2699 5192 magnum
2729 5130 2813 5177 est
2830 5120 3046 5192 pietatis
3069 5129 3498 5191 sacramentum,

1900 5217 2045 5287 quod
2096 5213 2502 5270 manifestatum
2556 5224 2640 5271 est
2670 5216 2728 5272 in
2777 5230 2976 5282 carne,
3028 5213 3382 5284 justiﬁeatum
3412 5221 3498 5270 est

1901 5308 1957 5364 in
1985 5307 2211 5379 Spiritu,
2252 5327 2270 5360 ›
2300 5316 2408 5364 etc.
2430 5348 2445 5373 ,
2479 5323 2655 5379 usque
2685 5327 2703 5361 ι
2738 5318 3075 5378 assumptum
3105 5316 3189 5364 est
3230 5309 3285 5364 in
3323 5306 3493 5379 gloria

1903 5398 1953 5472 (1
1975 5399 2108 5455 Tim.
2134 5416 2216 5467 ιιι,
2246 5399 2355 5470 l6).
2381 5419 2400 5453 ι
2427 5398 2552 5455 Hinc
2574 5399 2642 5455 de
2666 5400 2841 5471 prima
2862 5400 3161 5471 quaestione
3184 5401 3331 5456 dicta
3343 5404 3490 5455 sunt.

2492 5514 2727 5573 CAPUT
2762 5515 2901 5572 XIV.

1978 5603 2059 5657 An
2085 5602 2325 5659 Christus
2345 5623 2533 5679 passus
2558 5610 2628 5662 sit
2652 5624 2748 5678 pro
2770 5609 3011 5663 omnibus
3033 5609 3126 5679 qui
3154 5614 3275 5661 ante
3300 5605 3418 5675 ejus

2365 5678 2643 5733 adventum
2670 5680 2862 5734 mortui
2888 5689 3028 5735 sunt.

1978 5767 2053 5824 De
2078 5767 2315 5825 secunda
2355 5783 2506 5837 vero,
2542 5785 2648 5839 qua
2680 5771 2733 5825 in
2788 5771 2891 5827 illis
2928 5769 3179 5841 capitulis
3207 5767 3486 5827 deﬁnitum
