3966 6334
617 366 758 433 “23

1583 357 1642 415 S.
1685 354 1943 414 BEMlGll
1981 350 2467 410 LUGDUNENSIS
2502 350 2811 409 EPISCOPI

3675 360 3773 420 im

608 486 700 538 θοι
730 494 795 531 ;.‹
824 474 979 545 Quod
999 472 1175 530 nullus
1198 469 1481 527 hominum
1503 467 1626 534 fuit,
1672 475 1773 532 est,
1806 465 1891 520 vel
1936 465 2061 530 erit,
2098 479 2196 534 pro
2222 475 2273 530 Α
2301 481 2332 519 a
2355 466 2551 535 quibus
2571 467 2988 536 exspectabatur
3015 466 3144 533 illic,
3178 468 3446 542 Scriptum
3490 473 3633 530 dicit:
3660 477 3773 536 ille.

610 584 720 643 quo
747 560 997 623 Christus
1025 577 1214 635 passus
1239 576 1347 615 non
1370 558 1553 621 fuerit,
1589 575 1607 608 ι
1635 556 1762 626 quid
1788 555 1931 610 aliud
1970 570 2195 623 respon-

613 661 744 717 dere
768 671 1075 730 possumus,
1117 652 1223 708 nisi
1264 659 1323 706 ut
1352 649 1586 721 primum
1616 647 1784 717 ipsos,
1811 646 1904 716 qui
1932 645 2034 700 hoc
2062 643 2195 699 deﬁ-

615 752 850 814 nierunt,
883 746 1073 803 sedulo
1119 745 1538 812 interrogemus,
1589 747 1643 793 et
1689 738 2100 800 admoneamus,
2135 743 2196 789 ut

608 820 891 911 vigilanter
911 843 966 891 et
987 833 1217 890 ﬁdeliter
1236 845 1468 904 pensare
1487 828 1759 889 studeant,
1776 842 1843 881 ne
1862 825 2000 881 forte
2019 826 2194 880 minus

609 926 1000 987 considerando
1022 924 1165 994 quod
1212 921 1499 977 dicendum
1529 926 1668 984 erat,
1722 926 1911 973 contra
1953 916 2112 971 fidem
2140 923 2195 971 et

607 1016 997 1078 conscientiam
1024 1028 1176 1069 suam
1200 1012 1326 1068 talia
1351 1011 1589 1067 dixerint
1612 1017 1665 1062 et
1689 1006 2023 1077 scripserint.
2057 1003 2194 1063 Nam

606 1117 667 1164 ut
696 1118 973 1165 taceamus
1000 1105 1065 1162 de
1094 1104 1177 1181 his
1201 1104 1292 1174 qui
1325 1117 1469 1158 nunc
1513 1108 1662 1167 sunt,
1692 1098 1775 1155 vel
1823 1092 1998 1153 adhuc
2023 1111 2196 1167 usque

605 1184 675 1255 ad
710 1198 875 1256 ﬁnem
903 1195 1085 1253 saeculi
1106 1194 1275 1250 futuri
1298 1200 1444 1259 sunt,
1478 1193 1533 1247 in
1564 1192 1758 1262 quibus
1787 1190 1972 1260 utique
2011 1197 2065 1244 et
2085 1188 2196 1242 An-

605 1290 887 1345 tichristus
913 1287 1041 1352 erit,
1070 1294 1221 1342 certe
1243 1285 1311 1342 de
1334 1284 1423 1338 illa
1445 1282 1825 1339 innumerabili
1853 1280 2196 1337 multitudine

603 1378 1036 1450 impiorum,,qui
1063 1377 1282 1433 fuerunt
1317 1376 1385 1431 ab
1414 1372 1568 1429 initio
1599 1373 1789 1428 mundi
1815 1387 1987 1441 usque
2009 1369 2076 1425 ad
2096 1364 2192 1424 ad-

603 1480 825 1527 ventum
851 1469 1056 1527 Christi
1080 1477 1135 1524 et
1159 1467 1215 1523 in
1256 1482 1351 1523 sua
1396 1466 1671 1536 impietate
1713 1464 1932 1528 mortui,
1962 1462 2016 1516 in
2040 1472 2196 1515 aeter-

604 1558 690 1615 nis
720 1557 896 1629 paanis
916 1566 1044 1614 sunt
1071 1552 1448 1620 condemnati;
1474 1570 1575 1610 nec
1601 1554 1770 1624 ipsos,
1793 1552 1884 1621 qui
1904 1551 2021 1607 haec
2046 1550 2196 1606 dixe-

603 1640 749 1718 runt,
781 1653 1001 1707 credere
1026 1661 1299 1722 putamus,
1327 1648 1469 1719 quod
1489 1648 1589 1720 pro
1606 1647 1684 1702 eis
1710 1645 1764 1702 in
1790 1662 1888 1700 sua
1917 1643 2195 1716 impietate

603 1734 857 1808 mertuis,
892 1748 948 1796 et
972 1748 1175 1796 aeterno
1194 1740 1306 1811 jam
1347 1738 1552 1809 judicio
1599 1732 1975 1792 condemnatis
2006 1734 2192 1789 Domi-

2301 555 2459 610 COl'tln
2469 564 2551 611 tus
2575 565 2658 611 ρει
2685 558 2943 612 Dominus
2963 570 3182 616 sanctus
3200 559 3364 617 Israel
3391 570 3674 619 mortuorum
3691 584 3775 625 suo-

2297 663 2417 701 rum
2443 648 2568 703 olim
2599 650 2979 705 dormientium
3020 652 3075 706 in
3104 652 3319 723 pulvere
3345 661 3508 708 terrm.
3552 673 3567 708 ι
3605 656 3775 716 Elide.

2297 742 2549 821 scendam
2592 744 2660 799 ad
2701 759 2795 799 eos
2846 745 3135 801 ostendere
3189 746 3297 801 illis
3337 746 3554 803 salutare
3599 753 3769 806 suum.i

2298 831 2448 889 Unde
2477 842 2531 889 et
2558 848 2655 906 per
2682 834 2833 891 Osca:
2864 837 3200 908 prophetiam
3244 838 3345 908 ipsi
3373 841 3520 893 morti
3545 850 3591 895 et
3626 843 3773 901 inferno

2296 922 2369 979 ita
2393 925 2721 991 minabatur,
2755 926 2939 982 dicens
2986 946 2998 982 :
3034 946 3053 980 ι
3093 927 3166 982 De
3208 945 3365 983 manu
3404 932 3574 986 mortis
3605 932 3774 992 liberabo

2296 1028 2406 1079 eos,
2434 1018 2500 1079 de
2527 1025 2698 1071 morte
2735 1017 2994 1073 redimam
3022 1034 3115 1075 eos
3144 1038 3156 1073 :
3186 1034 3282 1075 ero
3303 1035 3446 1076 mors
3467 1028 3566 1088 tua,
3598 1039 3626 1079 ο
3645 1030 3771 1082 mors!

2297 1123 2511 1163 morsus
2535 1117 2658 1163 tuus
2681 1125 2795 1176 ero,
2824 1109 3032 1167 inferne
3061 1110 3205 1179 (Ose.
3236 1129 3359 1177 xm,
3390 1112 3490 1181 ll).
3519 1132 3538 1166 ι

2368 1199 2521 1267 Quod
2552 1210 2723 1256 totum
2748 1195 3021 1272 quomodo
3048 1202 3278 1259 ﬁdeliter
3303 1213 3357 1259 et
3382 1206 3617 1264 catholiee
3638 1210 3773 1267 intelli-

2297 1290 2529 1362 gendum
2566 1291 2658 1357 sit,
2703 1292 2924 1362 eXpouit
2971 1293 3201 1349 miriﬁce
3235 1293 3294 1348 Β.
3333 1294 3615 1367 Gregorius,
3647 1298 3700 1352 ita
3725 1302 3774 1353 dl-

2296 1395 2427 1434 cens
2457 1398 2469 1433 :
2504 1379 2680 1453 [Quod
2719 1392 2844 1437 ante
2874 1380 3182 1453 passionem
3217 1382 3368 1451 dixit,
3401 1386 3449 1440 in
3477 1391 3772 1445 resurrectione

2297 1485 2391 1525 sua
2416 1469 2674 1527 Dominus
2701 1472 2976 1543 implevit;
3012 1480 3032 1526 ἀ
3066 1473 3122 1529 Si
3159 1474 3424 1531 exaltatus
3462 1476 3595 1531 fuero
3620 1494 3643 1532 a
3665 1487 3773 1543 tem,

2295 1560 2478 1615 Omnia
2497 1562 2721 1617 atraham
2760 1562 2827 1617 ad
2857 1578 2944 1619 me
2968 1561 3150 1636 (Joan.
3180 1581 3292 1631 xu,
3321 1566 3431 1639 52).
3470 1586 3487 1619 ι
3511 1565 3666 1622 Omnia
3680 1570 3770 1625 enim

2297 1648 2493 1714 traxit,
2535 1649 2626 1718 qui
2666 1649 2731 1705 de
2770 1649 2960 1705 electis
2991 1652 3106 1707 suis
3134 1651 3275 1723 apud
3302 1652 3494 1708 inferos
3516 1655 3676 1709 nullum
3697 1657 3773 1710 reli-

2296 1738 2433 1815 quit.
2462 1737 2653 1794 Omnia
2685 1741 2905 1796 abstulit
2930 1742 3116 1814 utique
3140 1741 3334 1799 electa.
3367 1741 3536 1815 Neque
3556 1746 3771 1801 etenimia—

602 1849 708 1899 nus
732 1848 925 1904 passus
949 1846 1068 1888 esse
1094 1829 1396 1887 credendus
1418 1829 1506 1884 sit.
1534 1824 1591 1883 Si
1614 1827 1761 1882 enim
1781 1824 1879 1896 pro
1898 1825 1980 1881 eis
2001 1834 2195 1895 passus
2224 1844 2275 1908 Β
2301 1830 2486 1886 ﬁdeles
2511 1847 2754 1902 quosque
2788 1840 2841 1889 et
2876 1849 2975 1905 pro
3007 1832 3120 1890 suis
3155 1836 3469 1892 criminibus
3497 1838 3672 1892 aeternis
3694 1853 3773 1908 sup-

600 1922 721 1978 esse
748 1922 1005 1999 creditur,
1038 1937 1134 1977 cur
1172 1934 1280 1975 non
1307 1919 1471 1973 etiam
1494 1929 1595 1990 pro
1625 1914 1838 1973 diabolo
1880 1923 1935 1971 et
1987 1913 2201 1985 angelis-

603 2002 1010 2084 ejuS'similiter
1057 2029 1251 2086 passus
1278 2026 1397 2068 esse
1428 2008 1720 2066 credatur?
1764 2008 1902 2075 Quia
1948 2008 2086 2063 sicut
2127 2007 2195 2062 de

600 2106 805 2162 eisdem
829 2106 1033 2177 refugis
1060 2116 1116 2161 et
1145 2103 1438 2160 immundis
1464 2100 1744 2173 spiritibus
1786 2100 2048 2169 scriptum
2087 2106 2191 2177 est,

609 2215 629 2250 σ
657 2197 802 2269 quod
827 2172 991 2267 {Deus
1037 2195 1242 2267 angelis
1287 2172 1637 2264 peccantibus
1657 2207 1774 2246 .non
1796 2190 2066 2263 pepercit,
2099 2172 2193 2244 se'd

602 2286 923 2341 rudentibus
962 2283 1124 2339 inferi
1164 2283 1439 2339 detractos
1482 2282 1582 2338 sub
1607 2280 1835 2352 caligine
1881 2279 2107 2335 tradidit
2136 2280 2190 2334 in

592 2370 857 2444 judicium
895 2374 1214 2430 cruciandos
1240 2370 1508 2429 reservari
1554 2369 1638 2444 (II
1681 2368 1828 2426 Patr.
1878 2386 1939 2437 ιι,
1965 2370 2043 2443 ι).
2079 2389 2096 2421 ›
2125 2370 2191 2425 Et

602 2463 808 2522 idcirco
827 2465 1112 2521 verissime
1136 2464 1436 2520 creduntur
1458 2461 1801 2518 irrevocabili
1843 2461 2190 2532 divinojudi-

531 2545 534 2548 ’
599 2555 689 2614 cio
715 2557 784 2612 ad
810 2572 1003 2629 poenas
1031 2566 1087 2613 et
1124 2556 1404 2613 interitum
1442 2563 1760 2625 perpetuum
1800 2554 2185 2626 praedestinati.

580 2651 677 2710 “Ita
705 2662 761 2710 et
788 2654 865 2710 illi
892 2654 1141 2710 homines
1166 2654 1315 2724 impii
1342 2654 1397 2708 in
1420 2666 1515 2708 sua
1538 2652 1815 2723 impietate
1845 2651 2065 2715 mortui,
2099 2665 2189 2705 eo-

574 2740 721 2803 “dem
780 2742 1121 2803 irrevocabili
1168 2744 1354 2804 divino
1397 2743 1605 2817 judicio
1647 2742 1761 2816 jam
1811 2749 1970 2798 erant
2012 2741 2188 2814 poenis

570 2836 872 2924 ;perpetuis
897 2834 1263 2898 condemnati.

669 2930 822 2989 Sient
864 2949 994 3004 ergo
1035 2948 1135 3005 pro
1166 2931 1271 2988 illis
1304 2929 1524 3002 impiis,
1574 2936 1629 2987 et
1674 2928 1942 2986 damnatis
1983 2926 2188 3001 angelis

593 3018 900 3082 nullatenus
959 3026 1220 3082 Dominus
1275 3021 1433 3081 .lesus
1489 3023 1739 3080 Christus
1795 3022 2055 3079 dicendus
2104 3029 2188 3078 est

580 3116 924 3189 ,passuszita
945 3118 1049 3187 pro
1086 3115 1208 3171 istis
1250 3115 1430 3188 impiis
1473 3124 1530 3171 et
1565 3114 1835 3171 damnatis
1877 3112 2185 3169 hominibus

2300 1920 2476 1993 pliciis
2497 1922 2726 1988 deditos,
2750 1924 2817 1979 ad
2839 1926 3054 1983 veniam
3080 1926 3342 1981 Dominus
3371 1926 3654 1999 resurgendo
3673 1941 3771 1999 repa-

2298 2017 2470 2081 ravit;
2516 2015 2608 2071 sed
2653 2015 2773 2072 illos
2798 2032 2865 2071 ex
2895 2015 3094 2073 inferni
3123 2018 3378 2074 claustris
3403 2018 3591 2089 rapuit,
3620 2034 3717 2089 quos
3738 2019 3770 2072 in

2297 2102 2402 2159 ﬁde
2446 2111 2499 2159 et
2543 2104 2753 2161 actibus
2798 2107 3132 2177 recognovit.
3189 2106 3346 2165 Unde
3389 2116 3526 2164 recte
3562 2109 3685 2163 etiam
3712 2123 3769 2181 per

2296 2193 2491 2252 Oscam
2519 2196 2688 2253 dicit:
2727 2215 2747 2248 ι
2777 2195 2884 2253 Ero
2910 2213 3060 2253 mors
3086 2205 3201 2265 tua,
3248 2214 3282 2255 o
3313 2201 3490 2255 mors!
3536 2213 3612 2256 ero
3630 2212 3768 2255 morsus

2294 2293 2442 2353 tuus,
2470 2286 2697 2342 inferne.
2737 2307 2755 2339 ι
2791 2286 2846 2344 Id
2877 2303 3111 2359 namque
3139 2290 3283 2360 quod
3311 2290 3606 2356 occidimus,
3635 2290 3767 2361 agimus

2293 2386 2351 2433 ut
2373 2373 2592 2448 'pehitus
2614 2395 2721 2434 non
2755 2381 2843 2435 sit.
2875 2379 2952 2435 Ex
2979 2396 3044 2436 eo
3072 2382 3220 2437 enim
3258 2383 3399 2452 quod
3428 2383 3673 2440 mordemus
3686 2396 3766 2451 par-

2293 2476 2403 2524 tem
2429 2470 2818 2539 abstrahimus,
2843 2480 3166 2543 partemque
3190 2472 3548 2543 relinquimus.
3570 2472 3767 2542 Quiaqergo

2292 2558 2346 2613 in
2377 2557 2566 2616 electis
2594 2562 2706 2616 suis
2733 2558 2978 2617 funditus
3005 2563 3211 2619 occidit
3239 2571 3485 2627 mortem,
3512 2576 3632 2618 mors
3648 2560 3767 2615 mortis

2291 2651 2538 2717 exstitit;
2595 2652 2722 2722 quia
2763 2666 2895 2708 vero
2934 2667 3002 2708 ex
3044 2651 3261 2709 inferno
3301 2662 3501 2724 partem
3532 2652 3711 2715 abstulit,
3735 2658 3769 2704 et

2284 2753 2503 2813 partem
2534 2742 2778 2814 reliquit,
2807 2758 2915 2799 non
2944 2744 3147 2799 occidit
3170 2743 3438 2809 funditus,
3470 2744 3553 2800 sed
3572 2739 3768 2798 momordit

2290 2833 2584 2889 infernum.
2608 2832 2699 2888 Ait
2718 2844 2883 2905 ergo:
2919 2851 2938 2885 ι
2960 2832 3065 2889 Ero
3088 2849 3239 2890 mors
3261 2844 3379 2897 tua,
3411 2849 3442 2890 ο
3466 2834 3620 2889 mors!
3646 2849 3661 2884 ι
3683 2829 3766 2884 acti

2291 2933 2478 2997 aperte
2506 2924 2670 2989 dicat,
2695 2925 2822 2995 quia
2845 2924 2901 2979 in
2923 2923 3110 2981 electis
3132 2926 3270 2982 meis
3296 2935 3348 2980 te
3372 2923 3584 2980 funditus
3602 2921 3763 2993 perime:

2294 3035 2313 3069 ι
2342 3015 2451 3071 Ero
2478 3032 2692 3073 morsus
2724 3026 2865 3083 tuus,
2896 3008 3127 3083 inferne,
3158 3035 3178 3068 ι
3210 3018 3336 3087 quia
3367 3015 3571 3072 sublatis
3597 3014 3655 3068 eis
3679 3018 3766 3065 teet

2287 3116 2442 3178 parte
2471 3105 2780 3179 trausﬁgo.]
2820 3106 2948 3162 llaec
2979 3106 3331 3164 ﬁdelissimus
3362 3109 3534 3163 doctor
3552 3103 3670 3170 juxta
3691 3099 3764 3155 fidei

558 3188 740 3279 iiabsit
766 3207 984 3263 omnino
1018 3211 1077 3260 iit
1105 3222 1298 3278 passus
1322 3221 1444 3261 esse
1471 3206 1757 3272 credatur;
1797 3206 1922 3276 quia
1966 3206 2071 3260 hoc
2098 3204 2186 3260 ni-
2215 3206 2260 3271 C
2292 3200 2577 3256 catholicae
2608 3200 2852 3271 regulam
2882 3199 3195 3256 ﬁdelissime
3229 3200 3482 3264 tenenda,
3509 3207 3556 3253 et
3582 3192 3765 3266 sequenda

576 3297 704 3360 imis
735 3306 823 3355 est
849 3296 1185 3354 contrarium
1214 3297 1411 3354 divina:
1435 3297 1675 3362 veritati,
1703 3297 1865 3353 nimis
1899 3297 2187 3353 adversum

574 3389 883 3455 catholicae
925 3388 1072 3458 ﬁdei,
1127 3405 1249 3460 qua:
1294 3388 1666 3445 indubitanter
1709 3388 1884 3446 credit
1928 3399 1983 3446 et
2034 3390 2191 3446 docet

594 3484 739 3556 quod
764 3483 1025 3539 Dominus
1069 3491 1254 3538 noster
1298 3498 1453 3539 suam
1499 3482 1807 3555 passionem
1839 3493 1893 3539 et
1933 3492 2186 3550 mortem,

532 3561 543 3571 ἠ
595 3576 759 3649 atque
803 3578 870 3633 ad
898 3575 1103 3632 inferos
1144 3574 1555 3633 descensionem
1606 3576 1714 3632 illis
1763 3576 1895 3633 solis
1932 3577 2048 3648 jam
2095 3577 2189 3633 de-

594 3662 817 3732 functis,
860 3674 916 3722 et
959 3667 1211 3737 quamvis
1254 3662 1398 3737 apud
1446 3664 1685 3734 inferos,
1732 3675 1910 3722 tamen
1957 3668 2010 3722 in
2055 3667 2188 3723 locis

596 3756 1003 3831 tranquillitatis
1026 3766 1082 3813 et
1100 3757 1237 3813 lucis
1264 3756 1573 3813 constitutis
1598 3756 1862 3822 exhibuit,
1889 3759 1978 3828 qui
2007 3759 2059 3813 in
2084 3757 2188 3826 ﬁde

595 3849 761 3908 futuri
783 3849 1044 3906 adventus
1072 3848 1189 3920 ejus
1213 3864 1278 3905 ac
1310 3848 1715 3920 redemptionis,
1760 3857 1816 3904 et
1845 3849 1899 3904 in
1945 3849 2048 3905 hoc
2085 3864 2189 3907 saa-

594 3943 718 3999 culo
738 3945 829 3998 vix
860 3951 1036 4012 erant,
1059 3951 1115 3999 et
1142 3942 1268 3998 illuc
1306 3958 1404 4014 per
1443 3951 1677 3999 mortem
1707 3942 2064 4009 transierant,
2093 3943 2187 3998 ubi

597 4037 762 4094 etiam
797 4045 1007 4107 tempus
1033 4034 1318 4107 implenda:
1351 4051 1415 4092 ac
1442 4033 1785 4107 perﬁcienda:
1820 4035 2059 4105 eiusdem
2103 4052 2189 4093 re-

598 4122 924 4195 demptionis
956 4139 1067 4178 suae
1106 4137 1206 4192 per
1231 4123 1538 4194 passionem
1586 4133 1642 4179 et
1679 4125 2087 4180 descensionem
2119 4126 2187 4181 ad

596 4228 691 4269 eos
721 4211 933 4268 Domini
976 4212 1066 4283 pio
1113 4211 1387 4267 desiderio
1414 4213 1820 4283 exspectabant.
1873 4214 1949 4268 De
1992 4214 2187 4283 quibus

596 4306 733 4362 etB.
765 4303 1003 4361 Joannes
1029 4303 1273 4376 Baptista
1308 4304 1628 4360 imminente
1666 4306 1783 4378 jam
1808 4321 1905 4361 sua
1932 4306 2187 4377 passione

596 4407 652 4455 et
679 4407 874 4464 morte,
907 4398 1034 4468 quia
1064 4408 1119 4452 et
1148 4397 1263 4470 ipse
1301 4412 1442 4454 unus
1468 4409 1587 4454 erat
1614 4416 1682 4455 ex
1729 4400 1924 4457 talibus
1960 4402 2187 4459 sollicite

595 4490 845 4547 eumdem
890 4489 1180 4546 Dominum
1228 4482 1597 4564 interrogabat
1622 4508 1717 4561 per
1745 4493 2057 4566 discipulos,
2108 4496 2193 4551 di»

2290 3294 2589 3364 proposuit.
2624 3292 2777 3349 Unde
2804 3302 2980 3348 cesset
3011 3293 3124 3349 haec
3153 3308 3296 3348 nova
3338 3302 3391 3348 et
3424 3289 3623 3347 inaudita
3643 3284 3763 3343 deﬁni-

2293 3386 2390 3453 tio,
2424 3387 2532 3441 imo
2559 3401 2695 3440 nova
2719 3395 2774 3441 et
2805 3380 3046 3440 inaudita
3079 3386 3445 3458 praesumptio,
3477 3393 3528 3439 ut
3556 3379 3762 3437 nullusho-

2290 3479 2495 3532 minum
2515 3519 2530 3543 ,
2558 3480 2722 3533 etiam
2750 3477 3039 3549 impiorum
3060 3519 3075 3545 ,
3114 3491 3170 3533 et
3205 3479 3348 3550 apud
3377 3476 3557 3533 inferos
3584 3474 3761 3529 irrevoca-

2289 3569 2474 3623 biliter
2500 3568 2879 3623 damnatorum
2910 3567 3096 3631 fuerit,
3125 3583 3227 3639 pro
3267 3583 3373 3638 quo
3408 3566 3622 3623 Christus
3642 3571 3760 3631 pastis

2291 3677 2399 3716 non
2431 3660 2532 3727 sit;
2565 3674 2688 3716 cum
2715 3677 2815 3731 pro
2837 3661 2968 3715 solis
3000 3660 3107 3716 illis
3131 3659 3420 3725 defunctis,
3444 3666 3497 3713 ut
3514 3658 3608 3728 jam
3631 3653 3758 3708 dictum

2291 3765 2408 3822 est,
2436 3758 2742 3828 passionem
2773 3758 3120 3821 sustinuerit,
3156 3758 3252 3827 qui
3282 3772 3400 3811 eum
3425 3754 3536 3810 dum
3558 3752 3759 3816 incorpore

2290 3849 2557 3916 viverent,
2602 3848 2831 3904 ﬁdeliter
2872 3859 3190 3914 venturum,
3234 3856 3290 3904 et
3328 3847 3562 3904 mundum
3593 3855 3663 3897 sua
3686 3847 3746 3907 pa!

2291 3940 2443 3996 sione
2469 3941 2877 4010 redempturum
2909 3940 3281 3996 crediderunt.
3311 3939 3419 3995 Hoc
3443 3937 3598 4006 itaque
3623 3937 3682 3986 est
3702 3940 3756 3980 α·

2292 4030 2554 4086 tliolicum
2588 4049 2601 4086 :
2644 4032 2746 4087 hoc
2786 4030 2908 4087 ﬁdei
2948 4031 3204 4087 Ecclesia:
3247 4032 3315 4087 ab
3348 4030 3491 4086 initio
3519 4018 3743 4084 commend:

2292 4130 2405 4176 tum
2434 4139 2446 4175 :
2474 4122 2578 4176 hoc
2600 4120 2781 4177 divina
2807 4132 2862 4177 et
2886 4130 3111 4193 paterna
3139 4124 3456 4178 auctoritate
3479 4115 3756 4175 ﬁrmatule

2292 4212 2413 4268 ideo
2440 4211 2720 4282 abjiciatur
2746 4214 2932 4285 procul
2961 4214 3124 4269 fallax
3155 4225 3212 4270 et
3238 4216 3393 4270 inane
3414 4217 3710 4269 commentum.

2363 4308 2439 4363 De
2474 4310 2687 4366 caeteris
2708 4326 2837 4365 vero
2870 4311 3179 4368 hominibus
3238 4312 3328 4385 qui
3372 4312 3435 4366 ab
3467 4308 3565 4377 ejus
3591 4299 3753 4375 passillnc

2290 4416 2459 4472 usque
2494 4419 2638 4457 nunc
2682 4401 2917 4469 fuerunt,
2955 4413 3051 4459 aut
3089 4413 3250 4471 sunt,
3290 4413 3381 4460 aut
3416 4413 3563 4472 usque
3587 4397 3626 4449 in
3653 4392 3751 4486 tinuit

2293 4494 2471 4549 saeculi
2503 4494 2663 4549 futuri
2692 4505 2838 4560 sunt,
2877 4515 2896 4546 ι
2929 4494 3200 4551 catholica
3241 4495 3368 4552 ﬁdes
3396 4499 3543 4558 tenet,
3567 4510 3582 4541 ι
3603 4480 3752 4540 ειδαὶο

595 4599 727 4640 cens
761 4601 774 4637 :
818 4602 836 4634 ι
866 4580 945 4636 Tu
966 4599 1024 4638 es
1053 4578 1145 4654 qui
1180 4562 1545 4651 venturusies,
1585 4599 1654 4638 an
1693 4584 1856 4641 alium
1883 4562 2185 4658 —CXSpecla-
2209 4562 2264 4621 D
2289 4583 2461 4658 pturae
2490 4590 2689 4640 sanctas
2717 4584 2917 4640 veritas
2945 4586 3123 4653 docet,
3163 4585 3305 4658 quod
3341 4592 3432 4657 prb
3460 4580 3658 4638 omnibus
3679 4578 3751 4622 σε’

564 4662 750 4734 ’ωιιεῖ
784 4696 804 4730 ι
850 4672 1067 4747 (Matth.
1098 4691 1178 4741 xI,
1206 4674 1286 4747 5.)
1333 4674 1410 4731 De
1461 4674 1655 4731 talibus
1702 4692 1937 4748 namque
1984 4679 2087 4749 piis
2128 4688 2182 4734 et

595 4766 771 4825 beatis
794 4764 1064 4823 defunctis
1090 4765 1279 4838 quales
1307 4764 1525 4821 fuerunt
1542 4768 1608 4822 ab
1631 4766 1784 4822 initio
1807 4768 1988 4824 mundi
2012 4785 2182 4840 usque

595 4858 662 4914 ad
689 4858 976 4913 adventum
1000 4857 1213 4913 Domini
1242 4858 1413 4913 sancti
1434 4859 1779 4929 patriarchae,
1808 4867 1863 4915 et
1883 4863 2181 4933 propheta),

594 4960 648 5004 et
669 4949 854 5005 caeteri
879 4950 1087 5022 antiqui
1110 4948 1266 5019 justi,
1294 4950 1384 5020 qui
1428 4949 1503 5004 ita
1548 4950 1896 5006 crediderunt
1944 4961 2000 5007 et
2042 4969 2182 5024 pra:-

590 5032 986 5097 "nuntia'veruut
1039 5050 1356 5108 venturum,
1403 5049 1459 5096 et
1514 5042 1810 5096 humanum
1868 5058 2039 5114 genus
2083 5061 2183 5102 mo

597 5135 859 5203 sanguine
904 5130 1327 5206 redeinpturhm,
1370 5134 1512 5191 sicut
1550 5151 1694 5192 nunc
1724 5152 1848 5191 eum
1877 5138 2053 5193 omnis
2083 5135 2184 5193 Ec-

597 5218 761 5282 clesia
785 5222 896 5293 jam
916 5226 1129 5282 venisse
1150 5224 1325 5280 credit
1347 5235 1401 5280 et
1423 5226 1733 5292 conﬁtetur,
1764 5228 1929 5281 etiam
1958 5227 2012 5282 in
2043 5227 2182 5283 libro

586 5308 977 5389 Ecclesiastico
998 5314 1115 5387 ipsa
1136 5313 1231 5389 Dei
1264 5314 1543 5389 Sapientia,
1573 5318 1664 5388 qui
1689 5326 1771 5372 est
1793 5317 1977 5387 utique
2001 5316 2183 5373 Domi-

568 5402 698 5470 ”nus
728 5408 916 5468 noster
945 5408 1100 5467 Jesus
1130 5388 1377 5468 Christus
1416 5410 1698 5482 promittit,
1748 5412 1971 5469 dicens:
2024 5431 2043 5464 ‹
2081 5412 2182 5467 Pe-

592 5504 823 5561 netrabo
870 5502 925 5557 in
975 5500 1260 5559 inferiores
1302 5512 1486 5575 partes
1532 5512 1722 5569 terrae,
1780 5512 1835 5558 et
1894 5504 2177 5574 inspiciam

596 5594 785 5651 omnes
805 5593 1161 5660 dormientes,
1183 5601 1238 5651 et
1260 5594 1578 5650 illuminabo
1597 5610 1790 5651 omnes
1817 5596 2101 5666 sperantes
2125 5597 2178 5652 in

597 5689 706 5744 Deo
741 5688 930 5762 (Ecclt'.
963 5703 1115 5756 xxiv,
1145 5686 1259 5760 45).
1302 5707 1321 5740 ι
1347 5687 1593 5759 Itemque
1624 5688 1730 5744 alio
1774 5689 1892 5745 loco
1936 5688 2004 5743 de
2027 5691 2176 5761 ejus-

596 5782 716 5838 dem
745 5781 1097 5839 descensione
1153 5780 1225 5837 ad
1265 5778 1491 5847 inferos,
1520 5789 1576 5837 et
1621 5797 1809 5838 eorum
1856 5781 2174 5843 liberatione

2291 4676 2570 4744 dentibus,
2600 4686 2654 4733 et
2682 4693 2779 4749 per
2807 4679 3035 4749 gratiam
3062 4678 3320 4750 baptismi
3345 4694 3406 4733 ex
3431 4688 3547 4744 aqua
3572 4678 3612 4724 et
3630 4666 3749 4719 sancio

2293 4770 2495 4840 Spiritu
2539 4771 2906 4840 regeneratis,
2951 4780 3006 4826 et
3048 4760 3303 4827 Ecclesi:c
3342 4759 3643 4837 incorporatis
3670 4761 3748 4804 τετε

2290 4860 2547 4917 Dominus
2578 4870 2634 4917 et
2660 4861 2910 4917 Salvator
2943 4874 3128 4918 noster
3170 4863 3242 4919 sit
3270 4875 3466 4933 passus.
3499 4855 3640 4922 Neque
3656 4841 3746 4901 enim

2288 4965 2415 5006 vere
2444 4952 2602 5007 aliter
2631 4953 2898 5024 baptizari
2928 4963 3250 5025 potuerunt,
3292 4954 3388 5009 nisi
3418 4952 3466 5005 in
3490 4954 3627 5002 morte
3645 4937 3745 5007 εῙυθῖ

2286 5059 2386 5099 nec
2411 5058 2535 5098 vere
2562 5059 2590 5096 a
2618 5045 2854 5113 peccatis
2882 5045 2994 5100 suis
3022 5046 3187 5111 ablui,
3224 5045 3325 5100 nisi
3357 5043 3405 5098 in
3432 5033 3644 5108 sanguine
3658 5025 3742 5122 85υῇ

2286 5135 2513 5191 docente
2542 5134 2704 5189 beato
2737 5136 2903 5191 Paulo
2928 5136 3170 5208 apostolo
3196 5155 3209 5192 :
3248 5158 3265 5189 ι
3291 5136 3418 5203 Quia
3448 5131 3686 5202 quiClm‘l“e
3711 5124 3743 5165 ¹⁰

2286 5228 2504 5286 Christo
2535 5229 2790 5302 baptizali
2818 5232 3003 5285 sumus
3033 5230 3301 5305 (Romuvt,
3325 5230 3395 5300 5).
3427 5244 3444 5277 ι
3472 5223 3527 5278 Et
3545 5211 3744 5305 atteslaﬂ“:

2286 5324 2443 5377 beato
2484 5320 2690 5377 Joanne
2726 5324 2779 5376 in
2819 5301 3182 5394 Apocalvpsi:
3218 5341 3235 5375 ι
3278 5319 3374 5388 Qui
3412 5311 3569 5372 dilexit
3593 5315 3677 5365 ποετ
3709 5301 3744 5347 εί

2286 5415 2418 5469 lavit
2445 5432 2543 5471 nos
2572 5433 2602 5470 a
2633 5417 2873 5486 peccatis
2900 5415 3176 5473 nostrisin
3207 5414 3448 5486 sanguine
3468 5420 3550 5464 suo
3568 5398 3738 5473 Wo“

2287 5508 2361 5579 5).
2392 5527 2410 5559 ι
2451 5507 2529 5562 De
2556 5507 2641 5563 his
2665 5508 2848 5571 etiam,
2880 5509 2931 5565 id
2955 5519 3038 5566 est
3068 5509 3307 5566 ﬁdelibus
3337 5504 3439 5563 suis
3464 5503 3514 5558 in
3536 5494 3737 5584 mortes)“

2283 5596 2604 5668 haptizatis,
2637 5606 2691 5653 et
2732 5598 2784 5653 in
2826 5601 3091 5673 sanguine
3121 5616 3219 5657 suo
3243 5600 3550 5672 peccatorum
3579 5579 3737 5673 abluit}?

2284 5707 2407 5747 nem
2425 5693 2752 5758 consecutis,
2771 5692 2903 5748 dicit
2933 5692 3046 5764 ipse
3073 5692 3323 5750 Dominus
3343 5696 3391 5745 et
3412 5683 3616 5741 Salvator
3631 5689 3641 5724 :
3657 5688 3668 5719 ι

2283 5791 2373 5839 cut
2398 5784 2547 5839 novit
2579 5798 2663 5839 me
2692 5780 2874 5852 Pater,
2899 5746 3076 5856 etrego
3107 5797 3334 5858 agnosco
3364 5778 3571 5837 Patrem.
3597 5767 3638 5820 εί
3660 5746 3736 5811 “1'
