3966 6334
227 397 364 462 Ηὲδ

1187 393 1274 451 DE
1311 387 1631 447 TENENDA
1669 383 2080 443 scalprum
2120 357 2499 440 VERITATE.

3334 373 3482 433 “‘20

225 531 365 574 mam
407 528 580 571 meam
611 527 754 585 pono
792 525 891 582 pro
927 509 1117 567 ovibus
1161 507 1296 562 meis
1339 505 1518 577 (Joan.
1547 503 1736 574 x,15).
1771 523 1787 553 ι
1823 515 1869 574 Α
1898 512 1995 569 per
2033 498 2392 553 obedientiam
2433 495 2624 553 mortis
2659 495 2859 553 Christi
2903 473 2962 552 et
2998 491 3313 551 eﬂ'u'sionem
3347 506 3476 564 prec
3563 563 3566 567 ‘

223 608 327 666 Pro
361 605 480 660 istis
516 604 688 660 dicit:
732 621 750 655 ι
781 603 846 657 Ει
873 602 1015 657 sicut
1047 597 1254 670 Moyses
1291 595 1546 652 exaltavit
1578 611 1822 666 serpens

227 709 330 754 tem
359 697 410 752 in
432 697 648 752 deserto
666 735 682 760 ,
704 693 776 748 ita
797 691 1020 746 exaltari
1040 696 1252 760 oportet
1269 685 1436 741 tilium
1455 685 1684 739 hominis
1701 724 1717 750 ,
1743 693 1801 739 ut

225 786 400 842 omnis
423 785 514 856 qui
539 783 711 839 credit
731 783 786 838 in
810 796 930 836 eum
953 796 1058 835 non
1079 787 1283 849 pereat,
1305 775 1397 832 sed
1417 776 1614 831 habeat
1637 774 1803 830 vitam

227 875 406 951 (Joan.
429 891 512 942 ιιι,
541 875 650 946 14).
683 893 701 925 ι
738 873 814 928 De
845 872 965 926 istis
999 871 1128 924 dictt
1158 867 1445 954 Apostolus
1468 885 1534 921 :1
1555 865 1803 922 Christus

225 965 413 1022 dilexit
457 963 783 1028 Ecclesiam,
827 969 882 1015 et
925 959 1158 1030 seipsum
1209 956 1430 1012 tradidit
1466 971 1566 1026 pro
1607 969 1703 1019 ea,
1744 961 1804 1009 ut

225 1057 370 1112 illam
411 1053 803 1118 sanctiﬁcaret,
841 1052 1106 1106 mundans
1141 1063 1262 1103 eam
1306 1045 1520 1102 lavacro
1557 1060 1710 1116 aqua:
1748 1044 1804 1099 in

222 1147 388 1204 verbo
413 1143 577 1218 (Eph.
601 1160 655 1210 ν,
679 1139 770 1210 25,
793 1139 909 1214 26).
941 1160 961 1193 ι
1003 1137 1070 1194 Et
1091 1138 1217 1210 quia
1245 1137 1386 1193 sicut
1411 1135 1552 1190 idem
1573 1135 1806 1208 Aposto-

223 1238 306 1293 lus
350 1247 578 1294 tes-tatur
612 1253 626 1290 :
673 1253 694 1287 ι
720 1233 837 1290 Νοιι
877 1233 1120 1288 omnium
1157 1238 1244 1286 est
1286 1226 1452 1295 ﬁdes,
1484 1248 1504 1282 ι
1539 1235 1595 1282 ει
1642 1246 1662 1279 ι
1698 1242 1806 1282 non

223 1343 416 1384 omnes
443 1325 700 1394 obediunt
723 1323 1016 1396 Evangelio
1045 1321 1132 1393 (ΙΙ
1165 1321 1343 1376 Thess.
1376 1337 1460 1386 ιιι,
1489 1319 1568 1393 2).
1602 1339 1621 1372 ι
1667 1318 1806 1372 Dicit

225 1417 420 1474 iterum
457 1417 574 1488 ipse
622 1413 878 1472 Dominus
912 1433 926 1470 :
971 1433 990 1466 ι
1021 1413 1191 1472 Filius
1231 1411 1466 1468 hominis
1509 1425 1617 1465 non
1661 1409 1806 1464 venit

225 1507 551 1575 ministrari,
585 1507 679 1564 sed
708 1507 1055 1572 ministrare,
1101 1514 1156 1560 et
1200 1506 1330 1561 dare
1374 1503 1609 1558 animam
1655 1516 1808 1588 suam

227 1599 650 1669 redemptionem
678 1613 776 1668 pro
817 1595 999 1652 multis
1043 1594 1255 1670 (Matth.
1303 1609 1370 1650 xx
1393 1634 1408 1660 ,
1435 1593 1548 1664 28).
1583 1613 1602 1644 ι
1659 1589 1810 1647 Unde

224 1685 387 1746 etiam
435 1707 558 1745 cum
601 1687 998 1746 sacramentum
1037 1687 1282 1758 corporis
1318 1695 1374 1741 et
1413 1683 1688 1755 sanguinis
1725 1679 1810 1739 sui

222 1775 502 1855 discipulis
537 1778 799 1849 traderet,
826 1781 902 1838 ait
929 1799 942 1836 :
976 1799 993 1833 ι
1020 1777 1264 1850 Accipite
1285 1787 1341 1834 et
1361 1776 1628 1833 comedite
1655 1795 1666 1830 :
1693 1773 1809 1834 Hoc

1901 591 2024 647 tiosi
2057 589 2333 662 sanguinis
2359 589 2474 658 ejus
2511 590 2672 646 etiam
2711 589 2786 644 illi
2828 589 3218 660 adipiscuntur,
3257 599 3379 641 cum
3407 585 3487 640 ad

1903 681 2174 734 lavacrum
2219 679 2643 751 regenerationis
2683 679 2921 742 veniunt,
2967 679 3091 749 quia
3135 691 3256 732 eam
3292 683 3480 746 postea

1904 787 2001 828 suo
2026 771 2156 826 vitio
2189 790 2208 822 ι
2239 769 2292 826 ἱιι
2323 787 2382 828 se
2413 771 2624 827 irritam
2655 771 2879 838 faciunt,
2911 789 2930 825 ι
2967 780 3201 827 testante
3226 769 3482 842 Apostolo
3553 795 3555 799 τ

1905 880 1969 920 ac
1995 865 2208 920 dicente
2232 882 2244 918 :
2283 883 2301 916 ι
2331 863 2541 932 Quanto
2571 865 2740 936 magis
2765 863 2968 935 putatis
2991 863 3257 919 deteriora
3282 861 3487 918 mereri

1906 957 2196 1029 supplicia,
2225 957 2318 1028 qui
2347 955 2542 1012 Filium
2573 957 2665 1012 Dei
2695 949 3122 1022 conculcaverit,
3165 961 3221 1012 et
3259 953 3486 1026 sangui-

1905 1063 2030 1105 nem
2051 1048 2380 1113 testamenti,
2397 1050 2450 1103 in
2473 1063 2578 1119 quo
2591 1045 2960 1104 sanctiﬁcatus
2972 1055 3076 1115 est,
3103 1047 3363 1120 pollutum
3386 1047 3486 1101 du-

1906 1139 2068 1205 xerit,
2085 1137 2373 1211 etSpiritui
2389 1140 2576 1210 gratiae
2601 1137 2982 1196 contumeliam
3007 1138 3225 1195 fecerit?
3243 1157 3263 1191 ι
3293 1136 3485 1210 (Hebr.

1905 1249 1964 1299 ι,
1988 1231 2104 1302 29.)
2144 1231 2211 1287 Et
2245 1233 2461 1288 iterum.
2500 1252 2518 1285 ι
2566 1227 2902 1303 lmpossiblle
2949 1241 3033 1288 est
3067 1231 3212 1288 enim
3248 1243 3364 1295 eos,
3393 1228 3489 1300 qui

1907 1327 2076 1382 semel
2095 1337 2222 1381 sunt
2243 1325 2526 1380 illuminati
2543 1369 2558 1392 ,
2591 1327 2942 1397 gustave'ruut
2966 1325 3130 1380 etiam
3153 1323 3354 1379 donum
3376 1335 3490 1378 c034

1907 1416 2064 1482 leste,
2101 1425 2157 1473 et
2185 1417 2474 1488 participes
2503 1425 2626 1472 sunt
2651 1417 2778 1472 facti
2809 1413 3044 1488 Spiritus
3071 1415 3263 1480 sancti,
3301 1423 3494 1487 gusta-i

1909 1515 2100 1561 verunt
2123 1506 2474 1562 nihilominus
2499 1507 2699 1562 bonum
2740 1505 2833 1563 Déi
2861 1505 3116 1572 verbum,
3152 1503 3493 1577 Virtutesqud

1909 1593 2089 1651 saeculi
2119 1597 2354 1663 venturi,
2385 1603 2438 1652 et
2467 1597 2700 1669 prolapsi
2730 1592 2886 1664 sunt,
2923 1597 3173 1654 renovari
3204 1605 3392 1653 rursus
3421 1591 3493 1664 ad

1909 1685 2284 1756 paenitentiam
2317 1685 2504 1759 (Hebr.
2531 1703 2607 1754 vr,
2635 1687 2776 1762 4-6).
2806 1693 2830 1742 ι
2923 1689 2928 1694 ’
3485 1701 3490 1708 ‘

223 1867 310 1928 est
337 1869 482 1928 enim
517 1887 712 1944 corpus
739 1887 950 1937 meum,
996 1869 1138 1941 quod
1178 1885 1278 1940 pro
1314 1867 1465 1924 vobis
1496 1867 1754 1922 tradetur.
1783 1885 1803 1918 ι
1838 1881 1886 1943 Β
1982 1861 2322 1936 Quapropter
2359 1863 2425 1920 de
2460 1861 3165 1924 carnibus.ci‘edetitilius’nt
3193 1865 3494 1935 Christum,

223 1961 294 2018 Et
321 1963 516 2018 iterum
543 1981 556 2017 :
599 1961 618 2015 ι
648 1959 748 2018 Hic
774 1971 858 2018 est
885 1959 1102 2030 sanguis
1133 1975 1286 2014 meus
1315 1957 1452 2013 Novi
1481 1955 1810 2013 Testamenti

223 2051 319 2126 (iui
347 2069 448 2125 pro
477 2051 629 2110 vobis
665 2062 722 2110 et
753 2068 851 2124 pro
904 2047 1086 2108 multis
1111 2051 1418 2106 eﬂ'undetur
1445 2049 1500 2104 in
1532 2047 1806 2105 remissio-

222 2145 351 2202 nem
379 2143 723 2216 peccatorum
747 2139 961 2213 (Matth.
989 2135 1139 2206 xm,
1167 2139 1258 2206 26,
1285 2137 1396 2212 28).
1429 2159 1448 2192 ι

295 2233 408 2292 Hos
441 2235 460 2288 ἆ
487 2235 684 2292 multos
712 2255 731 2289 ι
765 2233 1051 2306 Apostolus
1075 2231 1206 2290 dicit
1237 2251 1256 2284 ι
1283 2248 1491 2298 omnes,
1523 2249 1542 2286 ι
1577 2231 1666 2288 ubi
1695 2231 1806 2286 ait:

221 2324 382 2403 Unus
410 2328 554 2384 enim
583 2327 758 2394 Deus,
787 2341 926 2382 unus
951 2335 1006 2380 et
1033 2323 1301 2380 mediator
1332 2321 1427 2379 Dei
1453 2331 1508 2380 et
1533 2323 1812 2379 hominum

220 2416 392 2477 homo
425 2417 674 2475 Christus
709 2415 898 2484 Iesus,
924 2416 1018 2488 qui
1043 2415 1192 2474 dedit
1221 2415 1570 2488 'semetipsum
1598 2415 1811 2471 redem-

219 2507 470 2585 ptionem
491 2525 591 2582 pro
611 2509 864 2566 omnibus
887 2507 938 2582 (Ι
969 2505 1103 2564 Tim.
1132 2524 1193 2575 ιι,
1218 2505 1293 2580 5).
1321 2507 1388 2561 Et
1413 2508 1512 2561 hos
1539 2525 1557 2556 ‹
1577 2519 1768 2560 oumes
1788 2524 1806 2557 ι

220 2599 428 2660 lterum
453 2599 586 2657 dicit
619 2617 639 2654 ι
669 2598 869 2656 multos
897 2619 916 2652 ι
952 2597 1042 2655 ubi
1072 2598 1145 2654 ait
1172 2615 1186 2652 :
1223 2617 1242 2650 ι
1271 2597 1336 2676 Et
1361 2595 1812 2667 quemadmodum

225 2688 494 2752 statutum
524 2699 608 2750 est
631 2692 942 2749 hominibus
965 2689 1128 2748 Semel
1160 2689 1320 2756 mori,
1352 2697 1474 2760 post
1501 2689 1604 2744 hoc
1632 2682 1814 2746 autem

218 2783 505 2866 judicium,
535 2772 615 2840 ’sic
642 2792 699 2839 et
726 2781 977 2838 Christus
1012 2779 1178 2836 semel
1217 2779 1431 2838 oblatus
1458 2785 1544 2836 est
1577 2780 1643 2838 ad
1677 2779 1817 2834 mul-

223 2873 800 2946 tor'umjexhaurienda
819 2875 1041 2952 peccata
1066 2871 1251 2944 (Hebr.
1280 2888 1354 2937 ut,
1381 2871 1475 2938 27,
1501 2869 1616 2942 28},
1649 2889 1667 2923 ι
1703 2877 1809 2926 etc.

226 2961 393 3022 iuxta
421 2981 582 3037 quem
607 2963 896 3022 locutionis
922 2965 1140 3018 modum
1180 2963 1344 3018 etiam
1383 2963 1436 3018 in
1479 2960 1717 3033 Epistola
1745 2959 1814 3015 ad

227 3055 506 3112 Romanos
535 3053 666 3112 dicit
694 3073 708 3109 :
744 3073 764 3106 ι
793 3052 960 3126 Igitur
989 3054 1129 3130 sicut
1159 3069 1256 3125 per
1281 3053 1440 3108 unius
1464 3053 1697 3108 hominis
1720 3052 1815 3106 de-

229 3144 421 3203 lictum
463 3147 517 3203 in
561 3163 749 3204 onmes
780 3147 1026 3203 homines
1059 3143 1115 3200 in
1143 3145 1664 3206 condemnationem,
1735 3142 1814 3198 sic

1915 1960 1970 2010 et
1992 1953 2044 2008 in
2075 1951 2287 2010 Christo
2309 1955 2661 2028 regeneratis,
2692 1953 2838 2014 recte
2867 1956 2922 2012 et
2944 1957 3214 2013 v‘e‘rabite‘r
3237 1955 3492 2022 creditur,

1915 2047 2057 2118 quod
2079 2062 2178 2118 pro
2201 2048 2281 2102 eis
2301 2045 2559 2104 Dominus
2583 2045 2836 2104 Christus
2869 2047 2942 2106 Sit
2969 2051 3180 2120 passus.
3202 2049 3318 2105 tice
3343 2051 3498 2103 nam:

1915 2157 2020 2212 que
2072 2149 2184 2197 tota
2235 2142 2403 2197 series
2439 2139 2734 2213 Scripturté
2771 2136 2971 2198 sanctae
3005 2131 3222 2198 Veteris
3265 2157 3328 2198 ac
3357 2139 3495 2197 Novi

1919 2229 2274 2297 Testameuti,
2301 2231 2346 2286 si
2369 2231 2654 2306 diligenter
2675 2228 3012 2304 inspiciatur',
3037 2233 3094 2288 et
3122 2226 3352 2288 ﬁdeliter
3371 2247 3500 2288 con-

1915 2322 2199 2390 sideretur,
2244 2322 2531 2380 manifeste
2575 2332 2738 2396 atque
2778 2307 3148 2381 indubitanter
3186 2330 3496 2379 attestatur;

1915 2414 2068 2484 Quod
2095 2415 2260 2471 etiam
2289 2416 2574 2487 magnifice
2603 2423 2658 2470 et
2683 2415 2850 2470 nimis
2867 2413 3150 2488 granditer
3172 2411 3498 2470 univerSalis

1917 2507 1972 2564 et
2003 2506 2359 2563 celeberrima
2390 2505 2458 2562 ab
2487 2505 2604 2578 ipso
2635 2505 2884 2576 Domino,
2907 2509 2963 2564 et
2995 2505 3261 2577 apostblis
3290 2501 3501 2562 traditaé

1918 2597 2172 2654 Ecclesia:
2197 2598 2542 2654 commendat
2569 2595 2904 2654 auctoritas:
2937 2595 3066 2673 Quae
3099 2615 3119 2648 ι
3173 2591 3500 2652 oblationem

1917 2688 2161 2760 corporis
2190 2696 2245 2743 et
2288 2689 2569 2759 Sanguinis
2617 2686 2840 2752 Christi,
2880 2707 2900 2740 ι
2935 2685 2990 2742 i‘d
3037 2685 3122 2742 es‘t
3179 2673 3497 2758 mysterium

1917 2777 2186 2852 passionis
2217 2789 2272 2835 et
2311 2781 2504 2836 mortis
2551 2779 2686 2850 ejus,
2717 2775 3086 2836 tantummodo
3115 2781 3214 2854 'p'ro
3259 2767 3502 2854 Ecclesia

1917 2871 2180 2928 catholica
2229 2879 2340 2928 toto
2382 2873 2514 2928 orbe
2555 2867 2768 2938 diffusa,
2826 2865 3078 2928 videlicet
3119 2852 3224 2952 pro
3257 2852 3500 2928 omniuni

1919 2963 2154 3019 ﬁdelium
2179 2965 2434 3019 societate
2459 2973 2622 3035 atque
2648 2961 2883 3030 unitate;
2910 2971 2964 3019 et
2992 2963 3090 3034 pro
3117 2961 3222 3020 illis
3243 2961 3372 3018 solis
3403 2963 3501 3020 de;

1919 3054 2134 3118 functis,
2181 3073 2200 3106 ι
2233 3055 2327 3125 qui
2355 3069 2452 3110 nos
2479 3051 2874 3126 praecesserunt
2909 3069 3032 3110 cum
3061 3053 3214 3126 signo
3270 3051 3418 3120 ﬁdei,
3447 3057 3502 3109 et

1920 3145 2199 3202 dormiunt
2222 3147 2274 3200 in
2300 3162 2510 3202 sommo
2539 3147 2687 3218 pacis
2727 3167 2746 3199 ι
2797 3145 3027 3202 ﬁdeliter
3055 3145 3234 3212 oll'ert,
3265 3145 3406 3200 unde
3448 3137 3505 3200 et

231 3255 329 3312 per
359 3239 516 3294 unius
549 3239 814 3309 justitiam
860 3239 914 3293 in
953 3251 1143 3292 omnes
1181 3235 1428 3291 homines
1465 3235 1518 3290 in
1552 3233 1810 3304 iustiﬁca—
1837 3235 1882 3298 C
1915 3235 2246 3294 conﬁdenter
2275 3254 2338 3292 ac
2383 3240 2651 3294 veraciter
2701 3239 2755 3292 in
2800 3237 2917 3308 ipsa
2961 3236 3345 3308 mysteriorum
3395 3237 3504 3292 fre;

234 3331 435 3388 tionem
477 3333 623 3387 vitae.
675 3330 828 3387 Sicut
872 3331 1015 3384 enim
1057 3345 1156 3400 per
1195 3327 1612 3384 inohedientiam
1660 3325 1817 3381 unius

227 3414 468 3478 hominis
498 3430 812 3494 peccatores
836 3422 1114 3477 constituti
1154 3431 1281 3476 sunt
1311 3420 1486 3486 multi,
1535 3420 1610 3474 ita
1638 3427 1694 3474 et
1720 3425 1817 3490 per

232 3515 602 3570 'ohedientiam
630 3515 790 3571 unius
811 3515 1066 3578 hominis,
1082 3514 1215 3582 justi
1239 3515 1634 3570 constituentur
1663 3511 1818 3566 multi

234 3603 411 3675 (Rom.
454 3621 505 3670 v,
557 3605 646 3671 l8,
693 3605 803 3674 l9).
837 3624 856 3658 ι
910 3605 1188 3659 Manil‘este
1216 3605 1360 3658 enim
1395 3619 1531 3676 quos
1568 3606 1621 3657 in
1652 3603 1820 3672 priori

231 3696 505 3751 sententia
547 3694 684 3750 dixit
727 3713 746 3746 ι
775 3710 982 3760 omnes,
1013 3715 1032 3747 ι
1073 3699 1127 3749 ει
1175 3711 1193 3746 ι
1220 3709 1428 3760 omnes,
1457 3714 1476 3746 ι
1515 3694 1616 3749 hos
1648 3694 1701 3748 in
1731 3707 1818 3749 se-

233 3785 424 3856 'quenti
459 3805 478 3838 ‹
509 3786 731 3852 multos,
760 3806 778 3839 ι
815 3796 869 3842 ει
903 3805 920 3838 ι
951 3785 1169 3843 multos.
1201 3805 1220 3836 ι
1259 3783 1366 3840 Sed
1403 3785 1456 3840 in
1497 3786 1822 3841 condemna-

238 3879 406 3942 tione,
430 3894 549 3950 quae
571 3893 669 3948 per
696 3893 860 3933 unum
891 3878 1166 3933 hominem
1197 3878 1442 3948 ingressa
1469 3887 1554 3932 est
1579 3877 1632 3930 in
1661 3891 1822 3932 omne

235 3983 408 4038 genus
444 3969 772 4034 humanum,
809 3968 884 4022 ita
926 3976 1073 4022 recte
1117 3967 1487 4037 intelliguntur
1541 3987 1561 4020 ι
1591 3967 1764 4032 multi,
1797 3973 1816 4021 ι

238 4067 300 4112 ut
323 4061 448 4112 vere
475 4059 811 4128 accipiantur
845 4075 864 4110 ι
892 4071 1112 4124 omnes;
1140 4072 1159 4110 ι
1205 4059 1328 4128 quia
1357 4073 1516 4114 nemo
1547 4057 1822 4114 hominum

235 4149 309 4204 ab
331 4147 418 4203 illa
441 4149 650 4205 ali’euus
671 4158 774 4215 est,
797 4150 901 4205 nisi
927 4161 1024 4220 per
1046 4149 1248 4204 Christi
1271 4151 1500 4220 gratiam
1527 4149 1818 4205 liberetur:

222 4239 294 4296 'iu
337 4240 725 4310 justiﬁeatio’ne
769 4252 949 4297 autem
995 4243 1119 4296 vitae
1165 4242 1240 4296 ita
1289 4251 1436 4298 recte
1483 4243 1824 4312 accipiuntur

229 4343 264 4386 ἰ
291 4349 514 4401 omnes,
544 4355 563 4390 ι
617 4343 676 4391 ιιι
719 4337 820 4406 ipsi
873 4355 892 4388 ι
921 4349 1110 4390 omnes
1156 4333 1307 4388 multi
1337 4355 1356 4387 ι
1411 4333 1823 4405 intelligantur?

241 4425 377 4495 Quia
409 4443 506 4500 per
529 4427 894 4483 obedientiam
923 4425 1156 4492 Christi,
1193 4441 1296 4496 qua
1334 4446 1352 4477 ι
1381 4425 1556 4480 factus
1581 4435 1664 4480 est
1689 4425 1821 4480 obe-

241 4517 399 4573 diens
420 4533 589 4590 usque
614 4517 682 4571 ad
709 4527 967 4583 mortem,
991 4527 1219 4572 mortem
1243 4525 1420 4571 autem
1449 4517 1628 4570 crucis
1651 4513 1818 4586 (Phil.

1915 3331 2271 3405 quentatione
2312 3347 2411 3403 pro
2469 3330 2714 3388 ﬁdelibus
2767 3329 3074 3401 supplicans
3105 3329 3177 3383 ad
3210 3327 3378 3384 Deum
3425 3325 3508 3382 di-

1917 3427 2022 3482 cit:
2051 3444 2068 3475 ι
2101 3421 2367 3492 Respice,
2399 3422 2654 3484 Domine,
2683 3435 2846 3489 super
2871 3419 3011 3474 hanc
3041 3417 3302 3472 familiam
3337 3423 3503 3482 tuam,

1919 3530 2017 3586 pro
2042 3530 2147 3582 qua
2173 3513 2433 3568 Dominus
2465 3521 2648 3565 noster
2675 3509 2832 3564 Jesus
2871 3503 3123 3562 Christus
3154 3521 3260 3560 non
3285 3505 3502 3562 dubita-

1920 3603 1996 3656 vit
2027 3603 2273 3659 manibus
2301 3599 2436 3656 tradi
2485 3598 2813 3664 nocentium,
2841 3600 2896 3652 ει
2947 3597 3128 3652 crucis
3170 3597 3354 3652 subire
3388 3605 3500 3652 tor-

1919 3679 2182 3750 mentum.
2218 3714 2236 3746 ι
2274 3694 2340 3748 Et
2365 3692 2508 3746 hunc
2531 3691 2693 3744 ritum
2721 3689 3010 3744 Dominica:
3035 3687 3320 3744 oblationis
3347 3689 3509 3744 tanta

1923 3788 2161 3858 pietatis,
2191 3793 2246 3842 et
2275 3783 2546 3856 religionis
2571 3781 2869 3836 attentione
2891 3779 3146 3844 custodit,
3181 3787 3242 3834 ut
3267 3791 3388 3833 cum
3416 3779 3506 3834 illa

1927 3880 2187 3949 mysteria
2203 3877 2518 3940 oli'eruntur,
2538 3871 2742 3930 nullum
2765 3873 2985 3930 omnino
3003 3871 3507 3936 inﬁdelem,nullutu

1927 3973 2092 4028 etiam
2115 3971 2584 4036 catechumenum,
2613 3967 2818 4022 nullum
2843 3967 2946 4022 nisi
2971 3966 3147 4038 gratia
3167 3964 3509 4036 baptismatis

1928 4070 2307 4135 regeneratum
2334 4061 2595 4116 interesse
2619 4057 2872 4131 p'atiatur,
2904 4057 3160 4129 tanquam
3188 4073 3312 4113 vere
3331 4067 3512 4114 osten-

1929 4155 2062 4210 dens
2091 4163 2252 4224 atque
2306 4161 2619 4208 contestans
2673 4167 2771 4224 pro
2820 4152 2925 4208 illis
2971 4149 3263 4208 Dominum
3317 4153 3372 4207 in
3416 4167 3511 4206 ara

1927 4247 2106 4304 crucis
2129 4243 2390 4312 oblatum,
2433 4259 2652 4316 passum
2681 4260 2744 4300 ac
2771 4257 3046 4300 mortuum
3065 4285 3081 4310 ,
3114 4254 3170 4300 et
3215 4237 3510 4315 pretiosum

1927 4335 2042 4406 ejus
2065 4335 2379 4408 sanguinem
2411 4335 2608 4400 fusum,
2638 4351 2736 4406 pro
2757 4337 2952 4406 quibus
2979 4333 3031 4390 in
3055 4333 3211 4390 altari
3259 4329 3512 4390 Ecclesia:

1929 4428 2018 4483 illa
2043 4438 2407 4493 sacrosancta,
2434 4437 2488 4482 et
2515 4426 2752 4482 coalestis
2782 4425 2984 4480 oblatio
3008 4421 3072 4481 in'
3096 4427 3354 4499 mysterio
3385 4423 3509 4496 pas-

1929 4518 2098 4573 sionis
2116 4519 2232 4589 ejus
2249 4533 2311 4572 ac
2335 4517 2524 4572 mortis
2545 4514 2789 4571 oll'ertur.
2809 4513 2836 4558 ἀ
2855 4511 3006 4572 Unde
3025 4527 3079 4572 et
3105 4518 3388 4588 quosdam,
3413 4517 3510 4586 qui

241 4623 296 4673 ι,
326 4609 425 4670 8),
459 4627 477 4660 ι
533 4623 639 4663 non
693 4628 713 4660 ι
749 4622 940 4662 omnes
977 4627 996 4659 ι
1059 4609 1241 4678 utique
1284 4607 1681 4672 indifferenter,
1729 4608 1824 4662 sed
1852 4575 1905 4635 Β
1930 4608 2076 4662 illam
2107 4606 2528 4662 sacratissimam
2555 4603 2885 4662 oblationem
2911 4607 2994 4662 vel
3029 4623 3128 4678 pro
3169 4603 3512 4664 catechume-

249 4713 272 4750 ι
301 4697 455 4753 multi
509 4697 898 4768 justiﬁcautur.
967 4696 1118 4752 Hanc
1158 4698 1338 4768 itaque
1375 4696 1819 4768 justiticationem

1925 4701 2038 4778 nis,
2063 4699 2150 4754 vel
2189 4698 2492 4768 quibusque
2515 4697 2889 4754 innOcentibus
2911 4697 3150 4770 parvulis
3173 4697 3508 4768 viventibus.

1201 4832 1413 4890 NOT/E
1453 4831 1779 4889 DUVALLll
1815 4829 2162 4889 DOCTORIS
2203 4830 2589 4890 SORBONICI.

319 4964 348 4993 ι
373 4949 620 5006 Alﬁrmat
661 4952 865 5020 pariter
901 4949 1140 5007 Ecclesia
1169 4951 1494 5006 sacriﬁcium
1529 4965 1628 5019 pro
1667 4959 1818 5004 cato-

244 5021 531 5092 chumenis
551 5031 606 5076 et
621 5022 859 5092 parvulis
879 5038 986 5077 non
1011 5021 1296 5091 baptizatis
1319 5037 1426 5076 non
1451 5036 1570 5078 esse
1593 5020 1822 5092 oll‘eren-

247 5094 398 5164 dunt.
444 5091 540 5146 Cui
587 5091 864 5164 sull‘ragari
902 5093 1129 5164 videtur
1152 5093 1293 5161 quod
1310 5092 1501 5164 “habet
1541 5092 1676 5164 Aug.
1708 5105 1724 5164 ι
1753 5091 1821 5144 de

246 5161 469 5232 Origine
513 5164 724 5232 altimfc.
755 5159 896 5232 ἀφ.
940 5163 1012 5217 8:
1044 5182 1061 5214 ι
1099 5159 1230 5229 Quis
1265 5159 1456 5227 offerat
1495 5159 1819 5232 sacriﬁcium

245 5230 494 5300 corporis
521 5231 745 5296 Christi,
773 5230 876 5287 nisi
903 5247 1000 5302 pro
1024 5233 1107 5286 his
1126 5232 1217 5302 qui
1245 5241 1370 5287 sunt
1394 5231 1634 5302 membra
1664 5230 1822 5302 Chri:

249 5299 359 5368 sti:
398 5303 592 5372 [quod
625 5302 860 5358 refertur
886 5299 920 5356 τι
945 5303 1006 5358 1).
1034 5299 1262 5366 ἸῚιοέιιιι,
1279 5309 1469 5372 quaest.
1497 5301 1585 5372 79.
1612 5302 1768 5372 artic.
1789 5299 1820 5360 7

250 5375 318 5426 ad
343 5372 398 5426 2.
427 5371 620 5428 Verum
649 5381 857 5428 certum
881 5381 966 5429 est
989 5389 1082 5430 eos
1113 5381 1317 5426 tantum
1345 5386 1504 5441 agere
1523 5371 1588 5426 de
1609 5371 1823 5441 publica

251 5451 306 5496 ct
328 5442 554 5498 solemni
579 5442 877 5505 oblatione;
903 5457 1026 5497 nam
1056 5442 1306 5512 privatim
1333 5441 1462 5496 nihil
1488 5442 1665 5496 obstat
1689 5456 1824 5510 quo-

252 5515 436 5568 minus
472 5527 571 5582 pro
611 5512 680 5568 iis
726 5511 1382 5571 sacriticittrniotferatur:
1426 5512 1614 5582 excipe
1644 5520 1824 5566 tamen

253 5583 510 5656 parvulos
549 5584 750 5656 absque
787 5583 1053 5656 baptismo
1081 5593 1354 5648 mortuos;
1387 5598 1510 5638 cum
1546 5583 1692 5637 enim
1717 5583 1826 5656 sint

249 5653 342 5725 ,ἰξἰῄ
372 5668 569 5725 genere
612 5655 763 5725 valde
805 5655 1064 5725 malorum
1097 5663 1316 5725 propter
1347 5661 1624 5725 peccatum
1664 5653 1827 5724 origi-

258 5723 402 5796 nale,
443 5724 510 5778 de
529 5723 721 5796 quibus
747 5723 856 5795 agit
887 5725 1215 5796 Augustinus
1255 5724 1310 5778 in
1344 5723 1672 5796 Enchiridio,
1703 5723 1822 5796 cap.

259 5795 382 5860 109,
411 5809 509 5865 pro
535 5791 621 5850 bis
644 5810 750 5850 non
773 5791 857 5852 est
881 5791 1210 5852 oil'c'rendum
1240 5795 1587 5859 sacriﬁcium,
1621 5807 1687 5848 ne
1711 5791 1831 5862 quin

1925 4947 2049 5002 dem
2079 4956 2292 5002 secreto
2332 4949 2388 5003 in
2434 4957 2612 5006 mente
2657 4949 2976 5006 sacerdotis.
3027 4949 3178 5004 Adde
3217 4950 3400 5016 etiam,
3448 4956 3512 5008 u’t

1924 5021 2128 5091 optime
2153 5020 2312 5075 docet
2337 5017 2584 5085 Suarius,
2619 5020 2677 5076 in
2700 5029 2805 5074 art.
2833 5021 2885 5082 1,
2916 5030 3109 5089 quiest.
3131 5019 3228 5086 85,
3251 5036 3311 5076 ιιι
3338 5025 3508 5091 partis

1927 5088 1990 5142 D.
2010 5087 2250 5160 Thomaa,
2275 5104 2379 5144 non
2407 5105 2565 5160 posse
2595 5105 2693 5160 pro
2717 5087 3122 5146 catechumenis
3145 5099 3238 5144 aut
3267 5087 3507 5160 parvulis

1927 5157 2164 5230 nondum
2189 5157 2476 5230 baptizatis
2497 5157 2677 5216 oll‘e'rri
2701 5160 3048 5226 sacrilicium,
3096 5161 3246 5229 quasi
3267 5157 3508 5218 Tructum

1927 5229 2162 5301 aliquem
2191 5229 2352 5284 exeo
2379 5239 2653 5299 reportent
2681 5239 2938 5301 tanquam
2972 5245 3039 5284 ex
3063 5241 3224 5300 apere
3244 5239 3505 5301 operato;

1929 5299 2058 5372 quia
2101 5313 2237 5372 opus
2275 5309 2562 5372 operatum
2607 5300 2866 5372 sacriﬁcii
2911 5299 3166 5370 supponit
3215 5299 3505 5372 personam

1933 5369 2236 5440 suscepisse
2282 5369 2629 5441 baptismum,
2655 5371 2770 5441 iqui
2797 5379 2885 5426 est
2908 5369 3146 5441 omnium
3173 5369 3284 5426 tum
3323 5385 3510 5441 sacra-

1932 5437 2396 5510 mentorum,rt_ut’n
2418 5437 2624 5495 fructus
2651 5437 2818 5510 ipsius
2845 5439 3092 5497 sacriﬁcii
3115 5437 3299 5510 ianua.
3325 5437 3510 5510 Potest

1934 5516 2116 5581 tamen
2145 5523 2246 5579 pro
2268 5507 2374 5562 illis
2399 5509 2451 5562 in
2479 5507 2688 5581 ratione
2715 5507 3129 5581 impetrationis'
3147 5508 3350 5581 offerri,
3379 5507 3507 5577 quia

1933 5591 2030 5650 per
2052 5580 2176 5651 illud
2199 5593 2483 5647 possumus
2503 5595 2534 5636 a
2554 5579 2666 5634 Deo
2685 5579 2979 5651 impetrare
3007 5591 3068 5636 ut.
3083 5581 3154 5634 ad
3179 5579 3505 5651 baptismum

1933 5649 2269 5730 perverti-ant,
2322 5664 2428 5730 non
2483 5651 2663 5707 minus
2699 5649 2865 5730 quam
2895 5666 3007 5730 _p_ro
3055 5649 3430 5730 peccatoribus
3453 5656 3511 5706 et

1937 5718 2260 5785 inﬁdelibus,
2298 5728 2356 5774 ut
2384 5734 2414 5772 a
2446 5729 2669 5801 peccato
2695 5718 2752 5780 ἐι
2777 5718 3089 5778 inﬁdelitate
3117 5719 3392 5776 recedant.
