3966 6334
552 326 690 383 112¹1

1532 316 1591 372 S.
1628 313 1888 371 REMIGII
1919 311 2408 382 LUGDUNENSIS
2449 310 2754 368 EPISCOPl
3610 319 3705 378 im

550 441 665 498 sive
697 436 964 495 defunctis
1004 432 1303 491 faciendam
1340 430 1621 509 dixerunt,
1651 427 1798 482 velut
1848 427 2132 481 haereticos
2158 440 2206 494 Α
2237 425 2558 483 discretione
2584 424 2914 497 providenda
2949 431 3034 479 est
3060 442 3072 476 :
3105 423 3178 478 ita
3207 422 3288 479 bis
3310 425 3483 494 quibus
3504 442 3623 485 mors
3641 434 3708 487 im—

550 530 791 590 Ecclesia
818 530 1079 584 detestata
1115 533 1218 579 est.

623 619 776 676 Sicut
798 617 858 671 Β.
890 615 1220 686 Augustinus
1248 613 1302 667 in
1332 611 1471 667 libro
1502 625 1661 681 quem
1688 609 1755 665 ad
1786 608 2130 664 Vincentium

551 713 825 769 Victorem
875 708 1093 778 scripsit
1121 705 1219 777 (De
1247 705 1444 775 origine
1492 704 1715 765 Animw,
1738 702 1777 756 l.
1822 717 1906 766 ιη,
1938 700 2130 770 c.12),

551 798 986 860 manifestissime
1021 794 1276 858 ostendit,
1304 793 1486 848 dicens
1524 810 1536 821 ·
1572 790 1712 864 [Noli
1746 790 1999 855 credere,
2032 803 2134 845 nec

552 894 765 955 dicere,
810 904 912 945 nec
947 889 1140 943 docere
1166 903 1187 938 ι
1220 884 1546 939 sacriﬁcium
1573 882 2006 939 Christianorum
2032 894 2132 947 pro

550 986 638 1043 his
674 984 766 1056 qui
808 998 916 1039 non
950 980 1206 1051 baptizati
1234 981 1300 1035 de
1338 993 1566 1048 corpore
1604 976 1856 1041 exierint,
1894 973 2131 1029 oﬂ'eren-

553 1080 679 1134 dum
703 1118 719 1143 ,
752 1098 770 1129 ι
802 1076 847 1132 si
888 1076 970 1132 vis
1001 1090 1121 1131 esse
1157 1073 1458 1130 catholicus
1486 1093 1498 1125 :
1530 1072 1656 1143 quia
1706 1085 1806 1127 nec
1833 1069 1962 1124 illud
1990 1067 2134 1139 quod

550 1169 622 1226 de
651 1167 1081 1223 Machabaaorum
1120 1164 1273 1219 libris
1316 1163 1403 1235 (ΙΙ
1434 1163 1612 1218 Mach.
1660 1162 1760 1232 xu)
1805 1173 2132 1215 commemo-

549 1258 683 1315 rasti
724 1252 1374 1312 sacriﬁciumJudaeorum
1406 1253 1614 1324 probis
1652 1251 1743 1321 qui
1769 1265 1874 1303 non
1902 1250 2133 1304 circum-

547 1349 747 1422 cisi‘de
774 1361 1000 1418 corpore
1052 1345 1317 1409 exierant,
1358 1344 1594 1400 ostendit
1640 1343 1897 1398 oblatum.
1940 1340 1997 1395 In
2028 1357 2133 1412 qua

548 1448 640 1496 tua
669 1437 937 1494 sententia
983 1446 1093 1491 tam
1138 1450 1298 1501 nova,
1341 1444 1398 1490 et
1437 1444 1626 1490 contra
1668 1432 1922 1489 Ecclesiae
1970 1432 2135 1487 totius

549 1529 928 1586 auctoritatem
986 1526 1435 1597 disciplinamque
1482 1524 1691 1595 prolata
1742 1523 1909 1577 verbo
1972 1522 2133 1577 etiam

547 1618 967 1676 insolentissimo
993 1632 1125 1673 usus
1143 1632 1223 1682 es,
1251 1616 1436 1671 dicens
1460 1635 1472 1669 :
1510 1635 1528 1667 ι
1556 1614 1660 1670 Pro
1680 1614 1764 1668 his
1784 1614 1967 1683 itaque
1988 1613 2137 1668 obla-

547 1709 721 1765 tiones
741 1708 1006 1774 assiduas,
1034 1715 1091 1762 et
1116 1703 1386 1762 oﬁ‘erenda
1407 1704 1607 1775 jugiter
1633 1711 1941 1759 sanctorum
1969 1702 2133 1757 sacri-

2237 520 2405 574 minet
2451 518 2563 573 sive
2608 517 2715 571 ulla
2764 516 3020 571 dilatione
3069 515 3349 581 offerenda,
3388 520 3555 575 nedum
3586 523 3711 582 adhuc

2234 619 2447 679 tempus
2509 609 2575 663 ad
2635 606 2981 676 praibendnm
3044 609 3413 677 redemptionis
3472 617 3710 682 mysterium

2234 700 2508 768 quaaritnr,
2544 698 2933 753 interveniente
2956 696 3226 767 paululum
3254 713 3413 763 mora,
3438 700 3623 757 inveniri
3641 722 3711 761 non

2232 791 2408 846 valeat
2430 791 2519 861 qui
2550 790 2894 862 redimatur.]

2304 883 2411 939 Pro
2445 883 2552 938 illis
2591 891 2769 938 tamen
2815 881 3065 937 omnibus
3100 882 3190 951 qui
3233 898 3297 937 ex
3327 898 3453 951 aqua
3494 894 3540 939 et
3567 884 3713 956 Spiritu

2234 974 2570 1045 regenerati,
2613 988 2677 1027 ac
2709 987 2806 1043 per
2843 973 2945 1027 hoc
2987 971 3242 1029 Ecclesia:
3281 974 3597 1044 incorporati,
3631 993 3713 1033 cum

2234 1066 2434 1135 pietate
2463 1063 2839 1119 dormitionem
2862 1072 3206 1132 acceperunt,
3234 1064 3520 1120 solemniter
3543 1075 3586 1121 et
3606 1085 3716 1139 gene-

2236 1155 2424 1210 raliter
2474 1155 2794 1211 universalis
2836 1164 3021 1210 servat
3064 1164 3119 1210 et
3147 1171 3363 1226 prorsus
3387 1171 3575 1212 servare
3608 1160 3714 1216 debet

2236 1248 2514 1313 Ecclesia,
2565 1257 2626 1302 ut
2673 1250 2816 1304 inter
2874 1249 2963 1303 illa
3024 1259 3378 1305 sacrosancta:
3421 1250 3716 1310 immolatim

2238 1342 2497 1410 mysteria
2527 1356 2625 1395 suo
2656 1340 2774 1397 loco
2801 1350 2962 1411 atque
2987 1343 3175 1397 ordine
3198 1343 3309 1398 sive
3332 1343 3623 1411 nominatim,
3644 1345 3716 1399 sive

2240 1431 2421 1486 tacitis
2467 1431 2777 1485 nominibus
2821 1429 3052 1486 ﬁdeliter
3097 1443 3598 1486 commemorentur:
3634 1448 3717 1487 vere

2238 1534 2475 1589 namque
2504 1520 2570 1574 ad
2600 1519 3011 1589 plenitudinem,
3042 1530 3099 1575 et
3126 1521 3383 1577 unitatem
3410 1521 3622 1577 Ecclesia:
3638 1539 3717 1594 per-

2237 1612 2433 1677 tinent,
2464 1626 2567 1667 nec
2593 1611 2660 1665 ab
2692 1611 2779 1665 illa
2826 1612 2910 1666 vel
2958 1621 3133 1668 morte
3171 1613 3405 1683 separari
3446 1621 3641 1682 possunt.
3670 1613 3717 1667 De

2239 1703 2437 1773 quibus
2462 1702 2516 1756 in
2550 1703 2777 1757 Domino
2806 1704 3057 1769 mortuis,
3086 1712 3143 1759 et
3162 1721 3286 1759 cum
3324 1704 3528 1758 Domino
3554 1705 3715 1758 viventi-

545 1799 670 1854 ﬁcia
702 1797 1042 1869 sacerdotum
1077 1810 1292 1851 censeo.
1347 1792 1395 1866 ι]
1423 1793 1480 1847 In
1529 1793 1667 1848 libro
1712 1808 1924 1863 quoque
1974 1805 2135 1861 quem
2163 1801 2211 1861 Β
2238 1792 2340 1848 bus
2371 1793 2565 1847 beatus
2584 1793 2818 1848 Joannes
2862 1794 2917 1848 in
2956 1794 3284 1866 Apocalypsi
3328 1796 3534 1850 scribit:
3578 1796 3719 1851 «Beati

544 1887 735 1943 scribit
758 1887 825 1942 ad
851 1870 1071 1940 Petrum
1116 1885 1490 1956 presbyterum
1531 1890 1720 1936 contra
1758 1882 1958 1952 scripta
1987 1881 2133 1950 ejus-

545 1978 668 2034 dem
698 1977 965 2033 Vincentii
989 1976 1243 2041 Victoris,
1267 1974 1342 2029 ita
1367 1988 1490 2029 eum
1520 1970 1796 2043 redarguit
1817 1970 1951 2042 (Id.,
1978 1969 2131 2034 ibidl,

544 2068 581 2123 l.
618 2084 678 2133 ll,
716 2083 765 2123 c.
796 2066 884 2139 15)
920 2084 933 2119 :
964 2065 1223 2139 [Tantum
1255 2065 1399 2119 enim
1434 2062 1621 2118 salutis
1655 2071 1709 2117 et
1732 2060 2002 2117 felicitatis
2027 2073 2133 2114 non

543 2160 833 2231 baptizatis
852 2158 1093 2230 parvulis
1124 2156 1313 2211 tribuit
1337 2196 1352 2221 ,
1393 2165 1657 2225 quantum
1701 2169 1801 2208 nec
1847 2152 2133 2224 Pelagiana

542 2253 767 2310 haeresis
810 2251 1031 2325 potuit.]
1080 2251 1147 2307 Et
1201 2259 1325 2322 post
1348 2249 1625 2321 paululum
1676 2249 1742 2304 de
1780 2249 1983 2303 eisdem
2025 2262 2133 2302 non

542 2343 837 2415 baptizatis
884 2341 1159 2414 parvulis:
1191 2339 1292 2414 [Ne
1330 2341 1647 2411 quisquam,
1681 2339 1858 2410 inquit
1884 2379 1899 2405 ,
1928 2354 2026 2409 pro
2055 2338 2134 2394 eis

542 2435 738 2492 obtulit
755 2434 839 2491 vel
867 2434 1150 2490 oblaturus
1174 2442 1259 2488 est
1287 2432 1639 2497 sacriﬁcium,
1667 2431 1812 2501 quod
1840 2431 1942 2485 iste
1964 2428 2132 2484 etiam

542 2540 643 2598 pro
668 2538 775 2579 non
803 2522 1093 2594 baptizatis
1122 2523 1332 2578 censuit
1357 2519 1735 2591 otferendum.]
1762 2520 1827 2574 Et
1848 2528 1971 2591 post
1992 2535 2130 2590 pau-

543 2630 608 2672 ca
628 2656 643 2682 ,
669 2617 735 2671 de
767 2616 957 2671 eodem
986 2614 1271 2670 Vincentio
1299 2632 1313 2669 :
1345 2613 1475 2687 [Aut
1516 2614 1757 2680 omnino,
1788 2612 1984 2682 inquit,
2017 2612 2128 2667 hae-

543 2703 705 2770 rebit,
727 2713 819 2760 aut
846 2704 1005 2760 simul
1031 2719 1131 2776 pro
1152 2704 1404 2761 omnibus
1450 2704 1715 2774 parvulis,
1738 2704 1829 2774 qui
1863 2710 1975 2758 toto
1998 2703 2131 2758 orbe

542 2802 813 2851 terrarum
861 2795 980 2851 sine
1024 2794 1227 2852 Christi
1265 2795 1533 2866 baptismo
1581 2794 1914 2859 moriuntur,
1964 2794 2131 2849 etiam

541 2902 731 2943 eorum
769 2888 1077 2944 nominibus
1130 2889 1326 2954 tacitis,
1380 2889 1637 2959 quoniam
1686 2888 2023 2954 nesciuntur,
2073 2888 2128 2943 in

542 2978 785 3037 Ecclesia
832 2980 1035 3038 Christi
1080 2996 1188 3037 non
1234 2982 1616 3052 incorporatis,
1666 2996 1865 3052 corpus
1921 2980 2127 3036 Christi

541 3071 851 3138 offerendo,
891 3086 1087 3142 corpus
1124 3070 1326 3126 Christi
1369 3086 1489 3127 esse
1521 3070 1810 3144 censebit.]
1837 3071 1968 3126 Post
2012 3071 2129 3126 hac

2237 1885 2436 1938 mortui
2472 1885 2564 1953 qui
2594 1885 2648 1939 in
2676 1886 2903 1941 Domino
2930 1888 3255 1941 moriuntur.
3290 1887 3484 1942 Amodo
3518 1888 3619 1942 dicit
3640 1886 3719 1959 Spi-

2236 1974 2395 2040 ritus,
2426 1983 2486 2027 ut
2514 1975 2857 2044 requiescant
2892 1991 2923 2030 a
2966 1976 3243 2032 laboribus
3281 1979 3425 2033 suis:
3465 1992 3598 2048 opera
3624 1980 3718 2033 enim

2236 2065 2476 2135 ipsorum
2500 2074 2801 2135 sequuntur
2827 2052 2947 2122 illos
2967 2066 3153 2139 (Apoc.
3183 2084 3299 2133 xtv,
3321 2067 3425 2139 l3).
3466 2088 3483 2121 ι
3514 2068 3567 2123 Et
3591 2069 3719 2123 beatus

2235 2157 2437 2214 Paulus
2476 2159 2750 2229 apostolus
2773 2161 2872 2216 sub
2900 2162 3119 2217 nomine
3152 2180 3170 2212 ι
3220 2162 3532 2233 vigilantium
3559 2182 3574 2215 ι
3600 2164 3719 2217 viven-

2237 2260 2351 2317 tes,
2383 2254 2482 2308 sub
2512 2254 2731 2309 nomine
2777 2264 2957 2310 autem
3001 2274 3020 2307 ι
3052 2257 3430 2312 dormientium
3464 2275 3480 2307 ι
3521 2256 3719 2312 defunctos

2234 2341 2420 2398 ﬁdeles
2444 2343 2630 2399 volens
2676 2343 2925 2415 intelligi,
2972 2346 3040 2400 ad
3084 2345 3572 2401 Thessalonicenses
3606 2346 3713 2400 dicit:

2240 2449 2258 2482 ι
2293 2431 2559 2499 Quoniam
2590 2447 2698 2488 non
2735 2434 2918 2503 posuit
2964 2449 3065 2489 nos
3110 2435 3257 2491 Deus
3301 2437 3354 2490 in
3396 2437 3551 2500 iram,
3586 2435 3654 2490 sed
3683 2435 3718 2487 in

2234 2525 2646 2595 acquisitionem
2677 2526 2869 2581 salutis
2889 2542 2987 2596 per
3011 2528 3305 2584 Dominum
3346 2538 3563 2583 nostrum
3579 2526 3717 2590 lesum,

2234 2616 2331 2687 qui
2362 2626 2609 2671 mortuus
2635 2625 2718 2673 est
2747 2632 2846 2688 pro
2875 2618 3030 2673 nobis
3062 2636 3077 2673 :
3125 2627 3185 2673 ut
3216 2620 3331 2676 sive
3369 2620 3627 2691 vigilemus,
3648 2619 3721 2673 sive

2232 2708 2587 2775 dormiamus,
2613 2709 2774 2764 simul
2798 2726 2922 2766 cum
2954 2711 3045 2767 illo
3087 2726 3336 2769 vivamus
3375 2713 3424 2785 (Ι
3453 2712 3490 2767 Τ
3491 2714 3599 2768 heu.
3629 2726 3665 2777 ν,
3685 2710 3720 2775 ο,

2234 2800 2347 2874 10).
2393 2819 2412 2851 ι
2446 2800 2514 2856 Ει
2540 2802 2737 2857 iterum
2767 2802 2895 2857 alibi
2923 2821 2936 2857 :
2972 2823 2990 2852 ι
3023 2802 3196 2859 Nemo
3238 2805 3381 2860 enim
3421 2814 3622 2860 nostrum
3654 2803 3722 2857 sibi

2230 2891 2381 2959 vivit,
2434 2901 2490 2947 et
2538 2908 2699 2949 nemo
2741 2894 2843 2949 sibi
2882 2896 3115 2951 moritur
3161 2915 3175 2950 :
3227 2898 3341 2953 sive
3371 2898 3505 2952 enim
3545 2897 3720 2958 vivimus,

2231 2984 2461 3039 Domino
2488 2984 2757 3053 vivimus;
2788 2986 2904 3041 sive
2929 2987 3196 3042 morimur
3215 3029 3232 3055 ,
3260 2990 3480 3045 Domino
3504 2989 3719 3050 morimur;

2232 3075 2346 3130 sive
2369 3090 2500 3148 ergo
2525 3076 2778 3141 vivimus,
2810 3077 2925 3131 sive
2949 3077 3240 3146 morimur,
3269 3079 3471 3133 Domini
3508 3090 3664 3132 sumus.
3683 3074 3719 3128 ln

540 3162 819 3233 sltbjungit
856 3164 923 3217 ad
947 3164 1061 3234 jam
1110 3164 1314 3218 dictum
1361 3164 1584 3219 Petrum
1635 3167 2014 3236 presbyterum
2050 3164 2127 3219 lo-
2153 3157 2198 3221 C
2231 3168 2334 3224 hoc
2355 3169 2499 3224 enim
2530 3167 2781 3224 Christus
2809 3178 3054 3225 mortuus
3094 3179 3201 3237 est,
3230 3181 3288 3227 et
3328 3170 3607 3235 resurrexit,
3632 3174 3722 3221 utet

542 3266 716 3322 quens
742 3251 876 3321 (ld.,
903 3252 1143 3319 ibid.,vc.
1175 3252 1265 3323 16)
1306 3271 1318 3306 :
1348 3253 1525 3325 [Absit
1546 3270 1576 3307 a
1604 3263 1674 3319 te,
1702 3254 1889 3319 frater,
1929 3262 1989 3307 ut
2010 3254 2125 3308 haec

540 3343 641 3399 tibi
666 3343 932 3415 placeant.
962 3344 1117 3400 Absit
1146 3353 1207 3400 ut
1228 3345 1330 3400 ista
1356 3345 1440 3399 vel
1482 3344 1734 3403 didicisse
1769 3356 1822 3402 te
1864 3345 2122 3416 gaudeas,

539 3433 626 3489 vel
652 3434 845 3489 docere
863 3450 1182 3505 praesumas.
1204 3434 1226 3508 ]

622 3523 701 3579 Ex
761 3524 845 3580 his
905 3525 1086 3580 verbis
1142 3525 1317 3581 sancti
1384 3525 1622 3582 doctoris
1684 3524 2127 3581 manifestissime

542 3615 799 3672 docemur
836 3623 895 3671 ut
944 3632 1043 3688 pro
1086 3616 1172 3671 his
1229 3626 1459 3684 tantum,
1500 3618 1591 3687 qui
1643 3618 1915 3687 baptismo
1964 3618 2124 3672 Chri-

539 3708 612 3765 sti
668 3709 970 3780 rcgenerati
1033 3709 1451 3779 incorporantur
1508 3709 1809 3776 Ecclesiae,
1868 3724 1988 3780 quae
2043 3718 2129 3765 est

538 3812 735 3868 corpus
806 3797 1048 3865 Christi,
1115 3814 1312 3871 corpus
1377 3799 1581 3856 Christi
1652 3802 1844 3857 debeat
1918 3800 2118 3857 offerri.

539 3887 610 3943 Et
645 3888 889 3959 quisquis
937 3904 1037 3959 pro
1084 3890 1164 3944 eis
1212 3891 1303 3960 qui
1353 3891 1574 3946 minime
1613 3901 1738 3947 sunt
1774 3892 2073 3964 regenerati
2107 3932 2123 3959 ,

543 3994 645 4033 nec
706 3994 905 4050 corpus
939 3979 1141 4035 Christi
1179 3980 1399 4048 effecti,
1437 3982 1569 4038 dicit
1623 3983 1751 4039 illud
1797 3984 2123 4040 sacriﬁcium

543 4067 897 4132 efferendum,
952 4081 1141 4127 censet
1184 4088 1285 4128 eos
1327 4090 1449 4130 esse
1509 4090 1704 4146 corpus
1752 4075 1973 4143 Christi,
2033 4080 2124 4148 qui

544 4175 821 4231 nunquam
865 4161 1198 4233 incorporati
1240 4173 1366 4219 sunt
1411 4166 1668 4221 membris
1696 4165 1918 4223 Christi.
1972 4168 2126 4225 Unde

542 4252 630 4323 pie
666 4252 769 4308 hoc
809 4253 1064 4309 observat
1092 4261 1285 4309 sancta
1331 4264 1507 4310 mater
1547 4256 1808 4324 Ecclesia,
1857 4273 1976 4327 quae
2025 4274 2126 4329 pro

543 4342 976 4409 catechumenis,
1031 4344 1145 4399 sive
1171 4346 1430 4415 parvulis,
1480 4350 1593 4406 sive
1645 4352 1867 4422 majoris
1923 4355 2124 4423 aetatis,

542 4436 645 4517 nisi
667 4446 949 4508 postquam
980 4436 1183 4493 fuerint
1207 4444 1508 4512 regenerati
1537 4445 1591 4499 in
1621 4445 1859 4513 Christo,
1890 4464 1997 4503 non
2038 4450 2121 4505 of-

2229 3271 2566 3316 mortuornm
2616 3269 2672 3316 et
2710 3262 2956 3316 vivorum
2998 3263 3314 3318 dominetur
3364 3262 3519 3335 (Rom.
3561 3276 3652 3325 xiv,
3686 3259 3723 3311 Ἰ·

2228 3349 2304 3421 9).
2342 3370 2361 3403 ι
2388 3349 2525 3405 Hinc
2545 3357 2630 3405 est
2651 3351 2797 3420 quod
2821 3352 2876 3406 in
2900 3351 2989 3407 illa
3018 3353 3158 3408 beati
3194 3354 3409 3409 actione
3451 3350 3660 3423 mysterii,
3679 3363 3721 3402 ex

2228 3442 2553 3497 auctoritate
2579 3445 2766 3515 utique
2794 3443 2998 3512 divina,
3024 3455 3081 3501 et
3113 3448 3406 3503 traditione
3431 3444 3667 3518 apostolica
3686 3450 3719 3495 et

2228 3534 2437 3589 sanctis
2460 3532 2713 3591 Patribus
2759 3537 2943 3591 oratio
2968 3552 3068 3607 pro
3114 3537 3388 3594 defunctis
3421 3537 3719 3602 ﬁdelibusspe-

2228 3624 2438 3679 cialiter
2463 3626 2638 3695 posita
2679 3634 2785 3692 est,
2830 3642 2952 3698 qum
3000 3628 3076 3682 ita
3115 3643 3175 3684 se
3221 3630 3423 3685 habet:
3472 3647 3488 3680 f
3530 3626 3719 3682 Memento

2228 3716 2412 3782 etiam,
2443 3715 2691 3782 Domine,
2736 3715 3063 3772 famulorum
3090 3718 3514 3791 famularumque
3556 3727 3717 3777 tuarum.

2228 3808 2321 3878 qui
2357 3824 2457 3865 nes
2500 3818 2896 3879 praecesserunt
2933 3824 3059 3865 cum
3099 3811 3258 3883 signo
3285 3813 3427 3879 fidei,
3454 3822 3504 3867 et
3526 3808 3720 3867 dormiunt

2229 3900 2283 3955 in
2311 3916 2500 3957 somno
2523 3903 2695 3972 pacis,
2726 3922 2745 3955 ι
2779 3912 2882 3959 etc.

2299 3993 2452 4061 Quod
2477 4004 2647 4050 totum
2672 3996 2745 4051 ita
2770 3997 2839 4051 ab
2869 3997 3027 4057 initio
3056 4001 3111 4056 in
3141 4001 3405 4066 Ecclesia,
3440 4009 3490 4057 et
3524 3992 3718 4053 ahEccle:

2227 4086 2308 4142 sia
2342 4086 2688 4143 uniformiter
2735 4103 2801 4145 ac
2842 4088 3083 4162 legitime
3123 4094 3465 4150 observatum
3503 4098 3719 4147 essecom'

2228 4177 2448 4232 inendat
2475 4177 2890 4247 diligentissime
2921 4182 3272 4240 beatissimus
3301 4184 3456 4239 Pater
3474 4177 3719 4251 Augustinus

2227 4265 2281 4320 in
2312 4266 2448 4322 libro
2477 4267 2545 4323 de
2573 4266 2716 4325 Cura
2758 4286 2857 4341 pro
2902 4262 3129 4329 mortuis
3167 4264 3433 4344 gerenda,
3472 4274 3539 4329 ita
3563 4271 3717 4325 dicens:

2229 4355 2370 4429 [Non
2400 4368 2528 4415 sunt
2569 4363 3051 4430 praetermittenda:
3078 4366 3487 4437 supplicationes
3511 4377 3591 4432 pro
3610 4356 3716 4428 εΡίτί⁶

2231 4449 2373 4507 tibus
2413 4460 2774 4520 mortuorum,
2823 4470 2960 4524 quas
3005 4455 3285 4514 faciendas
3322 4473 3417 4529 pro
3456 4453 3655 4512 omnibus
3686 4448 3719 4501 in

541 4512 649 4582 fert
676 4526 1002 4583 sacriﬁcium
1034 4528 1261 4598 Christi,
1308 4540 1364 4587 et
1392 4542 1520 4591 tunc
1548 4537 1781 4606 primum
1809 4512 1932 4594 cum
1971 4556 2123 4611 rege-
2153 4512 2201 4573 D
2227 4540 2557 4610 Christiana,
2607 4554 2663 4599 et
2702 4512 2967 4601 catholica
3009 4512 3278 4603 societate
3318 4512 3578 4609 defunctis,
3607 4540 3717 4596 etiam

540 4627 802 4674 nerantur
839 4618 896 4674 in
937 4620 1210 4677 oblatione
1258 4624 1558 4694 Dominica,
1603 4629 1765 4682 etiam
1814 4630 2125 4700 specialiter

538 4723 729 4764 eorum
784 4712 1100 4766 memoriam
1155 4712 1501 4783 frequentare
1574 4717 1813 4788 incipit,
1873 4722 2059 4779 dicens
2102 4740 2117 4777 :

549 4819 567 4854 ι
602 4800 752 4856 Hanc
781 4802 944 4874 igitur
985 4805 1312 4863 oblationem
1341 4810 1618 4868 servitutis
1657 4823 1875 4880 nostrai,
1929 4817 2023 4871 sed
2066 4825 2122 4871 et

541 4901 752 4948 cuncta
796 4892 1017 4948 familia:
1064 4903 1194 4961 tuae,
1238 4914 1401 4969 quam
1448 4900 1545 4957 tibi
1582 4902 1860 4961 offerimus
1898 4921 1998 4977 pro
2033 4907 2118 4962 his

540 4995 757 5054 quoque
784 5001 921 5055 quos
946 4999 1269 5058 regenerare
1297 4992 1548 5063 dignatus
1575 5010 1635 5052 es
1662 5011 1729 5051 ex
1756 5014 1894 5067 aqua
1922 5008 1975 5054 et
2003 4998 2124 5069 Spi-

542 5075 651 5129 ritu
666 5085 877 5143 sancto,
892 5093 1221 5148 quaesumus,
1237 5082 1484 5151 Domine,
1497 5094 1557 5140 ut
1569 5087 1814 5157 placatus
1829 5091 2083 5161 accipias,
2097 5111 2115 5145 ι

542 5176 649 5224 etc.
703 5167 891 5226 Gratia
936 5188 1170 5243 namque
1218 5175 1598 5247 redemptionis
1628 5179 1852 5248 Christi,
1900 5191 1955 5237 et
1996 5193 2123 5240 ante

541 5261 868 5332 baptismum
902 5266 1207 5324 nullatenus
1234 5271 1514 5340 accipitur,
1542 5287 1717 5343 neque
1749 5274 1852 5340 his,
1887 5275 1978 5347 qui
2000 5276 2123 5341 sine

544 5352 813 5425 baptismo
836 5356 902 5412 de
927 5374 1155 5431 corpore
1197 5373 1413 5427 exeunt,
1467 5364 1728 5422 ullatenus
1775 5368 1892 5423 dari
1922 5378 2116 5439 potest.

546 5446 699 5503 Sicut
724 5458 779 5503 et
804 5457 917 5507 tota
944 5452 1198 5508 observat
1244 5454 1506 5512 Ecclesia.
1532 5457 1599 5512 Et
1637 5458 1699 5513 Β.
1728 5457 2024 5531 Gregorius
2053 5461 2120 5516 ad

546 5541 789 5598 consulta
835 5543 1121 5616 Augustini
1168 5550 1529 5619 respondens,
1576 5551 1813 5608 breviter
1853 5553 2122 5620 ostendit,

545 5631 729 5690 dicens
767 5635 1009 5709 (Registr.
1042 5638 1136 5693 lib.
1161 5640 1261 5709 xu)
1288 5660 1301 5693 :
1329 5640 1539 5713 [Sancti
1564 5645 1807 5715 mysterii
1831 5646 2027 5717 gratia,
2052 5644 2125 5700 si-

551 5734 642 5783 cut
688 5727 989 5786 viventibus
1041 5740 1203 5799 atque
1257 5732 1690 5790 discernentibus
1752 5751 1872 5792 cum
1932 5754 2125 5810 magna

2231 4637 2411 4692 tacitis
2442 4639 2756 4694 nominibus
2804 4656 3015 4706 eorum,
3065 4642 3166 4696 sub
3208 4642 3445 4713 generali
3476 4644 3719 4695 commemo-

2228 4730 2440 4785 ratione
2463 4733 2705 4802 suscepit
2732 4732 3007 4799 Ecclesia;
3036 4742 3097 4788 ut
3139 4735 3334 4803 quibus
3376 4734 3438 4788 ad
3462 4734 3549 4787 ista
3584 4729 3719 4782 desunt

2224 4828 2510 4889 parentes,
2540 4830 2637 4875 aut
2672 4821 2791 4888 ﬁlii,
2820 4823 3231 4893 autquicunque
3264 4823 3465 4893 cognati
3502 4818 3572 4874 vel
3593 4812 3716 4877 amici.

2224 4914 2292 4968 ab
2320 4927 2427 4966 una
2452 4912 2531 4968 eis
2548 4914 2871 4970 exhibeatur
2896 4915 2983 4986 pia
3016 4927 3185 4972 matre
3207 4911 3515 4988 communL}

2297 5001 2367 5057 Et
2395 5013 2519 5074 post
2547 5005 2725 5075 aliqua
2758 5023 2771 5059 :
2805 5004 2823 5078 [
2854 5005 2984 5073 Quae
3026 5022 3148 5062 cum
3176 5009 3248 5062 ita
3293 5008 3415 5073 sint,
3454 5002 3617 5074 inquit.
3648 5008 3717 5051 που

2224 5096 2599 5153 existimemus
2623 5098 2691 5153 ad
2717 5106 2959 5155 mortuos
2989 5115 3087 5171 pro
3120 5100 3314 5171 quibus
3355 5115 3524 5157 curam
3548 5093 3718 5168 gerimll’

2224 5190 2531 5261 pervenire,
2559 5190 2662 5245 nisi
2685 5191 2829 5261 quod
2856 5207 2955 5262 pro
2983 5192 3063 5249 eis
3086 5194 3200 5250 sive
3237 5193 3436 5259 altaris,
3461 5193 3559 5249 sive
3581 5181 3719 5242 oratio-

2223 5297 2376 5344 num.
2408 5282 2521 5338 sive
2546 5282 3009 5354 eleemosynarum
3048 5286 3296 5343 sacriﬁcii
3340 5283 3612 5341 solemniter
3634 5289 3718 5334 sun-

2223 5372 2523 5444 plicamus;
2574 5377 2823 5444 quamvis
2867 5393 2972 5432 non
3014 5394 3113 5449 pro
3151 5379 3344 5449 quibus
3374 5378 3495 5434 ﬁunt
3532 5370 3717 5430 omnibus

2222 5467 2457 5536 prosint,
2506 5467 2601 5522 sed
2648 5469 2728 5524 eis
2770 5477 3010 5537 tantum,
3060 5488 3160 5543 pro
3204 5474 3395 5543 quibus
3439 5473 3547 5527 dum
3586 5464 3717 5518 vivunt

2227 5569 2575 5630 comparatur
2594 5569 2653 5615 ut
2671 5563 2896 5633 prosint.
2935 5563 3041 5621 Sed
3069 5567 3191 5636 quia
3213 5582 3317 5622 non
3339 5558 3642 5622 discernimus
3655 5547 3716 5621 qui

2228 5652 2358 5718 sint,
2386 5662 2600 5723 oportet
2628 5670 2690 5709 ea
2720 5671 2816 5725 pro
2844 5659 3176 5727 regeneratis
3201 5660 3443 5713 omnibus
3484 5653 3629 5707 facere
3650 5663 3658 5695 ξ
3678 5650 3717 5693 ιιι

2229 5742 2408 5799 nullus
2429 5759 2614 5799 eorum
2639 5750 3104 5817 praetermittatur,
3136 5749 3199 5805 ad
3225 5748 3487 5819 quoschaec
3520 5733 3713 5799 beneﬁt“

3852 3038 3857 3125 ἰ
