3966 6334
216 398 372 466 me

1166 388 1254 444 DE
1294 386 1618 446 TENENDA
1656 381 2070 443 SCRIPTURIE
2117 382 2486 439 VERI'I‘ATE.

3324 380 3460 435 1150

213 505 416 581 possint
460 512 518 560 et
555 503 786 560 debeant
821 499 1128 572 pervenire.
1170 500 1362 556 Melius
1403 499 1547 555 enim
1593 513 1784 570 super-
1810 507 1863 568 Α
1887 495 2173 566 dulgentiae
2209 493 2435 562 expiati,
2465 499 2520 547 et
2562 506 2594 546 a
2622 499 2776 547 reatu
2805 489 3007 556 delicti,
3049 498 3104 546 et
3125 509 3155 546 ιι
3186 490 3465 548 dominatu

213 607 369 656 erunt
392 597 496 654 ista
525 595 627 662 eis,
656 594 852 665 quibus
873 608 975 649 nec
1002 591 1202 648 obsunt
1227 607 1328 648 nec
1345 599 1594 663 prosunt,
1624 605 1786 662 quam
1884 586 2146 658 principis
2171 585 2357 641 mundi
2392 582 2700 641 efﬁciantur
2736 582 2987 638 absoluti.
3036 582 3149 639 Nisi
3195 584 3338 654 quod
3368 585 3472 641 hoc

214 691 293 748 eis
328 690 555 746 deerunt
581 685 778 758 quibus
809 683 1083 757 prosunt.]

277 782 356 839 Ex
380 781 464 837 his
487 780 651 852 igitur
661 779 910 836 omnibus
923 778 1210 850 diligenter
1224 794 1289 835 ac
1301 777 1533 834 ﬁdeliter
1541 775 1786 833 conside-

213 863 340 929 ratis
364 871 673 927 certissime
695 877 751 925 et
778 868 1080 926 clarissime
1102 869 1405 926 ostenditur
1427 885 1525 941 pro
1537 867 1789 924 omnibus

211 965 456 1021 ﬁdelibus
482 962 707 1028 Christi,
754 962 846 1033 qui
877 961 1118 1027 fuerunt,
1161 969 1254 1016 aut
1299 969 1448 1026 sunt,
1497 959 1580 1014 vel
1609 965 1786 1022 erunt,

210 1055 407 1112 factam
435 1069 560 1111 esse
587 1054 899 1126 passionem
927 1053 1154 1110 Christi.
1185 1052 1292 1109 Pro
1315 1052 1563 1109 ﬁdelibus
1589 1051 1792 1108 Christi

207 1147 386 1205 oﬁ’erri
414 1145 745 1203 sacriﬁcium
771 1145 1006 1213 Christi;
1045 1161 1146 1217 pro
1188 1161 1414 1216 corpore
1448 1138 1651 1200 Christi
1694 1143 1793 1198 im-

209 1240 402 1298 molari
428 1256 628 1312 corpus
648 1241 876 1297 Christi.
905 1241 983 1296 De
1002 1240 1089 1296 his
1111 1255 1262 1307 vero,
1288 1239 1380 1310 qui
1412 1238 1590 1294 adhuc
1617 1237 1671 1292 in
1712 1237 1794 1292 in-

208 1331 463 1388 ﬁdelitate
514 1341 678 1403 atque
730 1331 1011 1402 impietate
1056 1331 1398 1396 detinentur,
1442 1327 1793 1385 manifestum

208 1431 290 1480 est
316 1438 384 1478 ex
419 1423 526 1478 hac
552 1423 738 1494 regula
767 1423 892 1480 ﬁdei
929 1423 1078 1494 quod
1103 1424 1410 1493 quicunque
1434 1437 1502 1477 ex
1543 1420 1673 1492 ipsis
1701 1435 1796 1492 per

208 1514 300 1571 Dei
330 1515 561 1587 gratiam
589 1514 794 1571 fuerint
822 1515 890 1571 ad
919 1515 1080 1571 ﬁdem
1111 1515 1382 1581 conversi,
1412 1523 1468 1571 et
1496 1514 1551 1569 in
1579 1512 1797 1569 Christo

209 1609 533 1680 regenerati,
578 1609 744 1665 etiam
776 1625 876 1681 pro
924 1609 1057 1680 ipsis
1085 1607 1452 1664 conﬁtendum
1494 1605 1563 1662 sit
1594 1605 1796 1661 factum

207 1713 350 1766 esse,
381 1699 528 1771 quod
550 1715 648 1771 pro
673 1700 925 1756 omnibus
947 1699 1198 1755 ﬁdelibus
1225 1698 1428 1754 factum
1456 1705 1689 1754 constat.
1721 1695 1800 1751 De

207 1792 420 1848 caeteris
451 1807 601 1858 vero,
626 1792 719 1862 qui
750 1793 806 1847 in
837 1791 952 1864 ipsa
977 1791 1294 1848 inﬁdelitate
1317 1800 1481 1862 atque
1522 1789 1800 1861 impietate

1889 680 1942 735 in
1972 680 2074 735 ista
2093 678 2404 734 deﬁnitione
2435 677 2880 732 absurdissimum
2908 683 3023 741 est,‘
3067 695 3086 728 ‹
3117 677 3263 748 quod
3288 675 3473 733 Domi-

1888 787 1990 829 nus
2017 771 2175 828 Jesus
2200 770 2449 828 Christus
2481 771 2644 828 etiam
2685 786 2784 841 pro
2815 769 2994 841 impiis
3032 770 3087 826 in
3141 788 3237 827 sua
3277 773 3467 842 impie-

1889 872 1999 920 tate
2026 865 2377 936 pereuntibus
2405 863 2616 920 dicatur
2657 879 2868 935 passus.
2903 867 2936 915 ι’
2973 863 3040 918 Ει
3066 883 3084 915 ‹
3108 850 3295 920 ﬁdelis
3324 867 3477 935 quis-

1891 973 1996 1029 qtte
2057 957 2290 1012 ﬁdeliter
2334 958 2604 1028 baptismo
2650 957 2766 1028 ejus
2826 965 3176 1029 regeneratus
3221 959 3481 1030 mysterio

1891 1051 2160 1123 passionis
2188 1049 2305 1119 ejus
2335 1049 2640 1105 afﬁrmatur
2661 1065 2766 1105 non
2797 1064 2916 1107 esse
2943 1050 3271 1120 redemptus.
3312 1070 3330 1102 ›

1966 1140 2076 1197 Nec
2098 1140 2229 1195 illud
2275 1140 2472 1211 aliquis
2513 1149 2702 1196 contra
2731 1141 2871 1196 hanc
2897 1142 3182 1197 veritatem
3213 1143 3483 1213 evangeli-

1893 1217 2015 1293 eam
2054 1244 2109 1291 et
2134 1235 2484 1306 apostolicam
2537 1233 2896 1304 obiiciendum
2928 1243 3098 1305 putet,
3153 1237 3297 1305 quod
3346 1236 3486 1292 inter

1896 1317 2123 1384 earteras
2153 1328 2559 1383 maledictiones
2589 1327 2768 1398 populi
2799 1328 3000 1398 judaici
3023 1370 3038 1393 ,
3071 1329 3124 1383 in
3154 1328 3487 1385 Deuterono-

1897 1422 2007 1476 mio
2060 1420 2369 1476 continetur
2424 1422 2490 1475 ad
2549 1421 2799 1476 eumdem
2854 1420 3185 1476 incredulum
3231 1423 3490 1492 populum

1899 1514 2104 1570 dictum
2133 1528 2148 1567 :
2198 1533 2216 1565 ‹
2251 1515 2314 1569 Et
2338 1514 2442 1569 erit
2462 1513 2571 1568 vita
2611 1522 2699 1568 tua
2727 1515 2966 1584 pendens
2995 1524 3119 1570 ante
3147 1515 3492 1580 oculostuos,

1899 1615 1955 1662 et
1976 1623 2083 1662 non
2106 1607 2298 1662 credes
2321 1607 2444 1661 vitae
2472 1617 2575 1661 tuae
2607 1605 2784 1677 (Deut:
2817 1623 3009 1674 xxvtu,
3037 1607 3149 1678 66).
3181 1628 3199 1661 ›
3238 1607 3334 1663 Vel
3363 1605 3492 1662 illud

1903 1701 2048 1770 quod
2083 1699 2136 1754 in
2161 1699 2298 1754 Isaia
2323 1700 2390 1754 de
2425 1699 2614 1755 eodem
2657 1699 2857 1755 inﬁdeli
2903 1702 3123 1772 populo,
3166 1717 3234 1757 ex
3263 1691 3495 1773 persena

1905 1788 2074 1860 ipsius
2111 1790 2325 1847 Domini
2354 1789 2478 1846 Jesu
2512 1791 2714 1847 Christi
2744 1793 2810 1847 de
2834 1793 3087 1863 passione
3112 1802 3168 1850 et
3195 1809 3358 1850 cruce
3379 1794 3498 1864 ejus

207 1897 306 1938 sua
353 1892 768 1955 perseverantes
807 1893 934 1940 sunt
976 1884 1236 1956 perituri,
1297 1884 1342 1940 si
1387 1884 1453 1938 de
1508 1882 1803 1953 Scriptura:
1833 1873 1882 1934 Β
1908 1867 2113 1937 dictum
2161 1882 2292 1939 solet
2337 1883 2600 1955 intelligi:
2632 1905 2649 1936 ‹
2683 1885 2927 1956 Expandi
2961 1903 3154 1944 manus
3190 1905 3342 1945 meas
3389 1897 3500 1945 tota

207 1987 410 2033 sancta:
439 1977 792 2044 auctoritate,
824 1977 969 2048 quod
992 1978 1156 2034 etiam
1179 1992 1279 2048 pro
1307 1977 1504 2033 talibus
1536 1977 1800 2032 Dominus

205 2083 403 2139 passus
431 2069 524 2133 sit,
549 2069 872 2124 certissimis
893 2078 948 2124 et
969 2069 1288 2125 clarissimis
1328 2069 1659 2125 testimoniis
1700 2085 1798 2124 no-

203 2161 288 2217 bis
308 2163 688 2218 demonstrare
709 2162 987 2234 potuerint
1021 2161 1148 2217 boni
1189 2161 1327 2228 viri,
1369 2161 1462 2232 qui
1493 2161 1622 2215 talia
1671 2159 1804 2242 deﬁf

205 2254 453 2320 niernnt,
485 2253 706 2323 dignum
738 2253 960 2309 omnino
986 2261 1070 2309 est
1098 2263 1159 2308 ut
1203 2254 1488 2309 credamus
1508 2261 1563 2308 et
1593 2269 1712 2308 nos.
1747 2251 1806 2306 Si

207 2359 340 2401 vero
365 2360 478 2400 non
501 2345 798 2414 potuerint,
825 2354 1043 2401 cessent
1073 2345 1402 2401 contendere
1446 2360 1546 2415 pro
1572 2359 1636 2400 eo
1662 2342 1808 2415 quod

208 2455 320 2494 non
359 2438 570 2510 legunt.
593 2437 801 2493 Pudeat
838 2454 932 2495 eos
961 2438 1189 2495 deﬁnire
1214 2439 1357 2510 quod
1397 2440 1667 2495 nesciunt.
1720 2438 1811 2493 Ti-

207 2536 394 2584 neant
427 2537 671 2584 statuere
696 2528 840 2598 quod
863 2528 1071 2583 nullum
1103 2538 1418 2584 sanctorum
1440 2529 1660 2584 Patrum
1683 2544 1812 2584 con-

209 2619 419 2686 cilium,
442 2619 651 2674 nullum
676 2620 1042 2693 apostololicz
1067 2622 1214 2678 sedis
1238 2621 1579 2692 pontiﬁcum,
1608 2621 1814 2676 nullum

208 2709 711 2767 ecclesiasticorum
755 2711 1066 2783 dogmatum
1111 2713 1386 2768 decretum
1433 2711 1695 2768 hactenus
1739 2714 1818 2768 in-

210 2801 438 2856 veniant
466 2802 739 2857 statuisse.
771 2801 925 2869 Quod
945 2811 1000 2857 et
1017 2803 1063 2858 si
1083 2802 1212 2872 quid
1233 2818 1262 2856 a
1285 2803 1489 2860 sanctis
1507 2812 1563 2859 et
1595 2819 1817 2860 venera-

209 2891 418 2950 bilibus
458 2895 718 2951 Ecclesiae
747 2897 1056 2953 doctoribus
1087 2898 1172 2954 vel
1198 2899 1478 2968 scriptum,
1509 2899 1595 2954 vel
1617 2899 1820 2956 dictum

212 2987 362 3044 unde
375 2988 754 3059 hujuscemodi
768 3005 960 3046 sensus
971 2992 1185 3047 occasio
1211 2992 1348 3054 sumi
1369 3007 1528 3062 posse
1549 2992 1765 3049 videatu
1775 3009 1818 3058 r,

215 3079 509 3137 inveniunt
532 3101 545 3136 :
573 3081 721 3138 salva
749 3097 934 3138 eorum
963 3083 1143 3138 debita
1166 3085 1471 3140 reverentia
1491 3126 1505 3151 ,
1535 3085 1826 3141 cohibeant

215 3187 280 3228 se
303 3172 511 3242 potius,
540 3181 596 3228 et
639 3172 967 3228 submittant
1013 3190 1073 3230 se
1103 3175 1383 3230 humiliter
1411 3176 1606 3232 divinae
1631 3185 1818 3232 aucto-

218 3264 410 3330 ritati;
462 3273 518 3319 et
561 3281 676 3320 rem
720 3275 831 3322 tam
877 3268 1188 3334 obscuram,
1238 3277 1459 3340 tamque
1503 3270 1816 3326 inusitatam

221 3357 432 3414 divina:
458 3368 740 3416 reservent
781 3361 1056 3417 humiliter
1080 3360 1374 3432 majestati.
1424 3362 1538 3420 Hoc
1584 3380 1819 3434 namque

217 3458 276 3506 et
315 3467 336 3501 ‹
374 3448 656 3508 Paschalis
687 3454 811 3524 agni
840 3471 861 3506 ι
895 3470 1052 3510 sacra
1076 3455 1164 3509 illa
1189 3455 1426 3527 epulatio
1467 3458 1694 3528 mystice
1719 3472 1820 3511 no-

215 3542 308 3597 bis
344 3544 694 3597 commendat
733 3559 856 3598 cum
898 3545 1099 3600 dicitur
1135 3564 1147 3599 :
1192 3565 1210 3597 ‹
1267 3547 1325 3601 Si
1374 3548 1500 3615 quid
1543 3547 1820 3602 residuum

219 3634 416 3700 fuerit,
439 3636 546 3706 igni
569 3635 901 3691 comburetis
927 3635 1125 3708 (Exod.
1153 3653 1251 3702 xu,
1276 3639 1388 3708 10),
1420 3659 1439 3691 ι
1462 3638 1603 3694 sicut
1629 3640 1820 3694 beatus

219 3726 519 3797 Gregorius
549 3728 771 3798 exponit
807 3727 1032 3783 dicens:
1065 3726 1244 3800 [Quod
1273 3745 1340 3785 ex
1389 3745 1528 3800 agno
1575 3739 1822 3786 remanet

220 3819 340 3890 igni
370 3819 767 3881 comburimus,
789 3821 1008 3890 quando
1036 3820 1142 3875 hoc
1177 3821 1320 3891 quod
1362 3821 1430 3876 de
1455 3823 1716 3893 mysterio
1740 3822 1823 3877 In-

219 3911 568 3968 carnationis
589 3913 708 3983 ejus
745 3912 1080 3983 intelligere,
1119 3914 1206 3968 vel
1243 3923 1528 3985 penetrare
1558 3931 1665 3970 non
1696 3931 1824 3986 pos-

220 4017 446 4069 sumus,
474 4003 732 4075 potestati
759 4003 995 4074 Spiritus
1043 4006 1215 4061 sancti
1258 4007 1536 4062 humiliter
1582 4024 1828 4065 reserva-

220 4109 375 4161 mus,
421 4102 613 4149 utnon
656 4095 888 4166 superbe
931 4096 1055 4166 quis
1099 4101 1293 4152 audeat
1338 4097 1424 4153 vel
1455 4107 1826 4167 contemnere,

222 4187 314 4242 vel
348 4186 674 4242 denuntiare
709 4186 851 4258 quod
883 4187 1160 4260 intelligit,
1189 4189 1287 4246 sed
1327 4190 1432 4247 hoc
1472 4191 1583 4262 igni
1626 4192 1825 4257 tradat,

225 4296 357 4336 cum
393 4287 583 4336 sancto
604 4277 832 4350 Spiritui
865 4288 1130 4336 reservat.
1156 4279 1177 4354 ]

845 4435 1075 4494 CAPUT
1107 4436 1225 4494 XV.

737 4588 813 4644 De
837 4592 1124 4662 qucestione
1152 4592 1327 4648 tertia.

300 4724 424 4782 Jam
449 4726 516 4781 de
546 4727 706 4782 tertia
731 4728 1049 4797 quaestione,
1075 4743 1182 4799 qua
1203 4728 1482 4785 deﬁnitum
1502 4740 1605 4796 est,
1643 4749 1661 4783 ‹
1691 4730 1828 4800 Quia

225 4820 374 4875 sicut
410 4817 655 4874 inﬁdeles
703 4818 1045 4873 redimuntur
1083 4821 1344 4890 mysterio
1365 4822 1642 4892 sanguinis
1673 4821 1829 4878 Chri-

224 4911 323 4976 sti,
353 4910 432 4965 ita
474 4923 574 4964 nec
608 4908 792 4964 ﬁdeles
818 4909 1083 4980 redempti
1107 4919 1257 4978 sunt,
1288 4912 1380 4982 qui
1408 4928 1515 4968 non
1542 4914 1834 4986 habuerint

223 5014 350 5056 eam
396 5000 560 5056 ﬁdem
590 5020 609 5053 ‹
638 5016 758 5072 qua:
797 5016 896 5071 per
927 5002 1273 5060 dilectionem
1301 5015 1561 5075 operatur
1600 5007 1749 5079 (Gal.
1771 5025 1826 5076 v,

217 5092 305 5171 ‘6).
353 5111 374 5146 ι
411 5091 552 5160 Quid
577 5107 798 5148 necesse
840 5101 925 5150 est
949 5094 1155 5165 aliquid
1197 5097 1424 5153 dicere?
1473 5114 1598 5154 cum
1623 5114 1690 5154 ex
1719 5101 1827 5168 his,

224 5199 351 5255 qum
375 5199 544 5254 supra
577 5183 691 5254 jam
724 5185 870 5241 dicta
916 5196 1062 5255 sunt,
1110 5187 1550 5246 manifestissime
1577 5193 1830 5248 ostenda-

225 5285 339 5342 tur,
366 5282 427 5331 et
446 5277 698 5333 omnibus
714 5277 1018 5336 inﬁdelibus
1033 5281 1237 5337 nullam
1264 5299 1384 5339 esse
1405 5284 1828 5356 redemptionem

227 5369 284 5424 in
315 5368 562 5436 Christo,
589 5377 644 5426 et
665 5386 854 5427 omnes
873 5372 1075 5438 ﬁdeles,
1101 5375 1192 5444 qui
1218 5375 1447 5432 ﬁdeliter
1474 5380 1738 5436 accedunt
1761 5381 1828 5438 ad

227 5463 423 5529 tidem,
450 5470 506 5528 et
525 5464 756 5537 gratiam
782 5467 1238 5539 regenerationis,
1266 5469 1340 5526 ibi
1360 5472 1829 5544 accipiantveram

229 5555 688 5626 redemptionem,
713 5558 804 5614 ubi
834 5560 1108 5630 accipiunt
1125 5575 1314 5618 veram
1335 5568 1826 5635 regenerationem.

228 5645 375 5713 Quia
416 5660 517 5701 nec
543 5662 668 5703 vere
706 5659 932 5719 possunt
985 5652 1282 5724 reguerari,
1310 5654 1415 5712 nisi
1440 5672 1536 5714 eos
1571 5667 1627 5714 et
1672 5676 1702 5714 a
1731 5677 1830 5732 po-

234 5745 436 5792 testate
462 5738 682 5805 diaboli,
727 5749 784 5796 et
831 5758 861 5796 a
909 5745 1170 5800 servitute
1196 5748 1406 5818 peccati
1444 5765 1572 5808 vere
1621 5763 1836 5811 constet

230 5830 454 5889 redimi.
510 5831 619 5888 Nec
669 5849 795 5891 vere
843 5847 1066 5908 possunt
1098 5840 1310 5910 redimi,
1343 5843 1444 5899 nisi
1490 5844 1707 5904 lavacro
1745 5850 1830 5905 iu-

604 5923 868 5992 Ρηιιοι..
914 5931 1148 5994 CXXI.

1853 4613 1908 4673 D

1907 1974 1992 2029 die
2029 1975 2095 2029 ad
2127 1975 2385 2046 populum
2411 1993 2519 2032 non
2547 1978 2861 2032 credentem
2883 2019 2897 2043 ,
2929 1986 2984 2034 et
3014 1981 3499 2046 contradicentem,

1907 2065 2002 2135 qui
2041 2065 2280 2120 ambulat
2329 2067 2416 2120 via
2453 2083 2558 2121 non
2611 2068 2772 2132 bona,
2819 2075 2944 2136 post
2984 2069 3338 2140 cogitationes
3372 2087 3502 2126 suas

1908 2160 2045 2232 (Isa.
2102 2177 2227 2224 va,
2273 2160 2351 2231 2).
2381 2180 2400 2212 ι
2453 2160 2524 2216 Ut
2568 2163 2723 2230 quasi
2761 2161 2835 2216 ita
2886 2163 3009 2233 quis
3059 2164 3192 2219 velit
3233 2167 3503 2236 accipere,

1909 2253 2054 2324 quod
2084 2253 2159 2309 illi
2195 2273 2214 2306 ί
2251 2254 2526 2311 incredulo
2558 2254 2754 2325 populo
2789 2276 2807 2308 ι
2858 2257 3062 2312 dictum
3096 2267 3200 2325 est,
3256 2279 3275 2310 ‹
3313 2270 3369 2313 et
3401 2261 3508 2315 erit

1911 2347 2022 2402 vita
2053 2355 2144 2401 tua
2189 2347 2433 2416 pendens
2482 2357 2608 2402 ante
2651 2347 2838 2404 oculos
2872 2357 3015 2415 tuos,
3061 2359 3116 2404 et
3167 2366 3273 2404 non
3314 2352 3506 2408 credes

1911 2439 2036 2492 viue
2075 2446 2199 2492 luat.
2233 2457 2252 2488 ι
2290 2436 2572 2506 Tanquam
2600 2437 2700 2508 ipsi
2734 2456 2753 2488 ‹
2783 2438 3062 2494 incredulo
3091 2447 3147 2493 et
3176 2439 3375 2495 inﬁdeli
3413 2458 3510 2515 po-

1913 2527 2040 2598 pulo
2074 2545 2092 2578 )
2154 2526 2207 2580 in
2239 2541 2333 2581 sua
2370 2527 2770 2594 incredulitate,
2822 2537 2878 2583 et
2921 2530 3240 2587 inﬁdelitate
3289 2549 3508 2602 perma-

1916 2618 2088 2684 nenti,
2111 2618 2372 2674 Dominus
2396 2617 2553 2675 Iesus
2573 2618 2823 2675 Christus
2843 2661 2857 2686 ,
2883 2622 2977 2692 qui
3016 2631 3141 2677 ante
3167 2639 3354 2679 eorum
3377 2640 3509 2680 ocu-

1918 2709 1999 2783 los
2045 2711 2098 2765 in
2155 2726 2319 2766 cruce
2347 2711 2624 2780 pependit,
2660 2711 2871 2767 dicatur
2900 2712 3010 2767 vita
3042 2729 3167 2770 cum
3202 2716 3388 2785 utique
3431 2716 3514 2770 eis

1921 2818 2028 2858 non
2069 2801 2280 2858 dederit
2328 2801 2530 2856 vitam:
2567 2811 2622 2859 et
2655 2803 2906 2859 dicantur
2959 2805 3059 2874 ipsi
3095 2821 3206 2861 non
3251 2809 3514 2862 credituri

1921 2893 2046 2949 vita:
2067 2909 2208 2960 suae;
2235 2895 2390 2965 quasi
2418 2895 2678 2952 Dominus
2699 2897 2865 2952 etiam
2901 2913 3091 2953 eorum
3123 2901 3214 2969 qui
3251 2915 3359 2955 non
3395 2917 3514 2956 cre-

1923 2985 2077 3050 dunt,
2109 2999 2208 3039 nec
2234 3001 2470 3055 unquam
2499 2984 2614 3055 ejus
2659 2986 2764 3042 ﬁde
2793 2987 3180 3054 viviﬁcantur,’
3204 2991 3376 3060 possit
3407 2991 3515 3046 dici

1920 3069 2054 3131 vita.
2086 3077 2154 3132 Et
2173 3077 2302 3133 illud
2332 3078 2396 3135 de
2425 3078 2561 3133 Isaia
2594 3081 2966 3136 testimonium
2989 3083 3071 3138 sic
3102 3093 3328 3140 conetur
3351 3085 3514 3140 intel-

1925 3168 2092 3239 ligere
2133 3179 2193 3225 ut
2222 3172 2387 3238 dicat,
2439 3173 2581 3242 quod
2632 3172 2893 3230 Dominus
2937 3184 3224 3247 propterea
3278 3177 3515 3234 dixerit:

1933 3282 1950 3314 (
1987 3263 2234 3334 Expandi
2287 3281 2480 3321 manus
2524 3282 2673 3325 meas
2703 3277 2816 3322 tota
2861 3268 2949 3324 die
2987 3272 3054 3325 ad
3103 3272 3360 3340 populum
3409 3288 3518 3328 non

1923 3357 2236 3411 credentem
2267 3367 2322 3410 et
2344 3359 2824 3423 contradicentem,
2857 3379 2876 3412 ›
2901 3362 3075 3430 -quasi
3114 3373 3338 3432 propter
3368 3381 3508 3421 eum-

1925 3447 2044 3501 dem
2071 3445 2326 3515 populum
2358 3446 2414 3501 in
2454 3462 2551 3502 sua
2593 3449 2972 3506 incredulitate
3002 3462 3056 3507 et
3087 3455 3520 3512 contradictione

1922 3534 2329 3606 pcrdurantem,
2360 3545 2414 3593 et
2441 3538 2558 3608 ejus
2580 3555 2745 3595 causa
2773 3542 2953 3597 crucis
2976 3544 3294 3600 sustinuerit
3321 3550 3522 3617 passio-

1925 3641 2068 3680 nem.
2124 3625 2194 3683 Ut
2244 3628 2398 3698 quasi
2453 3645 2520 3684 ex
2566 3632 2670 3686 hoc
2721 3632 2998 3690 afﬁrmare
3035 3637 3320 3706 videatur,
3375 3643 3519 3711 quod

1927 3717 2187 3774 Dominus
2217 3721 2379 3776 etiam
2429 3739 2528 3794 pro
2555 3723 2735 3793 impiis
2773 3727 2825 3780 in
2856 3743 2952 3782 sua
2983 3729 3262 3801 impietate
3291 3750 3522 3804 pereun-

1927 3811 2071 3866 tibus
2124 3812 2179 3866 in
2238 3813 2534 3884 Scripturis
2578 3833 2770 3887 passus
2805 3835 2929 3875 esse
2978 3822 3218 3890 dicatur;
3273 3828 3397 3896 quia
3442 3828 3524 3882 di-

1927 3902 2067 3955 vime
2117 3902 2410 3973 Scripturae
2467 3907 2773 3964 nullatenus
2828 3922 3053 3980 possunt
3099 3923 3241 3970 inter
3292 3933 3349 3972 se
3397 3934 3519 3974 csse

1927 3998 2239 4064 contrariae,
2265 4001 2360 4055 sed
2401 4003 2544 4072 quod
2587 4003 2642 4058 in
2667 4019 2854 4060 earum
2885 4007 3219 4076 planioribus
3257 4010 3389 4067 locis
3409 4031 3524 4068 ma-

1928 4089 2180 4146 nifestius
2228 4092 2574 4162 declaratur,
2634 4097 2740 4153 hoc
2794 4101 2957 4156 etiam
3007 4104 3062 4156 in
3119 4105 3526 4162 obscurioribus

1930 4182 2260 4251 occultatur,
2299 4193 2359 4241 ut
2379 4202 2446 4242 ex
2473 4187 2559 4245 his
2583 4206 2702 4260 quae
2734 4192 2788 4246 in
2828 4193 2934 4248 illis
2971 4193 3116 4248 clara
3155 4206 3291 4270 sunt
3327 4197 3526 4254 illumi-

1932 4285 2131 4338 nentur
2163 4277 2413 4346 obscura,
2437 4296 2544 4336 non
2571 4298 2635 4337 ex
2683 4283 2771 4339 his
2812 4299 2933 4354 quae
2961 4286 3192 4362 obscura
3219 4299 3346 4345 sunt
3375 4290 3524 4348 clara

1931 4369 2316 4425 obscurentur.

2004 4462 2188 4534 Itaque
2219 4462 2376 4533 juxta
2415 4466 2784 4536 manifestam,
2811 4486 2976 4541 quam
3006 4475 3256 4545 superius
3281 4481 3525 4535 ostendi-

1934 4576 2056 4617 mus
2083 4561 2151 4618 de
2199 4564 2477 4633 passione,
2507 4575 2563 4622 et
2590 4567 2960 4638 redemptione
3013 4571 3214 4630 Christi
3254 4577 3526 4648 evangeli-

1935 4669 2078 4719 cam,
2105 4662 2163 4710 et
2187 4655 2541 4726 apostolicam
2574 4659 2880 4726 veritatem,
2906 4661 3070 4717 etiam
3099 4663 3248 4731 illud,
3278 4667 3422 4736 quod
3469 4669 3526 4724 in

1937 4745 2360 4803 Deuteronomio
2386 4747 2530 4804 inter
2559 4758 2755 4806 caetera
2785 4751 3070 4809 maledicta
3094 4755 3168 4810 illi
3191 4758 3390 4827 popqu
3437 4761 3526 4814 in-

1938 4837 2079 4894 ﬁdeli
2112 4839 2314 4895 dictum
2354 4849 2480 4896 est:
2520 4861 2539 4894 ε
2581 4841 2647 4896 Et
2686 4844 2792 4898 erit
2836 4845 2948 4900 vita
2979 4853 3068 4900 tua
3113 4849 3353 4918 pendens
3399 4862 3528 4909 ante

1936 4929 2120 4986 oculos
2145 4939 2282 4999 tuos,
2338 4940 2394 4988 et
2421 4948 2529 4989 non
2559 4934 2750 4990 credes
2796 4937 2923 4992 vitae
2951 4945 3077 5005 tuae,
3119 4960 3136 4992 ι
3185 4944 3259 4996 ita
3297 4943 3529 5003 ﬁdeliter

1937 5023 2267 5093 accipiamus
2293 5023 2516 5093 dictum,
2561 5035 2622 5082 ut
2647 5043 3006 5099 agnoscamus
3038 5033 3334 5090 maximum
3364 5037 3528 5093 male-

1935 5116 2138 5172 dictum
2173 5116 2342 5174 fuisse
2383 5118 2526 5176 illius
2567 5121 2770 5193 populi,
2818 5130 2875 5178 ut
2927 5125 3119 5181 merito
3144 5128 3364 5186 malitia:
3410 5147 3524 5186 suae

1934 5208 2212 5273 excaecati,
2253 5209 2558 5266 venientem
2587 5211 2656 5267 ad
2686 5227 2744 5268 se
2778 5214 3064 5270 Dominum
3093 5215 3368 5274 Christum
3397 5228 3528 5276 tan-

1935 5301 2004 5355 tis
2061 5301 2233 5373 signis
2272 5310 2330 5356 et
2372 5302 2648 5361 miraculis
2697 5321 3029 5379 cognoscere
3075 5327 3183 5370 non
3227 5313 3523 5383 potuerint.

1935 5390 2089 5447 Sicut
2117 5391 2187 5448 de
2205 5407 2394 5450 eorum
2417 5404 2568 5450 tanta
2614 5398 2860 5457 caecitate
2889 5411 3013 5458 ante
3039 5403 3214 5460 fuerat
3235 5406 3527 5476 propheta-

1938 5494 2094 5540 tum:
2148 5504 2167 5536 ε
2201 5485 2427 5544 Excaeca
2484 5503 2580 5544 eor
2631 5491 2813 5562 populi
2861 5493 3058 5564 hujus,
3107 5506 3164 5554 et
3205 5511 3367 5552 aures
3409 5499 3529 5571 ejus

1940 5591 2173 5649 aggrava
2197 5587 2252 5633 et
2275 5577 2462 5635 oculos
2485 5580 2604 5651 ejus
2639 5582 2832 5640 claude
2862 5585 2997 5656 (Isa.
3025 5603 3077 5643 vr
3096 5628 3111 5654 ,
3138 5587 3247 5657 I0),
3279 5608 3300 5640 ι
3328 5597 3432 5645 etc.
3458 5589 3528 5644 Et

1941 5667 2082 5724 hanc
2103 5670 2406 5726 caecitatem
2427 5669 2578 5740 justo
2595 5673 2798 5745 judicio
2828 5676 2922 5732 Dei
2950 5678 3312 5748 permansisse
3341 5678 3398 5734 in
3421 5677 3530 5736 illis

1939 5763 2240 5834 usquedum
2267 5764 2556 5822 Dominum
2579 5759 3114 5840 comprehenderent
3137 5812 3154 5840 ,
3200 5772 3528 5829 condemna-

1943 5865 2084 5924 rent,
2102 5863 2159 5914 et
2176 5857 2338 5915 morti
2367 5857 2732 5929 adjudicatun‘
2770 5861 3183 5933 cruciﬁgerent;
3221 5864 3313 5919 sed
3339 5872 3528 5936 postea

3016 5960 3092 6020 36
