3966 6334
636 333 764 391 “Si

626 538 731 592 ritu
780 546 984 597 sancto,
1040 540 1097 588 et
1137 530 1552 604 praedicantibus
1601 531 1859 602 apostolis
1906 548 2003 602 per
2041 530 2208 601 inspi-

627 629 888 683 rationem
914 624 1109 680 divinae
1156 623 1364 692 gratiae,
1414 622 1591 677 subito
1624 623 1690 678 ad
1734 638 1920 681 eorum
1948 610 2208 693 praedica-

625 721 824 775 tionem
879 724 1233 785 compunctos
1267 704 1513 775 dixisse:
1589 735 1605 766 ι
1644 708 1759 777 Viri
1802 711 1998 770 fratres
2023 756 2036 779 ,
2079 711 2215 783 quid

622 810 879 867 faciemus
904 808 1043 880 (Act.
1076 823 1134 872 ιι,
1164 800 1285 887 ειη
1314 826 1331 856 ι
1388 798 1734 869 Ειόοηιίιιυο
1762 816 1985 877 accepto
2018 804 2205 859 salutis

621 902 845 959 consilio
872 901 1196 972 baptizatos,
1226 915 1291 961 ac
1319 900 1442 954 vim
1483 915 1593 954 suae
1619 916 1780 971 quam
1809 903 1861 955 in
1892 915 2054 956 cruce
2081 909 2206 954 ante

618 995 801 1053 oculos
848 1008 975 1051 suos
1002 992 1233 1063 positam
1282 1006 1575 1062 agnoscere
1620 1007 1727 1045 non
1776 998 2063 1062 potuerant
2107 1005 2206 1045 nec

617 1088 975 1151 crediderant,
1011 1083 1406 1142 reconciliatos.
1464 1082 1529 1138 Et
1566 1082 1686 1138 ideo
1742 1072 2060 1137 mirabiliter
2110 1096 2209 1153 per

615 1184 834 1239 beatum
870 1177 1108 1250 Moysem
1138 1184 1429 1245 utrumque
1481 1175 1885 1245 prophetatum,
1914 1184 2204 1250 utrumque

615 1244 976 1349 signiﬁcatum
1015 1283 1119 1339 est,
1166 1280 1227 1328 ut
1272 1244 1421 1327 etin
1470 1269 1724 1340 passione
1776 1268 1992 1323 Domini
2032 1244 2206 1321 habe-3

613 1377 736 1425 rent
774 1386 793 1421 ι
823 1367 990 1423 vitam
1034 1373 1160 1420 ante
1179 1361 1388 1427 oculos,
1416 1381 1434 1413 ι
1487 1359 1581 1415 sed
1629 1374 1728 1415 nec
1771 1358 2068 1419 crederent,
2104 1358 2204 1412 nec

610 1468 970 1532 agnoscerent
994 1476 1005 1511 :
1046 1466 1101 1512 et
1130 1458 1244 1511 haec
1266 1463 1443 1508 tamen
1473 1454 1585 1508 vita
1610 1460 1755 1507 esset
1774 1452 1935 1506 etiam
1963 1450 2203 1520 ipsorum

609 1562 720 1610 tam
745 1550 1042 1621 inﬁdelium
1068 1556 1122 1604 et
1162 1558 1267 1602 tam
1299 1555 1711 1611 excaecatorum,
1742 1543 1867 1616 quia
1892 1558 1985 1598 eos
2012 1552 2202 1615 postea

606 1643 713 1699 ﬁde
760 1658 857 1699 sua
900 1638 1233 1703 vivificavit,
1285 1632 1425 1692 sicut
1464 1635 1725 1705 scriptum
1782 1641 1909 1688 est:
1964 1652 1981 1685 ‹
2016 1626 2202 1687 Justus

606 1741 786 1789 autem
844 1745 911 1786 ex
961 1726 1070 1785 ﬁde
1113 1728 1245 1783 vivit
1294 1724 1523 1798 (Habac.
1576 1723 1831 1789 mnam.
1866 1721 1925 1794 1).
1965 1742 1984 1773 ι
2030 1722 2108 1777 Ita
2147 1721 2199 1777 in

603 1829 858 1901 passione
901 1842 997 1882 sua
1025 1796 1382 1880 Dominusiet
1425 1820 1534 1876 vita
1566 1828 1682 1875 erat
1710 1820 1967 1890 ipsorum,
2008 1824 2063 1871 et
2089 1832 2196 1873 non
2304 1813 2483 1890 fecit.]

602 1930 723 1979 erat
749 1921 859 1976 vita
890 1920 1127 1989 ipsorum
1160 1935 1173 1971 :
1213 1914 1323 1970 vita
1368 1929 1599 1983 namque
1630 1920 1747 1967 erat
1780 1912 2036 1981 ipsorum,
2069 1910 2193 1978 quia

603 2021 724 2069 erat
754 2028 849 2069 eos
876 2008 1279 2074 vivificaturus;
1327 2023 1433 2061 non
1460 2013 1579 2060 erat
1612 2005 1719 2057 vita
1761 2003 2020 2073 ipsorum,
2070 1999 2195 2070 quia

603 2106 835 2163 necdum
875 2118 969 2160 eos
1010 2090 1341 2163 viviﬁcabat,
1368 2096 1584 2166 quando
1614 2094 1812 2150 mortui
1862 2094 2027 2146 vitam
2067 2107 2193 2147 cru-

601 2195 909 2267 ciﬁgebant.
944 2191 1096 2249 Unde
1132 2199 1190 2244 ut
1224 2191 1327 2244 ista
1369 2188 1584 2244 emcitas
1612 2185 1816 2241 abillis
1865 2184 2191 2247 auferretur,

600 2298 654 2345 et
681 2284 806 2342 ﬁdei
828 2274 1151 2340 illuminatio
1173 2281 1255 2336 eis
1300 2279 1614 2341 donaretur,
1644 2276 1697 2330 in
1724 2277 1837 2346 ipsa
1871 2275 2050 2330 crucis
2069 2288 2194 2343 pas-

599 2378 751 2436 sione
796 2376 1014 2431 Patrem
1053 2372 1379 2449 precabatur
1409 2369 1631 2424 dicens:
1693 2386 1710 2417 ι
1752 2364 1933 2433 Pater,
1974 2366 2192 2435 ignosce

601 2468 726 2533 illis,
759 2483 865 2522 non
894 2466 1038 2521 enim
1062 2464 1241 2519 sciunt
1269 2459 1397 2531 quid
1429 2456 1635 2514 faciunt
1657 2455 1807 2527 (Luc.
1837 2468 1998 2521 um,
2024 2455 2135 2525 '54).
2164 2475 2183 2507 ι

600 2557 864 2616 Similiter
913 2565 969 2612 et
1013 2554 1141 2610 illud
1194 2553 1336 2623 quod
1383 2552 1434 2606 in
1464 2550 1601 2609 Isaia
1642 2561 1711 2604 ex
1766 2547 1935 2617 ipsius
1972 2542 2190 2600 Domini

598 2666 828 2726 persona
856 2645 1175 2719 intelligitur
1199 2644 1402 2700 dictum
1435 2662 1446 2696 :
1491 2662 1508 2694 ι
1538 2640 1782 2710 Expandi
1812 2653 2006 2693 manus
2039 2651 2188 2705 meas

600 2754 711 2802 tota
740 2743 830 2799 die
878 2740 946 2797 ad
977 2737 1233 2817 populum
1280 2755 1389 2793 non
1418 2736 1761 2798 credentem,
1795 2742 1849 2788 et
1903 2732 2182 2787 contradi-

597 2846 832 2905 centem,
855 2855 874 2887 ι
907 2833 1098 2891 eodem
1130 2848 1290 2888 sensu
1322 2830 1695 2902 accipiendum
1744 2834 1848 2893 est,
1892 2826 2035 2897 quod
2063 2838 2183 2896 per-

593 2945 785 3002 pessus
806 2930 879 2985 sit
906 2944 971 2991 ac
1000 2924 1323 2995 sustinuerit
1348 2924 1494 2979 illum
1527 2922 1780 2995 populum
1812 2935 2028 2991 semper
2078 2919 2181 2977 sibi

594 3036 699 3075 non
730 3018 1041 3074 credentem
1077 3026 1130 3072 et
1179 3015 1659 3078 contradicentem,
1687 3014 1757 3068 ita
1786 3020 1844 3068 ut
1878 3011 2176 3068 clamaret:

597 3131 618 3161 ‹
652 3104 939 3181 Cruciﬁge,
1002 3106 1253 3179 cruciﬁge
1308 3122 1470 3171 eum;
1510 3124 1528 3159 ι
1580 3112 1636 3160 et
1689 3105 1901 3159 dicente
1963 3102 2172 3158 Pilato:

1616 330 1673 384 S.
1714 329 1966 387 REMIGII
2006 330 2499 387 LUGDUNENSIS
2533 330 2837 387 EPlSCUPI

625 444 714 500 illo
756 450 1090 512 resurgente,
1126 449 1181 495 et
1210 440 1277 493 ad
1327 440 1493 495 caelos
1524 442 1867 506 ascendente,
1902 442 2066 496 misso
2094 442 2207 512 Spi-
2310 420 2532 497 Joannis
2586 424 2937 513 evangelistm
2968 446 3123 499 docet
3157 447 3327 501 dicens
3353 451 3496 520 (tract.
3518 456 3614 527 45):
3639 449 3739 535 [εροε

3654 350 3739 404 illi

2309 532 2567 627 Dominus
2587 533 2746 589 Jesus
2784 535 3029 591 Christus
3070 540 3230 607 venit,
3260 532 3741 627 prfedicavitmed‘quid

2309 622 2613 695 putamus?
2674 646 2692 676 ι
2742 624 3033 697 Nunquid,
3079 650 3096 681 ι
3168 616 3271 701 (ιιιί⁶
3308 635 3544 693 audierunt
3584 616 3737 701 totes.

2307 726 2462 769 erant
2488 717 2511 768 ?
2540 716 2677 771 Ecce
2707 718 2912 793 audivit
2941 738 2960 770 ι
2995 716 3195 786 λεὼς
3220 743 3237 773 ι
3282 736 3331 780 et
3369 726 3499 798 lupus
3519 744 3607 789 crat
3626 753 3639 803 °,
3660 758 3671 787 ι
3693 756 3743 795 se.

2306 807 2569 877 quebatur
2588 852 2601 875 ,
2641 831 2658 862 »
2694 811 2785 865 sed
2814 812 2950 882 pelle
2974 815 3134 870 ovina
3166 821 3328 875 tectus
3352 823 3521 891 pastori
3556 825 3745 884 insidiaba-

2308 908 2413 953 tur.
2469 920 2483 950 ι
2514 899 2691 970 Aliqui
2723 918 2851 981 vero
2886 924 2901 954 ι
2964 921 3148 960 eorum
3178 909 3268 978 qui
3291 908 3527 980 Christum
3557 920 3745 976 cruciﬁxi:—

2306 1004 2431 1085 runt
2480 1011 2585 1061 non
2639 992 2930 1051 audiebant
2964 995 3063 1055 (et
3093 1016 3223 1075 oves
3254 1006 3421 1085 erant,
3468 1028 3482 1060 ι
3519 1009 3628 1079 ipsos
3659 1015 3748 1085 enin

2303 1080 2518 1167 videbat
2549 1086 2603 1141 in
2646 1087 2801 1142 turba
2835 1089 3055 1163 quando
3082 1090 3293 1159 dicebat
3322 1114 3333 1149 :
3382 1078 3544 1153 «(Cum
3565 1078 3744 1161 exaltare-1

2305 1173 2427 1231 ritis
2455 1173 2655 1232 Filium
2691 1179 2948 1249 hominis,
2983 1193 3113 1242 tunc
3142 1191 3455 1258 cognoscetis
3478 1192 3576 1262 quia
3594 1210 3747 1266 egosum

2306 1266 2484 1359 (Joan.
2506 1287 2623 1337 vui,
2659 1271 2772 1345 28).
2801 1295 2817 1325 ι
2853 1273 3135 1345 Quomodo
3168 1274 3292 1355 ergo
3320 1280 3408 1337 ista
3430 1264 3747 1359 solvituriqrr;

2304 1358 2404 1433 alio
2426 1359 2451 1411 ?
2473 1359 2707 1415 Audiunl
2741 1381 2843 1418 non
2879 1383 3018 1434 oves,
3039 1377 3087 1435 et
3117 1386 3224 1424 non
3247 1368 3448 1443 audiunt
3472 1391 3581 1440 ores,
3603 1358 3749 1449 εειιιιυι-

2302 1458 2394 1501 tur
2424 1466 2593 1505 vocem
2628 1472 2646 1504 ι
2702 1454 2935 1524 pastoris
2979 1458 3197 1526 quidam
3246 1459 3368 1532 lupi,
3417 1474 3463 1517 et
3499 1467 3564 1519 eis
3591 1466 3749 1536 quadam

2304 1543 2681 1598 contradicunt
2746 1561 2911 1613 oves;
2966 1559 3242 1619 postremo
3312 1561 3551 1625 pastorem
3588 1557 3749 1612 occidunt

2304 1646 2453 1688 oves.
2504 1632 2609 1689 Sed
2659 1640 2874 1708 quando
2921 1657 3025 1696 non
3078 1642 3400 1715 audiebant,
3450 1663 3558 1703 oves
3600 1652 3749 1705 nondum

2306 1734 2505 1834 erant;
2540 1742 2637 1783 vox
2689 1730 2869 1834 audit‘a
2922 1748 3016 1789 eos
3068 1736 3313 1804 mutavit,
3359 1747 3409 1793 et
3457 1755 3512 1795 ex
3543 1738 3650 1811 lupis
3675 1757 3752 1797 ous

2371 1907 2525 1965 Libet
2549 1911 2599 1969 in
2634 1914 2737 1968 [ine
2770 1926 3078 1985 sanctorum
3111 1919 3328 1975 Patrum
3358 1938 3508 1994 pauca
3549 1923 3665 1979 verba
3683 1925 3754 1979 sub

2292 2000 2538 2073 iungere,
2570 2022 2729 2075 quam
2757 2010 3079 2066 mirabiliter
3125 2022 3179 2067 et
3210 2014 3426 2070 dulciter
3460 2017 3683 2087 praedicent
3714 2017 3752 2070 de

2301 2096 2557 2165 mysterio
2587 2098 2968 2170 redemptionis
2992 2102 3193 2162 Chriin
3227 2124 3237 2157 :
3272 2106 3333 2161 de
3370 2107 3524 2162 salute
3545 2109 3663 2163 etiam
3682 2109 3750 2163 illo-

2298 2201 2415 2238 rum
2440 2186 2728 2255 juslorutu,
2776 2190 2873 2265 'q’ui
2899 2191 3117 2249 fuerunt
3161 2207 3287 2252 ante
3328 2198 3575 2253 adventum
3612 2197 3749 2263 Christi,

2294 2286 2349 2331 et
2376 2278 2629 2349 deinceps
2656 2283 2896 2337 omnium
2943 2285 3177 2341 fidelium
3209 2290 3297 2358 qui
3325 2270 3436 2358 ejus
3481 2290 3617 2362 gratia
3647 2290 3750 2358 qlioli

2294 2367 2379 2423 die
2430 2371 2766 2426 redimuntur
2805 2382 2964 2445 atque
3011 2377 3308 2434 salvantur.
3348 2379 3523 2445 Beatus
3543 2378 3752 2434 Ambrosius

2293 2460 2359 2513 de
2387 2461 2502 2529 ipso
2532 2454 2759 2517 Domino
2786 2463 2914 2519 Jesu
2944 2466 3182 2533 Christo,
3236 2472 3323 2542 qui
3361 2479 3437 2526 est
3458 2450 3461 2455 ‘
3485 2490 3501 2520 ι
3532 2467 3749 2543 Αεηιιεῧθὶς

2289 2558 2342 2604 et
2383 2550 2518 2605 tollit
2554 2564 2836 2622 peccatum
2871 2557 3053 2612 mundi
3099 2556 3284 2629 (Ioan.
3316 2577 3354 2627 ι,
3380 2560 3484 2632 29),
3520 2580 3533 2612 ι
3580 2558 3752 2629 quomodo

2292 2655 2320 2692 a
2349 2649 2499 2696 certo
2523 2650 2575 2695 et
2605 2644 2987 2712 prmdestinato
3035 2662 3263 2704 numero
3290 2651 3377 2720 qui
3416 2650 3593 2720 possint
3615 2647 3662 2701 ad
3685 2646 3753 2717 ejus

2289 2744 2439 2785 esum
2470 2731 2720 2787 sufﬁcere
2758 2736 3088 2803 comedatur,
3124 2737 3201 2792 ita
3235 2740 3361 2795 dicit
3395 2756 3407 2793 :
3439 2739 3645 2813 [Sanguis
3661 2737 3754 2791 Chri-

2286 2821 2376 2885 sti,
2410 2819 2561 2890 cujus
2593 2823 2657 2876 ad
2689 2826 2915 2894 gratiam
2959 2826 3091 2883 nihil
3122 2831 3401 2897 minuitur,
3450 2831 3562 2885 nihil
3595 2828 3753 2899 adjungi-

2289 2919 2395 2966 tur.
2454 2911 2522 2966 Et
2550 2914 2595 2968 si
2641 2929 2834 2984 parum
2877 2933 3078 2983 sumas,
3131 2930 3187 2974 et
3240 2922 3286 2977 si
3341 2914 3597 2994 plurimum
3618 2914 3755 2973 haurias

2276 3004 2472 3059 eadem
2500 3003 2738 3075 perfecta
2785 3016 2870 3063 est
2901 3008 3154 3065 omnibus
3196 3027 3439 3067 mensura
3462 3007 3752 3080 redemptionis.

2284 3094 2488 3152 Pascha
2517 3113 2731 3171 quoque
2766 3098 3002 3167 Domini,
3054 3104 3158 3159 hoc
3205 3114 3291 3175 est
3322 3098 3539 3177 agnum,
3559 3105 3616 3158 ita
3642 3110 3757 3181 pauet

596 3219 616 3251 ι
650 3166 886 3271 Regem"
901 3175 1143 3252 vestrum
1190 3166 1553 3266 Eruciﬁgam?
1603 3195 2026 3265 responderunt:
2064 3192 2181 3249 Non
2210 3166 2256 3231 (ἶ
2289 3186 2493 3256 epulari
2536 3186 2798 3256 jubentur
2824 3232 2838 3256 ,
2897 3198 2955 3245 ut
2996 3172 3296 3249 secundum
3349 3166 3597 3249 numerum
3624 3176 3754 3261 animi

591 3289 852 3346 habemus
907 3302 1088 3359 regem
1143 3286 1244 3340 nisi
1304 3284 1572 3341 Cresarem
1608 3283 1790 3357 (Joan.
1856 3301 1968 3348 xu,
2006 3284 2115 3356 15).
2156 3304 2175 3337 ι

590 3385 773 3440 Donec
812 3382 864 3437 in
913 3394 1076 3437 cruce
1124 3379 1394 3437 exattatus
1441 3378 1772 3449 expanderet
1793 3392 2006 3443 manus,
2054 3384 2176 3431 tan-

589 3491 750 3548 quam
791 3474 992 3530 virtute
1036 3473 1306 3545 passionis
1332 3486 1443 3527 suae
1470 3471 1650 3529 omnia
1680 3478 1957 3525 tracturus
1990 3471 2055 3524 ad
2097 3483 2176 3535 se,

586 3562 751 3624 etiam
807 3567 981 3639 ipsum
1027 3584 1044 3617 ι
1079 3562 1335 3636 populum
1366 3580 1474 3620 non
1501 3564 1831 3627 credentem,
1883 3572 1938 3623 et
1968 3571 2181 3616 contra-

587 3659 854 3714 dicentem
884 3658 938 3712 in
976 3644 1222 3727 reliquiis
1265 3654 1538 3719 videlicet,
1565 3670 1686 3724 quae
1714 3670 1782 3708 ex
1820 3652 1911 3708 illo
1940 3666 2036 3723 per
2066 3652 2177 3707 ele—

584 3750 817 3805 ctionem
847 3747 1033 3821 gratiae
1060 3746 1223 3802 salvas
1249 3743 1409 3800 facta:
1438 3753 1564 3800 sunt
1590 3743 1762 3817 (Rom.
1799 3759 1878 3810 xi,
1901 3742 1976 3814 5).
2014 3764 2029 3795 ι
2064 3743 2177 3800 Hoc

586 3841 662 3895 ita
703 3840 941 3895 futurum
969 3839 1084 3911 ipse
1147 3836 1510 3908 praedixerat,
1540 3838 1756 3907 quando
1814 3837 1879 3892 ad
1921 3853 2014 3892 eos
2051 3847 2177 3892 ante

585 3930 888 4000 passionem
918 3944 1093 3994 suam,
1142 3937 1399 3998 tanquam
1450 3948 1470 3980 ι
1510 3929 1577 3985 ad
1610 3928 1867 4000 pepulum
1916 3945 2020 3983 non
2048 3945 2175 3985 cre—

587 4020 802 4076 dentem
830 4027 886 4075 et
927 4020 1387 4075 contradicentem
1422 4040 1440 4071 ι
1488 4020 1739 4076 dicebat:
1800 4042 1816 4072 ι
1851 4020 1985 4077 Cum
2028 4016 2175 4076 exal-

585 4111 832 4168 taveritis
862 4109 1031 4165 ﬁlium
1062 4110 1316 4174 hominis,
1366 4117 1495 4164 tunc
1520 4114 1862 4181 cognoscetis
1915 4113 2041 4181 quia
2072 4126 2172 4182 ego

584 4218 707 4259 sum
751 4201 933 4275 (Joan.
966 4214 1084 4266 vm,
1133 4198 1248 4274 28).
1281 4219 1301 4252 ι
1347 4197 1465 4254 Non
1511 4201 1779 4256 credendo
1826 4212 2077 4271 namque,
2119 4209 2174 4256 et

584 4293 1006 4353 contradicendo
1051 4292 1117 4347 ad
1173 4292 1275 4348 hoc
1330 4302 1695 4362 pervenerunt
1750 4302 1807 4347 ut
1871 4293 2174 4349 exaltarent

586 4388 752 4443 tilium
786 4386 1023 4442 hominis
1051 4385 1105 4439 in
1144 4384 1289 4455 ligno
1320 4385 1534 4452 crucis;
1593 4393 1648 4439 et
1679 4394 1806 4441 tunc
1826 4388 2025 4455 virtute
2049 4403 2168 4458 pas-

582 4477 783 4541 sionis,
824 4483 881 4530 et
908 4474 1079 4546 gratia
1108 4472 1376 4529 orationis
1420 4472 1540 4543 ejus
1568 4471 1855 4528 illuminati
1902 4490 2169 4546 cognove-

582 4578 709 4624 runt
741 4583 887 4633 eum,
932 4578 1096 4637 quem
1122 4573 1280 4620 antea
1324 4581 1428 4620 non
1458 4573 1845 4635 cognoscentes
1874 4567 2165 4623 crucifixe—

582 4667 745 4713 rant:
790 4677 810 4710 ι
847 4652 906 4712 Si
938 4657 1085 4712 enim
1112 4656 1509 4725 cognovissent,
1558 4670 1829 4726 nunquam
1877 4657 2164 4714 Dominum

580 4750 765 4819 giorim
789 4746 1190 4804 erucilixlssent
1221 4745 1275 4817 (1
1295 4745 1417 4800 Cor.
1463 4760 1525 4812 ιι,
1554 4746 1630 4819 8).
1667 4767 1685 4797 ι

651 4838 808 4892 Hunc
828 4835 985 4893 nobis
1011 4848 1198 4890 verum
1237 4844 1291 4890 et
1332 4835 1656 4891 catholicum
1702 4852 1917 4892 sensum
1966 4840 2162 4895 beatis-

579 4930 750 4983 simus
788 4936 994 4999 martyr
1043 4924 1356 4997 Cyprianus
1392 4927 1443 4981 in
1490 4927 1625 4981 libro
1684 4929 1829 4997 quod
1896 4929 2036 4985 idola
2090 4931 2162 4985 dii

556 5035 687 5075 -ιιθιι
733 5020 865 5085 sint,
896 5018 1177 5089 diligenter
1206 5020 1462 5083 insinuat,
1514 5020 1700 5075 dicens
1728 5021 1793 5076 de
1834 5022 2040 5079 eisdem
2070 5022 2162 5078 Ju-

580 5112 730 5166 daris.
765 5106 907 5184 [Non
942 5110 1288 5183 intelligendo
1333 5113 1568 5181 primum
1594 5113 1796 5169 Christi
1847 5115 2157 5183 adventum,

550 5203 673 5274 ’(11
707 5202 761 5256 in
791 5203 1040 5272 passione
1069 5204 1346 5272 praecessit
1403 5203 1680 5269 occultus,
1736 5220 1899 5259 unum
1949 5214 2158 5262 tantum

550 5294 837 5360 credunt,
890 5295 981 5365 qui
1035 5295 1137 5349 erit
1192 5295 1245 5349 in
1284 5303 1552 5365 potestate
1603 5294 1942 5351 manifestus.
2006 5297 2160 5366 Quod

573 5400 756 5448 autem
780 5391 882 5449 hoc
909 5387 1212 5445 ludent-um
1252 5390 1477 5461 populus
1506 5387 1800 5454 intelliger»
1828 5402 1935 5443 non
1952 5392 2155 5459 potuit,

572 5482 889 5547 delictorum
943 5482 1194 5537 meritum
1251 5478 1366 5537 hit.
1427 5481 1517 5545 Sic.
1574 5489 1733 5533 erant
1784 5482 2061 5551 sapientiae
2102 5491 2157 5537 et

571 5572 938 5646 intelligentia:
978 5572 1223 5627 caecitate
1275 5572 1509 5635 multati,
1564 5580 1624 5625 ut
1668 5572 1759 5640 qni
1812 5571 1923 5625 vita
1948 5572 2153 5643 indigni

569 5674 772 5729 essent,
811 5666 1072 5720 haberent
1102 5665 1261 5719 vitam
1294 5671 1421 5715 ante
1459 5663 1643 5719 oculos
1668 5701 1680 5724 ,
1733 5676 1831 5715 nec
1861 5662 2152 5735 viderent.)

571 5757 832 5815 Similiter
892 5767 944 5811 et
1000 5758 1188 5811 beatus
1230 5755 1562 5825 Augustinus
1600 5757 1651 5808 in
1685 5752 2153 5822 cxplanationibus

2198 4521 2247 4581 D

2285 3295 2404 3334 rum
2455 3282 2743 3351 epulentur
2790 3298 3029 3350 suarum,
3064 3301 3244 3358 neque
3269 3286 3447 3359 plures
3468 3329 3480 3353 ,
3515 3298 3652 3355 neque
3679 3298 3756 3356 pau-

2284 3372 2465 3428 ciores
2492 3392 2504 3439 ;
2539 3390 2715 3447 neque
2737 3377 3003 3448 aliis-plus
3033 3378 3173 3447 dari,
3219 3378 3340 3435 aliis
3361 3381 3524 3435 minus
3556 3376 3751 3443 secundum

2284 3466 2494 3524 animas
2544 3469 2923 3540 singulorum;
2978 3487 3046 3526 ne
3082 3483 3177 3527 aut
3225 3470 3469 3530 fortiores
3511 3471 3753 3541 amplinssu-

2282 3566 2463 3623 mant,
2494 3567 2587 3612 aut
2617 3559 2949 3616 inﬁrmiores
2991 3562 3192 3617 minus.
3228 3560 3413 3619 Gratia
3457 3561 3579 3617 enim
3613 3555 3752 3628 aqualis

2279 3647 2505 3718 singulis
2534 3649 2811 3716 dividitur,
2849 3650 3152 3722 redemptio
3187 3654 3460 3718 dividitur,
3502 3654 3656 3708 donum
3674 3645 3752 3701 diui

2276 3737 2441 3793 ditur.
2466 3738 2650 3810 Neque
2679 3741 2864 3812 plures
2887 3752 3099 3813 oportet
3126 3759 3268 3810 esse,
3296 3762 3361 3800 ne
3383 3746 3494 3814 quis
3521 3755 3672 3796 vacuus

2278 3841 2332 3883 et
2358 3830 2743 3902 redemptionis
2786 3834 3019 3888 recedat.
3067 3834 3261 3892 Plures
3293 3845 3416 3893 sunt
3437 3835 3618 3909 quando
3654 3826 3754 3896 armi

2276 3929 2427 3976 extra
2456 3936 2738 3978 numerum
2764 3934 2889 3979 sunt
2919 3941 2931 3978 :
2970 3925 3209 3983 «Sancti
3247 3938 3422 3984 autem
3449 3923 3664 3983 numerati
3679 3925 3754 3971 sunt

2275 4026 2482 4077 omnes,
2533 4022 2587 4067 et
2626 4014 2805 4085 capilli
2853 4028 3042 4071 eorum
3092 4017 3315 4089 (Matth.
3346 4035 3397 4085 ι,
3441 4017 3539 4090 50).
3582 4008 3754 4086 Cognovit

2273 4104 2417 4158 enim
2458 4105 2716 4161 Dominus
2750 4108 2843 4178 qui
2874 4118 2999 4163 sunt
3052 4110 3225 4179 ipsius
3283 4110 3369 4182 (11
3396 4110 3519 4165 Tim.
3559 4124 3609 4169 ιι,
3646 4105 3750 4173 iﬁiJ

2276 4195 2456 4267 Neqma
2500 4200 2799 4267 pauciores,
2857 4215 2927 4255 ne
2972 4200 3094 4272 quis
3126 4203 3514 4275 magnitudines
3554 4197 3689 4271 gratia,
3714 4191 3754 4245 sit

2275 4293 2340 4346 ad
2403 4293 2768 4363 recipiendum
2819 4293 3100 4350 inﬁrmior.
3166 4296 3237 4351 Et
3282 4294 3612 4351 ideoomnes
3646 4299 3757 4353 tam

2274 4385 2475 4440 litatem
2504 4385 2803 4440 devotionis
2832 4393 2890 4445 et
2912 4385 3046 4443 ﬁdei
3094 4386 3309 4444 deferre
3358 4382 3585 4457 praecepit
3625 4379 3662 4432 in
3695 4373 3753 4427 P1-

2273 4475 2446 4549 scha.]
2858 4476 2867 4485 '
2958 4478 2967 4487 ‘
3184 4482 3189 4487 ‘

2345 4571 2421 4625 De
2446 4571 2544 4624 hac
2590 4586 2665 4632 re,
2702 4570 2753 4624 id
2793 4579 2877 4639 est
2905 4568 3278 4641 redemptione
3316 4566 3571 4640 sanguinis
3603 4556 3753 4617 Christi.

2272 4662 2433 4717 etiam
2465 4660 2654 4735 beatus
2678 4658 2786 4716 Leo
2809 4661 2881 4714 ita
2903 4660 3056 4715 docet
3085 4679 3097 4712 :
3154 4660 3386 4733 [Effusio
3407 4660 3537 4737 enim
3576 4669 3650 4729 pm
3671 4646 3755 4715 ίηὶυ·

2271 4753 2369 4807 stis
2406 4751 2686 4821 sanguinis
2714 4748 2851 4805 Justi
2884 4761 2991 4805 tam
3034 4760 3229 4819 potens
3255 4751 3357 4804 fuit
3382 4750 3447 4803 ad
3489 4740 3752 4818 privilegium.

2270 4854 2376 4899 tam
2400 4843 2550 4897 dives
2572 4842 2636 4897 ad
2666 4840 2920 4912 pretium,
2949 4854 3009 4897 ut
3034 4843 3076 4897 si
3100 4843 3427 4897 universitas
3446 4838 3709 4910 captivorum
3724 4829 3755 4879 in

2269 4935 2681 5006 Iiedemptorem
2713 4952 2869 4992 suum
2897 4939 3160 4997 crederet,
3188 4937 3394 4990 nullum
3427 4929 3661 5004 tyrannica
3680 4920 3753 4973 τὶηο

2270 5027 2386 5082 cula
2436 5020 2780 5101 retinerent.]
2831 5026 2896 5083 Et
2939 5028 3174 5099 iterum:
3237 5020 3339 5101 [Ita
3393 5025 3618 5081 Dominus
3655 5013 3755 5068 issu!

2267 5120 2513 5177 Christus
2556 5122 2790 5176 luunano
2851 5124 3033 5191 generi
3084 5136 3179 5178 sua
3233 5130 3406 5177 morte
3453 5110 3684 5173 consuluit,
3719 5108 3754 5152 ιιι

2267 5221 2660 5269 sacramentum
2688 5212 2876 5268 salutis
2902 5202 3061 5269 etiam
3106 5216 3239 5285 ipsis
3274 5205 3662 5287 persecutoribus
3687 5209 3755 5251 ιιοη

2268 5312 2504 5375 negaret.
2565 5300 2665 5369 Qui
2716 5304 2861 5357 enim
2909 5311 3131 5359 venerat
3175 5302 3448 5358 universis
3494 5287 3754 5383 credentibe

2265 5394 2444 5448 omnia
2497 5405 2713 5462 peccata
2772 5393 3086 5459 dimittere,
3139 5409 3166 5446 a
3212 5391 3446 5463 generali
3504 5381 3755 5452 indulgentia

2260 5498 2357 5537 nec
2389 5482 2670 5538 Iudaicum
2698 5483 2866 5538 voluit
2893 5468 3100 5539 crinitae
3140 5477 3475 5551 excindere]
3509 5476 3566 5530 Et
3590 5472 3753 5525 iterm:

2260 5572 2421 5645 [Quid
2440 5572 2584 5626 enim
2609 5572 2750 5626 aliud
2787 5573 2899 5643 egit
2928 5586 3070 5627 crux
3097 5571 3335 5635 Christi,
3354 5580 3510 5639 quam
3537 5571 3587 5619 ut
3601 5560 3754 5615 δοθῑη·

2257 5666 2357 5719 etis
2406 5664 2701 5718 inimicitiis
2734 5664 3114 5720 reconcilietur
3160 5664 3395 5717 mundus
3440 5660 3569 5719 Deo.
3616 5658 3660 5702 ει
3692 5655 3749 5710 ρει

2244 5755 2579 5809 sacrificium
2622 5754 2952 5810 immaculati
2986 5755 3104 5823 agni
3138 5754 3190 5805 in
3221 5768 3404 5807 veram
3431 5758 3596 5820 pacem
3618 5753 3669 5794 ειι
3736 5744 3753 5778 ί
