3966 6334
232 253 362 311 H33

1194 245 1280 300 DE
1318 240 1637 298 TENENDA
1677 235 2091 294 SCRIPTURE
2121 235 2489 292 VERITATE.

3332 228 3469 284 1154

237 361 591 435 revocentur.]
637 362 876 432 Itemque
936 360 1060 416 alihi
1091 400 1103 415 .
1156 358 1513 432 [inferebatur
1575 353 1721 408 enim
1772 366 1802 403 a
1831 355 1882 410 Α
1912 346 2016 418 15).
2049 346 2095 419 ι]
2128 347 2257 401 Item
2293 347 2346 400 in
2376 341 2690 399 tractatibus
2730 341 2782 394 in
2802 338 3063 394 Joannem
3092 336 3473 407 evangelistam

238 457 459 539 [ﬂgitio
480 470 578 539 pro
608 452 780 509 salute
819 449 1002 529 mundi
1046 450 1220 505 hostia
1254 447 1556 519 singularis,
1582 452 1638 500 et
1659 442 1802 498 occi-

238 524 459 606 £3121»;
480 524 612 616 “agni
642 556 738 614 per
763 528 841 598 tot
878 539 1072 597 Stecula
1104 538 1390 610 praedicata
1429 532 1803 606 promissionis

240 638 372 694 ﬁlios
406 638 459 692 in
480 635 782 690 libertatem
806 632 929 688 ﬁdei
959 630 1332 687 transferebat.
1370 628 1806 686 Conﬁrmabatur

238 744 446 804 quoque
488 727 891 783 Testamentum
927 724 1154 791 Novum,
1195 734 1250 779 et
1293 722 1492 780 Christi
1545 723 1806 794 sanguine
1842 744 1851 751 -

236 820 420 879 πιθηιί
466 818 618 891 regni
666 817 1044 875 scribebantur
1090 814 1353 871 hteredcs.
1404 813 1808 886 lngrediebatur

238 925 478 968 summus
500 909 740 981 pontifex
771 907 971 964 Sancta
1019 915 1348 971 sanctorum,
1378 914 1435 961 et
1480 908 1551 961 ad
1574 918 1807 967 exorari»

238 1004 363 1059 dum
408 1002 691 1058 Dominum
741 999 1119 1056 immaculatus
1166 997 1423 1053 sacerdos
1474 1002 1575 1065 per
1630 996 1807 1051 velum

238 1116 346 1156 sua:
398 1099 580 1155 carnis
652 1096 932 1170 intrabat.]
986 1097 1053 1151 Et
1100 1095 1204 1152 alio
1255 1095 1419 1150 loco:
1479 1089 1809 1166 [lncaruatio

236 1192 428 1262 quippe
464 1190 635 1256 verbi,
668 1198 722 1245 et
764 1189 967 1245 occisio
1004 1204 1069 1243 ac
1096 1185 1426 1242 resurrectio
1446 1182 1648 1240 Christi
1694 1181 1811 1236 uni-

237 1298 513 1338 versorum
550 1282 784 1337 ﬁdelium
827 1280 971 1335 salus
1004 1278 1144 1334 facta
1175 1287 1291 1343 est;
1323 1285 1379 1332 et
1403 1275 1624 1345 sanguis
1651 1273 1812 1328 unius

228 1371 378 1442 justi,
426 1373 569 1443 quod
602 1372 757 1429 nobis
802 1371 1039 1443 donavit,
1072 1370 1164 1439 qui
1196 1383 1318 1423 eum
1354 1383 1451 1441 pro
1501 1364 1811 1439 reconcilia-

238 1463 380 1516 tione
408 1463 594 1517 mundi
620 1462 888 1518 credimus
914 1462 1112 1525 ﬁmum,
1144 1460 1249 1514 hoc
1287 1458 1513 1514 contulit
1543 1454 1807 1526 patribus,

235 1553 323 1623 qui
349 1553 600 1610 similiter
627 1553 970 1609 crediderunt
991 1547 1367 1621 fundendum]

306 1645 507 1701 Beatus
533 1647 694 1701 etiam
721 1645 1081 1717 Hieronymus
1108 1645 1162 1699 in
1189 1643 1524 1714 expositione
1558 1639 1813 1712 Epistula:

1902 437 2108 510 (Tract.
2134 437 2224 510 48)
2256 456 2268 491 :
2293 437 2343 510 [ι
2371 437 2574 502 Estote,
2610 434 2805 504 inquit,
2829 447 2976 486 oves.
3002 450 3021 482 ι
3048 429 3188 486 Oves
3206 432 3478 489 credendo

1902 535 2027 584 sunt
2050 542 2213 601 oves;
2238 535 2511 597 pastorem
2530 523 2803 595 sequendo
2821 529 2947 577 sunt
2966 534 3096 576 oves
3113 528 3131 587 ξ
3149 519 3490 592 ιιθὰυηψῑθσδ

1904 637 2019 677 rem
2066 638 2172 677 non
2214 622 2608 679 contemnendo
2648 628 2772 675 sunt
2817 633 2980 684 oves;
3011 633 3109 689 per
3145 618 3344 673 ostium
3391 619 3478 673 in-

1907 711 2098 766 trando
2143 718 2271 767 sunt
2310 727 2469 777 oves;
2501 711 2763 771 exeundo,
2809 719 2865 766 et
2911 725 3110 779 pascua
3161 710 3481 766 inveniendo

1906 812 2032 859 sunt
2054 818 2203 859 oves.
2233 803 2510 881 Quomodo
2545 818 2673 874 ergo
2716 801 2835 857 istis
2871 802 3037 857 dixit:
3068 821 3088 854 ι
3118 800 3234 856 Non
3261 802 3391 856 estis
3417 817 3485 856 ex

1894 876 2094 965 (ovibus
2132 894 2300 950 meis?
2330 876 2512 967 (lauit.
2544 911 2600 959 ιι,
2628 892 2746 964 26.)
2794 912 2813 945 ι
2850 892 2987 960 Quia
3031 892 3248 947 videbat
3296 906 3390 947 eos
3419 890 3486 945 ad

1909 976 2297 1056 semiiiternum
2322 987 2599 1041 interitum
2627 986 3056 1057 praedestinatos,
3085 1000 3191 1039 non
3218 985 3285 1038 ad
3321 984 3485 1038 vitam

1909 1090 2167 1149 aeternam
2187 1079 2269 1134 sui
2300 1078 2577 1150 sanguinis
2606 1078 2780 1148 pretio
2804 1073 3194 1148 comparatos.]
3217 1074 3349 1129 Item
3375 1075 3448 1129 ibi
3473 1092 3486 1127 :

1910 1167 2082 1243 [Tota
2105 1167 2191 1224 ilia
2218 1168 2333 1237 ejus
2354 1169 2557 1238 passio,
2589 1178 2774 1223 nostra
2801 1168 3051 1239 purgatio
3075 1184 3091 1222 :
3118 1176 3202 1222 est
3228 1182 3489 1237 passurus

2095 1264 2282 1329 exitia,
2308 1262 2571 1333 praemisit
2594 1262 2879 1331 obsequia,
2909 1276 3014 1316 non
3059 1260 3230 1317 solum
3270 1260 3351 1315 eis
3394 1274 3493 1328 pro

1910 1344 2107 1424 quibus
2148 1360 2266 1408 erat
2311 1352 2588 1429 subiturus
2622 1360 2884 1417 mortem,
2941 1350 3037 1406 sed
3078 1350 3241 1405 etiam
3277 1348 3353 1403 illi
3401 1349 3494 1418 qui

1912 1460 2035 1505 eum
2080 1442 2253 1503 fuerat
2297 1438 2594 1503 traditurus
2643 1436 2715 1500 ad
2761 1440 3036 1514 mortem]
3090 1441 3157 1495 Et
3211 1441 3318 1496 alio
3363 1439 3488 1497 loco

1915 1532 2116 1604 (Tract.
2143 1531 2233 1603 62)
2262 1549 2276 1585 :
2311 1530 2371 1606 [ι
2406 1531 2561 1600 Quod
2587 1532 2744 1597 facis,
2777 1531 2984 1602 inquit,
3009 1529 3096 1585 fac
3120 1530 3280 1585 citius
3309 1527 3493 1600 (Joan.

1916 1636 2047 1690 χιιι,
2065 1624 2180 1697 2η
2200 1644 2222 1679 ι
2249 1620 2367 1680 Νοιι
2390 1624 2649 1695 praecepit
2671 1622 2914 1689 facinus,
2954 1623 3046 1677 sed
3074 1620 3323 1691 praedixit
3348 1616 3498 1674 Iudae

235 1737 301 1792 ad
327 1736 570 1800 Galatas,
599 1753 722 1792 cum
754 1738 819 1792 de
847 1705 1050 1792 eisdem
1098 1705 1303 1791 sanctis
1330 1705 1644 1805 loqueretur
1668 1732 1814 1787 anti-

1922 1715 2140 1782 malum,
2167 1716 2322 1772 nobis
2346 1716 2566 1772 bonum.
2594 1715 2732 1783 Quid
2760 1714 2903 1769 enim
2927 1712 3077 1768 ludas
3104 1712 3278 1784 pejus,
3297 1721 3350 1766 et
3372 1712 3498 1780 quid

237 1827 392 1896 quis:
419 1826 643 1900 [Nemo,
666 1828 858 1897 inquit,
875 1828 1088 1883 illorum
1112 1828 1178 1882 de
1201 1826 1487 1882 maledicto
1510 1826 1816 1896 quempiam

236 1917 489 1987 liberavit
513 1918 719 1989 absque
752 1918 867 1975 solo
908 1918 1139 1973 Domino
1162 1916 1290 1973 Jesu
1315 1916 1553 1981 Christo,
1578 1916 1669 1985 qui
1698 1930 1820 1986 pre-

237 2007 377 2063 tioso
407 2009 670 2081 sanguine
711 2025 839 2073 suo,
869 2017 925 2065 et
956 2025 1057 2066 nos
1088 2024 1295 2077 omnes,
1326 2017 1381 2063 et
1409 2009 1553 2079 ipsos
1582 2008 1817 2080 Moysem

237 2098 358 2153 dico
388 2106 445 2153 et
471 2099 672 2164 Aaron,
705 2102 1102 2172 prophetasque
1142 2108 1367 2155 cunctos
1397 2109 1452 2155 et
1476 2100 1820 2171 patriarchas

236 2179 303 2267 de
339 2188 633 2247 maledicto
664 2190 799 2265 legis
838 2190 1083 2248 redemit.
1122 2189 1233 2247 Nec
1267 2192 1370 2246 hoc
1398 2207 1520 2246 meo
1553 2206 1714 2247 sensu
1740 2191 1824 2245 di-

235 2290 384 2339 stum
426 2281 661 2353 putetis;
693 2280 975 2352 Scriptura
1010 2284 1169 2339 testis
1195 2290 1309 2347 est,
1352 2281 1480 2351 quia
1516 2300 1534 2333 ι
1573 2279 1821 2336 Christus

237 2375 414 2447 gratia
436 2374 533 2430 Dei
554 2389 650 2445 pro
671 2376 919 2431 omnibus
936 2382 1178 2429 mortuus
1200 2382 1282 2429 est
1304 2369 1390 2446 (ΙΙ
1414 2372 1536 2428 Cor.
1559 2389 1612 2441 v,
1638 2372 1754 2446 l5);
1796 2392 1815 2426 ι

236 2466 285 2523 si
309 2477 491 2523 autem
516 2482 615 2547 pro
636 2467 904 2532 oumibus,
926 2473 978 2521 et
1004 2482 1103 2545 pro
1124 2466 1325 2539 Moyse,
1351 2474 1405 2523 ct
1430 2483 1531 2538 pro
1553 2466 1825 2522 universis

238 2558 536 2630 prophetis.
567 2558 612 2613 Ε
639 2557 1047 2628 quibusnuiius
1069 2558 1244 2628 potuit
1264 2557 1446 2614 delere
1475 2576 1493 2609 ι
1534 2557 1824 2628 Chirogra-

239 2650 406 2720 phum
444 2658 620 2714 vetus,
646 2650 788 2719 quod
832 2650 1116 2704 adversum
1158 2664 1256 2704 nos
1296 2649 1557 2718 scriptum
1590 2656 1731 2713 erat,
1770 2658 1824 2703 et

240 2740 461 2817 afﬁgere
506 2741 633 2797 illud
684 2740 852 2796 cruci.
902 2739 1101 2797 Omnes
1140 2741 1282 2797 enim
1328 2749 1723 2815 peccaverunt,
1771 2748 1828 2797 et

242 2842 403 2905 egent
446 2832 615 2904 gloria
664 2832 757 2893 Dei
801 2829 937 2904 (Col.
964 2818 1063 2898 hu;
1094 2831 1245 2888 Rom.
1280 2831 1387 2902 ut).
1441 2851 1460 2885 ι
1501 2832 1632 2891 item
1683 2832 1825 2887 idem

242 2926 436 2980 doctor
466 2938 742 2993 exponens
782 2923 913 2977 illud
948 2924 1091 2993 quod
1120 2938 1216 2994 per
1256 2925 1573 2995 prophetam
1611 2924 1678 2979 de
1718 2922 1824 2977 Do.

1922 1809 2077 1865 nobis
2103 1809 2296 1866 melius
2322 1824 2484 1881 quam
2530 1808 2761 1864 traditus
2794 1806 3063 1871 Christus,
3095 1806 3162 1859 ab
3194 1803 3285 1859 illo
3311 1811 3501 1859 contra

1922 1903 2095 1971 illum,
2124 1918 2225 1976 pro
2253 1903 2409 1959 nobis
2434 1911 2632 1973 praeter
2656 1898 2853 1972 illum]
2880 1899 2947 1955 Et
2976 1898 3083 1953 alio
3111 1896 3264 1953 loco:
3299 1895 3505 1968 [Quan-

1925 2004 2038 2048 tum
2068 1993 2190 2058 sibi,
2217 1993 2411 2063 inquit,
2443 1999 2814 2062 assumpserat
2848 1989 3042 2045 Petrus
3090 1989 3350 2042 intuendo
3376 1986 3504 2053 quid

1923 2093 2106 2156 posset
2132 2103 2144 2137 :
2176 2091 2440 2155 quantum
2462 2082 2564 2138 sibi
2596 2088 2992 2151 assumpserat,
3026 2086 3085 2132 ut
3109 2092 3234 2132 cum
3267 2094 3287 2128 ι
3320 2075 3506 2131 Domi-

1924 2167 2027 2243 nus
2051 2175 2290 2233 venisset
2323 2175 2560 2229 animam
2608 2186 2762 2228 suam
2802 2183 3006 2242 ponere
3031 2183 3130 2241 pro
3159 2166 3349 2225 amicis
3395 2166 3510 2223 suis

1924 2264 2108 2337 (Joan.
2140 2281 2259 2331 ιιιιι,
2286 2264 2431 2336 5Ἱ),ι
2458 2279 2523 2321 ac
2542 2277 2639 2334 per
2660 2263 2764 2320 hoc
2786 2269 2841 2319 et
2867 2274 2971 2331 pro
2993 2260 3128 2330 ipso,
3158 2258 3249 2317 ille
3274 2259 3378 2317 hoc
3408 2258 3512 2312 Do-

1924 2357 2077 2412 mino
2095 2354 2291 2411 offerre
2311 2353 2629 2419 conﬁderet,
2665 2360 2737 2407 et.
2759 2365 2867 2406 non
2893 2364 2993 2420 pro
3036 2365 3095 2405 se
3127 2349 3301 2419 posita
3327 2347 3511 2401 anima

1924 2446 2149 2512 Christi,
2181 2446 2421 2501 animam
2463 2460 2617 2501 suam
2661 2442 3010 2514 polliceretur
3058 2442 3367 2521 positurum
3409 2454 3509 2511 pro

1926 2534 2191 2608 Christo.)
2222 2535 2289 2591 Et
2314 2535 2445 2601 alibi
2475 2553 2489 2591 :
2521 2533 2791 2607 [Christus
2819 2532 3079 2598 salvator,
3115 2531 3265 2602 quod
3293 2537 3381 2595 est
3406 2545 3509 2586 no-

1929 2642 2052 2682 men
2080 2626 2220 2698 ejus,
2252 2624 2499 2682 ﬁdelibus
2525 2625 2645 2697 ejus
2685 2642 2701 2679 :
2727 2633 2811 2680 est
2837 2623 3036 2694 quippe
3072 2621 3253 2694 impiis
3278 2631 3335 2678 et
3360 2622 3514 2680 dam-

1929 2726 2088 2775 nator
2112 2717 2204 2789 qui
2237 2714 2488 2789 dignatur
2522 2710 2770 2769 ﬁdelibus
2794 2726 2914 2768 esse
2939 2710 3235 2784 salvam-.1

2000 2811 2197 2866 Beatus
2228 2811 2456 2865 antistes
2488 2815 2545 2865 et
2577 2814 2783 2879 martyr
2828 2804 3131 2879 Cyprianus
3177 2804 3237 2861 in
3275 2800 3413 2861 libro
3444 2802 3513 2859 de

1929 2901 2113 2957 Laude
2154 2899 2403 2972 martyrii
2445 2908 2501 2955 et
2547 2906 2868 2970 martyrum,
2901 2896 3199 2954 ostendens
3242 2910 3281 2950 at
3324 2892 3514 2951 mundi

244 3015 393 3083 mino
438 2986 639 3070 dictum
694 3025 823 3070 est:
867 3033 886 3067 ι
942 2986 1047 3070 lste
1099 2986 1577 3088 asper-geugentes
1629 3016 1827 3073 multas
1858 3062 1904 3088 η
1934 2993 2090 3048 inm"
2117 2991 2526 3088 Ρηάθδίίξὶθιοε
2567 2988 2659 3060 qui
2684 2986 3217 3088 ,(ξιι-τίετίλλέθυειξίηθ
3257 2998 3517 3088 εθρθταεξ-

244 3080 391 3177 (Isa.
416 3121 511 3170 LII,
541 3104 651 3177 15),
682 3125 701 3158 ι
747 3105 1030 3173 mundatis,
1060 3062 1379 3176 inquitfeas
1390 3062 1680 3176 “sanguine
1708 3122 1829 3173 suo,
1857 3062 1905 3129 ϐ
1936 3097 2124 3145 rem“
2148 3094 2205 3143 θί
2222 3086 2652 3177 ωυηάἓτθηιυτε
2684 3079 2752 3159 [ο
2776 3072 2938 3177 licini.
2965 3080 3159 3177 inquit.
3187 3093 3323 3150 quos
3350 3094 3382 3133 a
3409 3078 3517 3148 pri-

245 3207 302 3254 et
329 3199 391 3268 io
413 3198 739 3267 baptismate
774 3198 869 3252 Dei
908 3212 1231 3253 consecrans
1271 3199 1565 3272 servituti.)
1602 3200 1733 3259 Item
1772 3200 1828 3254 in

246 3288 666 3365 Commentariis
696 3288 968 3359 Evangelii
1011 3291 1303 3346 secundum
1350 3288 1658 3345 Matthaaurn
1707 3306 1830 3347 cum

249 3374 417 3437 verba
446 3378 657 3436 Domini
695 3389 989 3455 exponeret
1011 3380 1271 3437 dicentis:
1303 3401 1320 3432 ι
1356 3380 1508 3438 Sicut
1538 3381 1705 3438 Filius
1728 3383 1830 3438 bo-

249 3473 414 3531 minis
456 3488 563 3529 non
593 3474 744 3529 venit
777 3475 1108 3539 ministrari,
1139 3475 1233 3530 sed
1260 3476 1594 3541 ministrare,
1620 3486 1677 3531 et
1705 3478 1834 3532 dare

250 3563 488 3618 animam
515 3577 667 3618 suam
694 3565 1115 3634 redemptionem
1155 3580 1255 3634 pro
1280 3564 1463 3619 multis
1493 3563 1708 3636 (Matth.
1739 3580 1830 3630 xx,

251 3652 362 3729 l8).
396 3672 413 3704 ι
447 3650 593 3725 [Non
620 3654 777 3720 dixit,
805 3654 1001 3724 inquit,
1023 3656 1153 3711 dare
1177 3655 1413 3710 animam
1443 3671 1596 3717 suam
1624 3657 1835 3713 redem-

252 3743 493 3814 ptionem
518 3758 618 3813 pro
646 3744 914 3809 omnibus,
945 3745 1039 3800 sed
1068 3759 1165 3813 pro
1195 3743 1399 3811 multis,
1429 3746 1483 3800 id
1510 3755 1592 3801 est
1617 3761 1717 3816 pro
1749 3748 1836 3802 his

252 3835 349 3905 qui
378 3836 600 3891 credere
633 3835 949 3909 ναυαγίαι]

322 3928 457 3983 Item
482 3931 673 3984 beatus
693 3929 1023 4000 Augustinus
1052 3930 1106 3985 in
1136 3930 1270 3985 libro
1300 3931 1365 3987 de
1395 3929 1597 3987 Natura
1625 3941 1680 3987 et
1707 3948 1832 4004 gra-

256 4019 331 4073 tia
359 4035 372 4073 :
399 4018 445 4091 [i
472 4019 569 4085 Ea,
592 4020 787 4091 inquit,
814 4020 943 4077 ﬁdes
965 4020 1141 4088 justos
1169 4023 1379 4077 sanavit
1410 4024 1839 4094 διῃὶριιφβναιιε

256 4118 416 4166 sanat
439 4120 494 4165 et
521 4126 637 4177 nos,
664 4111 716 4165 id
748 4121 832 4167 est
870 4113 1180 4168 mediatoris
1209 4114 1303 4170 Dei
1336 4125 1389 4169 et
1422 4116 1701 4170 hominum
1736 4118 1836 4173 ho-

257 4200 423 4256 minis
463 4199 665 4256 Christi
711 4200 837 4257 Jesu
869 4202 917 4274 (I
951 4202 1085 4257 Tim.
1115 4214 1177 4269 tt,
1204 4204 1278 4275 5),
1321 4210 1359 4257 ι’
1384 4206 1517 4261 ﬁdes
1564 4207 1839 4278 sanguinis

256 4295 395 4363 ejus,
422 4295 552 4351 ﬁdes
578 4297 757 4351 crucis
777 4297 916 4368 ejus,
946 4297 1079 4353 ﬁdes
1116 4300 1311 4383 mortis
1332 4309 1393 4377 et
1424 4302 1838 4381 resurrgipnis

1932 3179 2146 3237 monia
2172 3177 2361 3239 mundi
2384 3176 2600 3239 Domini
2626 3174 2851 3246 sanguis
2899 3172 3116 3235 infecit,
3160 3177 3213 3229 et
3238 3182 3376 3240 quos
3405 3180 3517 3222 me-

1931 3272 2039 3327 rito
2063 3270 2318 3342 splendor
2342 3270 2445 3326 iste
2479 3267 2629 3323 nivei
2671 3265 2903 3320 amictus
2943 3263 3179 3318 induerit
3218 3268 3273 3315 et
3316 3258 3520 3315 candor

1932 3362 2084 3420 stola
2108 3360 2397 3419 ambientis
2421 3356 2681 3433 ornarit.]
2712 3355 2845 3410 [tem
2877 3354 2933 3407 in
2958 3353 3097 3407 libro
3127 3353 3193 3406 ad
3221 3348 3519 3417 Demetria-

1933 3468 2064 3510 nun.
2088 3469 2103 3504 :
2130 3449 2336 3523 [Hanc,
2374 3447 2573 3519 inquit,
2598 3444 2827 3517 gratiam
2851 3440 3101 3501 Christus
3128 3438 3389 3511 impertit,
3418 3438 3523 3495 hoc

1936 3555 2137 3597 munus
2162 3537 2555 3595 misericordias
2575 3549 2687 3591 sua
2716 3533 2924 3598 tribuit,
2951 3531 3249 3604 subigendo
3289 3538 3523 3585 mortem

1940 3648 2142 3709 tropmo
2162 3634 2364 3701 crucis,
2390 3631 2709 3689 redimendo
2735 3628 3041 3685 credentem
3072 3625 3249 3698 pretio
3277 3624 3360 3693 sui
3396 3639 3525 3681 san-

1935 3729 2115 3803 guinis
2138 3768 2154 3794 ,
2205 3718 2607 3795 reconciliando
2638 3721 2910 3793 hominem
2952 3719 3064 3775 Deo
3109 3717 3298 3791 Patri,
3352 3713 3525 3775 viviﬁ-

1937 3822 2112 3877 cando
2161 3818 2447 3887 mortalem
2500 3812 2910 3889 regeneratiohe
2962 3810 3174 3868 caelesti
3203 3827 3221 3876 ;
3251 3810 3431 3874 hunc,
3477 3807 3525 3863 si

1938 3913 2056 3968 ﬁeri
2081 3921 2281 3983 potest,
2313 3924 2609 3983 sequamur
2632 3922 2842 3972 omnes,
2873 3905 3033 3975 hujus
3071 3912 3433 3970 sacramento,
3466 3911 3522 3957 et

1939 4004 2095 4083 signo,
2132 4016 2473 4065 censeamur.
2515 3996 2617 4077 Hic
2657 3996 2815 4059 nobis
2858 3999 3000 4077 viam
3024 3997 3150 4059 vitae
3181 3992 3399 4071 aperit;
3434 3994 3524 4050 hic

1940 4095 2007 4148 ad
2031 4095 2339 4165 paradisum
2378 4096 2603 4149 reduces
2637 4090 2813 4158 facit;
2844 4091 2933 4145 hic
2958 4091 3023 4145 ad
3060 4089 3322 4145 coriorum
3356 4102 3520 4158 regna

1941 4187 2204 4258 perducit.
2236 4186 2372 4242 Cum
2409 4186 2530 4255 ipso
2560 4198 2775 4255 semper
2794 4184 3041 4239 vivemus
3068 4183 3197 4238 facti
3222 4196 3321 4251 per
3346 4183 3521 4251 ipsum

1943 4279 2043 4349 ﬁlii
2092 4276 2187 4334 Dei
2236 4296 2250 4332 :
2299 4292 2429 4335 cum
2478 4278 2595 4345 ipso
2645 4273 3041 4330 exsultabimus
3090 4287 3305 4343 semper
3356 4272 3524 4342 ipsius

257 4385 394 4455 ejus.
428 4404 444 4435 ι
480 4384 754 4440 Habentes
797 4360 928 4458 ergo
973 4403 1093 4443 eum
1137 4360 1386 4458 spiritum
1430 4360 1593 4458 ﬁdei,
1618 4360 1822 4450 vet/no:

1947 4385 2136 4427 cruore
2162 4364 2445 4439 reparati.]
2468 4360 2665 4420 Amen.

257 4476 550 4546 credimus,
592 4489 814 4552 propter
853 4482 994 4552 quod
1036 4487 1097 4541 et
1137 4481 1409 4553 hquimul'
1461 4483 1548 4560 6“
1589 4483 1711 4553 εἴθε.
1759 4502 1833 4561 Ε,
1880 4476 1915 4489 γι
