  <div class='ocr_page' id='page_1' title='image "/cluster/home/n/w/nwhite01/storage/ocr_20150623/121/hvd.32044015471642/573.png"; bbox 0 0 3966 6334; ppageno 0'>
   <div class='ocr_carea' id='block_1_1' title="bbox 1761 701 2602 748">
    <p class='ocr_par' dir='ltr' id='par_1_1' title="bbox 1761 701 2602 748">
     <span class='ocr_line' id='line_1_1' title="bbox 1761 701 2602 748; baseline -0.007 0"><span class='ocrx_word' id='word_1_1' title='bbox 1761 705 1930 748; x_wconf 78' lang='grc' dir='ltr'><strong>ΔΝΝΟ</strong></span> <span class='ocrx_word' id='word_1_2' title='bbox 1976 702 2200 748; x_wconf 78' lang='lat' dir='ltr'><strong>DOMINI</strong></span> <span class='ocrx_word' id='word_1_3' title='bbox 2243 701 2602 746; x_wconf 69' lang='lat' dir='ltr'><strong>DCCCLXXV.</strong></span> 
     </span>
    </p>
   </div>
   <div class='ocr_carea' id='block_1_2' title="bbox 1470 863 2925 1128">
    <p class='ocr_par' dir='ltr' id='par_1_2' title="bbox 1470 863 2925 1128">
     <span class='ocr_line' id='line_1_2' title="bbox 1470 863 2925 1128; baseline -0.006 -96"><span class='ocrx_word' id='word_1_4' title='bbox 1470 863 2925 1128; x_wconf 14' lang='lat' dir='ltr'><strong>VULFADUS‘</strong></span> 
     </span>
    </p>
   </div>
   <div class='ocr_carea' id='block_1_3' title="bbox 1699 1105 2624 1193">
    <p class='ocr_par' dir='ltr' id='par_1_3' title="bbox 1699 1105 2624 1193">
     <span class='ocr_line' id='line_1_3' title="bbox 1699 1105 2624 1193; baseline -0.001 -3"><span class='ocrx_word' id='word_1_5' title='bbox 1699 1135 2177 1192; x_wconf 69' lang='lat' dir='ltr'><strong>mrumcmvsrs</strong></span> <span class='ocrx_word' id='word_1_6' title='bbox 2227 1105 2624 1193; x_wconf 87' lang='lat' dir='ltr'><strong>EPlSCOPUS.</strong></span> 
     </span>
    </p>
   </div>
   <div class='ocr_carea' id='block_1_4' title="bbox 1219 1416 3124 1505">
    <p class='ocr_par' dir='ltr' id='par_1_4' title="bbox 1219 1416 3124 1505">
     <span class='ocr_line' id='line_1_4' title="bbox 1219 1416 3124 1505; baseline -0.006 0"><span class='ocrx_word' id='word_1_7' title='bbox 1219 1422 1657 1505; x_wconf 82' lang='lat' dir='ltr'><strong>NOTITIA</strong></span> <span class='ocrx_word' id='word_1_8' title='bbox 1714 1421 2271 1503; x_wconf 79' lang='lat' dir='ltr'><strong>HISTOBICA</strong></span> <span class='ocrx_word' id='word_1_9' title='bbox 2350 1421 2460 1502; x_wconf 90' lang='lat' dir='ltr'><strong>IN</strong></span> <span class='ocrx_word' id='word_1_10' title='bbox 2519 1416 3124 1500; x_wconf 81' lang='lat' dir='ltr'><strong>VULFADUM.</strong></span> 
     </span>
    </p>
   </div>
   <div class='ocr_carea' id='block_1_5' title="bbox 1833 1620 2492 1686">
    <p class='ocr_par' dir='ltr' id='par_1_5' title="bbox 1833 1620 2492 1686">
     <span class='ocr_line' id='line_1_5' title="bbox 1833 1620 2492 1686; baseline -0.005 -14"><span class='ocrx_word' id='word_1_11' title='bbox 1833 1621 1940 1686; x_wconf 84' lang='lat' dir='ltr'><strong>(Ex</strong></span> <span class='ocrx_word' id='word_1_12' title='bbox 1985 1621 2140 1674; x_wconf 78' lang='lat' dir='ltr'><strong>Gallia</strong></span> <span class='ocrx_word' id='word_1_13' title='bbox 2177 1620 2492 1681; x_wconf 77' lang='lat' dir='ltr'><strong>Christiana.)</strong></span> 
     </span>
    </p>
   </div>
   <div class='ocr_carea' id='block_1_6' title="bbox 599 1893 3728 1991">
    <p class='ocr_par' dir='ltr' id='par_1_6' title="bbox 599 1893 3728 1991">
     <span class='ocr_line' id='line_1_6' title="bbox 599 1893 3728 1991; baseline -0.001 -11"><span class='ocrx_word' id='word_1_14' title='bbox 599 1922 878 1980; x_wconf 62' lang='lat' dir='ltr'><strong>Vucranus</strong></span> <span class='ocrx_word' id='word_1_15' title='bbox 901 1919 1186 1990; x_wconf 83' lang='lat' dir='ltr'><strong>Rodulpho</strong></span> <span class='ocrx_word' id='word_1_16' title='bbox 1214 1893 1468 1976; x_wconf 81' lang='lat' dir='ltr'><strong>suti&#39;ectus</strong></span> <span class='ocrx_word' id='word_1_17' title='bbox 1493 1927 1597 1984; x_wconf 84' lang='lat' dir='ltr'><strong>est,</strong></span> <span class='ocrx_word' id='word_1_18' title='bbox 1617 1934 1760 1991; x_wconf 87' lang='lat' dir='ltr'><strong>anno</strong></span> <span class='ocrx_word' id='word_1_19' title='bbox 1795 1919 1919 1991; x_wconf 79' lang='lat'><strong>866,</strong></span> <span class='ocrx_word' id='word_1_20' title='bbox 1952 1937 1981 1974; x_wconf 91' lang='lat' dir='ltr'><strong>a</strong></span> <span class='ocrx_word' id='word_1_21' title='bbox 2013 1920 2114 1974; x_wconf 69' lang='grc' dir='ltr'><strong>(Σει-</strong></span> <span class='ocrx_word' id='word_1_22' title='bbox 2141 1924 2190 1982; x_wconf 81' lang='grc' dir='ltr'>Α</span> <span class='ocrx_word' id='word_1_23' title='bbox 2220 1920 2554 1975; x_wconf 87' lang='lat' dir='ltr'><strong>stitutionem</strong></span> <span class='ocrx_word' id='word_1_24' title='bbox 2586 1919 2826 1991; x_wconf 84' lang='lat' dir='ltr'><strong>pontilici</strong></span> <span class='ocrx_word' id='word_1_25' title='bbox 2851 1919 3235 1976; x_wconf 79' lang='lat' dir='ltr'><strong>reservandum</strong></span> <span class='ocrx_word' id='word_1_26' title='bbox 3260 1922 3398 1976; x_wconf 86' lang='lat' dir='ltr'><strong>fore.</strong></span> <span class='ocrx_word' id='word_1_27' title='bbox 3421 1919 3615 1976; x_wconf 85' lang='lat' dir='ltr'><strong>Interim</strong></span> <span class='ocrx_word' id='word_1_28' title='bbox 3642 1935 3728 1978; x_wconf 86' lang='lat' dir='ltr'><strong>cum</strong></span> 
     </span>
    </p>
   </div>
   <div class='ocr_carea' id='block_1_7' title="bbox 529 1989 2106 2064">
    <p class='ocr_par' dir='ltr' id='par_1_7' title="bbox 529 1989 2106 2064">
     <span class='ocr_line' id='line_1_7' title="bbox 529 1989 2106 2064; baseline -0.004 -14"><span class='ocrx_word' id='word_1_29' title='bbox 529 1996 642 2050; x_wconf 89' lang='lat' dir='ltr'><strong>rolo</strong></span> <span class='ocrx_word' id='word_1_30' title='bbox 684 1995 846 2049; x_wconf 88' lang='lat' dir='ltr'><strong>Calvo</strong></span> <span class='ocrx_word' id='word_1_31' title='bbox 891 1989 1248 2064; x_wconf 66' lang='lat' dir='ltr'><strong>imperatore,&quot;</strong></span> <span class='ocrx_word' id='word_1_32' title='bbox 1277 1991 1429 2064; x_wconf 84' lang='lat' dir='ltr'><strong>cujus</strong></span> <span class='ocrx_word' id='word_1_33' title='bbox 1477 1991 1645 2064; x_wconf 67' lang='lat' dir='ltr'><strong>tilium</strong></span> <span class='ocrx_word' id='word_1_34' title='bbox 1687 1989 2106 2064; x_wconf 70' lang='lat' dir='ltr'><strong>Qarlomannum</strong></span> 
     </span>
    </p>
   </div>
   <div class='ocr_carea' id='block_1_8' title="bbox 525 2059 2106 2131">
    <p class='ocr_par' dir='ltr' id='par_1_8' title="bbox 525 2059 2106 2131">
     <span class='ocr_line' id='line_1_8' title="bbox 525 2059 2106 2131; baseline -0.001 -15"><span class='ocrx_word' id='word_1_35' title='bbox 525 2067 870 2128; x_wconf 83' lang='lat' dir='ltr'><strong>educaverat,</strong></span> <span class='ocrx_word' id='word_1_36' title='bbox 900 2059 1150 2131; x_wconf 65' lang='lat' dir='ltr'><strong>ut&#39;patet</strong></span> <span class='ocrx_word' id='word_1_37' title='bbox 1195 2077 1260 2131; x_wconf 78' lang='lat' dir='ltr'><strong>ex</strong></span> <span class='ocrx_word' id='word_1_38' title='bbox 1306 2059 1530 2131; x_wconf 87' lang='lat' dir='ltr'><strong>epistola</strong></span> <span class='ocrx_word' id='word_1_39' title='bbox 1573 2059 1813 2128; x_wconf 83' lang='lat' dir='ltr'><strong>ejusdem</strong></span> <span class='ocrx_word' id='word_1_40' title='bbox 1859 2062 1998 2131; x_wconf 84' lang='lat' dir='ltr'><strong>regis</strong></span> <span class='ocrx_word' id='word_1_41' title='bbox 2040 2062 2106 2115; x_wconf 87' lang='lat' dir='ltr'><strong>ad</strong></span> 
     </span>
    </p>
   </div>
   <div class='ocr_carea' id='block_1_9' title="bbox 526 2130 2109 2204">
    <p class='ocr_par' dir='ltr' id='par_1_9' title="bbox 526 2130 2109 2204">
     <span class='ocr_line' id='line_1_9' title="bbox 526 2130 2109 2204; baseline -0.003 -15"><span class='ocrx_word' id='word_1_42' title='bbox 526 2134 806 2190; x_wconf 83' lang='lat' dir='ltr'><strong>Nicolaum</strong></span> <span class='ocrx_word' id='word_1_43' title='bbox 830 2130 1053 2204; x_wconf 86' lang='lat' dir='ltr'><strong>papam,</strong></span> <span class='ocrx_word' id='word_1_44' title='bbox 1091 2130 1250 2204; x_wconf 86' lang='lat' dir='ltr'><strong>paulo</strong></span> <span class='ocrx_word' id='word_1_45' title='bbox 1287 2130 1411 2204; x_wconf 71' lang='lat' dir='ltr'><strong>ante</strong></span> <span class='ocrx_word' id='word_1_46' title='bbox 1446 2132 1714 2204; x_wconf 67' lang='lat' dir='ltr'><strong>synodum</strong></span> <span class='ocrx_word' id='word_1_47' title='bbox 1747 2130 2109 2204; x_wconf 66' lang='lat' dir='ltr'><strong>Suessionen-</strong></span> 
     </span>
    </p>
   </div>
   <div class='ocr_carea' id='block_1_10' title="bbox 528 2201 2107 2273">
    <p class='ocr_par' dir='ltr' id='par_1_10' title="bbox 528 2201 2107 2273">
     <span class='ocr_line' id='line_1_10' title="bbox 528 2201 2107 2273; baseline -0.004 -13"><span class='ocrx_word' id='word_1_48' title='bbox 528 2221 642 2260; x_wconf 89' lang='lat' dir='ltr'><strong>sem</strong></span> <span class='ocrx_word' id='word_1_49' title='bbox 675 2201 894 2273; x_wconf 81' lang='lat' dir='ltr'><strong>scripta,</strong></span> <span class='ocrx_word' id='word_1_50' title='bbox 926 2217 1048 2273; x_wconf 89' lang='lat' dir='ltr'><strong>cum</strong></span> <span class='ocrx_word' id='word_1_51' title='bbox 1079 2202 1155 2255; x_wconf 95' lang='lat' dir='ltr'><strong>ait</strong></span> <span class='ocrx_word' id='word_1_52' title='bbox 1185 2219 1198 2254; x_wconf 93' lang='lat'><strong>:</strong></span> <span class='ocrx_word' id='word_1_53' title='bbox 1239 2221 1257 2251; x_wconf 83' lang='grc'><strong><em>‹</em></strong></span> <span class='ocrx_word' id='word_1_54' title='bbox 1289 2201 1570 2273; x_wconf 77' lang='lat' dir='ltr'><strong>Rodull‘us,</strong></span> <span class='ocrx_word' id='word_1_55' title='bbox 1616 2201 1971 2256; x_wconf 90' lang='lat' dir='ltr'><strong>Bituricensis</strong></span> <span class='ocrx_word' id='word_1_56' title='bbox 1993 2201 2107 2273; x_wconf 76' lang='lat' dir='ltr'><strong>Ec-</strong></span> 
     </span>
    </p>
   </div>
   <div class='ocr_carea' id='block_1_11' title="bbox 527 2270 2106 2342">
    <p class='ocr_par' dir='ltr' id='par_1_11' title="bbox 527 2270 2106 2342">
     <span class='ocr_line' id='line_1_11' title="bbox 527 2270 2106 2342; baseline -0.004 -12"><span class='ocrx_word' id='word_1_57' title='bbox 527 2275 708 2330; x_wconf 69' lang='lat' dir='ltr'><strong>clesia:</strong></span> <span class='ocrx_word' id='word_1_58' title='bbox 738 2270 1193 2342; x_wconf 75' lang='lat' dir='ltr'><strong>archiepiscopus,</strong></span> <span class='ocrx_word' id='word_1_59' title='bbox 1235 2287 1406 2341; x_wconf 81' lang='lat' dir='ltr'><strong>nuper</strong></span> <span class='ocrx_word' id='word_1_60' title='bbox 1429 2270 1712 2342; x_wconf 78' lang='lat' dir='ltr'><strong>defunctus</strong></span> <span class='ocrx_word' id='word_1_61' title='bbox 1738 2280 1849 2336; x_wconf 90' lang='lat' dir='ltr'><strong>est,</strong></span> <span class='ocrx_word' id='word_1_62' title='bbox 1891 2280 1947 2326; x_wconf 90' lang='lat' dir='ltr'><strong>et</strong></span> <span class='ocrx_word' id='word_1_63' title='bbox 1972 2272 2106 2342; x_wconf 88' lang='lat' dir='ltr'><strong>ipsa</strong></span> 
     </span>
    </p>
   </div>
   <div class='ocr_carea' id='block_1_12' title="bbox 524 2341 2107 2412">
    <p class='ocr_par' dir='ltr' id='par_1_12' title="bbox 524 2341 2107 2412">
     <span class='ocr_line' id='line_1_12' title="bbox 524 2341 2107 2412; baseline -0.004 -12"><span class='ocrx_word' id='word_1_64' title='bbox 524 2345 766 2400; x_wconf 86' lang='lat' dir='ltr'><strong>Ecclesia</strong></span> <span class='ocrx_word' id='word_1_65' title='bbox 811 2341 1042 2412; x_wconf 84' lang='lat' dir='ltr'><strong>sapienti</strong></span> <span class='ocrx_word' id='word_1_66' title='bbox 1072 2341 1128 2396; x_wconf 82' lang='lat' dir='ltr'><strong>et</strong></span> <span class='ocrx_word' id='word_1_67' title='bbox 1165 2350 1430 2412; x_wconf 87' lang='lat' dir='ltr'><strong>strenuo,</strong></span> <span class='ocrx_word' id='word_1_68' title='bbox 1449 2341 1697 2412; x_wconf 90' lang='lat' dir='ltr'><strong>virilique</strong></span> <span class='ocrx_word' id='word_1_69' title='bbox 1723 2351 1939 2411; x_wconf 76' lang='lat' dir='ltr'><strong>pastore</strong></span> <span class='ocrx_word' id='word_1_70' title='bbox 1969 2341 2107 2395; x_wconf 88' lang='lat' dir='ltr'><strong>indi-</strong></span> 
     </span>
    </p>
   </div>
   <div class='ocr_carea' id='block_1_13' title="bbox 525 2411 2107 2488">
    <p class='ocr_par' dir='ltr' id='par_1_13' title="bbox 525 2411 2107 2488">
     <span class='ocr_line' id='line_1_13' title="bbox 525 2411 2107 2488; baseline -0.003 -18"><span class='ocrx_word' id='word_1_71' title='bbox 525 2423 634 2488; x_wconf 90' lang='lat' dir='ltr'><strong>get.</strong></span> <span class='ocrx_word' id='word_1_72' title='bbox 667 2411 1269 2488; x_wconf 70' lang='lat' dir='ltr'><strong>propterquorumdam</strong></span> <span class='ocrx_word' id='word_1_73' title='bbox 1296 2411 1580 2488; x_wconf 68' lang='lat' dir='ltr'><strong>levitatem</strong></span> <span class='ocrx_word' id='word_1_74' title='bbox 1601 2427 1812 2466; x_wconf 90' lang='lat' dir='ltr'><strong>morum</strong></span> <span class='ocrx_word' id='word_1_75' title='bbox 1839 2421 1895 2467; x_wconf 88' lang='lat' dir='ltr'><strong>et</strong></span> <span class='ocrx_word' id='word_1_76' title='bbox 1923 2413 2107 2466; x_wconf 93' lang='lat' dir='ltr'><strong>incon-</strong></span> 
     </span>
    </p>
   </div>
   <div class='ocr_carea' id='block_1_14' title="bbox 526 2481 2106 2555">
    <p class='ocr_par' dir='ltr' id='par_1_14' title="bbox 526 2481 2106 2555">
     <span class='ocr_line' id='line_1_14' title="bbox 526 2481 2106 2555; baseline -0.004 -14"><span class='ocrx_word' id='word_1_77' title='bbox 526 2481 784 2541; x_wconf 72' lang='lat' dir='ltr'><strong>stantiam</strong></span> <span class='ocrx_word' id='word_1_78' title='bbox 810 2481 978 2555; x_wconf 80' lang='lat' dir='ltr'><strong>ipsius</strong></span> <span class='ocrx_word' id='word_1_79' title='bbox 998 2483 1192 2555; x_wconf 83' lang='lat' dir='ltr'><strong>gentis.</strong></span> <span class='ocrx_word' id='word_1_80' title='bbox 1212 2481 1364 2555; x_wconf 77' lang='lat' dir='ltr'><strong>Unde</strong></span> <span class='ocrx_word' id='word_1_81' title='bbox 1394 2482 1620 2555; x_wconf 86' lang='lat' dir='ltr'><strong>consilio</strong></span> <span class='ocrx_word' id='word_1_82' title='bbox 1645 2491 1886 2555; x_wconf 88' lang='lat' dir='ltr'><strong>accepto,</strong></span> <span class='ocrx_word' id='word_1_83' title='bbox 1917 2497 2106 2555; x_wconf 81' lang='lat' dir='ltr'><strong>omnes</strong></span> 
     </span>
    </p>
   </div>
   <div class='ocr_carea' id='block_1_15' title="bbox 525 2553 2103 2626">
    <p class='ocr_par' dir='ltr' id='par_1_15' title="bbox 525 2553 2103 2626">
     <span class='ocr_line' id='line_1_15' title="bbox 525 2553 2103 2626; baseline -0.003 -15"><span class='ocrx_word' id='word_1_84' title='bbox 525 2555 787 2626; x_wconf 87' lang='lat' dir='ltr'><strong>episcopi,</strong></span> <span class='ocrx_word' id='word_1_85' title='bbox 816 2553 1083 2626; x_wconf 81' lang='lat' dir='ltr'><strong>ettideles</strong></span> <span class='ocrx_word' id='word_1_86' title='bbox 1106 2553 1261 2626; x_wconf 75' lang='lat' dir='ltr'><strong>regni</strong></span> <span class='ocrx_word' id='word_1_87' title='bbox 1291 2553 1484 2626; x_wconf 81' lang='lat' dir='ltr'><strong>nostri,</strong></span> <span class='ocrx_word' id='word_1_88' title='bbox 1520 2554 1937 2626; x_wconf 76' lang='lat' dir='ltr'><strong>ipsaqueetiam</strong></span> <span class='ocrx_word' id='word_1_89' title='bbox 1965 2553 2103 2606; x_wconf 88' lang='lat' dir='ltr'><strong>dioe-</strong></span> 
     </span>
    </p>
   </div>
   <div class='ocr_carea' id='block_1_16' title="bbox 526 2623 2104 2697">
    <p class='ocr_par' dir='ltr' id='par_1_16' title="bbox 526 2623 2104 2697">
     <span class='ocr_line' id='line_1_16' title="bbox 526 2623 2104 2697; baseline -0.003 -16"><span class='ocrx_word' id='word_1_90' title='bbox 526 2623 685 2690; x_wconf 81' lang='lat' dir='ltr'><strong>cesis,</strong></span> <span class='ocrx_word' id='word_1_91' title='bbox 712 2623 1046 2697; x_wconf 76' lang='lat' dir='ltr'><strong>unanimiter</strong></span> <span class='ocrx_word' id='word_1_92' title='bbox 1074 2624 1134 2697; x_wconf 91' lang='lat' dir='ltr'><strong>in_</strong></span> <span class='ocrx_word' id='word_1_93' title='bbox 1160 2623 1707 2697; x_wconf 64' lang='lat' dir='ltr'><strong>electionepraadicti</strong></span> <span class='ocrx_word' id='word_1_94' title='bbox 1731 2623 1941 2697; x_wconf 85' lang='lat' dir='ltr'><strong>Vulfadi</strong></span> <span class='ocrx_word' id='word_1_95' title='bbox 1957 2638 2104 2697; x_wconf 81' lang='lat' dir='ltr'><strong>_con-</strong></span> 
     </span>
    </p>
   </div>
   <div class='ocr_carea' id='block_1_17' title="bbox 529 2693 2103 2764">
    <p class='ocr_par' dir='ltr' id='par_1_17' title="bbox 529 2693 2103 2764">
     <span class='ocr_line' id='line_1_17' title="bbox 529 2693 2103 2764; baseline -0.002 -13"><span class='ocrx_word' id='word_1_96' title='bbox 529 2705 837 2752; x_wconf 89' lang='lat' dir='ltr'><strong>senserunt.</strong></span> <span class='ocrx_word' id='word_1_97' title='bbox 863 2693 895 2764; x_wconf 57' lang='grc' dir='ltr'><strong>ι</strong></span> <span class='ocrx_word' id='word_1_98' title='bbox 929 2695 1028 2762; x_wconf 78' lang='lat' dir='ltr'><strong>Qui</strong></span> <span class='ocrx_word' id='word_1_99' title='bbox 1057 2694 1232 2764; x_wconf 90' lang='lat' dir='ltr'><strong>primo</strong></span> <span class='ocrx_word' id='word_1_100' title='bbox 1257 2694 1549 2749; x_wconf 85' lang='lat' dir='ltr'><strong>canonicus</strong></span> <span class='ocrx_word' id='word_1_101' title='bbox 1570 2693 1630 2748; x_wconf 90' lang='grc' dir='ltr'><strong>Β.</strong></span> <span class='ocrx_word' id='word_1_102' title='bbox 1659 2693 1842 2748; x_wconf 79' lang='lat' dir='ltr'><strong>Mariae</strong></span> <span class='ocrx_word' id='word_1_103' title='bbox 1880 2701 1934 2749; x_wconf 90' lang='lat' dir='ltr'><strong>et</strong></span> <span class='ocrx_word' id='word_1_104' title='bbox 1957 2693 2103 2764; x_wconf 80' lang='lat' dir='ltr'><strong>Rbe-</strong></span> 
     </span>
    </p>
   </div>
   <div class='ocr_carea' id='block_1_18' title="bbox 525 2762 2106 2835">
    <p class='ocr_par' dir='ltr' id='par_1_18' title="bbox 525 2762 2106 2835">
     <span class='ocr_line' id='line_1_18' title="bbox 525 2762 2106 2835; baseline -0.003 -14"><span class='ocrx_word' id='word_1_105' title='bbox 525 2781 740 2821; x_wconf 89' lang='lat' dir='ltr'><strong>morum</strong></span> <span class='ocrx_word' id='word_1_106' title='bbox 775 2762 1086 2835; x_wconf 77' lang='lat' dir='ltr'><strong>metropolis</strong></span> <span class='ocrx_word' id='word_1_107' title='bbox 1129 2779 1472 2829; x_wconf 80' lang='lat' dir='ltr'><strong>ceconomus,</strong></span> <span class='ocrx_word' id='word_1_108' title='bbox 1518 2780 1582 2819; x_wconf 91' lang='lat' dir='ltr'><strong>eo</strong></span> <span class='ocrx_word' id='word_1_109' title='bbox 1612 2764 1831 2835; x_wconf 88' lang='lat' dir='ltr'><strong>nomine</strong></span> <span class='ocrx_word' id='word_1_110' title='bbox 1862 2762 2106 2818; x_wconf 78' lang='lat' dir='ltr'><strong>interfuit</strong></span> 
     </span>
    </p>
   </div>
   <div class='ocr_carea' id='block_1_19' title="bbox 527 2834 2103 2908">
    <p class='ocr_par' dir='ltr' id='par_1_19' title="bbox 527 2834 2103 2908">
     <span class='ocr_line' id='line_1_19' title="bbox 527 2834 2103 2908; baseline -0.001 -18"><span class='ocrx_word' id='word_1_111' title='bbox 527 2837 735 2908; x_wconf 82' lang='lat' dir='ltr'><strong>synodo</strong></span> <span class='ocrx_word' id='word_1_112' title='bbox 778 2836 916 2908; x_wconf 87' lang='lat' dir='ltr'><strong>apud</strong></span> <span class='ocrx_word' id='word_1_113' title='bbox 953 2834 1286 2908; x_wconf 60' lang='lat' dir='ltr'><strong>Carisiacurn</strong></span> <span class='ocrx_word' id='word_1_114' title='bbox 1330 2852 1417 2889; x_wconf 88' lang='lat' dir='ltr'><strong>an.</strong></span> <span class='ocrx_word' id='word_1_115' title='bbox 1461 2834 1875 2908; x_wconf 54' lang='lat' dir='ltr'><strong>848._Clericus_</strong></span> <span class='ocrx_word' id='word_1_116' title='bbox 1923 2843 2103 2908; x_wconf 83' lang='lat' dir='ltr'><strong>autem</strong></span> 
     </span>
    </p>
   </div>
   <div class='ocr_carea' id='block_1_20' title="bbox 525 2905 2104 2962">
    <p class='ocr_par' dir='ltr' id='par_1_20' title="bbox 525 2905 2104 2962">
     <span class='ocr_line' id='line_1_20' title="bbox 525 2905 2104 2962; baseline -0.001 -1"><span class='ocrx_word' id='word_1_117' title='bbox 525 2905 825 2962; x_wconf 35' lang='lat' dir='ltr'><strong>o‘rdinatur’</strong></span> <span class='ocrx_word' id='word_1_118' title='bbox 850 2907 917 2960; x_wconf 92' lang='lat' dir='ltr'><strong>ab</strong></span> <span class='ocrx_word' id='word_1_119' title='bbox 959 2905 1177 2961; x_wconf 86' lang='lat' dir='ltr'><strong>Ebbone</strong></span> <span class='ocrx_word' id='word_1_120' title='bbox 1225 2906 1533 2960; x_wconf 83' lang='lat' dir='ltr'><strong>Rhemensi.</strong></span> <span class='ocrx_word' id='word_1_121' title='bbox 1567 2905 1774 2959; x_wconf 88' lang='lat' dir='ltr'><strong>Idcirco</strong></span> <span class='ocrx_word' id='word_1_122' title='bbox 1812 2905 1878 2959; x_wconf 87' lang='lat' dir='ltr'><strong>ad</strong></span> <span class='ocrx_word' id='word_1_123' title='bbox 1921 2905 2104 2959; x_wconf 88' lang='lat' dir='ltr'><strong>conci-</strong></span> 
     </span>
    </p>
   </div>
   <div class='ocr_carea' id='block_1_21' title="bbox 524 2975 2104 3046">
    <p class='ocr_par' dir='ltr' id='par_1_21' title="bbox 524 2975 2104 3046">
     <span class='ocr_line' id='line_1_21' title="bbox 524 2975 2104 3046; baseline 0 -18"><span class='ocrx_word' id='word_1_124' title='bbox 524 2976 655 3031; x_wconf 89' lang='lat' dir='ltr'><strong>lium</strong></span> <span class='ocrx_word' id='word_1_125' title='bbox 687 2976 1076 3033; x_wconf 87' lang='lat' dir='ltr'><strong>Suessionense</strong></span> <span class='ocrx_word' id='word_1_126' title='bbox 1098 2992 1134 3030; x_wconf 94' lang='grc' dir='ltr'><strong>ιι</strong></span> <span class='ocrx_word' id='word_1_127' title='bbox 1165 2992 1482 3046; x_wconf 87' lang='lat' dir='ltr'><strong>comparere</strong></span> <span class='ocrx_word' id='word_1_128' title='bbox 1508 2992 1614 3030; x_wconf 91' lang='lat' dir='ltr'><strong>non</strong></span> <span class='ocrx_word' id='word_1_129' title='bbox 1639 2975 1828 3046; x_wconf 87' lang='lat' dir='ltr'><strong>valuit,</strong></span> <span class='ocrx_word' id='word_1_130' title='bbox 1853 2975 2104 3046; x_wconf 48' lang='grc' dir='ltr'><strong>φίλωςιὶ-</strong></span> 
     </span>
    </p>
   </div>
   <div class='ocr_carea' id='block_1_22' title="bbox 525 3045 2158 3117">
    <p class='ocr_par' dir='ltr' id='par_1_22' title="bbox 525 3045 2158 3117">
     <span class='ocr_line' id='line_1_22' title="bbox 525 3045 2158 3117; baseline -0.001 -17"><span class='ocrx_word' id='word_1_131' title='bbox 525 3047 767 3102; x_wconf 83' lang='lat' dir='ltr'><strong>tudinem</strong></span> <span class='ocrx_word' id='word_1_132' title='bbox 790 3063 894 3117; x_wconf 87' lang='lat' dir='ltr'><strong>qua</strong></span> <span class='ocrx_word' id='word_1_133' title='bbox 911 3047 1161 3102; x_wconf 87' lang='lat' dir='ltr'><strong>detentus</strong></span> <span class='ocrx_word' id='word_1_134' title='bbox 1179 3045 1305 3102; x_wconf 78' lang='lat' dir='ltr'><strong>erat</strong></span> <span class='ocrx_word' id='word_1_135' title='bbox 1322 3047 1375 3101; x_wconf 91' lang='lat' dir='ltr'><strong>in</strong></span> <span class='ocrx_word' id='word_1_136' title='bbox 1402 3047 1729 3102; x_wconf 90' lang='lat' dir='ltr'><strong>monasterio</strong></span> <span class='ocrx_word' id='word_1_137' title='bbox 1751 3045 2100 3117; x_wconf 9' lang='lat' dir='ltr'><strong>S_.7Medardi;</strong></span> <span class='ocrx_word' id='word_1_138' title='bbox 2154 3069 2158 3074; x_wconf 60' lang='grc' dir='ltr'><strong>ι</strong></span> 
     </span>
    </p>
   </div>
   <div class='ocr_carea' id='block_1_23' title="bbox 526 3115 2103 3188">
    <p class='ocr_par' dir='ltr' id='par_1_23' title="bbox 526 3115 2103 3188">
     <span class='ocr_line' id='line_1_23' title="bbox 526 3115 2103 3188; baseline -0.001 -17"><span class='ocrx_word' id='word_1_139' title='bbox 526 3115 876 3188; x_wconf 84' lang='lat' dir='ltr'><strong>quamobrem</strong></span> <span class='ocrx_word' id='word_1_140' title='bbox 922 3117 1247 3173; x_wconf 84' lang='lat' dir='ltr'><strong>Hincmarus</strong></span> <span class='ocrx_word' id='word_1_141' title='bbox 1290 3117 1726 3188; x_wconf 80' lang='lat' dir='ltr'><strong>archiepiscopus</strong></span> <span class='ocrx_word' id='word_1_142' title='bbox 1764 3115 2103 3188; x_wconf 81' lang='lat' dir='ltr'><strong>Sigloardum</strong></span> 
     </span>
    </p>
   </div>
   <div class='ocr_carea' id='block_1_24' title="bbox 525 3185 2101 3257">
    <p class='ocr_par' dir='ltr' id='par_1_24' title="bbox 525 3185 2101 3257">
     <span class='ocr_line' id='line_1_24' title="bbox 525 3185 2101 3257; baseline -0.001 -15"><span class='ocrx_word' id='word_1_143' title='bbox 525 3185 966 3257; x_wconf 83' lang='lat' dir='ltr'><strong>archidiaconum</strong></span> <span class='ocrx_word' id='word_1_144' title='bbox 1001 3189 1067 3242; x_wconf 90' lang='lat' dir='ltr'><strong>ad</strong></span> <span class='ocrx_word' id='word_1_145' title='bbox 1092 3203 1215 3242; x_wconf 92' lang='lat' dir='ltr'><strong>eum</strong></span> <span class='ocrx_word' id='word_1_146' title='bbox 1253 3188 1434 3252; x_wconf 83' lang='lat' dir='ltr'><strong>misit-,</strong></span> <span class='ocrx_word' id='word_1_147' title='bbox 1467 3185 1559 3257; x_wconf 82' lang='lat' dir='ltr'><strong>qui</strong></span> <span class='ocrx_word' id='word_1_148' title='bbox 1587 3185 2101 3257; x_wconf 33' lang='lat' dir='ltr'><strong>libcllum‘porrige-</strong></span> 
     </span>
    </p>
   </div>
   <div class='ocr_carea' id='block_1_25' title="bbox 525 3255 2100 3327">
    <p class='ocr_par' dir='ltr' id='par_1_25' title="bbox 525 3255 2100 3327">
     <span class='ocr_line' id='line_1_25' title="bbox 525 3255 2100 3327; baseline -0.001 -16"><span class='ocrx_word' id='word_1_149' title='bbox 525 3265 614 3311; x_wconf 87' lang='lat' dir='ltr'><strong>ret</strong></span> <span class='ocrx_word' id='word_1_150' title='bbox 633 3272 665 3310; x_wconf 90' lang='lat' dir='ltr'><strong>a</strong></span> <span class='ocrx_word' id='word_1_151' title='bbox 684 3255 914 3327; x_wconf 75' lang='lat' dir='ltr'><strong>Yull‘ado</strong></span> <span class='ocrx_word' id='word_1_152' title='bbox 943 3257 1172 3312; x_wconf 87' lang='lat' dir='ltr'><strong>libenter</strong></span> <span class='ocrx_word' id='word_1_153' title='bbox 1208 3255 1600 3327; x_wconf 80' lang='lat' dir='ltr'><strong>subscriptum;</strong></span> <span class='ocrx_word' id='word_1_154' title='bbox 1650 3255 2026 3312; x_wconf 70' lang='lat' dir='ltr'><strong>nihilominus</strong></span> <span class='ocrx_word' id='word_1_155' title='bbox 2047 3257 2100 3310; x_wconf 89' lang='lat' dir='ltr'><strong>id</strong></span> 
     </span>
    </p>
   </div>
   <div class='ocr_carea' id='block_1_26' title="bbox 524 3325 2106 3397">
    <p class='ocr_par' dir='ltr' id='par_1_26' title="bbox 524 3325 2106 3397">
     <span class='ocr_line' id='line_1_26' title="bbox 524 3325 2106 3397; baseline -0.001 -16"><span class='ocrx_word' id='word_1_156' title='bbox 524 3342 632 3381; x_wconf 90' lang='lat' dir='ltr'><strong>non</strong></span> <span class='ocrx_word' id='word_1_157' title='bbox 664 3325 1022 3397; x_wconf 89' lang='lat' dir='ltr'><strong>obstititquiu</strong></span> <span class='ocrx_word' id='word_1_158' title='bbox 1049 3342 1173 3397; x_wconf 74' lang='lat' dir='ltr'><strong>cum</strong></span> <span class='ocrx_word' id='word_1_159' title='bbox 1200 3327 1364 3382; x_wconf 90' lang='lat' dir='ltr'><strong>sociis</strong></span> <span class='ocrx_word' id='word_1_160' title='bbox 1395 3325 1450 3381; x_wconf 78' lang='lat' dir='ltr'><strong>in</strong></span> <span class='ocrx_word' id='word_1_161' title='bbox 1477 3343 1541 3383; x_wconf 88' lang='lat' dir='ltr'><strong>ea</strong></span> <span class='ocrx_word' id='word_1_162' title='bbox 1573 3329 1775 3397; x_wconf 82' lang='lat' dir='ltr'><strong>synodo</strong></span> <span class='ocrx_word' id='word_1_163' title='bbox 1801 3330 1966 3396; x_wconf 84' lang='lat' dir='ltr'><strong>gradu</strong></span> <span class='ocrx_word' id='word_1_164' title='bbox 1996 3328 2106 3397; x_wconf 91' lang='lat' dir='ltr'><strong>pri-</strong></span> 
     </span>
    </p>
   </div>
   <div class='ocr_carea' id='block_1_27' title="bbox 524 3395 2138 3469">
    <p class='ocr_par' dir='ltr' id='par_1_27' title="bbox 524 3395 2138 3469">
     <span class='ocr_line' id='line_1_27' title="bbox 524 3395 2138 3469; baseline 0 -19"><span class='ocrx_word' id='word_1_165' title='bbox 524 3405 761 3469; x_wconf 76' lang='lat' dir='ltr'><strong>varetur.</strong></span> <span class='ocrx_word' id='word_1_166' title='bbox 792 3395 1045 3452; x_wconf 75' lang='lat' dir='ltr'><strong>Attamen</strong></span> <span class='ocrx_word' id='word_1_167' title='bbox 1073 3395 1279 3469; x_wconf 87' lang='lat' dir='ltr'><strong>Nicolai</strong></span> <span class='ocrx_word' id='word_1_168' title='bbox 1305 3413 1455 3469; x_wconf 67' lang='lat' dir='ltr'><strong>papa:</strong></span> <span class='ocrx_word' id='word_1_169' title='bbox 1485 3395 1702 3453; x_wconf 76' lang='lat' dir='ltr'><strong>decreto</strong></span> <span class='ocrx_word' id='word_1_170' title='bbox 1726 3395 1842 3469; x_wconf 87' lang='lat' dir='ltr'><strong>ejus</strong></span> <span class='ocrx_word' id='word_1_171' title='bbox 1868 3395 2032 3469; x_wconf 80' lang='lat' dir='ltr'><strong>causa</strong></span> <span class='ocrx_word' id='word_1_172' title='bbox 2054 3406 2138 3451; x_wconf 74' lang='lat' dir='ltr'><strong>et&#39;</strong></span> 
     </span>
    </p>
   </div>
   <div class='ocr_carea' id='block_1_28' title="bbox 526 3466 2112 3538">
    <p class='ocr_par' dir='ltr' id='par_1_28' title="bbox 526 3466 2112 3538">
     <span class='ocr_line' id='line_1_28' title="bbox 526 3466 2112 3538; baseline 0.001 -17"><span class='ocrx_word' id='word_1_173' title='bbox 526 3467 851 3538; x_wconf 76' lang='lat' dir='ltr'><strong>collegarum</strong></span> <span class='ocrx_word' id='word_1_174' title='bbox 880 3468 1165 3522; x_wconf 86' lang='lat' dir='ltr'><strong>retractari</strong></span> <span class='ocrx_word' id='word_1_175' title='bbox 1187 3466 1336 3535; x_wconf 77' lang='lat' dir='ltr'><strong>iussa</strong></span> <span class='ocrx_word' id='word_1_176' title='bbox 1373 3466 1460 3523; x_wconf 79' lang='lat' dir='ltr'><strong>est</strong></span> <span class='ocrx_word' id='word_1_177' title='bbox 1493 3469 1547 3523; x_wconf 90' lang='lat' dir='ltr'><strong>in</strong></span> <span class='ocrx_word' id='word_1_178' title='bbox 1593 3466 1822 3524; x_wconf 87' lang='lat' dir='ltr'><strong>concilio</strong></span> <span class='ocrx_word' id='word_1_179' title='bbox 1861 3466 2112 3522; x_wconf 86' lang='lat' dir='ltr'><strong>Suessio-</strong></span> 
     </span>
    </p>
   </div>
   <div class='ocr_carea' id='block_1_29' title="bbox 523 3538 2106 3608">
    <p class='ocr_par' dir='ltr' id='par_1_29' title="bbox 523 3538 2106 3608">
     <span class='ocr_line' id='line_1_29' title="bbox 523 3538 2106 3608; baseline 0.001 -16"><span class='ocrx_word' id='word_1_180' title='bbox 523 3551 678 3608; x_wconf 73' lang='lat' dir='ltr'><strong>nenSI</strong></span> <span class='ocrx_word' id='word_1_181' title='bbox 704 3553 789 3603; x_wconf 90' lang='grc' dir='ltr'>ιιι,</span> <span class='ocrx_word' id='word_1_182' title='bbox 813 3553 901 3593; x_wconf 92' lang='lat' dir='ltr'><strong>an.</strong></span> <span class='ocrx_word' id='word_1_183' title='bbox 926 3539 1052 3602; x_wconf 91' lang='lat'><strong>866,</strong></span> <span class='ocrx_word' id='word_1_184' title='bbox 1076 3538 1130 3592; x_wconf 90' lang='lat' dir='ltr'><strong>in</strong></span> <span class='ocrx_word' id='word_1_185' title='bbox 1156 3553 1262 3607; x_wconf 89' lang='lat' dir='ltr'><strong>qua</strong></span> <span class='ocrx_word' id='word_1_186' title='bbox 1284 3538 1527 3608; x_wconf 83' lang='lat' dir='ltr'><strong>pontifex</strong></span> <span class='ocrx_word' id='word_1_187' title='bbox 1549 3540 1817 3593; x_wconf 83' lang='lat' dir='ltr'><strong>maximus</strong></span> <span class='ocrx_word' id='word_1_188' title='bbox 1843 3539 2106 3605; x_wconf 86' lang='lat' dir='ltr'><strong>Herardo,</strong></span> 
     </span>
    </p>
   </div>
   <div class='ocr_carea' id='block_1_30' title="bbox 527 3606 2104 3680">
    <p class='ocr_par' dir='ltr' id='par_1_30' title="bbox 527 3606 2104 3680">
     <span class='ocr_line' id='line_1_30' title="bbox 527 3606 2104 3680; baseline 0 -19"><span class='ocrx_word' id='word_1_189' title='bbox 527 3606 831 3680; x_wconf 76' lang='lat' dir='ltr'><strong>&#39;I‘urouensi</strong></span> <span class='ocrx_word' id='word_1_190' title='bbox 861 3606 1302 3680; x_wconf 71' lang='lat' dir='ltr'><strong>archiepiscopo,</strong></span> <span class='ocrx_word' id='word_1_191' title='bbox 1335 3611 1588 3680; x_wconf 58' lang='lat' dir='ltr'><strong>pracepit</strong></span> <span class='ocrx_word' id='word_1_192' title='bbox 1615 3611 1812 3680; x_wconf 15' lang='lat' dir='ltr'><strong>utiniﬁsi</strong></span> <span class='ocrx_word' id='word_1_193' title='bbox 1850 3608 2104 3680; x_wconf 85' lang='lat' dir='ltr'><strong>Hinema-</strong></span> 
     </span>
    </p>
   </div>
   <div class='ocr_carea' id='block_1_31' title="bbox 527 3677 2110 3747">
    <p class='ocr_par' dir='ltr' id='par_1_31' title="bbox 527 3677 2110 3747">
     <span class='ocr_line' id='line_1_31' title="bbox 527 3677 2110 3747; baseline 0.001 -16"><span class='ocrx_word' id='word_1_194' title='bbox 527 3693 620 3732; x_wconf 88' lang='lat' dir='ltr'><strong>rus</strong></span> <span class='ocrx_word' id='word_1_195' title='bbox 643 3677 929 3732; x_wconf 82' lang='lat' dir='ltr'><strong>Vult&#39;adum</strong></span> <span class='ocrx_word' id='word_1_196' title='bbox 957 3689 1011 3733; x_wconf 92' lang='lat' dir='ltr'><strong>et</strong></span> <span class='ocrx_word' id='word_1_197' title='bbox 1037 3677 1213 3734; x_wconf 68' lang='lat' dir='ltr'><strong>Socios</strong></span> <span class='ocrx_word' id='word_1_198' title='bbox 1237 3677 1723 3747; x_wconf 48' lang='lat' dir='ltr'><strong>absolvatfsynodi</strong></span> <span class='ocrx_word' id='word_1_199' title='bbox 1754 3679 2110 3747; x_wconf 85' lang='lat' dir='ltr'><strong>Patresjussu</strong></span> 
     </span>
    </p>
   </div>
   <div class='ocr_carea' id='block_1_32' title="bbox 527 3697 2111 3821">
    <p class='ocr_par' dir='ltr' id='par_1_32' title="bbox 527 3697 2111 3821">
     <span class='ocr_line' id='line_1_32' title="bbox 527 3697 2110 3747; baseline 0.001 -16"><span class='ocrx_word' id='word_1_200' title='bbox 527 3697 620 3732; x_wconf 87' lang='lat' dir='ltr'><strong>rus</strong></span> <span class='ocrx_word' id='word_1_201' title='bbox 651 3697 929 3732; x_wconf 86' lang='lat' dir='ltr'><strong>vuuauum</strong></span> <span class='ocrx_word' id='word_1_202' title='bbox 957 3697 1011 3733; x_wconf 84' lang='lat' dir='ltr'><strong>et</strong></span> <span class='ocrx_word' id='word_1_203' title='bbox 1037 3697 1213 3734; x_wconf 84' lang='lat' dir='ltr'><strong>socios</strong></span> <span class='ocrx_word' id='word_1_204' title='bbox 1237 3697 1502 3746; x_wconf 73' lang='lat' dir='ltr'><strong>ausonvat,</strong></span> <span class='ocrx_word' id='word_1_205' title='bbox 1535 3697 1561 3734; x_wconf 92' lang='lat' dir='ltr'><strong>s</strong></span> <span class='ocrx_word' id='word_1_206' title='bbox 1585 3697 1723 3734; x_wconf 73' lang='grc' dir='ltr'><strong>ἠοω</strong></span> <span class='ocrx_word' id='word_1_207' title='bbox 1755 3697 1940 3733; x_wconf 75' lang='lat' dir='ltr'><strong>ratres</strong></span> <span class='ocrx_word' id='word_1_208' title='bbox 1954 3697 2110 3747; x_wconf 67' lang='lat' dir='ltr'><strong>jussu</strong></span> 
     </span>
     <span class='ocr_line' id='line_1_33' title="bbox 527 3697 2111 3821; baseline 0.001 -20"><span class='ocrx_word' id='word_1_209' title='bbox 527 3748 676 3821; x_wconf 78' lang='lat' dir='ltr'><strong>sedis</strong></span> <span class='ocrx_word' id='word_1_210' title='bbox 708 3749 1018 3819; x_wconf 68' lang='lat' dir='ltr'><strong>apostolicae</strong></span> <span class='ocrx_word' id='word_1_211' title='bbox 1047 3749 1098 3804; x_wconf 90' lang='lat' dir='ltr'><strong>id</strong></span> <span class='ocrx_word' id='word_1_212' title='bbox 1127 3758 1508 3818; x_wconf 84' lang='lat' dir='ltr'><strong>exsequantur.</strong></span> <span class='ocrx_word' id='word_1_213' title='bbox 1559 3697 1673 3816; x_wconf 50' lang='lat' dir='ltr'><strong>(Sua</strong></span> <span class='ocrx_word' id='word_1_214' title='bbox 1721 3766 1781 3804; x_wconf 91' lang='lat' dir='ltr'><strong>re</strong></span> <span class='ocrx_word' id='word_1_215' title='bbox 1826 3749 2111 3821; x_wconf 78' lang='lat' dir='ltr'><strong>diligenter</strong></span> 
     </span>
    </p>
   </div>
   <div class='ocr_carea' id='block_1_33' title="bbox 527 3817 2112 3901">
    <p class='ocr_par' dir='ltr' id='par_1_33' title="bbox 527 3817 2112 3901">
     <span class='ocr_line' id='line_1_34' title="bbox 527 3817 2112 3901; baseline 0.001 -29"><span class='ocrx_word' id='word_1_216' title='bbox 527 3817 1065 3901; x_wconf 23' lang='lat' dir='ltr'><strong>discussa,‘s_y&#39;nodus</strong></span> <span class='ocrx_word' id='word_1_217' title='bbox 1089 3817 1623 3901; x_wconf 81' lang='lat' dir='ltr'><strong>epistolani_seripsit</strong></span> <span class='ocrx_word' id='word_1_218' title='bbox 1668 3821 1736 3875; x_wconf 91' lang='lat' dir='ltr'><strong>ad</strong></span> <span class='ocrx_word' id='word_1_219' title='bbox 1784 3817 1998 3901; x_wconf 75' lang='lat' dir='ltr'><strong>papam,</strong></span> <span class='ocrx_word' id='word_1_220' title='bbox 2052 3829 2112 3873; x_wconf 91' lang='lat' dir='ltr'><strong>ut</strong></span> 
     </span>
    </p>
   </div>
   <div class='ocr_carea' id='block_1_34' title="bbox 529 3890 2106 3961">
    <p class='ocr_par' dir='ltr' id='par_1_34' title="bbox 529 3890 2106 3961">
     <span class='ocr_line' id='line_1_35' title="bbox 529 3890 2106 3961; baseline 0.002 -20"><span class='ocrx_word' id='word_1_221' title='bbox 529 3898 815 3954; x_wconf 79' lang='lat' dir='ltr'><strong>excusaret</strong></span> <span class='ocrx_word' id='word_1_222' title='bbox 843 3890 1217 3961; x_wconf 82' lang='lat' dir='ltr'><strong>Hinemaruni,</strong></span> <span class='ocrx_word' id='word_1_223' title='bbox 1256 3891 1398 3961; x_wconf 89' lang='lat' dir='ltr'><strong>quod</strong></span> <span class='ocrx_word' id='word_1_224' title='bbox 1442 3890 1549 3947; x_wconf 78' lang='lat' dir='ltr'><strong>non</strong></span> <span class='ocrx_word' id='word_1_225' title='bbox 1590 3907 1754 3946; x_wconf 86' lang='lat' dir='ltr'><strong>ausus</strong></span> <span class='ocrx_word' id='word_1_226' title='bbox 1792 3890 1981 3961; x_wconf 72' lang='lat' dir='ltr'><strong>fuisset</strong></span> <span class='ocrx_word' id='word_1_227' title='bbox 2009 3906 2106 3961; x_wconf 90' lang='lat' dir='ltr'><strong>sua</strong></span> 
     </span>
    </p>
   </div>
   <div class='ocr_carea' id='block_1_35' title="bbox 526 3959 2104 4031">
    <p class='ocr_par' dir='ltr' id='par_1_35' title="bbox 526 3959 2104 4031">
     <span class='ocr_line' id='line_1_36' title="bbox 526 3959 2104 4031; baseline 0.003 -21"><span class='ocrx_word' id='word_1_228' title='bbox 526 3965 582 4031; x_wconf 70' lang='lat' dir='ltr'><strong>et</strong></span> <span class='ocrx_word' id='word_1_229' title='bbox 604 3959 1136 4031; x_wconf 85' lang='lat' dir='ltr'><strong>comprovincialium</strong></span> <span class='ocrx_word' id='word_1_230' title='bbox 1164 3959 1540 4031; x_wconf 76' lang='lat' dir='ltr'><strong>episcoporum</strong></span> <span class='ocrx_word' id='word_1_231' title='bbox 1569 3962 1890 4018; x_wconf 87' lang='lat' dir='ltr'><strong>auctoritate</strong></span> <span class='ocrx_word' id='word_1_232' title='bbox 1919 3959 2104 4015; x_wconf 88' lang='lat' dir='ltr'><strong>Vull‘a-</strong></span> 
     </span>
    </p>
   </div>
   <div class='ocr_carea' id='block_1_36' title="bbox 528 4026 2104 4102">
    <p class='ocr_par' dir='ltr' id='par_1_36' title="bbox 528 4026 2104 4102">
     <span class='ocr_line' id='line_1_37' title="bbox 528 4026 2104 4102; baseline 0.004 -23"><span class='ocrx_word' id='word_1_233' title='bbox 528 4026 748 4082; x_wconf 56' lang='lat' dir='ltr'><strong>dum‘in</strong></span> <span class='ocrx_word' id='word_1_234' title='bbox 787 4030 1077 4098; x_wconf 87' lang='lat' dir='ltr'><strong>pristinum</strong></span> <span class='ocrx_word' id='word_1_235' title='bbox 1115 4026 1376 4088; x_wconf 80' lang='lat' dir='ltr'><strong>honorem</strong></span> <span class='ocrx_word' id='word_1_236' title='bbox 1407 4034 1697 4100; x_wconf 87' lang='lat' dir='ltr'><strong>reducere,</strong></span> <span class='ocrx_word' id='word_1_237' title='bbox 1742 4033 1836 4088; x_wconf 88' lang='lat' dir='ltr'><strong>sed</strong></span> <span class='ocrx_word' id='word_1_238' title='bbox 1870 4031 1990 4102; x_wconf 85' lang='lat' dir='ltr'><strong>ejus</strong></span> <span class='ocrx_word' id='word_1_239' title='bbox 2020 4046 2104 4086; x_wconf 88' lang='lat' dir='ltr'><strong>re-</strong></span> 
     </span>
    </p>
   </div>
   <div class='ocr_carea' id='block_1_37' title="bbox 2217 1991 3727 2061">
    <p class='ocr_par' dir='ltr' id='par_1_37' title="bbox 2217 1991 3727 2061">
     <span class='ocr_line' id='line_1_38' title="bbox 2217 1991 3727 2061; baseline 0.001 -17"><span class='ocrx_word' id='word_1_240' title='bbox 2217 2000 2436 2061; x_wconf 79' lang='lat' dir='ltr'><strong>vacaret</strong></span> <span class='ocrx_word' id='word_1_241' title='bbox 2468 1991 2733 2061; x_wconf 85' lang='lat' dir='ltr'><strong>primatus</strong></span> <span class='ocrx_word' id='word_1_242' title='bbox 2776 1991 3234 2046; x_wconf 88' lang='lat' dir='ltr'><strong>Bituricensis&#39;ab</strong></span> <span class='ocrx_word' id='word_1_243' title='bbox 3286 1992 3436 2047; x_wconf 91' lang='lat' dir='ltr'><strong>obitu</strong></span> <span class='ocrx_word' id='word_1_244' title='bbox 3473 1992 3727 2056; x_wconf 84' lang='lat' dir='ltr'><strong>decessoris,</strong></span> 
     </span>
    </p>
   </div>
   <div class='ocr_carea' id='block_1_38' title="bbox 2217 2060 3727 2131">
    <p class='ocr_par' dir='ltr' id='par_1_38' title="bbox 2217 2060 3727 2131">
     <span class='ocr_line' id='line_1_39' title="bbox 2217 2060 3727 2131; baseline 0.001 -17"><span class='ocrx_word' id='word_1_245' title='bbox 2217 2060 2443 2116; x_wconf 88' lang='lat' dir='ltr'><strong>Carolus</strong></span> <span class='ocrx_word' id='word_1_246' title='bbox 2470 2060 2682 2116; x_wconf 32' lang='lat' dir='ltr'><strong>’Calvus</strong></span> <span class='ocrx_word' id='word_1_247' title='bbox 2732 2061 3018 2117; x_wconf 77' lang='lat' dir='ltr'><strong>Vull‘adum</strong></span> <span class='ocrx_word' id='word_1_248' title='bbox 3067 2062 3382 2131; x_wconf 91' lang='lat' dir='ltr'><strong>episcopum</strong></span> <span class='ocrx_word' id='word_1_249' title='bbox 3431 2063 3727 2127; x_wconf 77' lang='lat' dir='ltr'><strong>renuntiavit,</strong></span> 
     </span>
    </p>
   </div>
   <div class='ocr_carea' id='block_1_39' title="bbox 2211 2131 3726 2203">
    <p class='ocr_par' dir='ltr' id='par_1_39' title="bbox 2211 2131 3726 2203">
     <span class='ocr_line' id='line_1_40' title="bbox 2211 2131 3726 2203; baseline 0.002 -21"><span class='ocrx_word' id='word_1_250' title='bbox 2211 2147 2371 2198; x_wconf 85' lang='lat' dir='ltr'><strong>quem</strong></span> <span class='ocrx_word' id='word_1_251' title='bbox 2407 2133 2670 2203; x_wconf 84' lang='lat' dir='ltr'><strong>liaetenus</strong></span> <span class='ocrx_word' id='word_1_252' title='bbox 2707 2132 2910 2202; x_wconf 87' lang='lat' dir='ltr'><strong>absque</strong></span> <span class='ocrx_word' id='word_1_253' title='bbox 2945 2133 3090 2203; x_wconf 88' lang='lat' dir='ltr'><strong>sedis</strong></span> <span class='ocrx_word' id='word_1_254' title='bbox 3123 2134 3437 2203; x_wconf 71' lang='lat' dir='ltr'><strong>apostolica;</strong></span> <span class='ocrx_word' id='word_1_255' title='bbox 3463 2131 3726 2186; x_wconf 81' lang='lat' dir='ltr'><strong>determina-</strong></span> 
     </span>
    </p>
   </div>
   <div class='ocr_carea' id='block_1_40' title="bbox 2211 2201 3727 2273">
    <p class='ocr_par' dir='ltr' id='par_1_40' title="bbox 2211 2201 3727 2273">
     <span class='ocr_line' id='line_1_41' title="bbox 2211 2201 3727 2273; baseline -0.001 -18"><span class='ocrx_word' id='word_1_256' title='bbox 2211 2203 2357 2256; x_wconf 86' lang='lat' dir='ltr'><strong>tione</strong></span> <span class='ocrx_word' id='word_1_257' title='bbox 2386 2202 2700 2273; x_wconf 87' lang='lat' dir='ltr'><strong>distulerat;</strong></span> <span class='ocrx_word' id='word_1_258' title='bbox 2747 2201 2888 2259; x_wconf 87' lang='lat' dir='ltr'><strong>unde</strong></span> <span class='ocrx_word' id='word_1_259' title='bbox 2928 2213 2985 2258; x_wconf 91' lang='lat' dir='ltr'><strong>et</strong></span> <span class='ocrx_word' id='word_1_260' title='bbox 3022 2202 3076 2273; x_wconf 88' lang='lat' dir='ltr'><strong>in</strong></span> <span class='ocrx_word' id='word_1_261' title='bbox 3107 2201 3340 2273; x_wconf 84' lang='lat' dir='ltr'><strong>epistola</strong></span> <span class='ocrx_word' id='word_1_262' title='bbox 3380 2201 3596 2273; x_wconf 78' lang='lat' dir='ltr'><strong>ejusdem</strong></span> <span class='ocrx_word' id='word_1_263' title='bbox 3629 2203 3727 2270; x_wconf 76' lang='lat' dir='ltr'><strong>regis</strong></span> 
     </span>
    </p>
   </div>
   <div class='ocr_carea' id='block_1_41' title="bbox 2211 2271 3726 2343">
    <p class='ocr_par' dir='ltr' id='par_1_41' title="bbox 2211 2271 3726 2343">
     <span class='ocr_line' id='line_1_42' title="bbox 2211 2271 3726 2343; baseline -0.001 -17"><span class='ocrx_word' id='word_1_264' title='bbox 2211 2273 2278 2326; x_wconf 86' lang='lat' dir='ltr'><strong>ad</strong></span> <span class='ocrx_word' id='word_1_265' title='bbox 2314 2274 2562 2328; x_wconf 91' lang='lat' dir='ltr'><strong>eumdem</strong></span> <span class='ocrx_word' id='word_1_266' title='bbox 2592 2272 2869 2329; x_wconf 87' lang='lat' dir='ltr'><strong>Nicolaum</strong></span> <span class='ocrx_word' id='word_1_267' title='bbox 2918 2275 2998 2329; x_wconf 89' lang='lat' dir='ltr'><strong>sic</strong></span> <span class='ocrx_word' id='word_1_268' title='bbox 3030 2271 3309 2343; x_wconf 79' lang='lat' dir='ltr'><strong>loquitur:</strong></span> <span class='ocrx_word' id='word_1_269' title='bbox 3346 2292 3363 2325; x_wconf 78' lang='grc' dir='ltr'><strong>ι</strong></span> <span class='ocrx_word' id='word_1_270' title='bbox 3401 2273 3530 2338; x_wconf 84' lang='lat' dir='ltr'><strong>Quia</strong></span> <span class='ocrx_word' id='word_1_271' title='bbox 3563 2271 3726 2324; x_wconf 78' lang='lat' dir='ltr'><strong>fratrem</strong></span> 
     </span>
    </p>
   </div>
   <div class='ocr_carea' id='block_1_42' title="bbox 2217 2343 3722 2414">
    <p class='ocr_par' dir='ltr' id='par_1_42' title="bbox 2217 2343 3722 2414">
     <span class='ocr_line' id='line_1_43' title="bbox 2217 2343 3722 2414; baseline -0.003 -16"><span class='ocrx_word' id='word_1_272' title='bbox 2217 2343 2521 2408; x_wconf 79' lang='lat' dir='ltr'><strong>Vull‘adum,</strong></span> <span class='ocrx_word' id='word_1_273' title='bbox 2553 2353 2613 2399; x_wconf 90' lang='lat' dir='ltr'><strong>ut</strong></span> <span class='ocrx_word' id='word_1_274' title='bbox 2658 2353 2853 2398; x_wconf 69' lang='lat' dir='ltr'><strong>vestrae</strong></span> <span class='ocrx_word' id='word_1_275' title='bbox 2897 2344 3201 2400; x_wconf 87' lang='lat' dir='ltr'><strong>sanctitatis</strong></span> <span class='ocrx_word' id='word_1_276' title='bbox 3251 2345 3436 2414; x_wconf 83' lang='lat' dir='ltr'><strong>apices</strong></span> <span class='ocrx_word' id='word_1_277' title='bbox 3475 2351 3722 2414; x_wconf 76' lang='lat' dir='ltr'><strong>exponunt,</strong></span> 
     </span>
    </p>
   </div>
   <div class='ocr_carea' id='block_1_43' title="bbox 2211 2413 3722 2484">
    <p class='ocr_par' dir='ltr' id='par_1_43' title="bbox 2211 2413 3722 2484">
     <span class='ocr_line' id='line_1_44' title="bbox 2211 2413 3722 2484; baseline 0.001 -15"><span class='ocrx_word' id='word_1_278' title='bbox 2211 2415 2454 2484; x_wconf 76' lang='lat' dir='ltr'><strong>moribus</strong></span> <span class='ocrx_word' id='word_1_279' title='bbox 2489 2427 2544 2469; x_wconf 92' lang='lat' dir='ltr'><strong>et</strong></span> <span class='ocrx_word' id='word_1_280' title='bbox 2584 2415 2810 2470; x_wconf 90' lang='lat' dir='ltr'><strong>scientia</strong></span> <span class='ocrx_word' id='word_1_281' title='bbox 2847 2431 3016 2484; x_wconf 83' lang='lat' dir='ltr'><strong>penes</strong></span> <span class='ocrx_word' id='word_1_282' title='bbox 3053 2429 3151 2469; x_wconf 89' lang='lat' dir='ltr'><strong>nos</strong></span> <span class='ocrx_word' id='word_1_283' title='bbox 3194 2413 3380 2484; x_wconf 82' lang='lat' dir='ltr'><strong>vigere</strong></span> <span class='ocrx_word' id='word_1_284' title='bbox 3415 2413 3722 2484; x_wconf 57' lang='lat' dir='ltr'><strong>comperimus</strong></span> 
     </span>
    </p>
   </div>
   <div class='ocr_carea' id='block_1_44' title="bbox 2208 2482 3724 2553">
    <p class='ocr_par' dir='ltr' id='par_1_44' title="bbox 2208 2482 3724 2553">
     <span class='ocr_line' id='line_1_45' title="bbox 2208 2482 3724 2553; baseline -0.002 -16"><span class='ocrx_word' id='word_1_285' title='bbox 2208 2482 2605 2553; x_wconf 79' lang='lat' dir='ltr'><strong>Bilurigensem</strong></span> <span class='ocrx_word' id='word_1_286' title='bbox 2639 2482 2956 2550; x_wconf 79' lang='lat' dir='ltr'><strong>ecclesiam,</strong></span> <span class='ocrx_word' id='word_1_287' title='bbox 2991 2500 3088 2540; x_wconf 89' lang='lat' dir='ltr'><strong>ceu</strong></span> <span class='ocrx_word' id='word_1_288' title='bbox 3118 2482 3324 2540; x_wconf 68' lang='lat' dir='ltr'><strong>sanctae</strong></span> <span class='ocrx_word' id='word_1_289' title='bbox 3360 2483 3640 2553; x_wconf 83' lang='lat' dir='ltr'><strong>paternitati</strong></span> <span class='ocrx_word' id='word_1_290' title='bbox 3663 2496 3724 2534; x_wconf 62' lang='lat' dir='ltr'><strong>reo</strong></span> 
     </span>
    </p>
   </div>
   <div class='ocr_carea' id='block_1_45' title="bbox 2209 2553 3724 2624">
    <p class='ocr_par' dir='ltr' id='par_1_45' title="bbox 2209 2553 3724 2624">
     <span class='ocr_line' id='line_1_46' title="bbox 2209 2553 3724 2624; baseline -0.003 -15"><span class='ocrx_word' id='word_1_291' title='bbox 2209 2562 2337 2609; x_wconf 73' lang='lat' dir='ltr'><strong>stne</strong></span> <span class='ocrx_word' id='word_1_292' title='bbox 2371 2553 2490 2609; x_wconf 87' lang='lat' dir='ltr'><strong>aliis</strong></span> <span class='ocrx_word' id='word_1_293' title='bbox 2521 2556 2713 2610; x_wconf 89' lang='lat' dir='ltr'><strong>litteris</strong></span> <span class='ocrx_word' id='word_1_294' title='bbox 2749 2555 3201 2624; x_wconf 81' lang='lat' dir='ltr'><strong>signiﬁcavimus,</strong></span> <span class='ocrx_word' id='word_1_295' title='bbox 3255 2555 3381 2624; x_wconf 88' lang='lat' dir='ltr'><strong>quia</strong></span> <span class='ocrx_word' id='word_1_296' title='bbox 3414 2555 3544 2624; x_wconf 88' lang='lat' dir='ltr'><strong>dare</strong></span> <span class='ocrx_word' id='word_1_297' title='bbox 3581 2553 3724 2620; x_wconf 77' lang='lat' dir='ltr'><strong>alisque</strong></span> 
     </span>
    </p>
   </div>
   <div class='ocr_carea' id='block_1_46' title="bbox 2211 2623 3725 2700">
    <p class='ocr_par' dir='ltr' id='par_1_46' title="bbox 2211 2623 3725 2700">
     <span class='ocr_line' id='line_1_47' title="bbox 2211 2623 3725 2700; baseline -0.003 -22"><span class='ocrx_word' id='word_1_298' title='bbox 2211 2625 2753 2700; x_wconf 29' lang='lat' dir='ltr'><strong>apostolatusuvestri</strong></span> <span class='ocrx_word' id='word_1_299' title='bbox 2783 2623 3234 2700; x_wconf 65' lang='lat' dir='ltr'><strong>determinatioue</strong></span> <span class='ocrx_word' id='word_1_300' title='bbox 3262 2623 3594 2700; x_wconf 79' lang='lat' dir='ltr'><strong>distulimus,</strong></span> <span class='ocrx_word' id='word_1_301' title='bbox 3624 2637 3725 2700; x_wconf 51' lang='lat' dir='ltr'><strong>cote:</strong></span> 
     </span>
    </p>
   </div>
   <div class='ocr_carea' id='block_1_47' title="bbox 2210 2691 3724 2752">
    <p class='ocr_par' dir='ltr' id='par_1_47' title="bbox 2210 2691 3724 2752">
     <span class='ocr_line' id='line_1_48' title="bbox 2210 2691 3724 2752; baseline -0.004 -4"><span class='ocrx_word' id='word_1_302' title='bbox 2210 2691 2467 2750; x_wconf 76' lang='lat' dir='ltr'><strong>niendare</strong></span> <span class='ocrx_word' id='word_1_303' title='bbox 2516 2696 2618 2752; x_wconf 88' lang='lat' dir='ltr'><strong>sibi</strong></span> <span class='ocrx_word' id='word_1_304' title='bbox 2665 2696 2908 2751; x_wconf 84' lang='lat' dir='ltr'><strong>eamdem</strong></span> <span class='ocrx_word' id='word_1_305' title='bbox 2958 2695 3256 2751; x_wconf 90' lang='lat' dir='ltr'><strong>Ecclesiam</strong></span> <span class='ocrx_word' id='word_1_306' title='bbox 3307 2711 3431 2751; x_wconf 90' lang='lat' dir='ltr'><strong>eum</strong></span> <span class='ocrx_word' id='word_1_307' title='bbox 3480 2695 3618 2747; x_wconf 85' lang='lat' dir='ltr'><strong>rebus</strong></span> <span class='ocrx_word' id='word_1_308' title='bbox 3657 2691 3724 2744; x_wconf 82' lang='lat' dir='ltr'><strong>sibi</strong></span> 
     </span>
    </p>
   </div>
   <div class='ocr_carea' id='block_1_48' title="bbox 2209 2763 3724 2836">
    <p class='ocr_par' dir='ltr' id='par_1_48' title="bbox 2209 2763 3724 2836">
     <span class='ocr_line' id='line_1_49' title="bbox 2209 2763 3724 2836; baseline -0.003 -17"><span class='ocrx_word' id='word_1_309' title='bbox 2209 2767 2606 2836; x_wconf 83' lang='lat' dir='ltr'><strong>pertinentibus</strong></span> <span class='ocrx_word' id='word_1_310' title='bbox 2638 2766 3091 2832; x_wconf 85' lang='lat' dir='ltr'><strong>acceleravimus,</strong></span> <span class='ocrx_word' id='word_1_311' title='bbox 3139 2767 3350 2822; x_wconf 90' lang='lat' dir='ltr'><strong>scilicet</strong></span> <span class='ocrx_word' id='word_1_312' title='bbox 3386 2775 3449 2836; x_wconf 89' lang='lat' dir='ltr'><strong>ut</strong></span> <span class='ocrx_word' id='word_1_313' title='bbox 3486 2765 3532 2818; x_wconf 92' lang='lat' dir='ltr'><strong>in</strong></span> <span class='ocrx_word' id='word_1_314' title='bbox 3569 2763 3724 2817; x_wconf 86' lang='lat' dir='ltr'><strong>destru-</strong></span> 
     </span>
    </p>
   </div>
   <div class='ocr_carea' id='block_1_49' title="bbox 2219 2835 3726 2902">
    <p class='ocr_par' dir='ltr' id='par_1_49' title="bbox 2219 2835 3726 2902">
     <span class='ocr_line' id='line_1_50' title="bbox 2219 2835 3726 2902; baseline -0.003 -13"><span class='ocrx_word' id='word_1_315' title='bbox 2219 2837 2396 2892; x_wconf 90' lang='lat' dir='ltr'><strong>ctione</strong></span> <span class='ocrx_word' id='word_1_316' title='bbox 2424 2851 2611 2892; x_wconf 88' lang='lat' dir='ltr'><strong>earum</strong></span> <span class='ocrx_word' id='word_1_317' title='bbox 2639 2853 2747 2892; x_wconf 90' lang='lat' dir='ltr'><strong>non</strong></span> <span class='ocrx_word' id='word_1_318' title='bbox 2791 2845 2997 2891; x_wconf 90' lang='lat' dir='ltr'><strong>tantum</strong></span> <span class='ocrx_word' id='word_1_319' title='bbox 3044 2837 3276 2894; x_wconf 81' lang='lat' dir='ltr'><strong>saeviens</strong></span> <span class='ocrx_word' id='word_1_320' title='bbox 3312 2835 3509 2891; x_wconf 83' lang='lat' dir='ltr'><strong>valeret</strong></span> <span class='ocrx_word' id='word_1_321' title='bbox 3532 2847 3726 2902; x_wconf 53' lang='lat' dir='ltr'><strong>quorum.</strong></span> 
     </span>
    </p>
   </div>
   <div class='ocr_carea' id='block_1_50' title="bbox 2210 2905 3724 3030">
    <p class='ocr_par' dir='ltr' id='par_1_50' title="bbox 2210 2905 3724 3030">
     <span class='ocr_line' id='line_1_51' title="bbox 2210 2905 3724 3030; baseline -0.003 -72"><span class='ocrx_word' id='word_1_322' title='bbox 2210 2905 2341 2961; x_wconf 88' lang='lat' dir='ltr'><strong>libet</strong></span> <span class='ocrx_word' id='word_1_323' title='bbox 2367 2923 2657 2977; x_wconf 90' lang='lat' dir='ltr'><strong>pravorum</strong></span> <span class='ocrx_word' id='word_1_324' title='bbox 2696 2907 2975 2974; x_wconf 88' lang='lat' dir='ltr'><strong>instantia,</strong></span> <span class='ocrx_word' id='word_1_325' title='bbox 3021 2909 3385 3030; x_wconf 59' lang='lat' dir='ltr'><strong>qumrcntium</strong></span> <span class='ocrx_word' id='word_1_326' title='bbox 3426 2905 3626 2973; x_wconf 85' lang='lat' dir='ltr'><strong>diripere</strong></span> <span class='ocrx_word' id='word_1_327' title='bbox 3651 2917 3724 2955; x_wconf 88' lang='lat' dir='ltr'><strong>non</strong></span> 
     </span>
     <span class='ocr_line' id='line_1_52' title="bbox 2210 2977 3723 3030; baseline -0.004 -1"><span class='ocrx_word' id='word_1_328' title='bbox 2210 2991 2327 3030; x_wconf 86' lang='lat' dir='ltr'><strong>sua.</strong></span> <span class='ocrx_word' id='word_1_329' title='bbox 2361 2987 2415 3030; x_wconf 84' lang='lat' dir='ltr'><strong>et</strong></span> <span class='ocrx_word' id='word_1_330' title='bbox 2440 2987 2654 3030; x_wconf 87' lang='lat' dir='ltr'><strong>vastare</strong></span> <span class='ocrx_word' id='word_1_331' title='bbox 2681 2979 2970 3030; x_wconf 87' lang='lat' dir='ltr'><strong>crudeliter</strong></span> <span class='ocrx_word' id='word_1_332' title='bbox 3000 2994 3029 3030; x_wconf 91' lang='lat' dir='ltr'><strong>a</strong></span> <span class='ocrx_word' id='word_1_333' title='bbox 3055 2979 3195 3030; x_wconf 89' lang='lat' dir='ltr'><strong>iena.</strong></span> <span class='ocrx_word' id='word_1_334' title='bbox 3231 2997 3249 3028; x_wconf 78' lang='grc' dir='ltr'><strong>ι</strong></span> <span class='ocrx_word' id='word_1_335' title='bbox 3308 2987 3413 3030; x_wconf 89' lang='lat' dir='ltr'><strong>etc.</strong></span> <span class='ocrx_word' id='word_1_336' title='bbox 3444 2977 3639 3029; x_wconf 75' lang='lat' dir='ltr'><strong>Excusat</strong></span> <span class='ocrx_word' id='word_1_337' title='bbox 3659 2987 3723 3024; x_wconf 84' lang='lat' dir='ltr'><strong>au-</strong></span> 
     </span>
    </p>
   </div>
   <div class='ocr_carea' id='block_1_51' title="bbox 2210 2977 3723 3041">
    <p class='ocr_par' dir='ltr' id='par_1_51' title="bbox 2210 2977 3723 3041">
     <span class='ocr_line' id='line_1_53' title="bbox 2210 2977 3723 3041; baseline -0.004 -12"><span class='ocrx_word' id='word_1_338' title='bbox 2210 2991 2327 3041; x_wconf 88' lang='lat' dir='ltr'><strong>sua,</strong></span> <span class='ocrx_word' id='word_1_339' title='bbox 2361 2987 2415 3031; x_wconf 89' lang='lat' dir='ltr'><strong>et</strong></span> <span class='ocrx_word' id='word_1_340' title='bbox 2440 2987 2654 3032; x_wconf 85' lang='lat' dir='ltr'><strong>vastare</strong></span> <span class='ocrx_word' id='word_1_341' title='bbox 2681 2979 2970 3033; x_wconf 88' lang='lat' dir='ltr'><strong>crudeliter</strong></span> <span class='ocrx_word' id='word_1_342' title='bbox 3000 2977 3195 3038; x_wconf 90' lang='lat' dir='ltr'><strong>aliena,</strong></span> <span class='ocrx_word' id='word_1_343' title='bbox 3231 2997 3249 3028; x_wconf 77' lang='grc' dir='ltr'><strong>ι</strong></span> <span class='ocrx_word' id='word_1_344' title='bbox 3308 2987 3413 3032; x_wconf 91' lang='lat' dir='ltr'><strong>etc.</strong></span> <span class='ocrx_word' id='word_1_345' title='bbox 3444 2977 3639 3029; x_wconf 52' lang='lat' dir='ltr'><strong>l‘lxcusat</strong></span> <span class='ocrx_word' id='word_1_346' title='bbox 3659 2987 3723 3024; x_wconf 85' lang='lat' dir='ltr'><strong>au-</strong></span> 
     </span>
    </p>
   </div>
   <div class='ocr_carea' id='block_1_52' title="bbox 2211 3045 3720 3117">
    <p class='ocr_par' dir='ltr' id='par_1_52' title="bbox 2211 3045 3720 3117">
     <span class='ocr_line' id='line_1_54' title="bbox 2211 3045 3720 3117; baseline -0.003 -17"><span class='ocrx_word' id='word_1_347' title='bbox 2211 3056 2318 3100; x_wconf 89' lang='lat' dir='ltr'><strong>tem</strong></span> <span class='ocrx_word' id='word_1_348' title='bbox 2359 3047 2568 3102; x_wconf 85' lang='lat' dir='ltr'><strong>Vulfadi</strong></span> <span class='ocrx_word' id='word_1_349' title='bbox 2600 3048 2992 3117; x_wconf 90' lang='lat' dir='ltr'><strong>promotionem</strong></span> <span class='ocrx_word' id='word_1_350' title='bbox 3040 3047 3404 3102; x_wconf 86' lang='lat' dir='ltr'><strong>acceleratain</strong></span> <span class='ocrx_word' id='word_1_351' title='bbox 3448 3045 3637 3100; x_wconf 81' lang='lat' dir='ltr'><strong>Carolus</strong></span> <span class='ocrx_word' id='word_1_352' title='bbox 3660 3057 3720 3094; x_wconf 84' lang='lat' dir='ltr'><strong>an.</strong></span> 
     </span>
    </p>
   </div>
   <div class='ocr_carea' id='block_1_53' title="bbox 2209 3118 3474 3189">
    <p class='ocr_par' dir='ltr' id='par_1_53' title="bbox 2209 3118 3474 3189">
     <span class='ocr_line' id='line_1_55' title="bbox 2209 3118 3474 3189; baseline 0 -19"><span class='ocrx_word' id='word_1_353' title='bbox 2209 3118 2334 3189; x_wconf 75' lang='lat'><strong>869,</strong></span> <span class='ocrx_word' id='word_1_354' title='bbox 2363 3127 2416 3171; x_wconf 90' lang='lat' dir='ltr'><strong>et</strong></span> <span class='ocrx_word' id='word_1_355' title='bbox 2445 3118 2663 3187; x_wconf 87' lang='lat' dir='ltr'><strong>pallium</strong></span> <span class='ocrx_word' id='word_1_356' title='bbox 2693 3119 3082 3189; x_wconf 88' lang='lat' dir='ltr'><strong>archiepiscopi</strong></span> <span class='ocrx_word' id='word_1_357' title='bbox 3104 3134 3201 3188; x_wconf 90' lang='lat' dir='ltr'><strong>pro</strong></span> <span class='ocrx_word' id='word_1_358' title='bbox 3227 3134 3295 3173; x_wconf 92' lang='lat' dir='ltr'><strong>eo</strong></span> <span class='ocrx_word' id='word_1_359' title='bbox 3320 3118 3474 3189; x_wconf 88' lang='lat' dir='ltr'><strong>petit.</strong></span> 
     </span>
    </p>
   </div>
   <div class='ocr_carea' id='block_1_54' title="bbox 2280 3185 3723 3258">
    <p class='ocr_par' dir='ltr' id='par_1_54' title="bbox 2280 3185 3723 3258">
     <span class='ocr_line' id='line_1_56' title="bbox 2280 3185 3723 3258; baseline 0.002 -17"><span class='ocrx_word' id='word_1_360' title='bbox 2280 3185 2622 3258; x_wconf 78' lang='lat' dir='ltr'><strong>Imperatoris</strong></span> <span class='ocrx_word' id='word_1_361' title='bbox 2674 3185 2927 3258; x_wconf 83' lang='lat' dir='ltr'><strong>precibus</strong></span> <span class='ocrx_word' id='word_1_362' title='bbox 2969 3185 3159 3244; x_wconf 76' lang='lat' dir='ltr'><strong>annuit</strong></span> <span class='ocrx_word' id='word_1_363' title='bbox 3197 3185 3468 3258; x_wconf 80' lang='lat' dir='ltr'><strong>Adrianus</strong></span> <span class='ocrx_word' id='word_1_364' title='bbox 3504 3185 3572 3250; x_wconf 89' lang='lat' dir='ltr'><strong>ll,</strong></span> <span class='ocrx_word' id='word_1_365' title='bbox 3609 3197 3723 3258; x_wconf 63' lang='lat' dir='ltr'><strong>papa.</strong></span> 
     </span>
    </p>
   </div>
   <div class='ocr_carea' id='block_1_55' title="bbox 2209 3253 3724 3328">
    <p class='ocr_par' dir='ltr' id='par_1_55' title="bbox 2209 3253 3724 3328">
     <span class='ocr_line' id='line_1_57' title="bbox 2209 3253 3724 3328; baseline -0.006 -16"><span class='ocrx_word' id='word_1_366' title='bbox 2209 3253 2375 3328; x_wconf 58' lang='lat' dir='ltr'><strong>epist:</strong></span> <span class='ocrx_word' id='word_1_367' title='bbox 2410 3276 2465 3313; x_wconf 80' lang='lat' dir='ltr'><strong>ix</strong></span> <span class='ocrx_word' id='word_1_368' title='bbox 2494 3260 2560 3311; x_wconf 83' lang='lat' dir='ltr'><strong>ad</strong></span> <span class='ocrx_word' id='word_1_369' title='bbox 2587 3253 2848 3328; x_wconf 78' lang='lat' dir='ltr'><strong>synodum</strong></span> <span class='ocrx_word' id='word_1_370' title='bbox 2901 3259 3266 3316; x_wconf 82' lang='lat' dir='ltr'><strong>Tricassinam</strong></span> <span class='ocrx_word' id='word_1_371' title='bbox 3299 3275 3352 3313; x_wconf 85' lang='lat' dir='ltr'><strong>iv</strong></span> <span class='ocrx_word' id='word_1_372' title='bbox 3375 3299 3388 3322; x_wconf 94' lang='lat'><strong>,</strong></span> <span class='ocrx_word' id='word_1_373' title='bbox 3428 3257 3584 3311; x_wconf 84' lang='lat' dir='ltr'><strong>Nonas</strong></span> <span class='ocrx_word' id='word_1_374' title='bbox 3613 3253 3724 3308; x_wconf 77' lang='lat' dir='ltr'><strong>Febr.</strong></span> 
     </span>
    </p>
   </div>
   <div class='ocr_carea' id='block_1_56' title="bbox 2215 3328 3724 3398">
    <p class='ocr_par' dir='ltr' id='par_1_56' title="bbox 2215 3328 3724 3398">
     <span class='ocr_line' id='line_1_58' title="bbox 2215 3328 3724 3398; baseline -0.007 -14"><span class='ocrx_word' id='word_1_375' title='bbox 2215 3329 2337 3394; x_wconf 88' lang='lat'><strong>868,</strong></span> <span class='ocrx_word' id='word_1_376' title='bbox 2367 3345 2472 3398; x_wconf 87' lang='lat' dir='ltr'><strong>qua</strong></span> <span class='ocrx_word' id='word_1_377' title='bbox 2502 3328 2733 3384; x_wconf 74' lang='lat' dir='ltr'><strong>Vulfado</strong></span> <span class='ocrx_word' id='word_1_378' title='bbox 2777 3330 3004 3384; x_wconf 81' lang='lat' dir='ltr'><strong>antistiti</strong></span> <span class='ocrx_word' id='word_1_379' title='bbox 3049 3329 3349 3384; x_wconf 89' lang='lat' dir='ltr'><strong>secundum</strong></span> <span class='ocrx_word' id='word_1_380' title='bbox 3399 3329 3604 3397; x_wconf 88' lang='lat' dir='ltr'><strong>priorem</strong></span> <span class='ocrx_word' id='word_1_381' title='bbox 3639 3338 3724 3398; x_wconf 76' lang='lat' dir='ltr'><strong>con-</strong></span> 
     </span>
    </p>
   </div>
   <div class='ocr_carea' id='block_1_57' title="bbox 2217 3393 3724 3471">
    <p class='ocr_par' dir='ltr' id='par_1_57' title="bbox 2217 3393 3724 3471">
     <span class='ocr_line' id='line_1_59' title="bbox 2217 3393 3724 3471; baseline -0.003 -19"><span class='ocrx_word' id='word_1_382' title='bbox 2217 3393 2575 3471; x_wconf 75' lang='lat' dir='ltr'><strong>suetudinem,</strong></span> <span class='ocrx_word' id='word_1_383' title='bbox 2604 3417 2758 3455; x_wconf 86' lang='lat' dir='ltr'><strong>usum</strong></span> <span class='ocrx_word' id='word_1_384' title='bbox 2788 3399 2952 3470; x_wconf 87' lang='lat' dir='ltr'><strong>pallii,</strong></span> <span class='ocrx_word' id='word_1_385' title='bbox 3001 3401 3066 3454; x_wconf 91' lang='lat' dir='ltr'><strong>ad</strong></span> <span class='ocrx_word' id='word_1_386' title='bbox 3096 3399 3315 3471; x_wconf 82' lang='lat' dir='ltr'><strong>genium</strong></span> <span class='ocrx_word' id='word_1_387' title='bbox 3343 3393 3573 3471; x_wconf 61' lang='lat' dir='ltr'><strong>etdecus</strong></span> <span class='ocrx_word' id='word_1_388' title='bbox 3606 3393 3724 3448; x_wconf 60' lang='lat' dir='ltr'><strong>eode</strong></span> 
     </span>
    </p>
   </div>
   <div class='ocr_carea' id='block_1_58' title="bbox 2217 3468 3724 3539">
    <p class='ocr_par' dir='ltr' id='par_1_58' title="bbox 2217 3468 3724 3539">
     <span class='ocr_line' id='line_1_60' title="bbox 2217 3468 3724 3539; baseline -0.003 -15"><span class='ocrx_word' id='word_1_389' title='bbox 2217 3470 2310 3524; x_wconf 67' lang='lat' dir='ltr'><strong>sia:</strong></span> <span class='ocrx_word' id='word_1_390' title='bbox 2356 3469 2456 3524; x_wconf 89' lang='lat' dir='ltr'><strong>sibi</strong></span> <span class='ocrx_word' id='word_1_391' title='bbox 2497 3468 2822 3534; x_wconf 62' lang='lat' dir='ltr'><strong>commissae,</strong></span> <span class='ocrx_word' id='word_1_392' title='bbox 2872 3468 3176 3535; x_wconf 71' lang='lat' dir='ltr'><strong>concessit;</strong></span> <span class='ocrx_word' id='word_1_393' title='bbox 3238 3471 3416 3539; x_wconf 90' lang='lat' dir='ltr'><strong>primo</strong></span> <span class='ocrx_word' id='word_1_394' title='bbox 3460 3468 3724 3539; x_wconf 73' lang='lat' dir='ltr'><strong>episcopatus</strong></span> 
     </span>
    </p>
   </div>
   <div class='ocr_carea' id='block_1_59' title="bbox 2217 3538 3720 3606">
    <p class='ocr_par' dir='ltr' id='par_1_59' title="bbox 2217 3538 3720 3606">
     <span class='ocr_line' id='line_1_61' title="bbox 2217 3538 3720 3606; baseline -0.003 -13"><span class='ocrx_word' id='word_1_395' title='bbox 2217 3556 2380 3606; x_wconf 89' lang='lat' dir='ltr'><strong>anno,</strong></span> <span class='ocrx_word' id='word_1_396' title='bbox 2407 3539 2697 3596; x_wconf 86' lang='lat' dir='ltr'><strong>indictione</strong></span> <span class='ocrx_word' id='word_1_397' title='bbox 2723 3541 2812 3606; x_wconf 73' lang='lat' dir='ltr'><strong>H,</strong></span> <span class='ocrx_word' id='word_1_398' title='bbox 2844 3541 2991 3606; x_wconf 77' lang='lat' dir='ltr'><strong>regni</strong></span> <span class='ocrx_word' id='word_1_399' title='bbox 3020 3541 3200 3594; x_wconf 81' lang='lat' dir='ltr'><strong>Karoli</strong></span> <span class='ocrx_word' id='word_1_400' title='bbox 3219 3538 3314 3606; x_wconf 70' lang='grc'>26,</span> <span class='ocrx_word' id='word_1_401' title='bbox 3334 3538 3720 3606; x_wconf 73' lang='lat' dir='ltr'><strong>subscripsitcnm</strong></span> 
     </span>
    </p>
   </div>
   <div class='ocr_carea' id='block_1_60' title="bbox 2221 3604 3723 3681">
    <p class='ocr_par' dir='ltr' id='par_1_60' title="bbox 2221 3604 3723 3681">
     <span class='ocr_line' id='line_1_62' title="bbox 2221 3604 3723 3681; baseline -0.006 -18"><span class='ocrx_word' id='word_1_402' title='bbox 2221 3610 2341 3665; x_wconf 88' lang='lat' dir='ltr'><strong>aliis</strong></span> <span class='ocrx_word' id='word_1_403' title='bbox 2366 3604 2660 3665; x_wconf 82' lang='lat' dir='ltr'><strong>Galliarum</strong></span> <span class='ocrx_word' id='word_1_404' title='bbox 2690 3604 3004 3679; x_wconf 76' lang='lat' dir='ltr'><strong>praesulibus</strong></span> <span class='ocrx_word' id='word_1_405' title='bbox 3031 3604 3315 3681; x_wconf 83' lang='lat' dir='ltr'><strong>privilegio</strong></span> <span class='ocrx_word' id='word_1_406' title='bbox 3345 3627 3374 3663; x_wconf 90' lang='lat' dir='ltr'><strong>a</strong></span> <span class='ocrx_word' id='word_1_407' title='bbox 3403 3604 3723 3681; x_wconf 60' lang='lat' dir='ltr'><strong>synodoﬁues-</strong></span> 
     </span>
    </p>
   </div>
   <div class='ocr_carea' id='block_1_61' title="bbox 2221 3675 3724 3747">
    <p class='ocr_par' dir='ltr' id='par_1_61' title="bbox 2221 3675 3724 3747">
     <span class='ocr_line' id='line_1_63' title="bbox 2221 3675 3724 3747; baseline -0.005 -13"><span class='ocrx_word' id='word_1_408' title='bbox 2221 3681 2425 3735; x_wconf 89' lang='lat' dir='ltr'><strong>sionica</strong></span> <span class='ocrx_word' id='word_1_409' title='bbox 2447 3681 2659 3747; x_wconf 89' lang='lat' dir='ltr'><strong>collato,</strong></span> <span class='ocrx_word' id='word_1_410' title='bbox 2692 3675 3138 3736; x_wconf 82' lang='lat' dir='ltr'><strong>Solleinniacénsi</strong></span> <span class='ocrx_word' id='word_1_411' title='bbox 3170 3675 3494 3736; x_wconf 67' lang='lat' dir='ltr'><strong>monasterio</strong></span> <span class='ocrx_word' id='word_1_412' title='bbox 3521 3679 3566 3732; x_wconf 91' lang='lat' dir='ltr'><strong>in</strong></span> <span class='ocrx_word' id='word_1_413' title='bbox 3590 3675 3724 3730; x_wconf 83' lang='lat' dir='ltr'><strong>Lemo-</strong></span> 
     </span>
    </p>
   </div>
   <div class='ocr_carea' id='block_1_62' title="bbox 2218 3747 3722 3822">
    <p class='ocr_par' dir='ltr' id='par_1_62' title="bbox 2218 3747 3722 3822">
     <span class='ocr_line' id='line_1_64' title="bbox 2218 3747 3722 3822; baseline -0.001 -20"><span class='ocrx_word' id='word_1_414' title='bbox 2218 3751 2447 3822; x_wconf 84' lang='lat' dir='ltr'><strong>vicibus,</strong></span> <span class='ocrx_word' id='word_1_415' title='bbox 2496 3753 2587 3806; x_wconf 89' lang='lat' dir='ltr'><strong>ubi</strong></span> <span class='ocrx_word' id='word_1_416' title='bbox 2643 3753 2699 3806; x_wconf 93' lang='lat' dir='ltr'><strong>S.</strong></span> <span class='ocrx_word' id='word_1_417' title='bbox 2756 3753 3066 3822; x_wconf 86' lang='lat' dir='ltr'><strong>metropolis</strong></span> <span class='ocrx_word' id='word_1_418' title='bbox 3112 3751 3464 3822; x_wconf 89' lang='lat' dir='ltr'><strong>Bituricensis</strong></span> <span class='ocrx_word' id='word_1_419' title='bbox 3511 3747 3722 3813; x_wconf 72' lang='lat' dir='ltr'><strong>indignum</strong></span> 
     </span>
    </p>
   </div>
   <div class='ocr_carea' id='block_1_63' title="bbox 2217 3821 3723 3892">
    <p class='ocr_par' dir='ltr' id='par_1_63' title="bbox 2217 3821 3723 3892">
     <span class='ocr_line' id='line_1_65' title="bbox 2217 3821 3723 3892; baseline -0.016 -1"><span class='ocrx_word' id='word_1_420' title='bbox 2217 3821 2526 3892; x_wconf 59' lang='lat' dir='ltr'><strong>9l3iSCOPtIm</strong></span> <span class='ocrx_word' id='word_1_421' title='bbox 2576 3839 2636 3878; x_wconf 85' lang='lat' dir='ltr'><strong>se</strong></span> <span class='ocrx_word' id='word_1_422' title='bbox 2687 3821 2979 3891; x_wconf 76' lang='lat' dir='ltr'><strong>nuncupat.</strong></span> <span class='ocrx_word' id='word_1_423' title='bbox 3041 3822 3192 3878; x_wconf 91' lang='lat' dir='ltr'><strong>Diem</strong></span> <span class='ocrx_word' id='word_1_424' title='bbox 3246 3821 3441 3892; x_wconf 72' lang='lat' dir='ltr'><strong>clausit</strong></span> <span class='ocrx_word' id='word_1_425' title='bbox 3489 3825 3723 3892; x_wconf 70' lang='lat' dir='ltr'><strong>extremum</strong></span> 
     </span>
    </p>
   </div>
   <div class='ocr_carea' id='block_1_64' title="bbox 2217 3883 3722 3965">
    <p class='ocr_par' dir='ltr' id='par_1_64' title="bbox 2217 3883 3722 3965">
     <span class='ocr_line' id='line_1_66' title="bbox 2217 3883 3722 3965; baseline -0.006 -20"><span class='ocrx_word' id='word_1_426' title='bbox 2217 3883 2442 3965; x_wconf 77' lang='lat' dir='ltr'><strong>Kalend.</strong></span> <span class='ocrx_word' id='word_1_427' title='bbox 2488 3893 2686 3962; x_wconf 84' lang='lat' dir='ltr'><strong>Aprilis</strong></span> <span class='ocrx_word' id='word_1_428' title='bbox 2717 3909 2807 3948; x_wconf 86' lang='lat' dir='ltr'><strong>an.</strong></span> <span class='ocrx_word' id='word_1_429' title='bbox 2853 3883 3001 3965; x_wconf 61' lang='lat'><strong>876_,</strong></span> <span class='ocrx_word' id='word_1_430' title='bbox 3035 3907 3229 3962; x_wconf 89' lang='lat' dir='ltr'><strong>corpus</strong></span> <span class='ocrx_word' id='word_1_431' title='bbox 3257 3891 3534 3963; x_wconf 71' lang='lat' dir='ltr'><strong>sepulturzc</strong></span> <span class='ocrx_word' id='word_1_432' title='bbox 3562 3883 3722 3965; x_wconf 49' lang='lat' dir='ltr'><strong>manda:</strong></span> 
     </span>
    </p>
   </div>
   <div class='ocr_carea' id='block_1_65' title="bbox 2217 3956 3720 4029">
    <p class='ocr_par' dir='ltr' id='par_1_65' title="bbox 2217 3956 3720 4029">
     <span class='ocr_line' id='line_1_67' title="bbox 2217 3956 3720 4029; baseline -0.006 -13"><span class='ocrx_word' id='word_1_433' title='bbox 2217 3971 2331 4016; x_wconf 89' lang='lat' dir='ltr'><strong>tum</strong></span> <span class='ocrx_word' id='word_1_434' title='bbox 2377 3964 2431 4016; x_wconf 92' lang='lat' dir='ltr'><strong>in</strong></span> <span class='ocrx_word' id='word_1_435' title='bbox 2479 3956 2811 4019; x_wconf 76' lang='lat' dir='ltr'><strong>monasterio</strong></span> <span class='ocrx_word' id='word_1_436' title='bbox 2855 3961 2913 4017; x_wconf 91' lang='lat' dir='ltr'><strong>S.</strong></span> <span class='ocrx_word' id='word_1_437' title='bbox 2965 3956 3241 4018; x_wconf 74' lang='lat' dir='ltr'><strong>Laurentii</strong></span> <span class='ocrx_word' id='word_1_438' title='bbox 3268 4005 3284 4029; x_wconf 95' lang='lat'><strong>,</strong></span> <span class='ocrx_word' id='word_1_439' title='bbox 3321 3956 3449 4018; x_wconf 54' lang='lat' dir='ltr'><strong>&#39;cum</strong></span> <span class='ocrx_word' id='word_1_440' title='bbox 3489 3956 3720 4029; x_wconf 72' lang='lat' dir='ltr'><strong>prchuissel</strong></span> 
     </span>
    </p>
   </div>
   <div class='ocr_carea' id='block_1_66' title="bbox 2217 4033 2611 4089">
    <p class='ocr_par' dir='ltr' id='par_1_66' title="bbox 2217 4033 2611 4089">
     <span class='ocr_line' id='line_1_68' title="bbox 2217 4033 2611 4089; baseline -0.003 -2"><span class='ocrx_word' id='word_1_441' title='bbox 2217 4033 2375 4088; x_wconf 82' lang='lat' dir='ltr'><strong>annis</strong></span> <span class='ocrx_word' id='word_1_442' title='bbox 2402 4033 2611 4089; x_wconf 87' lang='lat' dir='ltr'><strong>decem.</strong></span> 
     </span>
    </p>
   </div>
   <div class='ocr_carea' id='block_1_67' title="bbox 542 4191 3717 4221">
    <p class='ocr_par' dir='ltr' id='par_1_67' title="bbox 542 4191 3717 4221">
     <span class='ocr_line' id='line_1_69' title="bbox 542 4191 3717 4221; baseline -0.002 -13"><span class='ocrx_word' id='word_1_443' title='bbox 542 4191 3717 4221; x_wconf 75' lang='lat'><strong>.__________________________________________.</strong></span> 
     </span>
    </p>
   </div>
   <div class='ocr_carea' id='block_1_68' title="bbox 1513 4311 2843 4416">
    <p class='ocr_par' dir='ltr' id='par_1_68' title="bbox 1513 4311 2843 4416">
     <span class='ocr_line' id='line_1_70' title="bbox 1513 4311 2843 4416; baseline 0.005 -42"><span class='ocrx_word' id='word_1_444' title='bbox 1513 4311 1859 4416; x_wconf 62' lang='lat' dir='ltr'><strong>VULFADI</strong></span> <span class='ocrx_word' id='word_1_445' title='bbox 1901 4312 2444 4379; x_wconf 85' lang='lat' dir='ltr'><strong>BITURICENSIS</strong></span> <span class='ocrx_word' id='word_1_446' title='bbox 2485 4315 2843 4394; x_wconf 85' lang='lat' dir='ltr'><strong>EPISCOPI</strong></span> 
     </span>
    </p>
   </div>
   <div class='ocr_carea' id='block_1_69' title="bbox 1343 4436 3012 4594">
    <p class='ocr_par' dir='ltr' id='par_1_69' title="bbox 1343 4436 3012 4594">
     <span class='ocr_line' id='line_1_71' title="bbox 1343 4436 3012 4594; baseline 0.002 -4"><span class='ocrx_word' id='word_1_447' title='bbox 1343 4466 2032 4591; x_wconf 86' lang='lat' dir='ltr'><strong>EPISTOLA</strong></span> <span class='ocrx_word' id='word_1_448' title='bbox 2145 4436 3012 4594; x_wconf 84' lang='lat' dir='ltr'><strong>PASTORALIS</strong></span> 
     </span>
    </p>
   </div>
   <div class='ocr_carea' id='block_1_70' title="bbox 1489 4679 2866 4740">
    <p class='ocr_par' dir='ltr' id='par_1_70' title="bbox 1489 4679 2866 4740">
     <span class='ocr_line' id='line_1_72' title="bbox 1489 4679 2866 4740; baseline 0.001 -3"><span class='ocrx_word' id='word_1_449' title='bbox 1489 4681 1581 4738; x_wconf 81' lang='lat' dir='ltr'><strong>AD</strong></span> <span class='ocrx_word' id='word_1_450' title='bbox 1617 4679 1984 4738; x_wconf 81' lang='lat' dir='ltr'><strong>PAROCHOS</strong></span> <span class='ocrx_word' id='word_1_451' title='bbox 2023 4680 2112 4736; x_wconf 91' lang='lat' dir='ltr'><strong>ET</strong></span> <span class='ocrx_word' id='word_1_452' title='bbox 2148 4679 2632 4738; x_wconf 80' lang='lat' dir='ltr'><strong>PAROCHIANOS</strong></span> <span class='ocrx_word' id='word_1_453' title='bbox 2667 4682 2866 4740; x_wconf 91' lang='lat' dir='ltr'><strong>SUOS.</strong></span> 
     </span>
    </p>
   </div>
   <div class='ocr_carea' id='block_1_71' title="bbox 1821 4818 2486 4901">
    <p class='ocr_par' dir='ltr' id='par_1_71' title="bbox 1821 4818 2486 4901">
     <span class='ocr_line' id='line_1_73' title="bbox 1821 4818 2486 4901; baseline -0.005 -19"><span class='ocrx_word' id='word_1_454' title='bbox 1821 4820 2023 4901; x_wconf 82' lang='lat' dir='ltr'><strong>(Circa</strong></span> <span class='ocrx_word' id='word_1_455' title='bbox 2053 4836 2294 4882; x_wconf 85' lang='lat' dir='ltr'><strong>annum</strong></span> <span class='ocrx_word' id='word_1_456' title='bbox 2319 4818 2486 4900; x_wconf 83' lang='lat'><strong>870.)</strong></span> 
     </span>
    </p>
   </div>
   <div class='ocr_carea' id='block_1_72' title="bbox 1677 4958 2664 5032">
    <p class='ocr_par' dir='ltr' id='par_1_72' title="bbox 1677 4958 2664 5032">
     <span class='ocr_line' id='line_1_74' title="bbox 1677 4958 2664 5032; baseline 0.005 -24"><span class='ocrx_word' id='word_1_457' title='bbox 1677 4958 1839 5023; x_wconf 77' lang='lat' dir='ltr'><strong>(Apud</strong></span> <span class='ocrx_word' id='word_1_458' title='bbox 1875 4958 2080 5019; x_wconf 76' lang='lat' dir='ltr'><strong>Mablll.,</strong></span> <span class='ocrx_word' id='word_1_459' title='bbox 2106 4958 2504 5032; x_wconf 56' lang='lat' dir='ltr'><strong>Analectafpag.</strong></span> <span class='ocrx_word' id='word_1_460' title='bbox 2531 4960 2664 5026; x_wconf 82' lang='grc'><strong>100.)</strong></span> 
     </span>
    </p>
   </div>
   <div class='ocr_carea' id='block_1_73' title="bbox 603 5164 3712 5243">
    <p class='ocr_par' dir='ltr' id='par_1_73' title="bbox 603 5164 3712 5243">
     <span class='ocr_line' id='line_1_75' title="bbox 603 5164 3712 5243; baseline -0.001 -23"><span class='ocrx_word' id='word_1_461' title='bbox 603 5164 894 5232; x_wconf 75' lang='lat' dir='ltr'><strong>Vulfadus,</strong></span> <span class='ocrx_word' id='word_1_462' title='bbox 939 5166 1040 5221; x_wconf 92' lang='lat' dir='ltr'><strong>etsi</strong></span> <span class='ocrx_word' id='word_1_463' title='bbox 1081 5165 1333 5237; x_wconf 77' lang='lat' dir='ltr'><strong>indignus</strong></span> <span class='ocrx_word' id='word_1_464' title='bbox 1389 5174 1551 5236; x_wconf 89' lang='lat' dir='ltr'><strong>atque</strong></span> <span class='ocrx_word' id='word_1_465' title='bbox 1595 5177 1849 5236; x_wconf 88' lang='lat' dir='ltr'><strong>peccator</strong></span> <span class='ocrx_word' id='word_1_466' title='bbox 1872 5210 1888 5236; x_wconf 96' lang='lat'><strong>,</strong></span> <span class='ocrx_word' id='word_1_467' title='bbox 1941 5171 2114 5241; x_wconf 86' lang='lat' dir='ltr'><strong>gratia</strong></span> <span class='ocrx_word' id='word_1_468' title='bbox 2141 5176 2186 5237; x_wconf 87' lang='lat' dir='ltr'><strong><em>C</em></strong></span> <span class='ocrx_word' id='word_1_469' title='bbox 2219 5180 2273 5227; x_wconf 92' lang='lat' dir='ltr'><strong>et</strong></span> <span class='ocrx_word' id='word_1_470' title='bbox 2302 5172 2668 5232; x_wconf 88' lang='lat' dir='ltr'><strong>obsecramus,</strong></span> <span class='ocrx_word' id='word_1_471' title='bbox 2695 5175 2754 5222; x_wconf 93' lang='lat' dir='ltr'><strong>ut</strong></span> <span class='ocrx_word' id='word_1_472' title='bbox 2774 5167 2829 5223; x_wconf 90' lang='lat' dir='ltr'><strong>in</strong></span> <span class='ocrx_word' id='word_1_473' title='bbox 2861 5168 2948 5224; x_wconf 85' lang='lat' dir='ltr'><strong>bis</strong></span> <span class='ocrx_word' id='word_1_474' title='bbox 2972 5182 3096 5240; x_wconf 67' lang='lat' dir='ltr'><strong>quae</strong></span> <span class='ocrx_word' id='word_1_475' title='bbox 3115 5169 3185 5226; x_wconf 83' lang='lat' dir='ltr'><strong>ad</strong></span> <span class='ocrx_word' id='word_1_476' title='bbox 3216 5166 3518 5243; x_wconf 86' lang='lat' dir='ltr'><strong>mysterium</strong></span> <span class='ocrx_word' id='word_1_477' title='bbox 3533 5171 3712 5221; x_wconf 73' lang='lat' dir='ltr'><strong>vestrum</strong></span> 
     </span>
    </p>
   </div>
   <div class='ocr_carea' id='block_1_74' title="bbox 533 5256 2109 5334">
    <p class='ocr_par' dir='ltr' id='par_1_74' title="bbox 533 5256 2109 5334">
     <span class='ocr_line' id='line_1_76' title="bbox 533 5256 2109 5334; baseline 0.003 -21"><span class='ocrx_word' id='word_1_478' title='bbox 533 5269 712 5313; x_wconf 88' lang='lat' dir='ltr'><strong>tamen</strong></span> <span class='ocrx_word' id='word_1_479' title='bbox 742 5256 836 5310; x_wconf 89' lang='lat' dir='ltr'><strong>Dei</strong></span> <span class='ocrx_word' id='word_1_480' title='bbox 872 5267 1070 5312; x_wconf 57' lang='lat' dir='ltr'><strong>sancta</strong></span> <span class='ocrx_word' id='word_1_481' title='bbox 1095 5257 1288 5313; x_wconf 88' lang='lat' dir='ltr'><strong>matris</strong></span> <span class='ocrx_word' id='word_1_482' title='bbox 1319 5256 1677 5328; x_wconf 80' lang='lat' dir='ltr'><strong>Biturigensis</strong></span> <span class='ocrx_word' id='word_1_483' title='bbox 1706 5258 1967 5316; x_wconf 69' lang='lat' dir='ltr'><strong>Ecclesia:</strong></span> <span class='ocrx_word' id='word_1_484' title='bbox 1990 5263 2109 5334; x_wconf 90' lang='lat' dir='ltr'><strong>epi-</strong></span> 
     </span>
    </p>
   </div>
   <div class='ocr_carea' id='block_1_75' title="bbox 530 5345 2108 5424">
    <p class='ocr_par' dir='ltr' id='par_1_75' title="bbox 530 5345 2108 5424">
     <span class='ocr_line' id='line_1_77' title="bbox 530 5345 2108 5424; baseline 0.001 -16"><span class='ocrx_word' id='word_1_485' title='bbox 530 5367 747 5424; x_wconf 87' lang='lat' dir='ltr'><strong>scopus,</strong></span> <span class='ocrx_word' id='word_1_486' title='bbox 785 5349 1032 5405; x_wconf 89' lang='lat' dir='ltr'><strong>omnibus</strong></span> <span class='ocrx_word' id='word_1_487' title='bbox 1080 5351 1560 5407; x_wconf 89' lang='lat' dir='ltr'><strong>consacerdotibus</strong></span> <span class='ocrx_word' id='word_1_488' title='bbox 1605 5361 1660 5408; x_wconf 93' lang='lat' dir='ltr'><strong>et</strong></span> <span class='ocrx_word' id='word_1_489' title='bbox 1694 5345 2108 5422; x_wconf 43' lang='lat' dir='ltr'><strong>&#39;comministris,</strong></span> 
     </span>
    </p>
   </div>
   <div class='ocr_carea' id='block_1_76' title="bbox 529 5443 2110 5515">
    <p class='ocr_par' dir='ltr' id='par_1_76' title="bbox 529 5443 2110 5515">
     <span class='ocr_line' id='line_1_78' title="bbox 529 5443 2110 5515; baseline 0.001 -14"><span class='ocrx_word' id='word_1_490' title='bbox 529 5461 738 5502; x_wconf 90' lang='lat' dir='ltr'><strong>necnon</strong></span> <span class='ocrx_word' id='word_1_491' title='bbox 781 5443 1053 5500; x_wconf 87' lang='lat' dir='ltr'><strong>universis</strong></span> <span class='ocrx_word' id='word_1_492' title='bbox 1079 5444 1337 5502; x_wconf 67' lang='lat' dir='ltr'><strong>Ecclesiae</strong></span> <span class='ocrx_word' id='word_1_493' title='bbox 1370 5446 1500 5501; x_wconf 89' lang='lat' dir='ltr'><strong>mihi</strong></span> <span class='ocrx_word' id='word_1_494' title='bbox 1530 5447 1833 5503; x_wconf 66' lang='lat' dir='ltr'><strong>commissae</strong></span> <span class='ocrx_word' id='word_1_495' title='bbox 1868 5447 2022 5515; x_wconf 84' lang='lat' dir='ltr'><strong>ﬁliis,</strong></span> <span class='ocrx_word' id='word_1_496' title='bbox 2054 5448 2110 5502; x_wconf 92' lang='lat' dir='ltr'><strong>in</strong></span> 
     </span>
    </p>
   </div>
   <div class='ocr_carea' id='block_1_77' title="bbox 530 5537 2112 5608">
    <p class='ocr_par' dir='ltr' id='par_1_77' title="bbox 530 5537 2112 5608">
     <span class='ocr_line' id='line_1_79' title="bbox 530 5537 2112 5608; baseline -0.002 -13"><span class='ocrx_word' id='word_1_497' title='bbox 530 5540 758 5596; x_wconf 90' lang='lat' dir='ltr'><strong>Domino</strong></span> <span class='ocrx_word' id='word_1_498' title='bbox 795 5537 1050 5594; x_wconf 86' lang='lat' dir='ltr'><strong>salutem.</strong></span> <span class='ocrx_word' id='word_1_499' title='bbox 1093 5537 1318 5594; x_wconf 90' lang='lat' dir='ltr'><strong>Solliciti</strong></span> <span class='ocrx_word' id='word_1_500' title='bbox 1351 5552 1589 5608; x_wconf 88' lang='lat' dir='ltr'><strong>semper,</strong></span> <span class='ocrx_word' id='word_1_501' title='bbox 1635 5539 1968 5596; x_wconf 92' lang='lat' dir='ltr'><strong>dilectissimi</strong></span> <span class='ocrx_word' id='word_1_502' title='bbox 2003 5538 2112 5592; x_wconf 80' lang='lat' dir='ltr'><strong>fra-</strong></span> 
     </span>
    </p>
   </div>
   <div class='ocr_carea' id='block_1_78' title="bbox 529 5621 2112 5698">
    <p class='ocr_par' dir='ltr' id='par_1_78' title="bbox 529 5621 2112 5698">
     <span class='ocr_line' id='line_1_80' title="bbox 529 5621 2112 5698; baseline -0.001 -12"><span class='ocrx_word' id='word_1_503' title='bbox 529 5641 674 5698; x_wconf 86' lang='lat' dir='ltr'><strong>tres,</strong></span> <span class='ocrx_word' id='word_1_504' title='bbox 702 5632 767 5688; x_wconf 89' lang='lat' dir='ltr'><strong>de</strong></span> <span class='ocrx_word' id='word_1_505' title='bbox 795 5631 968 5687; x_wconf 85' lang='lat' dir='ltr'><strong>salute</strong></span> <span class='ocrx_word' id='word_1_506' title='bbox 987 5636 1170 5685; x_wconf 85' lang='lat' dir='ltr'><strong>vestra</strong></span> <span class='ocrx_word' id='word_1_507' title='bbox 1199 5637 1252 5683; x_wconf 86' lang='lat' dir='ltr'><strong>et</strong></span> <span class='ocrx_word' id='word_1_508' title='bbox 1275 5628 1341 5683; x_wconf 90' lang='lat' dir='ltr'><strong>de</strong></span> <span class='ocrx_word' id='word_1_509' title='bbox 1368 5621 1538 5698; x_wconf 80' lang='lat' dir='ltr'><strong>pretio</strong></span> <span class='ocrx_word' id='word_1_510' title='bbox 1571 5628 1874 5684; x_wconf 87' lang='lat' dir='ltr'><strong>animarum</strong></span> <span class='ocrx_word' id='word_1_511' title='bbox 1901 5639 2112 5685; x_wconf 88' lang='lat' dir='ltr'><strong>vestra-</strong></span> 
     </span>
    </p>
   </div>
   <div class='ocr_carea' id='block_1_79' title="bbox 526 5721 2108 5793">
    <p class='ocr_par' dir='ltr' id='par_1_79' title="bbox 526 5721 2108 5793">
     <span class='ocr_line' id='line_1_81' title="bbox 526 5721 2108 5793; baseline -0.003 -15"><span class='ocrx_word' id='word_1_512' title='bbox 526 5739 672 5788; x_wconf 86' lang='lat' dir='ltr'><strong>rum,</strong></span> <span class='ocrx_word' id='word_1_513' title='bbox 702 5724 794 5793; x_wconf 91' lang='lat' dir='ltr'><strong>qui</strong></span> <span class='ocrx_word' id='word_1_514' title='bbox 823 5723 877 5778; x_wconf 91' lang='lat' dir='ltr'><strong>in</strong></span> <span class='ocrx_word' id='word_1_515' title='bbox 901 5721 1143 5779; x_wconf 87' lang='lat' dir='ltr'><strong>Ecclesia</strong></span> <span class='ocrx_word' id='word_1_516' title='bbox 1178 5728 1422 5790; x_wconf 88' lang='lat' dir='ltr'><strong>pastores</strong></span> <span class='ocrx_word' id='word_1_517' title='bbox 1464 5721 1752 5785; x_wconf 81' lang='lat' dir='ltr'><strong>vocamini,</strong></span> <span class='ocrx_word' id='word_1_518' title='bbox 1800 5730 1854 5775; x_wconf 92' lang='lat' dir='ltr'><strong>et</strong></span> <span class='ocrx_word' id='word_1_519' title='bbox 1892 5737 2108 5792; x_wconf 83' lang='lat' dir='ltr'><strong>gregem</strong></span> 
     </span>
    </p>
   </div>
   <div class='ocr_carea' id='block_1_80' title="bbox 525 5813 2104 5886">
    <p class='ocr_par' dir='ltr' id='par_1_80' title="bbox 525 5813 2104 5886">
     <span class='ocr_line' id='line_1_82' title="bbox 525 5813 2104 5886; baseline -0.004 -12"><span class='ocrx_word' id='word_1_520' title='bbox 525 5815 742 5874; x_wconf 81' lang='lat' dir='ltr'><strong>Domini</strong></span> <span class='ocrx_word' id='word_1_521' title='bbox 779 5818 1003 5872; x_wconf 83' lang='lat' dir='ltr'><strong>reticere</strong></span> <span class='ocrx_word' id='word_1_522' title='bbox 1034 5825 1086 5872; x_wconf 90' lang='lat' dir='ltr'><strong>ct</strong></span> <span class='ocrx_word' id='word_1_523' title='bbox 1123 5813 1404 5886; x_wconf 76' lang='lat' dir='ltr'><strong>providere</strong></span> <span class='ocrx_word' id='word_1_524' title='bbox 1436 5816 1671 5879; x_wconf 89' lang='lat' dir='ltr'><strong>debetis;</strong></span> <span class='ocrx_word' id='word_1_525' title='bbox 1708 5831 1960 5886; x_wconf 80' lang='lat' dir='ltr'><strong>rogamus</strong></span> <span class='ocrx_word' id='word_1_526' title='bbox 2009 5831 2104 5868; x_wconf 82' lang='lat' dir='ltr'><strong>vos</strong></span> 
     </span>
    </p>
   </div>
   <div class='ocr_carea' id='block_1_81' title="bbox 2219 5259 3712 5333">
    <p class='ocr_par' dir='ltr' id='par_1_81' title="bbox 2219 5259 3712 5333">
     <span class='ocr_line' id='line_1_83' title="bbox 2219 5259 3712 5333; baseline -0.007 -15"><span class='ocrx_word' id='word_1_527' title='bbox 2219 5263 2514 5333; x_wconf 89' lang='lat' dir='ltr'><strong>pertinent,</strong></span> <span class='ocrx_word' id='word_1_528' title='bbox 2537 5259 2738 5330; x_wconf 78' lang='lat' dir='ltr'><strong>iugiter</strong></span> <span class='ocrx_word' id='word_1_529' title='bbox 2763 5259 3109 5328; x_wconf 87' lang='lat' dir='ltr'><strong>meditantes,</strong></span> <span class='ocrx_word' id='word_1_530' title='bbox 3141 5260 3344 5318; x_wconf 90' lang='lat' dir='ltr'><strong>lucrum</strong></span> <span class='ocrx_word' id='word_1_531' title='bbox 3367 5259 3625 5316; x_wconf 85' lang='lat' dir='ltr'><strong>animarum</strong></span> <span class='ocrx_word' id='word_1_532' title='bbox 3645 5265 3712 5303; x_wconf 74' lang='lat' dir='ltr'><strong>to-</strong></span> 
     </span>
    </p>
   </div>
   <div class='ocr_carea' id='block_1_82' title="bbox 2218 5347 3713 5424">
    <p class='ocr_par' dir='ltr' id='par_1_82' title="bbox 2218 5347 3713 5424">
     <span class='ocr_line' id='line_1_84' title="bbox 2218 5347 3713 5424; baseline -0.001 -13"><span class='ocrx_word' id='word_1_533' title='bbox 2218 5358 2303 5411; x_wconf 89' lang='lat' dir='ltr'><strong>bis</strong></span> <span class='ocrx_word' id='word_1_534' title='bbox 2363 5355 2774 5410; x_wconf 84' lang='lat' dir='ltr'><strong>commissarum</strong></span> <span class='ocrx_word' id='word_1_535' title='bbox 2834 5355 2983 5408; x_wconf 90' lang='lat' dir='ltr'><strong>omni</strong></span> <span class='ocrx_word' id='word_1_536' title='bbox 3045 5353 3344 5412; x_wconf 88' lang='lat' dir='ltr'><strong>intentione</strong></span> <span class='ocrx_word' id='word_1_537' title='bbox 3387 5347 3632 5424; x_wconf 56' lang='lat' dir='ltr'><strong>quaeratis.</strong></span> <span class='ocrx_word' id='word_1_538' title='bbox 3677 5347 3713 5393; x_wconf 69' lang='grc' dir='ltr'><strong>εί</strong></span> 
     </span>
    </p>
   </div>
   <div class='ocr_carea' id='block_1_83' title="bbox 2219 5432 3712 5517">
    <p class='ocr_par' dir='ltr' id='par_1_83' title="bbox 2219 5432 3712 5517">
     <span class='ocr_line' id='line_1_85' title="bbox 2219 5432 3712 5517; baseline -0.003 -14"><span class='ocrx_word' id='word_1_539' title='bbox 2219 5448 2490 5504; x_wconf 86' lang='lat' dir='ltr'><strong>custodias</strong></span> <span class='ocrx_word' id='word_1_540' title='bbox 2524 5461 2688 5517; x_wconf 87' lang='lat' dir='ltr'><strong>super</strong></span> <span class='ocrx_word' id='word_1_541' title='bbox 2715 5445 2973 5516; x_wconf 90' lang='lat' dir='ltr'><strong>populum</strong></span> <span class='ocrx_word' id='word_1_542' title='bbox 3003 5446 3212 5502; x_wconf 86' lang='lat' dir='ltr'><strong>Domini</strong></span> <span class='ocrx_word' id='word_1_543' title='bbox 3243 5446 3384 5502; x_wconf 91' lang='lat' dir='ltr'><strong>omni</strong></span> <span class='ocrx_word' id='word_1_544' title='bbox 3419 5452 3623 5513; x_wconf 82' lang='lat' dir='ltr'><strong>tempOre</strong></span> <span class='ocrx_word' id='word_1_545' title='bbox 3649 5432 3712 5488; x_wconf 65' lang='grc' dir='ltr'><strong>Ιη-</strong></span> 
     </span>
    </p>
   </div>
   <div class='ocr_carea' id='block_1_84' title="bbox 2219 5527 3708 5608">
    <p class='ocr_par' dir='ltr' id='par_1_84' title="bbox 2219 5527 3708 5608">
     <span class='ocr_line' id='line_1_86' title="bbox 2219 5527 3708 5608; baseline -0.006 -13"><span class='ocrx_word' id='word_1_546' title='bbox 2219 5541 2347 5595; x_wconf 89' lang='lat' dir='ltr'><strong>bere</strong></span> <span class='ocrx_word' id='word_1_547' title='bbox 2382 5537 2664 5593; x_wconf 88' lang='lat' dir='ltr'><strong>studeatis.</strong></span> <span class='ocrx_word' id='word_1_548' title='bbox 2698 5535 2945 5592; x_wconf 79' lang='lat' dir='ltr'><strong>Oﬂicium</strong></span> <span class='ocrx_word' id='word_1_549' title='bbox 2990 5552 3120 5608; x_wconf 81' lang='lat' dir='ltr'><strong>ergo</strong></span> <span class='ocrx_word' id='word_1_550' title='bbox 3167 5536 3442 5593; x_wconf 86' lang='lat' dir='ltr'><strong>ministerii</strong></span> <span class='ocrx_word' id='word_1_551' title='bbox 3475 5527 3618 5589; x_wconf 87' lang='lat' dir='ltr'><strong>nostri</strong></span> <span class='ocrx_word' id='word_1_552' title='bbox 3636 5528 3708 5584; x_wconf 56' lang='lat' dir='ltr'><strong>es&quot;</strong></span> 
     </span>
    </p>
   </div>
   <div class='ocr_carea' id='block_1_85' title="bbox 2217 5619 3704 5694">
    <p class='ocr_par' dir='ltr' id='par_1_85' title="bbox 2217 5619 3704 5694">
     <span class='ocr_line' id='line_1_87' title="bbox 2217 5619 3704 5694; baseline -0.005 -10"><span class='ocrx_word' id='word_1_553' title='bbox 2217 5639 2276 5684; x_wconf 89' lang='lat' dir='ltr'><strong>ut</strong></span> <span class='ocrx_word' id='word_1_554' title='bbox 2300 5629 2450 5684; x_wconf 90' lang='lat' dir='ltr'><strong>utilia</strong></span> <span class='ocrx_word' id='word_1_555' title='bbox 2470 5628 2623 5684; x_wconf 88' lang='lat' dir='ltr'><strong>vobis</strong></span> <span class='ocrx_word' id='word_1_556' title='bbox 2652 5636 2709 5682; x_wconf 91' lang='lat' dir='ltr'><strong>et</strong></span> <span class='ocrx_word' id='word_1_557' title='bbox 2737 5626 3038 5683; x_wconf 84' lang='lat' dir='ltr'><strong>necessaria</strong></span> <span class='ocrx_word' id='word_1_558' title='bbox 3071 5629 3406 5694; x_wconf 88' lang='lat' dir='ltr'><strong>suadeamus,</strong></span> <span class='ocrx_word' id='word_1_559' title='bbox 3439 5633 3488 5681; x_wconf 90' lang='lat' dir='ltr'><strong>et</strong></span> <span class='ocrx_word' id='word_1_560' title='bbox 3507 5619 3704 5694; x_wconf 68' lang='lat' dir='ltr'><strong>proﬁcias.</strong></span> 
     </span>
    </p>
   </div>
   <div class='ocr_carea' id='block_1_86' title="bbox 2219 5704 3705 5792">
    <p class='ocr_par' dir='ltr' id='par_1_86' title="bbox 2219 5704 3705 5792">
     <span class='ocr_line' id='line_1_88' title="bbox 2219 5704 3705 5792; baseline -0.005 -17"><span class='ocrx_word' id='word_1_561' title='bbox 2219 5722 2262 5775; x_wconf 91' lang='lat' dir='ltr'><strong>si</strong></span> <span class='ocrx_word' id='word_1_562' title='bbox 2293 5723 2582 5792; x_wconf 90' lang='lat' dir='ltr'><strong>possimus,</strong></span> <span class='ocrx_word' id='word_1_563' title='bbox 2607 5720 2974 5775; x_wconf 86' lang='lat' dir='ltr'><strong>ostendamus.</strong></span> <span class='ocrx_word' id='word_1_564' title='bbox 3003 5718 3210 5790; x_wconf 88' lang='lat' dir='ltr'><strong>Itaque,</strong></span> <span class='ocrx_word' id='word_1_565' title='bbox 3233 5715 3548 5776; x_wconf 87' lang='lat' dir='ltr'><strong>dilectissimi,</strong></span> <span class='ocrx_word' id='word_1_566' title='bbox 3572 5704 3705 5782; x_wconf 64' lang='lat' dir='ltr'><strong>prot‘i&#39;</strong></span> 
     </span>
    </p>
   </div>
   <div class='ocr_carea' id='block_1_87' title="bbox 2217 5799 3699 5881">
    <p class='ocr_par' dir='ltr' id='par_1_87' title="bbox 2217 5799 3699 5881">
     <span class='ocr_line' id='line_1_89' title="bbox 2217 5799 3699 5881; baseline -0.007 -13"><span class='ocrx_word' id='word_1_567' title='bbox 2217 5815 2344 5869; x_wconf 82' lang='lat' dir='ltr'><strong>dere</strong></span> <span class='ocrx_word' id='word_1_568' title='bbox 2377 5815 2605 5878; x_wconf 76' lang='lat' dir='ltr'><strong>debetis,</strong></span> <span class='ocrx_word' id='word_1_569' title='bbox 2633 5822 2683 5867; x_wconf 90' lang='lat' dir='ltr'><strong>ut</strong></span> <span class='ocrx_word' id='word_1_570' title='bbox 2719 5813 2859 5881; x_wconf 83' lang='lat' dir='ltr'><strong>quod</strong></span> <span class='ocrx_word' id='word_1_571' title='bbox 2908 5811 3256 5869; x_wconf 82' lang='lat' dir='ltr'><strong>uominamini</strong></span> <span class='ocrx_word' id='word_1_572' title='bbox 3283 5827 3396 5868; x_wconf 84' lang='lat' dir='ltr'><strong>esse</strong></span> <span class='ocrx_word' id='word_1_573' title='bbox 3417 5799 3699 5864; x_wconf 60' lang='lat' dir='ltr'><strong>contendatis-</strong></span> 
     </span>
    </p>
   </div>
  </div>
