3966 6334
318 443 462 499 1157

1375 443 1666 500 VULFADI
1706 442 2035 501 EPISTOLA
2070 441 2515 498 PASTORALIS.

3453 443 3588 500 1152

317 553 646 611 Sacerdotes
669 556 931 609 voc-nmini
961 574 972 610 :
999 557 1169 610 samiti
1194 564 1250 611 et
1276 554 1458 610 mundi
1486 570 1626 621 esse,
1652 564 1705 609 et
1726 571 1903 611 saccr-
1929 556 1979 615 A
2007 554 2147 624 quod
2173 555 2549 625 paenitentiam
2573 563 2627 609 ct
2649 545 2892 610 militiam
2915 555 3226 612 saecularem
3249 537 3455 628 pariter
3477 572 3587 615 non

315 645 531 703 dotium
549 654 796 702 sanctum
819 645 978 717 digne
1001 653 1187 701 tenere
1201 654 1256 700 et
1277 643 1622 716 frequentare
1647 645 1858 700 studete
1884 662 1898 711 ;

315 739 576 812 quoniam
593 740 660 796 de
680 740 1046 796 sacerdotibus
1061 740 1322 796 Dominus
1338 740 1495 795 dicit:
1515 739 1700 795 Sancti
1720 749 1900 805 estote,

293 833 446 904 quia
466 849 559 904 ego
584 841 796 888 sanctus
832 848 944 887 sum
972 831 1229 886 Dominus
1265 831 1406 896 Deus
1431 841 1613 886 vester.
1647 831 1901 886 Pastores

315 923 663 995 appellamini
683 929 850 979 :‘oves
869 923 1210 994 consignatas
1229 923 1458 980 sollicite
1486 939 1672 994 regere
1694 929 1749 977 et
1771 939 1898 994 pro-

312 1014 508 1070 videre
533 1014 858 1069 contendite.
893 1013 1274 1084 Speculatores
1299 1017 1718 1087 nuncupamini;
1759 1026 1818 1070 ut
1844 1017 1899 1072 in

313 1104 501 1161 aitiori
535 1105 794 1161 virtutum
827 1105 1031 1176 gradu,
1067 1107 1357 1162 sanctitate
1391 1117 1447 1163 et
1474 1108 1748 1164 intellectu
1773 1125 1896 1164 vos-

314 1194 580 1263 metipsos
606 1193 834 1265 erigere,
875 1203 934 1248 ut
967 1195 1274 1250 carnalibus
1296 1195 1579 1252 desideriis
1605 1199 1893 1267 superatis,

312 1294 509 1341 contra
534 1286 835 1341 mundanos
865 1285 1096 1356 impetus
1136 1295 1192 1340 et
1220 1287 1488 1358 nequitias
1515 1287 1786 1357 spiritales
1815 1289 1895 1342 vi-

313 1378 494 1432 riliter
523 1379 744 1448 possitis
766 1394 1024 1450 pugnare.
1051 1378 1235 1434 Fidem
1257 1395 1471 1450 quoque
1498 1389 1700 1436 rectam
1732 1381 1897 1452 (quod

310 1484 400 1526 est
430 1470 834 1527 fundamentum
863 1471 1102 1526 omnium
1130 1472 1412 1542 virtutum)
1457 1474 1622 1528 corde
1664 1472 1893 1528 firmiter

312 1573 515 1631 tenete,
552 1575 606 1620 et
633 1581 727 1620 ore
755 1565 1042 1636 praedicate
1061 1606 1075 1631 ,
1107 1573 1162 1620 et
1192 1565 1432 1630 lectioni,
1458 1575 1619 1635 prout
1639 1567 1888 1636 potestis,

308 1659 594 1714 ardentius
620 1658 883 1723 insistite,
924 1672 985 1713 ac
1012 1655 1261 1712 meditari
1302 1657 1356 1711 in
1393 1656 1690 1727 Seripturis
1724 1658 1892 1713 sacris

305 1761 368 1807 et
392 1752 590 1807 divinis
621 1754 906 1824 praeceptis
934 1752 1264 1807 contendite.
1299 1750 1542 1807 Orationi
1575 1759 1631 1805 et
1656 1751 1891 1821 psalmo-

304 1843 416 1898 (liae
443 1843 731 1915 vigilanter
767 1844 1098 1908 incumbite;
1133 1843 1387 1914 quoniam
1414 1844 1528 1898 haec
1554 1852 1680 1898 sunt
1716 1859 1890 1910 arma,

2008 655 2232 715 possunt
2252 661 2434 713 agere.

2076 735 2120 790 Ο
2158 751 2255 792 vos
2283 753 2499 808 quoque
2528 735 2735 794 laicalis
2777 741 2982 797 ordinis
3022 741 3147 808 viri,
3189 759 3412 800 monere
3445 745 3585 802 desi-

2005 825 2156 893 dero,
2178 836 2234 882 et
2250 829 2574 885 annuntiare
2599 832 2753 886 vobis
2781 846 2842 886 ea
2867 848 2986 902 qua:
3007 835 3074 890 ad
3090 835 3319 890 salutem
3343 845 3582 894 vestram

2002 921 2276 991 pertinent
2317 923 2506 992 cupio;
2539 925 2791 993 quoniam
2820 926 3120 995 periculum
3150 929 3465 996 animarum,
3488 945 3583 985 ve-

2002 1019 2240 1066 strarum
2275 1013 2430 1068 valde
2459 1013 2710 1081 formido,
2749 1024 2804 1070 et
2838 1032 2937 1086 pro
2958 1019 3113 1073 vobis
3135 1021 3385 1075 omnibus
3415 1023 3582 1077 ratio—

1999 1117 2125 1157 nem
2146 1105 2256 1159 Deo
2275 1105 2608 1160 redditurum
2632 1123 2718 1162 me
2736 1123 2858 1163 esse
2877 1125 3164 1180 cognosco.
3187 1111 3581 1184 Suntnamque

1999 1193 2129 1246 vitia
2155 1201 2210 1248 et
2232 1205 2472 1263 peccata,
2507 1211 2600 1266 per
2636 1213 2754 1267 qum
2781 1201 3026 1255 diabolus
3057 1204 3313 1257 mortales
3337 1205 3578 1273 seducit;

1999 1293 2054 1338 et
2082 1284 2148 1338 ad
2181 1286 2283 1339 hoc
2303 1287 2516 1340 assidue
2542 1287 2770 1353 laborat,
2802 1299 2859 1344 ut
2881 1306 2974 1346 eos
3003 1308 3184 1347 secum
3217 1295 3282 1348 ad
3311 1294 3579 1350 infernum

1999 1374 2267 1442 detrudat,
2289 1385 2344 1432 et
2364 1387 2537 1434 morte
2556 1391 2814 1450 perpetua
2840 1384 3088 1450 damnet;
3105 1384 3166 1438 id
3187 1393 3268 1438 est
3288 1385 3576 1454 cupiditas,

1998 1469 2272 1538 superbia,
2305 1470 2677 1538 homicidium,
2704 1475 3048 1539 adulterium,
3077 1475 3437 1547 sacrilegium,
3464 1476 3578 1531 for-

1997 1563 2232 1629 nicatio,
2281 1566 2499 1635 rapina,
2537 1566 2867 1638 perjnrium,
2925 1568 3117 1624 falsum
3177 1571 3577 1636 testimonium,

1999 1653 2308 1709 invasiones
2344 1670 2526 1710 rerum
2565 1657 3082 1724 ecclesiasticarum,
3128 1659 3578 1715 dehonorationes

1997 1746 2365 1812 sacerdotum,
2412 1747 2717 1818 juramenta
2766 1749 2971 1815 illicita,
3022 1750 3426 1807 maledictiones
3454 1768 3578 1822 pes-

1998 1836 2169 1901 simze,
2193 1837 2621 1906 conspirationes
2649 1839 2849 1910 iniquae
2867 1881 2882 1906 ,
2914 1841 3293 1907 detractiones,
3319 1859 3576 1898 susurra-

302 1911 777 2002 qnibus—diabolus
811 1933 1078 1999 vincitur”,
1113 1911 1168 1987 et
1195 1931 1442 1988 minister
1466 1931 1670 1988 Christi
1702 1933 1754 1987 in
1784 1933 1876 1988 fide

1994 1927 2190 1996 tiones,
2205 1929 2509 1997 discordiae,
2526 1932 2761 1998 invidize,
2789 1933 2932 2000 odia,
2955 1934 3266 2000 ebrietates,
3288 1936 3574 1991 inhonesta

298 2031 365 2076 et
402 2022 560 2077 bonis
601 2023 856 2092 operibus
885 2021 1166 2078 solidatur.
1210 2021 1621 2078 Praedicationis
1655 2020 1888 2076 oiﬁcium

295 2111 555 2182 plebibus
579 2113 734 2168 vobis
758 2114 1061 2170 commissis
1083 2121 1444 2184 congruenter
1472 2113 1767 2184 impendite
1785 2155 1800 2180 ,
1834 2122 1890 2168 et

297 2203 446 2260 bene
472 2215 694 2277 agentes
737 2206 805 2261 ad
833 2206 1056 2262 meliora
1086 2206 1254 2261 verbo
1279 2214 1336 2261 et
1361 2206 1612 2276 exemplo
1642 2205 1884 2260 invitate.

294 2297 509 2352 Pravos
542 2313 758 2369 quoque
777 2309 834 2354 et
856 2299 1052 2369 impios
1076 2299 1288 2354 fortiter
1317 2299 1626 2370 redarguite
1651 2306 1706 2354 et
1733 2313 1888 2368 repu-

297 2397 498 2459 gnate,
525 2396 581 2444 et
617 2389 907 2446 saeculares
933 2405 1174 2462 pugnas,
1208 2391 1417 2456 minas,
1445 2399 1608 2461 atque
1647 2399 1885 2446 terrores

296 2479 612 2535 nullatenus
634 2479 945 2548 formidate,
977 2490 1032 2536 et
1054 2482 1237 2550 potius
1261 2483 1372 2537 Deo
1391 2497 1554 2552 quam
1575 2481 1885 2536 hominibus

295 2569 518 2641 placere
549 2572 889 2638 contendite;
915 2581 968 2626 et
996 2573 1140 2642 quod
1162 2573 1281 2628 aliis
1306 2573 1613 2644 praedicatis
1652 2573 1706 2628 in
1731 2573 1884 2628 vobis

296 2662 482 2734 primo
510 2655 799 2718 ostendite.
832 2662 1166 2734 Religionem
1191 2672 1245 2718 et
1270 2650 1631 2728 sanctitatem,
1664 2663 1884 2718 castita-

299 2763 416 2810 tem
439 2762 600 2824 atque
627 2753 950 2810 munditiam
986 2769 1099 2824 prae
1131 2755 1382 2809 omnibus
1409 2754 1607 2808 habere
1636 2755 1802 2809 corde
1828 2763 1883 2810 et

296 2861 528 2917 corpore
552 2847 791 2913 studete;
820 2854 880 2901 ut
903 2847 1126 2902 idoneos
1149 2845 1349 2901 Christi
1376 2847 1651 2901 ministros
1677 2863 1776 2902 vos
1804 2847 1882 2917 ip—

296 2955 393 2997 sos
413 2940 718 3010 ostendere,
742 2947 801 2994 ut
820 2939 1066 3009 exemplo
1091 2938 1396 2994 sanctitatis
1427 2947 1480 2994 et
1511 2939 1786 3011 religionis
1811 2941 1880 2994 ad

297 3032 617 3086 servitutem
671 3029 872 3085 Christi
927 3029 1063 3085 alios
1095 3030 1315 3100 possitis
1343 3031 1647 3097 instruere;
1693 3031 1880 3102 sicque

300 3123 588 3187 munditia,
620 3132 674 3177 et
706 3123 851 3178 nitor
869 3130 1069 3177 sanctae
1090 3122 1533 3188 conversationis,
1568 3131 1730 3192 atque
1757 3137 1877 3177 om-

295 3232 396 3272 nes
421 3217 475 3271 in
505 3231 788 3272 commune
821 3216 1049 3270 virtutes
1080 3216 1132 3270 in
1161 3215 1314 3271 vobis
1344 3214 1757 3284 resplendeant,
1793 3223 1872 3281 ιιι,

293 3308 344 3364 si
373 3307 550 3362 minor
592 3307 662 3362 sit
693 3307 748 3362 in
778 3295 932 3363 vobis
971 3306 1216 3362 doctrina
1248 3321 1410 3377 quam
1441 3306 1650 3372 deceat,
1676 3305 1872 3360 munda

292 3411 352 3458 et
373 3409 559 3457 sancta
587 3401 926 3457 conversatio
946 3399 1217 3470 subjectos
1236 3408 1448 3455 vestros
1470 3400 1535 3454 ad
1560 3399 1695 3454 bene
1716 3413 1876 3469 agen-

292 3494 432 3550 dum'
461 3492 746 3560 informet;
791 3500 846 3549 et
885 3494 1029 3565 quod
1053 3493 1219 3547 verbo
1252 3501 1308 3546 et
1344 3491 1728 3562 praedicatione
1763 3505 1872 3544 non

291 3583 489 3637 valetis
523 3590 774 3652 exempto
801 3583 982 3650 totius
1011 3580 1266 3636 bonitatis
1296 3579 1537 3636 doceatis
1568 3599 1580 3634 :
1612 3581 1871 3650 quoniam

292 3672 446 3742 cujus
472 3673 582 3728 vita
610 3673 904 3744 despicitur
923 3714 938 3739 ,
968 3681 1138 3728 restat
1170 3681 1231 3727 ut
1261 3673 1378 3742 ejus
1407 3671 1718 3742 praedicatio
1745 3686 1872 3725 con-

292 3772 584 3820 temnatur.
617 3764 944 3821 Charitatem
983 3764 1277 3820 fraternam
1317 3774 1516 3830 amate,
1553 3771 1606 3819 et
1633 3763 1872 3832 hospita-

293 3855 500 3911 litatem
540 3856 774 3928 diligite,
816 3866 871 3912 et
911 3872 1009 3928 per
1051 3855 1331 3912 saecularia
1381 3857 1592 3927 negotia
1645 3857 1872 3926 turpiter

289 3946 458 4004 nolite
482 3947 808 4014 discurrere,
842 3963 909 4004 ne
947 3948 1195 4003 videatur
1221 3947 1278 4002 in
1316 3947 1471 4004 vobis
1511 3947 1871 4003 ministerium

289 4057 504 4098 sacrum
524 4042 805 4098 vilescere.
829 4039 1336 4113 lrreprehensibiles
1356 4055 1454 4096 vos
1481 4040 1535 4095 in
1567 4041 1715 4095 omni
1742 4053 1871 4094 con-

290 4139 596 4196 versatione
640 4147 694 4192 et
728 4145 846 4194 acta
895 4135 1164 4200 exhibete,
1213 4149 1282 4190 ne
1329 4150 1524 4191 nomen
1569 4133 1770 4190 Christi
1814 4134 1868 4188 in

285 4232 441 4287 vobis
469 4231 642 4302 possit
667 4229 1051 4301 blasphemari.
1084 4227 1433 4300 Quaecunque
1454 4229 1641 4300 iniqua
1668 4227 1753 4283 vel
1784 4228 1865 4282 in-

287 4323 538 4389 honesta,
566 4331 661 4377 aut
687 4333 833 4378 certe
851 4322 1155 4393 periculosa
1186 4323 1239 4376 in
1271 4323 1524 4394 gregibus
1546 4320 1747 4377 Christi
1774 4336 1869 4376 vo-

285 4415 370 4471 bis
395 4414 702 4471 commissis
723 4456 738 4481 ,
767 4415 819 4469 in
860 4413 1169 4485 potentibus
1198 4421 1253 4468 et
1294 4413 1653 4469 nobilioribus
1671 4454 1686 4478 ,
1723 4422 1778 4468 et
1803 4414 1857 4468 in

285 4505 584 4562 minoribus
608 4514 663 4561 et
687 4506 1029 4576 pauperibus,
1062 4506 1116 4560 in
1147 4504 1402 4560 masculis
1428 4505 1541 4561 sive
1563 4505 1617 4560 in
1649 4505 1866 4560 feminis

283 4598 597 4670 conspicere
635 4607 691 4653 et
728 4597 1025 4670 intelligere
1070 4597 1329 4668 potestis,
1383 4597 1500 4653 sine
1546 4597 1734 4653 favore
1769 4605 1864 4651 aut

283 4689 461 4761 aliqua
495 4704 848 4761 personarum
879 4688 1194 4759 acceptione
1221 4688 1511 4744 ostendere
1532 4690 1612 4744 eis
1637 4698 1862 4744 conten-

282 4783 421 4849 dite;
449 4791 505 4838 et
532 4782 822 4854 unicuique
843 4789 1061 4854 peccata
1089 4790 1146 4837 et
1169 4782 1482 4852 iniquitates
1505 4796 1632 4838 suas
1658 4783 1862 4852 absque

283 4858 537 4932 tarditate
561 4884 618 4931 et
645 4875 988 4947 negligentia,
1012 4873 1096 4930 vel
1125 4883 1272 4929 certe
1294 4875 1619 4930 verecundia
1651 4890 1861 4929 annun-

283 4969 436 5035 tiate,
466 4979 522 5024 et
562 4969 630 5024 de
659 4969 910 5024 omnibus
942 4965 1238 5023 sceleribus
1264 4967 1379 5023 suis
1416 4967 1699 5022 consilium
1730 4981 1858 5022 con-

281 5073 475 5131 gruum
495 5059 574 5114 eis
592 5057 848 5131 praebete,
867 5065 921 5114 et
941 5058 1225 5114 scientiam
1251 5057 1466 5113 Domini
1497 5057 1654 5113 nobis
1681 5059 1856 5113 omni-

281 5152 384 5208 bus
401 5151 824 5208 comminantem
852 5166 948 5222 per
974 5152 1156 5207 omnia
1177 5151 1466 5207 formidate
1493 5171 1506 5206 :
1543 5150 1603 5207 Si
1635 5169 1738 5206 non
1763 5169 1860 5206 an-

282 5245 624 5311 nuntiaveris,
651 5243 845 5315 inquit,
870 5245 1048 5319 iniquo
1073 5246 1396 5317 iniquitatem
1423 5262 1595 5312 suam,
1626 5246 1859 5300 animam

279 5338 396 5409 ejus
416 5336 482 5392 de
507 5353 667 5391 manu
687 5345 781 5392 tua
809 5338 1090 5408 requiram.
1117 5337 1185 5392 Et
1208 5338 1339 5393 item
1370 5356 1383 5392 :
1415 5337 1620 5406 Clama,
1649 5355 1718 5405 ne
1753 5355 1861 5393 ces-

278 5447 383 5498 ses,
405 5432 558 5504 quasi
575 5431 700 5486 tuba
719 5429 895 5486 exalto
913 5447 1106 5496 vocem,
1130 5439 1234 5486 etc.
1259 5431 1654 5487 Pmnitentibus
1676 5432 1858 5497 etiam,

281 5522 375 5594 qui
428 5524 732 5594 vagabundi
778 5540 876 5596 per
922 5523 1200 5581 saecularia
1255 5525 1472 5595 negotia
1523 5524 1854 5591 discurrunt,

283 5617 438 5689 quasi
469 5617 605 5674 nihil
634 5617 758 5672 mali
782 5617 1068 5690 gesserint,
1101 5626 1323 5689 peccata
1349 5633 1446 5674 sua
1475 5619 1772 5684 ostendite;
1806 5627 1862 5674 et

281 5718 341 5764 ut
370 5709 424 5764 in
449 5723 559 5765 uno
592 5708 712 5766 loco
744 5703 1019 5767 morantes
1058 5710 1251 5783 dignos
1291 5710 1627 5782 poenitentiae
1651 5710 1860 5768 fructus

281 5799 485 5859 faciant
546 5811 920 5870 commonete,
971 5804 1355 5861 annuntiantes
1424 5804 1505 5861 eis
1574 5803 1860 5862 verissime

1990 2020 2159 2086 lucra,
2185 2020 2392 2088 judicia
2413 2023 2614 2094 injusta
2634 2064 2648 2089 ,
2673 2040 2939 2080 mensurae
2966 2026 3280 2095 inaequales,
3316 2027 3570 2082 amicitiae

1989 2128 2088 2181 per
2117 2123 2518 2169 sacramentum
2541 2115 2823 2184 promissa
2851 2123 2906 2171 et
2930 2115 3143 2170 violata:
3163 2157 3176 2181 ,
3203 2131 3291 2170 res
3320 2117 3578 2172 ecclesia-

1989 2204 2138 2258 stica:
2165 2206 2234 2260 ab
2261 2204 2507 2259 ecclesiis
2533 2197 2846 2268 subtractae,
2869 2213 2924 2259 et
2953 2203 3009 2258 in
3032 2205 3281 2276 proprias
3305 2206 3570 2273 redactae;

1985 2294 2229 2364 pecuniae
2259 2305 2315 2349 et
2342 2309 2498 2350 nomn
2539 2295 2609 2349 ab
2656 2294 2925 2360 ecclesiis,
2959 2295 3154 2364 quibus
3183 2297 3379 2351 debitae
3423 2306 3572 2362 sunt,

1987 2387 2301 2453 subtractae,
2327 2395 2381 2442 et
2401 2387 2569 2442 multa
2593 2387 2717 2453 alia,
2739 2403 2858 2458 quae
2883 2388 3141 2442 Dominus
3166 2398 3221 2443 et
3241 2389 3573 2458 Redemptor

1987 2487 2170 2532 noster
2191 2479 2465 2548 prohibet,
2497 2487 2554 2533 et
2578 2478 2822 2534 diabolus
2846 2478 3016 2533 hostis
3035 2487 3091 2534 et
3110 2480 3360 2535 inimicus
3383 2490 3572 2538 noster

1986 2570 2197 2624 suadet.
2230 2569 2356 2625 Haec
2396 2585 2526 2625 vero
2567 2571 2695 2625 vitia
2745 2579 2800 2626 et
2845 2580 3069 2641 peccata
3098 2572 3152 2627 in
3201 2580 3412 2628 tantum
3443 2582 3570 2630 sunt

1985 2661 2170 2730 gravia
2189 2701 2203 2725 ,
2234 2669 2295 2714 ut
2322 2675 2443 2715 eum
2476 2661 2768 2732 instigante
2796 2663 3010 2719 diabolo
3038 2674 3435 2735 perpetrantur,
3470 2668 3570 2724 ho-

1984 2755 2160 2810 mines
2190 2771 2220 2808 a
2245 2755 2358 2809 Deo
2393 2765 2668 2826 separent,
2709 2766 2764 2810 et
2806 2757 3175 2814 hiereditatem
3200 2759 3475 2816 caelestem
3506 2777 3573 2817 ac

1983 2847 2150 2901 vitam
2205 2857 2524 2918 perpetuam
2571 2847 2847 2912 auferant,
2890 2857 2944 2904 et
2989 2850 3317 2908 facientibus
3370 2853 3571 2909 inferni

1983 2935 2228 2993 flammas
2252 2947 2306 2992 et
2329 2939 2606 2994 cruciatus
2629 2940 2933 3010 acquirant.
2965 2941 3034 2997 Et
3057 2943 3176 3001 ideo
3196 2984 3210 3010 ,
3231 2943 3569 3001 dilectissimi

1985 3026 2100 3094 filii,
2133 3027 2362 3084 obsecro
2390 3039 2450 3083 ut
2479 3041 2728 3085 recurrat
2775 3034 3144 3104 unusquisque
3187 3036 3253 3090 ad
3287 3037 3570 3092 conscien«

1986 3120 2113 3175 tiam
2139 3137 2316 3187 suam,
2343 3131 2396 3176 et
2427 3122 2712 3193 diligenter
2737 3125 2980 3194 requirat
3002 3125 3180 3195 qualis
3210 3127 3301 3192 sit,
3337 3127 3419 3181 vel
3445 3143 3566 3198 qua:

1984 3213 2037 3267 in
2077 3215 2324 3282 pueritia,
2371 3215 2423 3269 in
2472 3215 2856 3281 adolescentia,
2888 3217 2941 3271 in
2961 3214 3270 3284 iuventute,
3315 3218 3367 3272 in
3416 3220 3564 3274 omni

1981 3313 2138 3359 aetate
2151 3321 2246 3360 sua
2267 3306 2460 3376 gessit;
2491 3315 2543 3360 et
2568 3307 2754 3376 siquis
2775 3323 2833 3362 se
2858 3308 3209 3374 homicidam,
3235 3309 3562 3375 adulterum,

1980 3395 2329 3467 sacrilegum,
2359 3397 2766 3463 fornicatorem,
2813 3397 3088 3466 perjurum
3131 3397 3444 3452 aut-falsum
3483 3408 3562 3453 te-

1980 3498 2118 3543 stem
2147 3488 2365 3553 viderit,
2398 3489 2465 3542 ad
2495 3487 2664 3542 Deum
2694 3498 2748 3543 et
2778 3499 3008 3545 matrem
3037 3489 3335 3545 Ecclesiam
3369 3489 3561 3557 confuo

1977 3578 2122 3647 gium
2179 3576 2363 3643 faciat,
2410 3587 2464 3632 et
2520 3577 2912 3633 confessionem
2968 3594 3156 3651 puram
3203 3580 3271 3635 de
3310 3582 3562 3636 omnibus

1975 3669 2353 3739 iniquitatibus
2403 3670 2519 3725 suis
2548 3669 2919 3725 sacerdotibus
2963 3671 3157 3737 donet;
3202 3680 3256 3728 et
3284 3673 3555 3742 paeniten-

1975 3759 2108 3812 tiam
2135 3759 2422 3829 suscipiat,
2455 3767 2509 3814 et
2533 3760 2816 3815 verissime
2837 3774 2954 3814 eam
2988 3762 3306 3832 adimpleat;
3335 3771 3390 3816 et
3413 3763 3557 3832 quod

1975 3851 2158 3921 inique
2205 3852 2373 3922 gessit
2439 3852 2831 3923 eleemosynis,
2871 3851 3121 3920 jejuniis,
3178 3854 3556 3922 orationibus,

1977 3941 2323 4007 abstinentia,
2357 3951 2414 3997 et
2440 3943 2653 3998 caeteris
2673 3943 2830 3998 bonis
2855 3929 3120 4013 operilins'
3136 3944 3314 3999 delere
3336 3953 3390 3999 et
3416 3945 3558 3999 redi-

1974 4045 2124 4087 mere
2161 4040 2371 4101 satagat
2397 4051 2408 4086 :
2433 4033 2687 4101 quoniam
2717 4033 2821 4088 nisi
2855 4035 2961 4100 hic,
2997 4035 3122 4090 dum
3157 4042 3371 4105 tempus
3397 4043 3452 4091 et
3476 4035 3556 4089 loc

1974 4135 2098 4176 cum
2117 4121 2297 4187 habet,
2322 4123 2611 4179 emendare
2626 4123 2913 4190 studuerit,
2933 4139 3158 4196 regnum
3179 4126 3296 4192 Dei,
3319 4135 3557 4182 testante

1971 4214 2250 4286 Apostolo,
2281 4215 2482 4271 habere
2511 4232 2615 4272 non
2648 4217 2864 4287 poterit.
2897 4217 3076 4270 Nolite
3101 4219 3294 4288 itaque,
3319 4219 3394 4272 ait
3414 4219 3554 4288 Apo-

1974 4303 2166 4369 stolus,
2188 4321 2364 4359 errare
2388 4319 2406 4356 :
2431 4322 2595 4376 neque
2615 4307 2915 4371 homicida’,
2939 4323 3100 4376 neque
3121 4307 3366 4373 adulteri,
3393 4325 3556 4380 neque

1970 4394 2232 4465 sacrilegi,
2263 4413 2424 4463 neque
2454 4397 2673 4466 perjuri,
2703 4413 2866 4467 neque
2887 4413 3099 4468 rapaces
3119 4439 3134 4464 ,
3167 4416 3330 4470 neque
3348 4417 3555 4455 mascu-

1971 4487 2141 4541 lorum
2177 4489 2555 4553 concubitores,
2578 4504 2739 4558 neque
2765 4489 2975 4556 ebriosi,
3003 4506 3164 4560 neque
3186 4491 3428 4546 maledici
3466 4509 3551 4546 re-

1972 4597 2132 4650 gnum
2155 4579 2250 4634 υεὲ
2274 4580 2629 4650 possidebunt.

2039 4670 2320 4727 Monemus
2352 4679 2409 4726 et
2429 4686 2523 4727 eos
2553 4687 2781 4742 quorum
2821 4673 3160 4729 dissensione
3195 4682 3252 4730 et
3283 4675 3552 4732 discordia

1967 4764 2084 4818 haec
2107 4763 2257 4834 regio
2283 4772 2518 4828 vastata,
2547 4769 2602 4818 et
2629 4763 2810 4818 multis
2840 4764 3073 4821 miseriis
3096 4763 3309 4832 afﬂicta,
3338 4775 3389 4821 et
3415 4781 3554 4837 pene

1967 4851 2242 4908 annullata
2270 4861 2372 4919 est,
2411 4862 2472 4907 ut
2496 4863 2776 4923 peccatum
2807 4862 2862 4908 et
2888 4854 3226 4924 iniquitatem
3257 4871 3412 4910 suam
3459 4870 3549 4911 re-

1963 4951 2317 5014 cognoscant,
2363 4951 2418 4996 et
2449 4957 2569 5013 quae
2598 4942 2763 5013 impie
2805 4950 2860 4998 et
2888 4943 3180 4999 crudeliter
3225 4955 3448 5016 egerunt
3479 4946 3548 5001 ad

1963 5045 2197 5092 mentem
2236 5049 2450 5106 semper
2473 5035 2756 5101 reducant,
2781 5044 2836 5092 et
2863 5036 2972 5091 sint
3008 5036 3088 5093 eis
3115 5039 3262 5092 omni
3301 5047 3543 5110 tempore

1966 5129 2022 5183 in
2046 5129 2341 5183 lamentum
2368 5135 2423 5182 et
2453 5125 2744 5197 singultum
2765 5135 2819 5180 et
2841 5127 3084 5182 velamen
3105 5127 3383 5183 oculorum
3423 5143 3549 5184 suo-

1966 5237 2108 5288 rum,
2151 5229 2205 5276 et
2244 5219 2510 5291 poenitere
2544 5235 2608 5275 ea
2655 5220 3049 5276 studiosissime
3091 5222 3439 5287 contendant,
3482 5237 3549 5278 ac

1966 5313 2234 5368 redimere
2279 5325 2339 5366 se
2392 5311 2770 5382 eieemosynis,
2796 5309 3036 5381 jejuniis,
3084 5311 3442 5378 orationibus,
3492 5319 3549 5366 et

1967 5402 2089 5458 aliis
2148 5403 2404 5474 operibus
2464 5401 2574 5456 Deo
2622 5401 2860 5472 acceptis
2903 5411 3167 5474 satagant.
3206 5401 3468 5457 Similiter
3491 5410 3549 5457 et

1965 5510 2059 5550 eos
2099 5495 2191 5565 qui
2235 5510 2322 5549 res
2348 5493 2746 5549 ecclesiasticas
2780 5495 3049 5564 quondam
3076 5495 3408 5559 invaserunt,
3451 5504 3549 5548 aut

1966 5588 2125 5643 modo
2149 5588 2268 5643 sine
2309 5587 2587 5641 voluntate
2614 5601 2802 5640 eorum
2833 5587 3029 5658 quibus
3059 5585 3253 5641 debita:
3283 5592 3432 5650 sunt,
3453 5599 3542 5640 re-

1964 5679 2162 5743 tinent,
2192 5687 2250 5732 ut
2275 5679 2598 5751 resipiscant
2625 5686 2680 5732 et
2711 5678 3084 5748 ptenitentiam
3114 5689 3216 5746 pro
3260 5674 3545 5745 sacrilegio

1965 5781 2159 5842 agant;
2209 5779 2263 5826 et
2291 5770 2417 5835 Deo,
2461 5778 2516 5825 et
2543 5769 2787 5826 ecclesiis
2839 5784 2976 5839 quas
3004 5768 3279 5835 laeserunt,
3328 5767 3548 5822 satisfa-

1966 5878 2090 5918 cere
2112 5863 2381 5944 studeant.
2407 5862 2513 5919 Eos
2542 5876 2753 5932 quoque
2772 5874 3072 5924 monemus,
3107 5861 3198 5929 qui
3224 5857 3414 5914 leviter
3431 5858 3542 5928 plu-
