3966 6334
512 484 649 541 “59
1546 478 1842 535 VULFADI
1885 475 2212 532 EPISTOLA
2256 474 2707 531 PASTORALIS.
3623 479 3727 534 illo

507 608 645 662 rima
690 612 1024 663 sacramenta
1059 604 1264 675 iurant,
1311 610 1367 657 et
1408 615 1605 657 nomen
1637 600 1730 656 Dei
1768 608 1932 670 atque
1966 613 2088 654 san-
2117 602 2167 659 Α
2191 597 2311 651 cida
2362 606 2459 651 est.
2490 594 2753 652 invidiam
2794 603 2852 649 et
2895 593 3218 651 discordiam
3248 592 3501 664 procula
3525 596 3729 653 vobisn-

510 708 722 757 ctorum
742 696 857 767 ejus
880 698 947 773 in
974 703 1504 760 vanum~assumunt,
1532 693 1617 749 vel
1641 693 1760 748 sine
1786 690 2090 747 reverentia
2190 687 2373 758 pellite
2407 706 2419 742 :
2453 687 2709 758 quoniam
2736 685 3165 742 discordantium
3193 694 3247 740 et
3294 685 3593 743 invidorum
3614 687 3730 745 obla-

511 789 859 853 maledicunt,
883 796 945 842 ut
963 802 1021 844 se
1047 787 1116 843 ab
1144 787 1246 841 hoc
1257 795 1479 858 peccato
1508 784 1839 848 abstineant,
1871 790 1926 835 et
1950 780 2094 852 quod

504 866 677 937 nimis
725 876 923 934 odibile
945 876 1017 932 sit
1037 882 1354 948 agnoscant,
1384 875 1600 930 dicente
1631 873 1915 943 Scriptura
1947 889 1959 925 :
2005 870 2096 924 Vir

513 967 737 1023 multum
750 967 942 1039 jurans
967 966 1246 1037 replebitur
1264 966 1558 1036 iniquitate,
1586 973 1634 1019 et
1661 981 1766 1019 non
1795 962 1994 1017 recedet
2031 961 2096 1017 de

515 1057 671 1115 domo
699 1056 814 1129 ejus
839 1057 1022 1128 lepra;
1048 1065 1101 1111 et
1129 1056 1270 1112 sicut
1295 1070 1454 1126 supra
1485 1054 1690 1111 dictum
1720 1062 1822 1117 est,
1851 1051 2096 1107 maledici

517 1164 732 1220 regnum
753 1147 850 1203 Dei
872 1165 976 1203 non
994 1147 1348 1218 possidebunt.
1372 1146 1650 1202 Monemus
1674 1146 1835 1201 etiam
1862 1143 2095 1212 judices,

519 1249 578 1297 ut
591 1241 737 1312 juste
754 1239 1015 1311 judicent,
1047 1248 1102 1294 et
1130 1247 1278 1294 recta
1296 1237 1499 1307 judicia
1529 1238 1848 1303 terminent,‘
1864 1244 1920 1292 et
1940 1236 2099 1290 timo-

2196 779 2369 835 tiones
2391 788 2447 834 et
2478 794 2700 834 munera
2724 777 2835 837 Dec
2862 792 2971 834 non
3002 786 3130 834 sunt
3170 786 3438 849 accepta;
3482 792 3575 834 nec
3611 779 3730 839 aliter

2195 872 2493 927 oblationes
2516 880 2717 927 nostra:
2735 872 2788 926 in
2810 870 3061 926 ecclesiis
3073 870 3243 941 recipi
3264 870 3593 938 debent.uisi
3615 873 3729 942 prius

2192 980 2224 1018 a
2247 964 2500 1019 cordibus
2530 964 2634 1019 hoc
2670 962 2953 1019 verissime
2991 960 3286 1033 eieceritis.
3710 1000 3713 1003 η

2270 1055 2345 1144 De
2398 1053 2756 1127 eleemosynis
2801 1069 2938 1123 quas
2973 1060 3304 1124 aegrotantes
3366 1051 3451 1106 vel
3496 1052 3732 1109 morientes

2196 1142 2480 1217 proximis,
2515 1142 2597 1199 vel
2641 1143 2832 1199 amicis
2873 1143 3283 1209 commendant,
3315 1156 3563 1212 rogamus
3589 1157 3663 1198 vos
3690 1155 3731 1199 at

2194 1236 2428 1295 ﬁdeliter
2455 1236 2559 1307 ipsi
2589 1250 2712 1307 qua:
2739 1250 2802 1292 ea
2826 1234 3131 1304 suscipiunt
3153 1234 3643 1299 distribuant;sicst
3660 1236 3731 1304 ipsi

524 1347 635 1389 rem
664 1333 758 1389 Dei
792 1347 1005 1403 semper
1029 1341 1156 1388 ante
1185 1331 1370 1388 oculos
1417 1332 1672 1396 habeant,
1699 1330 1936 1386 scientes
1958 1327 2099 1398 quod
2199 1328 2387 1385 volunt
2414 1331 2495 1383 'ut
2522 1336 2578 1382 et
2604 1328 2691 1383 alii
2730 1343 2827 1400 pro
2853 1343 2913 1385 se
2938 1328 3143 1387 faciant
3173 1344 3189 1395 ;
3223 1337 3281 1383 et
3309 1335 3595 1399 agnoscant
3618 1343 3681 1392 se,
3699 1330 3729 1384 si

510 1431 576 1500 ‘et
613 1423 715 1494 ipsi
761 1425 930 1479 Deum
972 1421 1210 1492 judicem
1242 1422 1538 1487 habebunt,
1592 1429 1644 1478 et
1673 1421 1774 1492 ipsi
1805 1436 1836 1474 a
1866 1420 1975 1475 Deo
2003 1434 2101 1492 pro
2196 1419 2338 1475 bene
2363 1425 2611 1501 egerunt,
2642 1418 3135 1475 remunerationem
3163 1434 3193 1472 a
3235 1417 3460 1475 Christo
3504 1409 3752 1501 perceptu-1

522 1516 774 1570 omnibus
793 1512 1011 1583 judiciis
1036 1514 1170 1580 suis,
1196 1513 1373 1579 dictis,
1397 1522 1450 1569 et
1473 1510 1923 1582 factisjudicandi
1954 1517 2098 1565 sunt.
2203 1526 2334 1591 ros;
2388 1510 2435 1565 si
2481 1509 2657 1575 aliter,
2702 1510 2968 1566 rationem
3020 1509 3130 1567 Deo
3180 1509 3419 1581 proinde
3465 1508 3749 1566 reddituros'

516 1606 640 1679 Ipse
668 1608 809 1663 enim
830 1608 1088 1678 prmcepit
1123 1626 1134 1661 :
1163 1606 1274 1663 Nec
1298 1604 1522 1678 accipias
1535 1620 1809 1676 personam
1833 1603 2100 1674 pauperis,
2200 1607 2452 1667 Divinum
2490 1608 2755 1679 judicium
2809 1609 3122 1665 terribiliter
3183 1622 3282 1664 eos
3330 1606 3637 1663 condemnat
3667 1609 3733 1676 qui

524 1713 616 1750 nec
654 1696 875 1751 honores
898 1696 1095 1752 vultum
1136 1697 1376 1766 potentis.
1413 1695 1538 1751 Non
1580 1694 1805 1751 declines
1834 1694 1903 1748 ad
1929 1693 2105 1747 dexte-
2198 1700 2431 1759 (aliorum
2463 1689 2835 1774 eleemosyms
2863 1700 3139 1757 fraudant.
3173 1700 3253 1754 ita
3291 1700 3443 1755 enim
3487 1699 3537 1755 in
3563 1698 3733 1757 moni-

526 1790 861 1855 mm,sivead
876 1791 1177 1845 sinistram:
1184 1789 1326 1859 juste
1331 1789 1769 1861 judicaproximo
1792 1785 2107 1842 tu’o.Cavcat
2202 1790 2307 1869 bus
2352 1790 2549 1863 legitur
2586 1810 2599 1846 :
2646 1791 3012 1847 Fraudatores
3058 1789 3525 1861 eleemosynarum
3557 1789 3733 1844 iratum

520 1882 689 1937 etiam
729 1884 1097 1954 unusquisque
1130 1892 1189 1937 ut
1230 1882 1424 1937 falsum
1464 1882 1829 1939 testimonium
1874 1880 2105 1936 nullate-
2204 1879 2757 1937 anathematizantur.
2777 1879 2835 1936 Si
2858 1881 2950 1952 qui
2973 1889 3214 1935 vestrum
3244 1888 3732 1951 cognoscantpam-

528 1988 629 2029 nus
665 1973 927 2045 proferat,
958 1976 1082 2046 quia
1122 1977 1380 2047 scriptum
1411 1986 1495 2032 est
1534 1994 1547 2031 :
1594 1976 1761 2031 Testis
1790 1974 1960 2046 falsus
2002 1989 2109 2028 non
2134 1974 2183 2034 B
2208 1977 2295 2025 tes
2321 1984 2448 2025 suos
2475 1970 2542 2025 de
2568 1970 2730 2029 rebus
2769 1969 3158 2027 ecclesiasticis
3195 1969 3549 2034 abstraxisse,
3572 1978 3649 2024 aut
3668 1984 3736 2038 per

527 2066 958 2137 erit'impunitus.
986 2067 1305 2124 Audivimus
1324 2083 1540 2139 quoque
1560 2067 1797 2137 duplices
1825 2081 2110 2122 mensuras
2212 2060 2322 2114 vim
2352 2060 2433 2114 vel
2459 2060 2655 2116 Inalum
2686 2060 2959 2133 ingenium
2990 2075 3084 2117 eos
3108 2058 3193 2115 vel
3219 2060 3560 2119 haereditates
3583 2075 3734 2129 paupe-

530 2156 673 2226 apud
695 2172 792 2212 vos
820 2172 962 2224 esse,
988 2168 1040 2213 et
1069 2160 1360 2225 majoribus
1379 2159 1447 2213 ad
1473 2159 1779 2225 emendum,
1808 2158 2111 2215 minoribus
2212 2168 2351 2228 tum,
2393 2152 2475 2209 vel
2511 2168 2707 2209 munus
2736 2161 3020 2223 parentum
3049 2152 3362 2217 abstulisse.
3405 2153 3583 2211 etsuis
3621 2155 3734 2208 rebus

531 2246 599 2305 ad
632 2247 1041 2304 vendendum...
1069 2249 1211 2321 quod
1237 2264 1489 2321 rogamus
1522 2258 1581 2304 ut
1604 2249 1911 2319 corrigatis,
1940 2257 1997 2304 et
2018 2250 2107 2319 ju-
2203 2244 2477 2315 iunxisse,
2521 2245 2901 2311 misereantur,
2944 2244 3189 2310 obsecro,
3247 2245 3534 2300 animabus
3579 2259 3731 2311 somn,

531 2343 669 2391 stam
719 2348 882 2408 atque
914 2354 1126 2410 aequam
1164 2354 1476 2397 mensuram
1520 2356 1717 2397 omnes
1744 2341 1796 2395 in
1827 2356 2112 2407 commune

531 2428 800 2494 habeatis,
828 2431 1121 2487 secundum
1149 2440 1473 2503 praeceptum
1497 2432 1708 2488 Domini
1737 2432 1967 2488 dicentis
1993 2451 2006 2487 :
2032 2431 2112 2491 Sit

531 2519 623 2574 tibi
669 2536 848 2592 (equus
898 2523 1125 2591 modius,
1171 2524 1452 2596 justusque
1473 2524 1751 2580 sextarius.
1804 2524 1885 2578 Ali
1935 2525 2114 2580 usuris

532 2611 695 2667 etiam
726 2628 823 2668 vos
849 2613 1134 2681 abstinete,
1159 2615 1500 2686 scientesque
1518 2617 1624 2672 hoc
1652 2630 1757 2671 non
1784 2615 1900 2672 leve
1930 2630 2116 2686 pecca-

534 2711 647 2757 tum
678 2719 819 2771 esse,
848 2720 971 2760 cum
1003 2705 1202 2763 dicitur
1226 2708 1279 2762 in
1307 2706 1448 2778 Lege
1478 2724 1493 2761 :
1523 2707 1604 2761 Ad
1641 2724 1853 2763 usuram
1879 2725 1981 2762 mm
2016 2707 2113 2777 [te-

530 2794 760 2849 nerabis.
815 2794 1217 2869 Negotiationes
1264 2814 1394 2854 vero
1462 2814 1582 2868 quae
1631 2815 1684 2853 tn
1749 2798 2116 2859 mercimoniis

532 2887 692 2952 nunt,
737 2887 852 2944 sine
887 2890 1241 2946 sacramentis
1272 2900 1326 2947 et
1360 2889 1614 2961 periuriis
1659 2898 2006 2963 satagantur;
2061 2899 2116 2946 et

535 2979 905 3050 unusquisque
930 2990 1121 3036 caveat
1150 2996 1217 3036 ne
1263 2980 1479 3036 fratrem
1522 2996 1677 3036 sumn
1703 2980 1882 3051 aliqua
1930 2980 2119 3039 fraude

537 3068 609 3123 ibi
645 3069 893 3139 decipiat.
927 3071 1076 3143 lpsas
1124 3088 1252 3128 vero
1300 3073 1567 3130 amicitias
1609 3074 1774 3130 nolite
1803 3091 1898 3146 per
1930 3091 2115 3132 sacra-

540 3169 743 3226 menta,
771 3160 912 3216 sicut
933 3179 1074 3219 nunc
1117 3179 1285 3235 usque
1327 3164 1535 3234 aliquos
1572 3163 1764 3222 fecisse
1793 3166 2114 3229 audivimus.

543 3247 784 3315 ﬁrmare,
820 3252 1072 3320 quoniam
1119 3252 1245 3307 illud
1278 3263 1674 3309 sacramentum
1699 3272 1972 3326 nunquam
2003 3258 2119 3314 sine

2213 2342 2268 2388 et
2288 2334 2579 2389 restituant
2602 2334 2858 2413 Ecclesia:
2891 2336 3036 2409 quod
3080 2335 3283 2409 injuste
3309 2328 3673 2405 abstraxerunt,
3696 2347 3733 2393 et

2214 2427 2441 2482 reddant
2495 2428 2797 2484 barredibus
2842 2444 2962 2503 qua
3013 2429 3122 2487 illis
3180 2429 3391 2500 injuste
3430 2430 3731 2497 abstulerunt;

2213 2518 2451 2575 scientes
2480 2520 2783 2586 verissime,
2805 2521 2947 2591 quod
2975 2522 3214 2592 quandiu
3246 2523 3382 2593 ipsae
3412 2538 3498 2581 res
3523 2539 3550 2579 ι
3572 2539 3642 2587 se,
3669 2533 3731 2578 ut

2218 2627 2248 2666 a
2296 2612 2706 2684 quibuscunque
2753 2614 2878 2670 aliis
2925 2622 3148 2671 retenta:
3186 2614 3419 2681 fuerint.
3446 2616 3520 2675 illi
3557 2617 3633 2685 qui
3656 2616 3733 2672 lla:

2217 2703 2463 2761 fecerunt
2524 2704 2889 2761 hiereditatem
2950 2706 3006 2765 in
3054 2721 3222 2777 regno
3282 2706 3380 2769 Dei
3440 2706 3618 2767 haben
3658 2720 3732 2767 nos

2214 2801 2526 2863 potuerunt.

2292 2886 2568 2947 Monemus
2612 2887 2775 2945 etiam
2829 2895 3078 2959 potentes
3122 2896 3181 2942 ut
3228 2886 3468 2943 familias
3502 2900 3613 2945 suas
3642 2898 3733 2955 pro-

2218 2978 2392 3049 prias,
2420 2978 2506 3033 vel
2539 2986 2687 3034 certe
2710 2977 2972 3051 ecclesias
3003 2977 3104 3037 sibi
3132 2979 3475 3049 comissas,
3506 2976 3733 3035 secundum

2221 3069 2473 3136 timorem
2520 3069 2616 3125 Dei
2668 3071 2805 3128 bene
2850 3086 3039 3143 regere
3081 3080 3138 3129 et
3162 3073 3469 3143 gubernare
3508 3071 3729 3133 studeam:

2222 3160 2456 3217 scientes
2496 3162 2639 3232 quod
2673 3172 2730 3221 et
2773 3162 2896 3234 ipsi,
2936 3164 3186 3235 quamvis
3232 3173 3505 3235 potestate
3556 3163 3732 3219 mitteret

2224 3253 2352 3319 sint,
2384 3253 2579 3311 fratres
2605 3270 2792 3311 eorum
2820 3257 2949 3323 sint,
2974 3266 3035 3313 ut
3056 3266 3109 3312 et
3134 3256 3204 3313 ab
3234 3259 3365 3314 aliis
3377 3273 3470 3317 eos
3492 3256 3729 3319 defendant,

540 3342 763 3407 peccato
811 3341 1008 3409 poterit
1042 3356 1181 3396 esse.
1221 3341 1435 3397 Nullum
1465 3359 1678 3415 quoque
1720 3356 2119 3407 sacramentum
2149 3341 2194 3405 C
2223 3352 2355 3410 etut
2386 3346 2808 3405 misericorditer
2827 3362 2923 3403 eos
2942 3347 3182 3413 videant,
3213 3363 3394 3421 neque
3418 3348 3471 3407 in
3513 3343 3730 3409 mensuris

544 3432 772 3501 quisque
802 3431 960 3487 alicui
986 3433 1151 3504 juret,
1179 3432 1281 3493 nisi
1309 3435 1509 3491 seniori
1541 3451 1641 3491 suo
1676 3436 1912 3493 debitam
1954 3438 2123 3494 fideli-

544 3530 711 3577 tatem
741 3525 1035 3579 secundum
1065 3528 1508 3584 consuetudinem
1544 3530 1887 3599 praemiserit,
1912 3539 2005 3585 aut
2048 3531 2124 3587 le-

543 3610 680 3683 galia
705 3612 1026 3685 et;legitima
1059 3625 1394 3671 sacramenta
1415 3617 1703 3687 juraverit.

617 3702 1000 3762 Sacerdotibus
1026 3706 1240 3772 vestris,
1272 3707 1415 3763 sicut
1447 3708 1541 3763 Dei
1567 3709 1856 3774 ministris,
1884 3709 2120 3767 debitum

545 3796 805 3857 honorem
832 3802 1123 3873 impendite
1149 3820 1164 3869 ;
1195 3811 1250 3858 et
1283 3804 1329 3858 si
1354 3803 1494 3859 forte
1526 3804 1645 3859 illos
1673 3805 1726 3858 in
1774 3804 1954 3874 aliquo
1983 3805 2122 3860 la:si«

546 3893 668 3958 stis,
701 3894 1015 3950 satisfacere
1040 3896 1249 3951 studete
1273 3912 1291 3965 ;
1342 3897 1387 3951 si
1412 3912 1542 3952 vero
1569 3904 1622 3953 et
1652 3898 1750 3968 ipsi
1778 3898 1932 3953 aliter
1958 3915 2121 3971 quam

546 3984 702 4039 decet
740 3987 974 4056 egerint,
1014 3987 1181 4043 nolite
1204 3988 1283 4043 eis
1321 3988 1640 4056 detrahere;
1673 3992 1766 4046 sed
1788 4001 1882 4047 aut
1905 4007 2003 4063 per
2027 4008 2123 4049 vos

544 4075 711 4146 ipsos,
735 4078 778 4130 si
798 4079 1043 4147 potestis,
1069 4079 1187 4133 illos
1197 4081 1482 4152 corrigite;
1511 4090 1604 4136 aut
1625 4085 1896 4154 magistris
1908 4099 2120 4147 eorum,

545 4167 629 4223 vel
659 4176 807 4224 certe
844 4170 1097 4243 episcopo
1125 4181 1307 4231 vestro
1332 4188 1396 4228 ea
1433 4190 1553 4245 qua:
1593 4175 1660 4231 de
1703 4177 1832 4245 ipsis
1858 4176 2123 4231 veraciter

542 4260 696 4317 scitis
725 4261 999 4317 humiliter
1024 4263 1289 4319 nuntiate.
1332 4263 1625 4322 Ecclesium
1657 4266 1773 4331 Dei,
1812 4266 1863 4320 in
1895 4281 1999 4336 qua
2032 4266 2123 4321 ba-

544 4352 803 4422 ptismum
846 4356 1152 4425 accepistis,
1209 4355 1577 4415 confessiones
1623 4366 1832 4414 vestras
1885 4358 2119 4423 donatis,

543 4447 918 4516 paenitentiam
975 4449 1268 4525 suscipitis,
1327 4451 1759 4522 pmlicationem
1816 4452 2036 4517 auditis,
2066 4461 2123 4506 et

543 4535 646 4589 alia
688 4538 962 4606 percipitis
991 4540 1131 4593 unde
1154 4539 1284 4592 salvi
1310 4554 1429 4594 esse
1454 4541 1696 4611 potestis,
1725 4541 2011 4612 diligenter
2030 4542 2121 4596 bo-

543 4636 733 4682 uoratc
763 4644 777 4693 ;
807 4637 862 4682 et
906 4629 971 4687 ad
999 4628 1282 4684 ecclesiam
1337 4629 1633 4701 saepissime
1667 4647 1789 4685 cum
1826 4631 2113 4686 oblationi-

2225 3452 2399 3508 neque
2422 3424 2636 3508 i'njustis
2664 3439 2963 3497 redditibus
2986 3441 3087 3497 sub
3114 3441 3299 3510 aliqua
3322 3440 3586 3497 occasione
3603 3436 3730 3507 oppri-

2224 3537 2393 3585 mant.
2440 3527 2547 3584 Vos
2577 3546 2794 3601 quoque
2819 3544 3085 3600 pauperes
3118 3531 3300 3591 minus
3331 3540 3565 3603 potentes
3595 3541 3727 3589 Inou-

2224 3637 2363 3688 mus,
2399 3632 2459 3677 ut
2481 3623 2713 3677 dominis
2735 3621 3183 3693 vestris'subjecti
3200 3624 3357 3690 sitis,
3377 3631 3432 3680 et
3457 3622 3650 3679 ﬁdelitet
3676 3619 3731 3674 eis

2223 3714 2493 3779 servietis,
2545 3723 2599 3769 et
2623 3714 2765 3785 quod
2794 3714 3001 3771 debetis
3035 3715 3150 3770 sine
3172 3709 3367 3771 fraude
3391 3715 3442 3770 in
3470 3709 3729 3768 veritateeis

2223 3808 2462 3863 reddatis
2496 3825 2509 3872 ;
2544 3808 2779 3864 scientes
2830 3808 2973 3878 quod
3020 3815 3075 3862 et
3124 3807 3229 3877 ipsi
3284 3822 3446 3878 super
3479 3821 3563 3861 vos
3596 3820 3622 3860 ι
3655 3801 3729 3855 Deo

2222 3900 2455 3973 ordinati
2488 3909 2637 3964 sunt,
2672 3910 2729 3956 et
2754 3915 2852 3955 vos
2870 3900 2984 3971 illis
3013 3898 3242 3971 subjecti
3290 3915 3411 3956 esse
3430 3897 3625 3955 debetis.
3653 3893 3728 3947 lo-

2223 4008 2416 4052 nemus
2447 3993 2615 4048 etiam
2653 4006 2749 4051 eos
2796 3993 2886 4065 qui
2934 4007 3019 4049 res
3060 3992 3433 4061 ecclesiastico
3458 3984 3728 4046 beneﬁt:th

2216 4083 2340 4151 jure
2358 4084 2656 4155 possident,
2687 4092 2750 4144 ut
2766 4098 2938 4141 nonas
2960 4092 3017 4141 et
3043 4086 3280 4159 decimas
3302 4082 3536 4141 ecclesiis
3547 4078 3724 4139 reddant.

2222 4187 2288 4227 ex
2335 4173 2532 4243 quibus
2590 4173 2719 4243 ipsae
2767 4188 2855 4229 res
2892 4187 3013 4233 esse
3056 4173 3335 4251 videntur,
3376 4181 3431 4249 et
3465 4169 3655 4241 amplius
3683 4177 3729 4217 ea

2223 4262 2369 4317 nullo
2412 4264 2571 4319 modo
2607 4264 2898 4329 retineant,
2944 4278 3011 4319 ne
3050 4261 3192 4319 forte
3233 4262 3555 4335 sacrilegium
3594 4256 3722 4313 incur-

2224 4365 2366 4412 rant.
2778 4426 2783 4435 ι

2295 4447 2411 4502 Viri
2441 4447 2698 4502 uxoribus
2722 4432 2789 4503 ad
2818 4454 3030 4517 tempus
3055 4444 3296 4501 debitum
3319 4444 3547 4505 reddant,
3570 4447 3615 4495 et
3641 4432 3722 4490 mll-

2224 4537 2435 4593 latenus
2465 4553 2521 4592 se
2543 4538 2664 4591 aliis
2682 4524 3072 4609 pollutionibus
3100 4537 3389 4592 maculent.
3424 4533 3603 4591 Uxores
3618 4523 3723 4585 simi-

2222 4629 2346 4684 liter
2390 4631 2685 4685 viros‘suos
2717 4612 2957 4700 diligant,
3005 4628 3189 4698 eisque
3220 4628 3274 4684 in
3306 4627 3539 4687 omnibus
3560 4620 3720 4695 plaeere

542 4718 643 4775 bus
667 4718 860 4773 vestris
880 4719 1207 4784 concurrite,
1223 4718 1402 4788 ibique
1425 4733 1524 4789 pro
1546 4720 1696 4774 vobis
1721 4735 1880 4775 orare
1908 4728 2114 4789 rogate.
2148 4701 2199 4760 Ῑ)
2225 4721 2497 4789 studeant,
2528 4737 2595 4776 ne
2626 4720 2800 4795 (quod
2826 4719 2988 4792 absit)
3013 4720 3080 4777 ad
3106 4719 3211 4774 alia
3236 4718 3466 4773 facinora
3491 4709 3720 4782 impellit“.

540 4810 762 4863 Munera
804 4823 1018 4880 quoque
1042 4823 1140 4881 pro
1165 4809 1408 4867 ecclesiis
1441 4810 1633 4865 dandis
1659 4810 1961 4865 nullatenus
1996 4811 2117 4867 exi-

541 4916 689 4972 gere,
715 4909 771 4955 et
796 4916 1014 4956 manere
1042 4898 1126 4955 vel
1154 4901 1354 4959 morari
1379 4900 1454 4957 ibi
1480 4916 1603 4957 cum
1641 4902 1898 4957 uxoribus
1924 4903 2121 4959 vestris

542 4990 729 5047 nolite.

613 5081 1052 5153 Conspirationes
1079 5092 1133 5138 et
1159 5084 1558 5154 coniurationes
1587 5093 1774 5141 contra
1810 5101 1986 5156 regem
2025 5095 2118 5141 aut

541 5174 833 5246 principes,
885 5185 977 5231 aut
1027 5188 1175 5233 certe
1223 5183 1410 5232 contra
1441 5191 1537 5232 vos
1578 5178 1723 5248 ipsos
1750 5192 2032 5235 monemus
2060 5187 2116 5233 ut

540 5263 688 5321 nullo
718 5264 876 5321 modo
896 5268 1105 5345 agatis:
1137 5268 1392 5339 quoniam
1419 5276 1474 5322 et
1513 5268 1614 5323 hoc
1642 5283 1806 5338 grave
1840 5268 2113 5332 delictum,

540 5366 597 5414 et
629 5356 831 5413 divinis
863 5365 1023 5426 atque
1064 5359 1314 5415 humanis
1353 5358 1559 5431 legibus
1584 5359 1740 5414 valde
1785 5360 2114 5431 prohibitum

539 5459 642 5505 est.
688 5436 1059 5505 Detractiones
1096 5452 1278 5521 itaque
1314 5460 1369 5506 et
1409 5452 1806 5507 susurrationes
1844 5451 2060 5505 inutiles
2086 5467 2116 5504 a

540 5542 695 5596 vobis
722 5542 982 5615 repellite,
1003 5550 1059 5596 et
1086 5542 1249 5600 nolite
1275 5543 1500 5601 ulterius
1523 5559 1616 5599 eas
1631 5543 1739 5598 ullo
1751 5544 1910 5600 modo
1923 5558 2080 5614 agere
2099 5560 2114 5598 :

540 5632 813 5703 quoniam,
861 5633 1003 5689 sicut
1054 5631 1311 5700 scriptum
1335 5641 1418 5689 est
1448 5652 1461 5687 :
1491 5633 1594 5702 Qui
1632 5634 1878 5700 detrahit,
1909 5634 2114 5688 semeti-

538 5739 690 5793 psum
716 5732 763 5779 et
793 5725 1060 5780 audientes
1083 5722 1290 5779 occidit.
1318 5722 1511 5780 Odium
1533 5727 1585 5781 in
1615 5726 1776 5782 corde
1794 5726 1942 5781 nullo
1960 5725 2116 5780 modo

539 5816 768 5877 retinete
802 5834 815 5869 :
847 5816 1122 5886 quoniam,
1171 5815 1310 5871 sicut
1353 5815 1406 5870 in
1457 5815 1693 5885 Epistola
1744 5833 1836 5872 sua
1885 5815 2119 5872 Joannes

539 5905 813 5975 apostolus
850 5906 924 5958 ait
955 5920 968 5957 :
999 5905 1183 5959 Omnis
1210 5908 1296 5976 qui
1339 5906 1557 5974 fratrem
1605 5923 1755 5959 situm
1810 5908 1915 5960 odit
1951 5908 2114 5959 homi-

2222 4806 2287 4869 Et
2322 4814 2535 4882 utrique
2561 4822 2791 4869 caveant
2825 4828 2892 4868 ne
2939 4827 3037 4881 per
3069 4809 3491 4867 commistionem
3524 4812 3717 4871 corpora-

2220 4908 2324 4977 lem
2357 4908 2617 4963 immundi
2655 4916 2711 4962 et
2740 4906 2869 4960 illoti
2902 4892 3159 4960 ecclesias
3188 4900 3553 4982 ingrediantur.
3588 4890 3719 4987 llon

2222 5014 2344 5053 mus
2377 5012 2591 5069 quoque
2630 4998 2695 5053 de
2737 4986 2981 5060 incestis,
3008 5002 3067 5048 ut
3095 4991 3274 5047 nullus
3301 5005 3358 5047 se
3398 5000 3507 5044 cum
3531 4986 3714 5053 proxima

2221 5107 2341 5154 sua,
2377 5090 2461 5145 vel
2491 5106 2610 5145 cum
2640 5087 2885 5158 proxima
2930 5085 3114 5140 uxoris
3152 5099 3261 5139 suae
3302 5097 3358 5138 se
3406 5071 3712 5158 commiscent

2220 5151 2475 5255 quoniam
2508 5151 2878 5250 turpissimum
2903 5185 2957 5232 et
2996 5176 3132 5230 adeo
3167 5172 3481 5255 prohibitum
3500 5172 3588 5255 est.
3623 5151 3712 5211 Illud

2219 5250 2382 5328 etiam
2437 5270 2796 5325 attentissime
2826 5277 3016 5323 caveat
3063 5280 3131 5320 ne
3166 5254 3475 5334 pudicitiam
3495 5250 3710 5346 illius“

2221 5373 2312 5419 aut
2338 5363 2529 5433 neptis,
2562 5368 2657 5414 aut
2688 5354 3022 5429 propinquae,
3053 5350 3283 5409 maxime
3316 5344 3486 5405 uxoris
3519 5344 3622 5401 sine.
3643 5346 3711 5405 pro

2220 5452 2390 5525 g'ratia
2424 5451 2651 5521 alicujus
2682 5446 2923 5503 mortalis
2967 5445 3202 5501 hominis
3232 5442 3297 5499 ad
3335 5434 3708 5525 violandumtra-

2221 5518 2332 5607 dat,
2375 5552 2467 5598 aut
2505 5518 2824 5605 consentiat,
2867 5536 2927 5593 ut
2951 5538 3175 5593 castitas
3218 5551 3396 5593 earum
3423 5518 3709 5607 aliquitluodll

2221 5636 2314 5690 aut
2338 5633 2571 5704 ingenio,
2599 5631 2702 5689 nisi
2726 5628 2967 5705 legitimo
2992 5628 3259 5702 coniugio,
3288 5620 3630 5691 eorrumpatur.

2291 5723 2347 5778 lu
2377 5696 2547 5777 tribus
2575 5721 2738 5775 etiam
2776 5696 3707 5783 festivitaliliusvanni{NatiVilateDof

2222 5803 2384 5876 mini,
2420 5813 2656 5876 l’aScha,
2692 5809 3013 5866 Pentecoste
3051 5780 3407 5877 unusquisque
3438 5780 3704 5888 mundus.

2221 5898 2505 5958 ecclesiam
2548 5903 2765 5958 veniens
2808 5899 3193 5965 communicet,
3226 5892 3450 5966 exceptis
3487 5885 3558 5942 his
3574 5885 3643 5950 (1⁸⁸⁸
3666 5886 3705 5925 ³⁸
