3966 6334
311 383 434 436 HM
504 436 511 447 ,

1401 374 1721 433 ADVENTII
1758 372 1883 430 LIB.
2048 372 2461 430 WALDRADA.

3430 375 3569 431 ειη

304 500 512 571 publica
541 497 857 570 pmnitentia
894 504 1049 562 sunt;
1080 496 1335 567 quoniam
1359 495 1462 551 nisi
1488 496 1572 552 his
1598 497 1767 551 tribus
1791 513 1874 550 so-

1983 496 2300 557 potcstates,
2344 496 2397 540 et
2434 501 2622 541 on‘nnes
2674 487 2765 557 qui
2811 487 3063 543 steculum
3106 499 3470 555 amaverunt;
3512 500 3566 545 et

306 591 670 649 lemnitatibus
702 589 1180 647 communicaverit
1198 630 1212 653 ,
1240 605 1342 643 nou
1371 589 1510 643 inter
1537 587 1881 645 Christianos

304 682 553 738 habitare
582 683 759 738 debet.
781 680 976 738 Videat
995 696 1124 753 ergo
1155 682 1529 753 unusquisque
1556 690 1613 736 ut
1642 681 1803 753 digne
1828 691 1883 736 et

304 774 502 829 munde
529 783 584 829 et
614 774 803 831 devote
852 774 1290 831 communionem
1330 773 1529 831 Christi
1572 775 1875 847 percipiat;

304 867 504 922 etenim
532 867 622 936 qui
646 882 842 939 corpus
870 866 1082 923 Domini
1111 876 1167 921 et
1196 867 1514 939 sanguinem
1550 868 1768 939 indigne
1798 885 1883 923 su-

303 959 423 1023 mit,
463 958 728 1029 judicium
762 959 864 1015 sibi
903 959 1194 1016 manducat
1237 970 1290 1016 et
1332 961 1489 1018 bibit.
1540 962 1884 1018 Consulimus

303 1048 481 1119 itaque
531 1064 923 1122 precamurque
980 1049 1208 1105 feminas
1259 1052 1584 1118 nobiliores,
1645 1063 1699 1108 et
1750 1048 1889 1109 alias

302 1157 652 1214 quascunque
692 1152 751 1199 ut
779 1142 917 1203 filios
941 1159 1067 1203 suos
1108 1146 1329 1216 proprio
1358 1146 1495 1202 lacte
1523 1146 1796 1215 nutriant,
1827 1155 1884 1203 et

300 1233 610 1290 nullatenus
631 1235 841 1291 ancillis
868 1236 989 1292 aliis
1014 1236 1082 1293 ad
1110 1237 1446 1293 educandum
1482 1238 1718 1294 tradant.

373 1312 571 1377 Curate
597 1336 747 1393 ergo,
774 1324 1109 1382 dilectissimi
1134 1325 1249 1392 lilii,
1281 1336 1337 1381 ut
1362 1327 1466 1382 hoc
1491 1318 1633 1398 quod
1671 1343 1770 1398 pro
1796 1344 1882 1383 sa-

300 1411 411 1467 lute
450 1400 632 1470 vestra
680 1416 985 1483 scribimus,
1028 1427 1231 1474 attente
1277 1428 1329 1474 et
1374 1418 1660 1490 diligenter
1702 1422 1883 1476 animo

300 1505 790 1575 comprehendatis,
812 1516 868 1562 et
888 1507 955 1564 de
982 1510 1232 1567 omnibus
1260 1509 1343 1566 bis
1362 1510 1595 1566 sollicite
1618 1513 1876 1577 caveatis;

298 1602 355 1650 et
378 1594 431 1649 in
454 1592 863 1666 quibuscunque
885 1614 979 1654 vos
1005 1599 1295 1671 deliquisse
1316 1603 1678 1672 cognoscatis,
1700 1618 1880 1657 emen-

299 1684 431 1738 dare
461 1693 569 1739 tota
600 1686 901 1744 intentione
932 1691 1192 1760 satagatis
1212 1731 1226 1756 ,
1259 1706 1325 1747 ne
1349 1692 1402 1745 iu
1424 1700 1684 1747 aeternum
1716 1689 1881 1763 (quod

298 1773 464 1848 absit)
497 1773 784 1833 infeliciter
808 1780 1064 1849 pereatis.
1090 1779 1413 1837 Mementote
1437 1782 1525 1838 ubi
1555 1792 1679 1837 sunt
1700 1778 1884 1853 patres

1987 576 2206 642 scitote,
2233 577 2486 646 quoniam
2512 594 2605 633 vos
2632 594 2820 634 omnes
2853 579 3113 636 citissime
3138 582 3383 637 morituri
3407 582 3560 648 estis,

1984 660 2037 720 et
2080 675 2199 736 post
2239 666 2377 721 hanc
2403 667 2567 721 vitam
2609 668 2744 722 nihil
2780 669 2904 724 boni
2948 670 3211 736 habituri,
3251 672 3353 726 nisi
3406 671 3564 728 bonis

1984 752 2237 828 operibus
2252 761 2684 830 promerueritis.
2704 761 2951 829 Mortem,
2969 777 3184 833 precor,
3201 762 3563 829 dilectissimi,

1985 859 2111 905 ante
2151 851 2336 907 oculos
2379 868 2594 925 semper
2638 853 2857 919 habete,
2900 864 2954 909 et
3003 854 3133 925 quid
3172 862 3295 924 post
3334 867 3564 910 mortem

1986 947 2178 1001 facturi
2206 948 2325 1003 sitis
2360 949 2627 1018 cogitate,
2660 959 2714 1004 et
2750 965 2817 1004 ne
2848 958 3077 1005 mortem
3106 947 3345 1005 timeatis
3380 949 3565 1018 provi-

1985 1028 2126 1107 dcte,
2147 1038 2399 1111 quoniam
2425 1041 2553 1096 nulli
2582 1042 2722 1097 bono
2756 1056 2905 1097 mors
2946 1054 3146 1098 nocere
3185 1048 3383 1111 potest.
3409 1040 3567 1097 Chri-

1986 1146 2127 1192 stum
2154 1136 2547 1207 redemptorem
2583 1143 2823 1193 vestrum
2857 1137 2984 1193 totis
3011 1136 3219 1191 viribus
3251 1135 3489 1207 diligite,
3512 1142 3570 1192 et

1984 1214 2259 1297 proximos
2282 1236 2490 1282 vestros
2521 1226 2662 1283 sicut
2690 1228 3050 1298 VOSmetipsos
3075 1212 3273 1291 amate,
3300 1236 3357 1281 et
3383 1225 3571 1282 Eccle-

1985 1310 2118 1373 sium
2165 1317 2257 1373 Dei
2306 1317 2603 1386 honorate,
2659 1326 2714 1374 et
2771 1319 2929 1373 dictis
2980 1332 3045 1372 ac
3092 1315 3568 1389 praedicationibus

1986 1420 2297 1465 sanctorum
2330 1410 2571 1465 virorum
2597 1409 2834 1475 obedite,
2857 1418 2912 1465 et
2944 1409 3010 1464 ad
3045 1406 3285 1481 paradisi
3312 1406 3567 1478 gaudium

1986 1514 2038 1559 et
2072 1506 2388 1561 societatem
2416 1512 2729 1559 sanctorum
2764 1503 2953 1557 venire
2989 1499 3240 1558 festinate
3272 1518 3284 1554 :
3330 1498 3396 1554 ad
3435 1514 3570 1569 quo-

1987 1583 2105 1650 rum
2149 1596 2461 1652 societatem
2517 1595 2697 1650 divina
2741 1593 2981 1650 Trinitas
3015 1600 3069 1649 et
3103 1592 3333 1648 indivisa
3389 1591 3571 1646 unitas

1986 1705 2081 1744 vos
2124 1690 2443 1761 perducere,
2491 1698 2565 1749 et,
2591 1689 2825 1762 gratuita
2870 1688 3220 1743 miseratione
3262 1694 3567 1757 protegere,

1987 1780 2284 1848 consolari,
2330 1791 2383 1835 et
2419 1781 2739 1837 benedicere
2770 1776 3021 1851 dignetur
3050 1778 3191 1832 Deus
3217 1786 3430 1841 noster,
3476 1774 3569 1845 qui

297 1860 487 1932 vestri,
519 1866 608 1921 ubi
633 1877 758 1924 sunt
783 1884 939 1940 reges
963 1870 1147 1936 vestri,
1168 1870 1332 1926 vestri
1366 1871 1656 1943 principes,
1687 1879 1880 1926 vestrae
1912 1865 1958 1927 Β
1985 1874 2116 1930 vivit
2154 1884 2210 1930 et
2232 1882 2423 1946 regnat
2456 1889 2551 1944 per
2572 1873 2752 1928 omnia
2783 1870 2976 1928 saecula
3006 1870 3348 1926 saeculorum.
3373 1864 3564 1921 Amen.

298 2033 3551 2084 Μ

1518 2187 1686 2232 ANNO
1733 2188 1959 2233 unum
2003 2156 2353 2232 neccuxv.

1161 2324 2344 2524 ADVENTI
2400 2334 2711 2495 US

1529 2561 1874 2616 HETENSIS
1908 2559 2310 2617 EPISCOPUS.

1810 2700 2065 2721 ﬁ

941 2790 1442 2880 ADVENTII
1504 2798 2012 2880 LIBELLUS‘
2088 2798 2215 2875 DE
2288 2794 2894 2888 WALDBADA.

293 2954 365 3052 in
389 2995 520 3062 quo
546 2976 812 3065 probare
845 2974 1541 3065 conatur_Wa1dradam
1570 2974 1863 3065 pelliciin
1886 2974 2194 3051 Lotharii,
2231 2979 2633 3065 coniunctam
2650 2977 3087 3065 matrimonio,
3109 2977 3240 3058 jam
3280 2997 3312 3039 a
3344 2987 3587 3065 tenera,

374 3053 577 3147 relate,
619 3057 696 3119 ab
726 3057 866 3147 ejus
906 3062 1082 3147 patre
1106 3054 1406 3147 Lothario
1436 3053 1758 3147 Augusto;
1786 3053 2254 3137 Theutpergam
2281 3053 2452 3129 vero,
2488 3056 2834 3135 legitimam
2864 3053 3154 3130 uxorem,
3193 3065 3405 3138 postea
3438 3054 3559 3136 ipsi

374 3137 577 3229 invito
609 3135 741 3219 regi
760 3133 965 3198 ‘minis
995 3133 1194 3199 fuisse
1224 3135 1650 3220 mnjunctam.

1422 3278 1584 3342 (Apud
1603 3279 1863 3329 Baronium
1883 3284 1945 3328 ad
1964 3291 2072 3355 ann.
2096 3279 2207 3341 862,
2242 3292 2289 3329 n.
2313 3278 2415 3341 29.)

366 3535 793 3605 Augustusdivaa
819 3536 1207 3591 recordationis
1224 3535 1513 3590 Lotharius
1535 3550 1633 3604 per
1659 3535 1879 3590 electio-
1906 3540 1952 3603 ρ
1982 3550 2120 3589 nans
2146 3534 2285 3603 regis
2312 3546 2430 3588 esse
2458 3534 2753 3603 periculum
2786 3533 2849 3590 de
2871 3543 3011 3590 statu
3040 3537 3188 3605 regni
3218 3538 3300 3591 sui
3326 3578 3342 3605 ,
3378 3537 3423 3594 si
3454 3538 3566 3593 suis

292 3642 418 3683 nem
449 3626 627 3697 populi
651 3629 800 3700 regni
828 3628 1192 3684 Romanorum
1214 3637 1432 3684 creatus
1454 3636 1537 3683 est
1560 3630 1875 3699 imperator,

292 3731 585 3787 arcemque
627 3718 776 3789 regni
812 3717 1142 3773 Francorum
1177 3733 1404 3790 regens,
1445 3720 1586 3774 inter
1626 3718 1882 3788 reliquias

296 3820 571 3882 gestorum
597 3827 816 3867 suorum
844 3812 1246 3868 deliberationis
1275 3812 1383 3867 lilio
1409 3826 1507 3867 suo
1535 3814 1756 3869 domino
1776 3813 1879 3868 Loo

295 3903 474 3960 thario
518 3903 778 3974 virginem
822 3903 1053 3958 nobilem
1075 3946 1088 3967 ,
1134 3904 1349 3959 nomine
1370 3903 1750 3972 Waldradam,
1781 3906 1879 3959 sub

294 3996 515 4051 nomine
536 3994 734 4049 divinas
760 3995 883 4051 fidei
926 3996 1181 4061 tradidit,
1212 4006 1272 4051 ut
1299 4012 1419 4051 eam
1450 3998 1503 4051 in
1534 3997 1629 4053 Dei
1656 3996 1793 4064 fide,
1825 4006 1879 4052 et

292 4101 392 4142 sua
432 4085 613 4141 futuro
643 4093 887 4155 tempore
912 4086 1240 4152 custodiret,
1281 4095 1338 4141 et
1370 4087 1659 4141 obtineret.
1708 4086 1776 4141 Et
1823 4094 1880 4141 ut

294 4179 410 4234 luec
432 4178 619 4248 copula
661 4188 806 4247 iusta
833 4193 953 4234 esse
1001 4188 1335 4249 patesceret,
1369 4181 1422 4235 in
1460 4180 1879 4252 prmtitulatione

295 4268 457 4334 dotis,
478 4277 692 4324 centum
722 4285 939 4325 mansos
960 4270 1347 4341 gloriosissimo
1372 4272 1596 4342 puerulo
1621 4273 1873 4337 tradidit,

294 4362 385 4433 qui
414 4363 639 4418 necdum
674 4378 783 4419 sua:
811 4363 1076 4420 libertatis
1117 4374 1235 4419 erat
1255 4407 1269 4431 ,
1298 4365 1423 4421 licet
1454 4365 1664 4422 futurus
1706 4367 1879 4423 haeres

294 4454 469 4525 patri;
499 4453 592 4510 sed
614 4456 714 4511 sub
739 4456 1027 4520 tutoribus,
1053 4468 1107 4510 et
1130 4457 1403 4512 actoribus
1423 4459 1694 4523 manebat,
1718 4459 1873 4514 sicuti

296 4546 362 4599 de
384 4545 576 4600 talibus
598 4545 835 4615 loquitur
854 4545 1159 4615 Apostolus,
1184 4546 1400 4602 dicens:
1420 4546 1629 4612 Quanto
1648 4557 1875 4618 tempore

293 4639 460 4693 lateres
489 4638 738 4709 parvulus
760 4649 858 4703 est,
894 4638 1023 4692 nihil
1049 4639 1225 4708 diﬁ'ert
1253 4657 1285 4691 α
1318 4656 1486 4703 servo,
1522 4655 1637 4693 cum
1684 4641 1748 4694 sit
1780 4642 1871 4692 do-

295 4730 468 4783 minus
498 4732 759 4794 omnium;
788 4731 877 4783 sed
906 4730 999 4784 sub
1032 4730 1291 4784 tutoribus
1318 4741 1363 4784 et
1398 4729 1660 4785 actoribus
1684 4741 1757 4784 est
1790 4738 1869 4784 ‘us—

293 4836 391 4890 que
432 4820 501 4871 ud
540 4820 855 4891 prce/initum
900 4830 1097 4887 tempus
1128 4838 1157 4873 α
1187 4831 1331 4889 patre
1372 4819 1513 4890 (Gal.
1548 4821 1641 4887 tv).
1675 4821 1868 4875 Verum

1984 3642 2087 3680 non
2122 3625 2324 3679 faveret
2344 3626 2722 3681 hortamentis.
2747 3626 3031 3697 Acquievit
3064 3642 3179 3692 rex,
3209 3627 3333 3682 licet
3355 3628 3560 3691 nolens,

1982 3717 2121 3772 sicut
2153 3717 2266 3787 ipse
2293 3725 2522 3772 testatus
2555 3725 2654 3770 est.

2052 3808 2218 3861 Fama
2266 3807 2515 3877 pessima:
2564 3807 2909 3877 turpitudinis
2952 3807 3349 3880 Theutpergam
3385 3811 3568 3879 sequi-

1987 3908 2094 3965 tur,
2126 3909 2180 3954 et
2207 3899 2273 3954 de
2305 3900 2614 3955 incestuoso
2640 3902 2928 3955 concubitu
2968 3900 3153 3957 fratris
3195 3903 3275 3958 sui
3305 3901 3563 3958 ﬂucbertl

1981 4011 2074 4051 rea
2106 3994 2457 4060 acclamatur,
2485 3995 2709 4051 affertur
2746 3995 3002 4051 schedula
3047 3996 3433 4062 confessionis.

1983 4094 2172 4155 sponte
2202 4084 2449 4140 confessa
2474 4086 2691 4156 legitur,
2711 4085 2918 4153 judicio
2946 4086 3228 4141 consulum
3253 4088 3563 4154 damnatur,

1982 4178 2353 4235 misericordia
2408 4178 2698 4257 praesulum
2752 4177 3023 4244 salvator,
3073 4178 3253 4251 fugam
3306 4179 3561 4250 capessit.

1980 4268 2149 4339 Hujus
2196 4268 2323 4325 facti
2373 4271 2655 4334 notitiam,
2684 4284 2782 4339 per
2824 4270 3061 4323 illustres
3100 4270 3248 4325 viros
3288 4270 3566 4341 piissimus

1980 4375 2076 4415 rex
2110 4361 2358 4421 dominus
2389 4359 2678 4415 Lotharius
2702 4359 2931 4414 Romam
2961 4360 3147 4427 mittit,
3175 4369 3232 4414 et
3253 4375 3448 4416 causas
3485 4361 3564 4415 rei

1976 4453 2214 4521 pandere
2251 4454 2456 4507 statuit.
2489 4452 2842 4508 Beatissimus
2884 4470 3019 4524 papa
3069 4452 3324 4510 Nicolaus
3353 4456 3564 4512 ratione

1974 4552 2253 4616 comperta
2284 4544 2569 4601 deliciosos
2608 4546 2806 4601 missos
2835 4545 3171 4602 Rodoaldum
3202 4546 3412 4604 scilicet
3429 4547 3564 4603 Por-

1979 4644 2219 4688 mensem
2243 4677 2256 4698 ,
2296 4634 2561 4690 Joannem
2600 4636 2998 4691 Fidiculensem
3029 4635 3151 4709 [αι.,
3183 4637 3559 4710 Ficodensem]

1975 4729 2027 4785 in
2060 4729 2344 4784 Franciam
2377 4729 2564 4795 mittit,
2596 4739 2651 4784 et
2676 4730 2728 4784 in
2757 4731 2891 4785 urbe
2914 4729 3125 4793 Metica,
3159 4730 3410 4803 generale
3431 4747 3562 4788 con-

1974 4822 2154 4876 cilium
2208 4820 2484 4875 celebrare
2541 4820 2802 4875 decernit.
2857 4819 2957 4874 Ubi
3010 4821 3353 4889 praesentiam
3405 4837 3560 4878 suam

3474 3997 3575 4059 ubi

294 4910 529 4984 quandiu
551 4912 839 4983 prmdictus
865 4912 1157 4983 imperator
1182 4913 1327 4983 regni
1346 4910 1678 4966 Francorum
1704 4910 1875 4967 subli-
1904 4911 1954 4968 Ι]
1980 4912 2406 4982 gloriosissimus
2436 4925 2528 4964 rex
2560 4909 2878 4975 Lotharius,
2908 4926 3030 4965 cum
3074 4910 3329 4968 universo
3352 4912 3559 4982 prima-

294 5005 540 5060 mitatem
562 5005 817 5069 obtinuit,
843 5004 1097 5076 praefatus
1126 5004 1381 5075 puerulus
1402 5006 1538 5058 datae
1558 5005 1659 5059 sibi
1686 5004 1877 5072 puellae

294 5103 521 5166 paterno
547 5109 769 5150 munere
800 5095 1042 5159 inhaesit;
1075 5094 1216 5164 quod
1249 5102 1354 5148 non
1387 5093 1440 5147 in
1470 5092 1663 5164 angulo
1688 5102 1875 5162 patra-

295 5192 410 5241 tum
436 5185 555 5250 fuit,
578 5185 704 5255 quia
731 5184 927 5239 veritas
962 5200 1067 5239 non
1105 5185 1268 5239 habet
1286 5183 1539 5254 angulos,
1573 5183 1667 5237 sed
1693 5183 1744 5236 in
1777 5198 1877 5252 pu-

292 5277 435 5333 blico
481 5275 827 5347 pontiﬁcum,
869 5284 925 5330 et
970 5275 1292 5344 optimatum
1348 5271 1685 5342 spectaculo,
1735 5272 1876 5326 sicut

293 5369 568 5442 paedagogi
595 5368 714 5438 ejus
761 5376 1058 5433 testantur,
1086 5367 1251 5422 etiam
1305 5373 1357 5420 et
1412 5364 1708 5419 avuneuhis
1758 5361 1874 5431 ejus

292 5461 626 5520 Leutfridus.
654 5462 882 5518 Domino
918 5456 1244 5533 imperatore
1283 5460 1544 5515 Lothario
1572 5459 1868 5527 migrante,

292 5556 348 5611 in
390 5554 521 5626 ipsis
560 5554 750 5609 diebus
790 5552 1002 5623 paterni
1047 5552 1257 5616 luctus,
1307 5549 1612 5605 ﬂuebat-tus
1653 5546 1870 5603 Acefala

294 5660 417 5700 eum
452 5644 563 5701 suis
587 5644 962 5715 complicibus,
987 5656 1229 5698 sororem
1256 5655 1408 5696 suam
1431 5640 1650 5695 nomine
1672 5639 1872 5693 Theut—

295 5754 513 5810 pergam
536 5737 757 5793 domino
792 5737 902 5808 regi
932 5736 1192 5793 Lothario
1223 5735 1527 5791 clarissimo
1555 5733 1869 5790 adolescen-

298 5832 410 5885 tulo
439 5828 682 5895 adduxit,
706 5836 762 5884 et
792 5828 1162 5884 fraudulenter
1180 5841 1302 5883 eam
1327 5827 1430 5884 sibi
1458 5826 1725 5891 sociavit,
1763 5826 1865 5882 mi-

1980 5013 2092 5058 tum
2129 5009 2352 5057 suorum
2399 5001 2765 5071 nobiliumque
2814 5002 3248 5058 conisiliariornm
3294 5006 3557 5063 comitatu

1978 5097 2287 5157 ostendens,
2321 5093 2375 5147 in
2407 5102 2595 5148 sancta
2622 5091 2828 5163 synodo
2856 5093 3086 5158 resedit;
3119 5092 3192 5149 ibi
3220 5109 3415 5153 causas
3444 5113 3561 5159 sua

1977 5190 2209 5244 actionis
2238 5189 2292 5243 in
2317 5199 2610 5258 conspectu
2658 5188 2956 5260 legatorum
2990 5189 3245 5247 Romana:
3290 5193 3436 5251 sedis
3461 5206 3560 5249 ex.

1974 5280 2189 5351 posuit,
2236 5280 2508 5349 quomodo
2540 5280 2591 5333 in
2623 5279 2729 5333 fide
2756 5279 2852 5335 Dei
2885 5280 3101 5351 genitur
3125 5295 3256 5338 suus
3276 5281 3555 5342 osculis!)-

1983 5372 2205 5427 tissinue
2230 5371 2504 5426 memoriae
2529 5372 2780 5428 dominus
2805 5372 3096 5429 Lotharius
3130 5383 3425 5444 perpetuus
3443 5375 3559 5433 Διι-

1978 5472 2186 5533 gustus,
2209 5470 2267 5517 et
2299 5463 2558 5531 virginem
2580 5462 2929 5533 praenobilem
2954 5479 3118 5521 manu
3144 5464 3361 5535 propria
3394 5467 3560 5525 tradi-

1980 5554 2150 5617 derit,
2177 5563 2230 5608 et
2262 5554 2467 5623 reliqua
2514 5570 2635 5625 qua:
2686 5569 2847 5624 supra
2898 5556 3356 5613 enumeravimus.
3398 5555 3557 5624 Quod

1978 5660 2109 5700 vero
2132 5645 2476 5717 Theutperga
2504 5656 2687 5701 reatus
2710 5648 2793 5701 sui
2821 5646 3036 5716 culpam
3060 5644 3274 5715 publica
3306 5645 3556 5705 confessa

1978 5736 2159 5799 fuerit,
2188 5737 2241 5791 in
2267 5738 2524 5805 praedicto
2546 5736 2775 5792 concilio
2796 5775 2810 5800 ,
2839 5736 2983 5805 quod
3014 5733 3170 5790 ﬂetis
3202 5734 3425 5791 civitate
3461 5752 3557 5807 pa-

1980 5837 2176 5883 tratum
2223 5837 2305 5883 est
2334 5870 2348 5894 ,
2404 5837 2680 5884 senatores
2729 5825 2965 5885 universi
3014 5826 3161 5896 regni
3221 5824 3553 5895 Francorum
