3966 6334
474 277 609 332 1143

1570 271 1890 328 ADVENTII
1929 269 2271 328 METENSIS
2311 272 2618 330 EPISCOPI

3594 287 3691 341 illi

469 395 733 474 perﬁcere
757 407 816 449 se
841 392 1277 448 acclamavcrint.
1304 391 1360 444 ln
1390 388 1584 460 quibus
1622 388 1904 460 prudentia
1947 397 2056 443 tam
2083 387 2142 450 Α
2165 398 2353 444 sancta
2382 387 2553 444 David
2584 387 2786 455 ﬁdelia,
2813 398 2870 445 et
2893 389 3201 447 orthodoxo
3222 392 3527 463 imperatori
3547 395 3697 453 Latin.

469 485 787 556 temporalis
817 499 977 556 quam
1002 481 1261 552 spiritalis
1294 479 1545 552 refulget,
1583 495 1812 550 quorum
1846 489 2050 550 patres,

469 579 750 650 proavi,et
771 576 913 632 atavi
937 576 1303 630 Romanorum
1326 572 1535 628 consilii
1563 573 1876 626 maturitate
1900 587 2084 654 rexe-‘

473 679 602 726 runt
632 669 935 739 imperium,
964 683 1192 737 quorum
1225 666 1484 736 stirpem,
1518 664 2085 746 tempore-Augustos

472 782 590 821 rum
621 762 822 820 domini
852 761 1108 816 Ludovici
1145 759 1515 830 imperatoris,
1546 769 1600 814 et
1634 757 2058 830 magniﬁcentis-

470 857 590 912 simi
634 855 873 910 Lotharii
927 868 1140 923 semper
1188 851 1343 906 titulo
1387 851 1706 926 consulatus.
1740 860 2057 905 exornatam

470 948 697 1002 intuitus
743 963 882 1001 sum.
928 946 1129 1001 Horum
1181 943 1468 1014 specialem
1497 944 1709 999 consilii
1739 945 2060 1013 prazrogati-

467 1055 592 1094 vam
661 1054 1002 1108 nequaquam
1067 1036 1423 1105 abjiciendam
1490 1035 1814 1091 universitas
1872 1035 2057 1106 populi

469 1131 790 1187 acclamavit
819 1149 833 1185 :
863 1131 1059 1202 quippe
1089 1147 1211 1185 cum
1242 1144 1342 1186 nec
1367 1129 1653 1184 criminum
1681 1129 1760 1182 eis
1787 1128 2060 1183 damnosi-

472 1231 555 1276 tas
583 1222 958 1293 objiciebatur,
991 1223 1084 1276 sed
1108 1222 1436 1292 probitatum
1470 1219 1776 1291 ingenuitas
1809 1219 2061 1274 laudibus

469 1314 813 1371 ellerebatur.
860 1314 1199 1385 Quapropter
1242 1315 1362 1382 quia
1401 1314 1604 1384 passim
1645 1313 1863 1383 plurimi
1907 1313 2061 1367 varie

468 1410 535 1464 de
563 1408 646 1463 liis
671 1407 986 1478 opinantur,
1015 1417 1069 1462 et
1098 1407 1414 1478 multiplicia
1455 1406 1830 1462 deﬁnitionum
1862 1421 2062 1474 genera

466 1509 696 1572 ponunt,
727 1514 836 1570 quo
862 1499 1054 1555 affectu
1084 1516 1246 1570 super
1270 1501 1354 1556 his
1379 1500 1723 1555 tractaverim
1745 1539 1760 1564 ,
1785 1514 1849 1553 ac
1875 1489 2080 1554 sense?

465 1593 593 1655 rint,
626 1593 945 1648 reverentiae
981 1592 1216 1648 ﬁdelium
1260 1593 1522 1649 elucidari
1561 1593 1782 1646 curabo.
1830 1591 2060 1659 Quando

466 1685 763 1754 imperator
793 1684 1067 1754 piissimus
1101 1685 1212 1740 ﬁlio
1241 1701 1340 1740 suo
1363 1685 1641 1756 aequivoco
1660 1726 1675 1751 ,
1706 1683 1939 1754 puellam
1972 1699 2062 1738 uo-

467 1748 676 1835 bilitate
718 1748 899 1835 carnis
930 1779 1240 1849 insignitam
1285 1748 1461 1844 dedit,
1494 1748 1732 1834 nondum
1763 1793 1914 1832 eram
1946 1776 2060 1846 epi-
2091 1748 2141 1808 Β
2167 1772 2443 1828 horrendo
2491 1748 2800 1842 impu'dendi
2845 1748 3230 1845 [{.-impudici]
3280 1773 3474 1829 fratris
3513 1776 3720 1845 amplexu

2117 1863 2119 1867 “
2163 1862 2452 1928 confessa,
2498 1871 2555 1918 et
2598 1862 2944 1934 comprobata
2995 1862 3193 1929 fuerit,
3240 1863 3498 1918 similiter
3541 1865 3720 1918 omnino

467 1873 670 1945 scopali
705 1889 871 1929 onere
895 1882 1268 1944 praegravatus
1287 1916 1302 1939 ,
1333 1890 1433 1930 nec
1464 1875 1549 1929 his
1575 1874 1791 1929 interfui
1825 1873 2056 1930 actibus.

468 1964 812 2038 Theutperga
841 1983 964 2021 cum
998 1967 1305 2022 introducta
1337 1967 1475 2034 fuit,
1501 1977 1558 2024 et
1594 1969 1891 2024 secundum
1933 1985 2062 2025 cou-
2094 1977 2098 1982 ‘

461 2057 671 2128 jngium
707 2067 981 2128 patratum
1011 2068 1126 2123 est,
1159 2060 1262 2114 nisi
1305 2059 1490 2114 auditu
1530 2061 1745 2130 penitus
1794 2060 2056 2132 ignoravi.

468 2149 564 2204 llis
592 2149 754 2204 rebus
780 2149 854 2203 ita
882 2150 1155 2212 excursis,
1191 2150 1460 2221 expetitus
1489 2165 1518 2204 a
1547 2151 1720 2214 clero,
1761 2159 1815 2206 et
1855 2151 2060 2206 electus

468 2258 498 2296 a
523 2241 698 2311 plebe,
732 2242 1018 2313 epiSCOpus
1045 2243 1305 2298 canonice
1325 2253 1676 2300 consecratus
1698 2245 1750 2299 in
1783 2245 1868 2300 his
1906 2245 2062 2301 factis

469 2335 651 2390 taliter
693 2337 835 2391 sensi
880 2355 893 2391 :
936 2336 1440 2394 Christianissimus
1498 2340 1795 2411 imperator
1847 2342 1899 2394 in
1956 2342 2062 2398 ﬁde

467 2432 692 2497 Christi,
723 2440 776 2488 et
803 2448 918 2498 sua,
948 2432 1214 2504 virginem
1251 2432 1362 2488 ﬁlio
1394 2433 1574 2500 dedit,
1619 2428 1754 2489 ﬁ'des
1781 2434 1871 2490 Dei
1913 2450 2062 2490 scor-

468 2533 582 2580 tum
614 2541 719 2580 non
749 2525 944 2589 donat,
977 2527 1070 2581 sed
1101 2527 1379 2595 repudiat,
1423 2527 1645 2582 dicens:
1677 2525 1790 2582 Non
1836 2529 2062 2584 macha-

467 2618 605 2672 beris
637 2615 834 2684 (Exod.
879 2618 996 2687 xx).
1041 2618 1106 2672 Et
1135 2618 1461 2674 Psalmista:
1495 2619 1692 2675 Perdes
1733 2638 1939 2686 omnes,
1970 2610 2066 2693 qui

468 2708 800 2778 fornicamur
824 2709 918 2762 abs
946 2718 994 2762 te
1021 2707 1195 2772 (Psal.
1221 2709 1413 2783 Lxxu).
1447 2705 1669 2776 Paulus,
1701 2713 1794 2782 qui
1822 2712 1925 2767 ﬁde
1962 2713 2061 2769 Dei

468 2799 795 2870 przecinctus
823 2807 960 2863 erat,
989 2798 1209 2865 clamat,
1243 2801 1344 2856 hoc
1374 2802 1661 2871 inquiens:
1691 2800 1888 2857 Scitote
1908 2802 2062 2857 intel-

467 2890 718 2962 ligentes,
761 2891 898 2962 quod
930 2892 1099 2946 omnis
1131 2893 1446 2961 fornicator,
1491 2904 1584 2948 aut
1624 2896 1926 2950 immundus
1967 2904 2062 2950 aut

469 3003 684 3051 avarus,
714 2985 854 3056 quod
881 2997 955 3040 est
986 2985 1249 3040 idolorum
1275 2988 1514 3054 servitus,
1537 3006 1640 3043 non
1661 2989 1813 3043 habet
1835 2990 2061 3044 Incredi-

469 3086 628 3132 talem
656 3078 712 3131 in
738 3094 894 3148 regno
935 3077 1130 3131 Christi
1151 3087 1199 3132 et
1223 3078 1322 3132 Dei
1350 3079 1565 3149 (Ephes.
1599 3079 1686 3152 v):
1714 3081 1808 3150 qui
1837 3090 2061 3151 portans

379 3173 384 3180 ’
469 3174 666 3244 stigma
686 3173 813 3228 Jesu
846 3174 901 3227 in
933 3189 1158 3244 corpore
1183 3189 1312 3238 suo,
1345 3175 1446 3228 hoc
1495 3184 1579 3229 est
1616 3175 1870 3230 vexillum
1901 3175 2054 3241 ﬁdei,

470 3283 577 3322 non
611 3265 756 3322 fovet
783 3266 1075 3331 adulteros,
1108 3265 1201 3320 sed
1231 3266 1450 3334 cuspide
1480 3267 1621 3320 sacri
1653 3265 1875 3322 faminis
1917 3277 2058 3323 tere-

468 3357 613 3423 brat,
643 3358 828 3413 dicens
859 3376 872 3412 :
909 3355 1091 3429 Neque
1135 3357 1366 3411 adulteri
1411 3374 1625 3429 regnum
1675 3357 1771 3412 Dei
1821 3359 2056 3428 posside-

469 3447 595 3501 bunt
639 3446 692 3519 (1
730 3446 852 3501 Cor.
907 3449 1004 3515 vt).
1055 3447 1336 3514 Dominus,
1383 3447 1474 3518 qui
1520 3446 1691 3504 ﬁdelis
1722 3456 1838 3516 est,
1874 3460 1929 3506 et
1968 3450 2059 3506 dat

540 3615 567 3642 ιι
599 3601 887 3673 Hucusque
925 3603 1430 3681 libe_l_l_us_Adventii
1453 3649 1466 3673 ,
1507 3608 1773 3681 uniusgex
1818 3609 1923 3664 illis
1959 3613 2052 3681 qui

469 3683 656 3750 postea
688 3689 934 3750 meruere
960 3691 988 3727 a
1019 3675 1237 3730 Nicolao
1262 3679 1505 3750 Romano
1545 3679 1800 3750 pontiﬁce
1832 3675 2052 3736 excom-

471 3745 734 3820 municari
757 3761 777 3820 ;_
803 3760 997 3820 verum
1029 3763 1133 3820 non
1165 3757 1226 3802 ut
1262 3749 1375 3813 alii,
1409 3745 1600 3820 nempe
1629 3751 1970 3807 Coloniensis
1997 3761 2053 3807 et

472 3812 831 3882 Trevirensis,
863 3816 1224 3874 obstinatione
1251 3821 1508 3875 olnluruit
1529 3812 1550 3887 ξ
1571 3821 1664 3878 sed
1698 3823 1906 3893 peccati
1937 3837 2057 3893 poe-

472 3981 3573 4008 ΨΜ

2161 483 2267 548 rio,
2287 497 2392 537 non
2415 481 2642 538 abstulit
2663 490 2986 554 potestatem
3007 487 3367 556 conjungendi
3387 487 3544 543 ﬁlium
3565 507 3699 558 suum,

2163 590 2286 630 cum
2316 591 2641 646 quacunque
2673 576 2852 647 puella
2881 577 3246 643 decrevisset,
3275 579 3326 632 iu
3361 579 3626 651 Evangelia
3647 587 3704 639 di-

2164 670 2240 725 cit
2265 688 2279 724 :
2310 669 2413 736 Qui
2435 663 2658 724 dimissa
2679 686 2847 724 uxore
2869 710 2885 734 ,
2927 669 3152 724 alteram
3183 671 3434 736 duxerit,
3477 677 3707 728 nzcchatur

2164 759 2382 833 (Matth.
2417 763 2550 833 xu).
2591 761 2747 818 Unde
2766 770 3001 832 oportet,
3025 771 3085 815 ut
3115 762 3232 817 haec
3259 763 3552 827 audientes,
3577 767 3648 835 pio
3669 779 3707 822 et

2165 854 2358 910 devoto
2393 855 2572 910 studio
2599 863 2856 924 paternos
2884 868 3120 910 canones
3149 855 3400 921 audiant,
3425 872 3488 910 ac
3517 871 3706 925 servent,

2164 947 2290 1018 quia
2325 946 2588 1003 terminos
2629 945 2853 1002 Patrum
2883 963 3160 1017 nunquam
3189 949 3489 1020 transgredi
3526 963 3707 1020 oportet.

2164 1037 2301 1093 Nam
2333 1038 2474 1094 sacri
2501 1053 2739 1094 canones
2763 1049 2994 1109 paterno
3016 1054 3250 1096 munere
3278 1042 3557 1096 mulierem
3575 1045 3710 1097 datam

2165 1129 2322 1200 culpa
2359 1143 2547 1185 carere
2575 1129 2934 1202 proclamant.
2960 1131 3284 1201 Imperator,
3314 1133 3410 1203 qui
3437 1133 3637 1188 cultura!
3653 1135 3711 1189 di-

2164 1222 2306 1278 vina:
2327 1222 2541 1277 deditus
2566 1229 2686 1277 erat
2709 1262 2724 1287 ,
2761 1222 3143 1278 fornicationis
3173 1223 3482 1278 detestabili
3521 1222 3712 1278 facinore

2168 1315 2338 1371 ﬁlium
2383 1315 2463 1370 uti
2510 1331 2618 1371 non
2664 1315 2917 1385 permisit
2967 1315 3284 1370 Lotharium
3337 1330 3548 1386 regem,
3601 1317 3715 1384 cujus

2165 1407 2462 1478 professio,
2508 1417 2564 1462 et
2604 1409 2848 1463 omnium
2899 1415 3212 1462 senatorum
3249 1406 3374 1462 talis
3415 1408 3640 1468 exstitit.
3669 1410 3717 1461 de
3857 1398 3859 1442 ¹

2167 1499 2358 1571 copula
2383 1481 2692 1555 Waldradas
2710 1541 2726 1566 ,
2756 1501 2900 1570 quod
2929 1513 3050 1554 eam
3074 1500 3288 1572 genitor
3317 1500 3371 1555 in
3403 1499 3508 1554 tide
3543 1499 3624 1554 Dei
3643 1501 3714 1555 sibi

2167 1591 2410 1647 dederat.

2189 1687 2193 1690 ’
2241 1683 2318 1738 De
2349 1682 2694 1755 Theutperga
2724 1699 2876 1749 vero,
2908 1685 3054 1754 quod
3095 1684 3321 1739 sceleris
3355 1685 3443 1740 sui
3473 1685 3648 1740 malum
3672 1687 3720 1741 de

2163 1956 2452 2026 protestati
2485 1963 2648 2022 sunt,
2679 1971 2800 2026 quae
2824 1972 2930 2011 non
2960 1956 3172 2026 pavidis
3199 1972 3230 2011 a
3261 1955 3425 2010 nobis
3466 1955 3612 2010 minis
3638 1964 3722 2009 ter-

2166 2048 2270 2102 rita
2299 2057 2406 2112 est,
2437 2063 2536 2104 nec
2573 2049 2806 2103 ammnis
2836 2048 3052 2104 confota
3097 2048 3399 2102 blanditiis.
3429 2047 3547 2117 Ipse
3579 2054 3723 2099 autem

2167 2141 2464 2195 secundum
2490 2141 2808 2211 Apostolum
2836 2140 3071 2207 faciens,
3103 2141 3194 2196 ubi
3227 2141 3362 2196 dicit
3394 2159 3408 2194 :
3443 2140 3502 2195 Si
3525 2141 3629 2208 ﬁeri
3653 2155 3724 2209 po-

2164 2243 2282 2299 test,
2307 2251 2423 2288 cum
2449 2236 2690 2290 omnibus
2713 2235 3007 2289 hominibus
3029 2252 3208 2305 pacem
3232 2236 3421 2290 habete
3445 2234 3612 2306 (Rom.
3632 2235 3722 2304 xu},

2165 2334 2220 2380 et
2247 2327 2532 2381 consulum
2562 2327 2821 2382 nobilium
2853 2342 3014 2382 voces
3037 2326 3283 2390 audiens,
3311 2327 3458 2382 sicut
3481 2342 3629 2397 supra
3649 2342 3721 2396 per

2165 2419 2510 2474 succedenlia
2567 2429 2812 2490 tempora
2859 2419 3119 2489 exemplis
3163 2419 3579 2483 annotavimus,
3617 2418 3726 2488 quod

2164 2512 2348 2566 audita
2379 2520 2435 2565 et
2464 2511 2764 2582 approbata
2794 2519 2918 2566 sunt
2949 2519 3262 2566 senatorum
3291 2492 3543 2573 coasilia,
3571 2511 3618 2564 in
3639 2526 3726 2564 om-

2164 2605 2325 2660 nibus
2357 2605 2847 2674 subscriptionibus
2871 2645 2886 2669 ,
2915 2615 2969 2660 et
2993 2602 3404 2659 deﬁnitionibus
3431 2603 3625 2658 nostris
3651 2604 3726 2656 hoc

2164 2695 2327 2750 modo
2351 2695 2682 2760 censuimus,
2715 2702 2773 2748 ut
2801 2695 2848 2749 si
2883 2693 3223 2766 Theutperga
3269 2692 3524 2749 confessa
3566 2692 3727 2764 praedi-

2164 2799 2312 2846 ctum
2344 2789 2538 2845 fuisset
2585 2797 2794 2844 reatum
2814 2831 2828 2857 ,
2859 2791 3008 2861 regia
3035 2789 3294 2844 societate
3335 2789 3611 2860 indignam
3635 2802 3729 2841 esse

2165 2885 2372 2942 censui.
2420 2885 2489 2939 Et
2533 2883 2580 2940 si
2621 2883 2915 2939 Waldrada
2967 2884 3022 2938 in
3075 2882 3181 2938 ﬁde
3206 2883 3301 2938 Dei
3343 2897 3570 2937 munere
3594 2881 3730 2951 patris

2158 2977 2347 3049 juncta
2376 2987 2519 3033 esset
2544 2977 2679 3048 regi,
2721 2976 2880 3032 ﬁdem
2914 2976 3010 3031 Dei
3044 2992 3152 3031 non
3183 2993 3350 3031 ausus
3394 2975 3473 3031 fui
3518 2975 3730 3044 blasphe-

2164 3090 2339 3138 mare,
2374 3089 2440 3128 ne
2479 3072 2616 3129 forte
2641 3073 2951 3145 perfoderet
2977 3089 3062 3130 me
3091 3075 3377 3145 Scriptura
3405 3073 3552 3129 verbi
3582 3072 3729 3142 jacqu

2165 3168 2388 3224 dicens:
2421 3167 2760 3237 Blasphentos
2813 3184 2875 3221 ne
2921 3168 3143 3237 patiaris
3183 3167 3349 3220 vivere
3399 3166 3544 3237 (Leu.
3588 3165 3726 3232 xm).

2162 3259 2452 3330 Apostolus
2473 3259 2746 3314 licentiam
2778 3259 2892 3324 dat,
2915 3266 2974 3313 ut
2996 3258 3371 3329 unusquisque
3401 3258 3457 3314 in
3482 3272 3576 3313 suo
3597 3270 3727 3311 sensu

2165 3352 2403 3408 abundet
2435 3351 2612 3424 (Rom.
2641 3352 2754 3420 xw)
2786 3363 2835 3407 ει.

2159 3617 2363 3679 nitens,
2394 3612 2630 3683 scipsum
2652 3627 2934 3683 accusans,
2967 3616 3021 3665 et
3047 3611 3261 3666 veniam
3289 3619 3505 3680 petens,
3526 3606 3726 3683 obtinuit

2160 3686 2306 3740 illam
2341 3678 2408 3739 ab
2436 3678 2626 3738 eodem
2662 3680 2884 3738 Nicolao
2912 3682 3202 3754 pontiﬁce,
3241 3678 3306 3736 ut
3347 3689 3500 3751 patet
3537 3695 3597 3735 ex
3635 3678 3727 3746 cpi-

2162 3756 2300 3814 stola
2328 3770 2455 3810 mox
2482 3754 2752 3824 sequenti,

1580 4141 2082 4223 EPISTOLA
2141 4140 2642 4222 ADVENTII

1147 4315 1258 4375 AD
1302 4315 1920 4381 THEUTGAUDUM
1962 4316 2534 4380 COLONIENSEM
2591 4315 3062 4379 EPISCOPUM.

969 4490 1312 4556 Certiorem
1343 4503 1573 4558 secreto
1604 4495 1763 4578 facit
1794 4493 1868 4557 de
1897 4493 2142 4576 synodo
2179 4491 2355 4575 apud
2380 4493 2583 4556 Metus
2612 4509 2762 4551 mox
2791 4486 3246 4572 congreganda.

1914 4658 2153 4723 (Baron.,
2178 4656 2326 4722 ibid.)

2045 4769 2190 4787 ’.Α

537 4861 1000 4920 Reverentissimo
1028 4873 1094 4914 ac
1139 4855 1486 4912 sanctissimo
1522 4854 1694 4911 “nobis
1740 4869 1839 4925 per
1865 4855 2052 4911 omnia
2080 4859 2134 4920 D
2161 4856 2334 4923 tietis,
2390 4869 2672 4925 quousque
2722 4853 2778 4908 iu
2826 4850 3213 4908 Puriﬁcatione
3274 4859 3481 4907 sancta:
3542 4849 3720 4916 laris,

469 4957 829 5013 desiderando
865 4953 1013 5009 Patri
1070 4951 1436 5006 Tueurcwno
1483 4947 1796 5002 ADVEN‘I‘IUB
1826 4947 2055 5002 devotus

467 5049 636 5114 ﬁlius,
658 5058 714 5104 et
742 5047 992 5104 assiduus
1021 5055 1228 5111 orator,
1266 5059 1496 5101 summa:
1541 5042 1818 5098 felicitatis
1867 5057 2056 5112 pacem

470 5150 530 5198 et
557 5140 808 5212 gloriam.

542 5230 848 5287 Prtesentes
901 5229 1101 5298 apices,
1143 5243 1240 5299 per
1283 5228 1470 5290 Deum,
1512 5237 1566 5282 et
1609 5235 1831 5298 propter
1883 5226 2055 5283 Deum

470 5321 753 5382 humiliter
780 5333 1088 5390 precamur,
1125 5329 1186 5375 ut
1223 5318 1400 5374 nullus
1447 5318 1585 5374 alius
1635 5318 1948 5372 mortalium
1977 5318 2058 5372 vi-

472 5419 618 5483 deat,
649 5413 743 5470 sed
778 5409 1054 5466 Vulcanus
1077 5412 1216 5466 edax
1246 5420 1566 5482 perspectos
1609 5419 1916 5466 consumat.
1953 5411 2055 5466 νει

473 5518 603 5566 atra:
631 5506 868 5576 antiqua!
905 5502 1209 5575 gravitatis,
1242 5515 1297 5560 et
1344 5514 1619 5561 maturum
1647 5504 1956 5571 consilium,
1996 5519 2062 5561 ac

474 5603 596 5659 vice
633 5600 757 5656 ﬁdei
787 5599 1085 5655 anchoratn
1125 5598 1426 5667 prudentiae
1457 5599 1680 5655 tutelam
1721 5599 1850 5669 ﬁgat
1895 5598 1949 5653 in
1974 5612 2063 5653 sa-

476 5695 694 5768 pientia:
725 5695 1066 5749 ﬁrmamento
1089 5689 1511 5764 [fundamento],
1542 5709 1611 5749 ne
1637 5693 1840 5764 aliquid
1871 5701 2062 5748 nostro

479 5789 679 5846 seniori
711 5788 1013 5854 sinistrum,
1050 5785 1132 5841 vel
1173 5782 1429 5839 dextrum
1474 5785 1580 5840 isto
1623 5796 1870 5857 tempore
1923 5801 2063 5840 nun-

2162 4949 2304 5003 sicut
2329 4961 2429 5018 pro
2462 4954 2616 5002 certo
2641 4944 2820 5000 vocati
2850 4953 2979 5000 sunt
3003 4956 3194 4997 omnes
3217 4944 3389 4997 nostri
3417 4942 3726 5010 confratres,

2129 5107 2132 5109 λ
2165 5039 2320 5095 Metis
2357 5037 2722 5093 conveniant:
2754 5036 2882 5106 quia
2910 5051 3009 5106 pro
3055 5043 3208 5091 certo
3247 5034 3421 5099 scitis,
3463 5035 3604 5106 quod
3640 5050 3724 5089 no-

2164 5142 2277 5187 ster
2319 5131 2502 5186 senior
2527 5130 2702 5186 modis
2749 5128 3003 5184 omnibus
3044 5127 3404 5183 deliberatum
3455 5128 3633 5194 habet,
3677 5138 3724 5183 ut

2167 5222 2379 5278 illorum
2410 5219 2688 5278 communi
2723 5218 2976 5284 consilio,
3009 5217 3274 5289 quidquid
3317 5218 3426 5274 illis
3451 5219 3723 5276 secundum

2167 5316 2336 5371 Deum
2367 5312 2562 5370 melius
2600 5312 2776 5368 visum
2823 5309 3006 5378 fuerit,
3039 5310 3092 5364 in
3129 5310 3383 5365 omnibus
3421 5327 3481 5367 se
3520 5311 3727 5382 paratis.

2165 5410 2362 5466 simum
2410 5423 2533 5464 esse
2562 5405 2868 5478 promittat,
2923 5412 3018 5460 aut
3057 5419 3246 5459 eorum
3297 5404 3539 5470 monitis,
3585 5416 3727 5474 atque

2166 5505 2412 5562 consiliis
2436 5519 2656 5575 parens,
2686 5501 2823 5558 nihil
2849 5500 3080 5557 ulterius
3108 5499 3268 5556 aliter
3300 5509 3443 5572 agat.
3469 5502 3728 5572 Quaprop-

2169 5607 2250 5654 ter
2293 5605 2510 5670 oportet
2554 5611 2673 5661 vos,
2729 5593 3086 5650 dilectissime
3141 5591 3325 5658 Pater,
3375 5593 3537 5649 modo
3587 5601 3726 5647 caule

2167 5707 2350 5764 agere,
2383 5707 2471 5756 ne,
2501 5688 2646 5760 quod
2682 5687 2845 5754 absit,
2898 5685 3078 5758 aliqua
3125 5699 3262 5739 vana
3305 5700 3404 5756 spe
3439 5701 3470 5741 a
3506 5685 3592 5741 via
3620 5683 3722 5747 Dei,

2168 5783 2582 5855 etevangelicis,
2600 5791 2764 5851 atque
2781 5779 3094 5850 apostolicis
3104 5777 3446 5838 documentis
3455 5777 3716 5837 deviando.
