  <div class='ocr_page' id='page_1' title='image "/cluster/home/n/w/nwhite01/storage/ocr_20150623/121/hvd.32044015471642/578.png"; bbox 0 0 3966 6334; ppageno 0'>
   <div class='ocr_carea' id='block_1_1' title="bbox 228 335 361 388">
    <p class='ocr_par' dir='ltr' id='par_1_1' title="bbox 228 335 361 388">
     <span class='ocr_line' id='line_1_1' title="bbox 228 335 361 388; baseline -0.015 0"><span class='ocrx_word' id='word_1_1' title='bbox 228 335 361 388; x_wconf 69' lang='grc' dir='ltr'><strong>ΙΙιῦ</strong></span> 
     </span>
    </p>
   </div>
   <div class='ocr_carea' id='block_1_2' title="bbox 1313 335 2355 395">
    <p class='ocr_par' dir='ltr' id='par_1_2' title="bbox 1313 335 2355 395">
     <span class='ocr_line' id='line_1_2' title="bbox 1313 335 2355 395; baseline 0.003 -4"><span class='ocrx_word' id='word_1_2' title='bbox 1313 335 1530 392; x_wconf 81' lang='lat' dir='ltr'><strong>EPIST.</strong></span> <span class='ocrx_word' id='word_1_3' title='bbox 1571 338 1662 392; x_wconf 78' lang='lat' dir='ltr'><strong>AD</strong></span> <span class='ocrx_word' id='word_1_4' title='bbox 1702 335 2060 395; x_wconf 77' lang='lat' dir='ltr'><strong>NICOLAUM</strong></span> <span class='ocrx_word' id='word_1_5' title='bbox 2102 339 2355 395; x_wconf 80' lang='lat' dir='ltr'><strong>PAPAM.</strong></span> 
     </span>
    </p>
   </div>
   <div class='ocr_carea' id='block_1_3' title="bbox 3327 341 3463 397">
    <p class='ocr_par' dir='ltr' id='par_1_3' title="bbox 3327 341 3463 397">
     <span class='ocr_line' id='line_1_3' title="bbox 3327 341 3463 397; baseline 0.007 -1"><span class='ocrx_word' id='word_1_6' title='bbox 3327 341 3463 397; x_wconf 42' lang='lat'><strong>“.56</strong></span> 
     </span>
    </p>
   </div>
   <div class='ocr_carea' id='block_1_4' title="bbox 218 445 3464 527">
    <p class='ocr_par' dir='ltr' id='par_1_4' title="bbox 218 445 3464 527">
     <span class='ocr_line' id='line_1_4' title="bbox 218 445 3464 527; baseline 0.004 -25"><span class='ocrx_word' id='word_1_7' title='bbox 218 451 464 516; x_wconf 78' lang='lat' dir='ltr'><strong>laqueum</strong></span> <span class='ocrx_word' id='word_1_8' title='bbox 509 446 751 501; x_wconf 93' lang='lat' dir='ltr'><strong>incurrat</strong></span> <span class='ocrx_word' id='word_1_9' title='bbox 785 446 1006 501; x_wconf 79' lang='lat' dir='ltr'><strong>Averni.</strong></span> <span class='ocrx_word' id='word_1_10' title='bbox 1037 445 1186 502; x_wconf 91' lang='lat' dir='ltr'><strong>Certi</strong></span> <span class='ocrx_word' id='word_1_11' title='bbox 1226 447 1370 502; x_wconf 88' lang='lat' dir='ltr'><strong>enim</strong></span> <span class='ocrx_word' id='word_1_12' title='bbox 1411 463 1532 504; x_wconf 89' lang='lat' dir='ltr'><strong>esse</strong></span> <span class='ocrx_word' id='word_1_13' title='bbox 1558 450 1786 520; x_wconf 74' lang='lat' dir='ltr'><strong>potestis</strong></span> <span class='ocrx_word' id='word_1_14' title='bbox 1813 451 2001 516; x_wconf 71' lang='lat' dir='ltr'><strong>Aimo</strong></span> <span class='ocrx_word' id='word_1_15' title='bbox 2030 450 2302 508; x_wconf 89' lang='lat' dir='ltr'><strong>multoties</strong></span> <span class='ocrx_word' id='word_1_16' title='bbox 2344 452 2664 523; x_wconf 81' lang='lat' dir='ltr'><strong>deprecatus</strong></span> <span class='ocrx_word' id='word_1_17' title='bbox 2704 464 2809 521; x_wconf 88' lang='lat' dir='ltr'><strong>est,</strong></span> <span class='ocrx_word' id='word_1_18' title='bbox 2862 465 2920 510; x_wconf 91' lang='lat' dir='ltr'><strong>ut</strong></span> <span class='ocrx_word' id='word_1_19' title='bbox 2957 464 3178 527; x_wconf 84' lang='lat' dir='ltr'><strong>propter</strong></span> <span class='ocrx_word' id='word_1_20' title='bbox 3221 474 3464 516; x_wconf 86' lang='lat' dir='ltr'><strong>amorem</strong></span> 
     </span>
    </p>
   </div>
   <div class='ocr_carea' id='block_1_5' title="bbox 218 539 1823 613">
    <p class='ocr_par' dir='ltr' id='par_1_5' title="bbox 218 539 1823 613">
     <span class='ocr_line' id='line_1_5' title="bbox 218 539 1823 613; baseline 0.002 -17"><span class='ocrx_word' id='word_1_21' title='bbox 218 543 342 613; x_wconf 87' lang='lat' dir='ltr'><strong>quia</strong></span> <span class='ocrx_word' id='word_1_22' title='bbox 391 541 437 596; x_wconf 87' lang='lat' dir='ltr'><strong>si</strong></span> <span class='ocrx_word' id='word_1_23' title='bbox 465 549 651 596; x_wconf 89' lang='lat' dir='ltr'><strong>nostra</strong></span> <span class='ocrx_word' id='word_1_24' title='bbox 679 539 855 610; x_wconf 91' lang='lat' dir='ltr'><strong>culpa,</strong></span> <span class='ocrx_word' id='word_1_25' title='bbox 892 549 985 595; x_wconf 86' lang='lat' dir='ltr'><strong>aut</strong></span> <span class='ocrx_word' id='word_1_26' title='bbox 1023 540 1200 611; x_wconf 85' lang='lat' dir='ltr'><strong>aliqua</strong></span> <span class='ocrx_word' id='word_1_27' title='bbox 1231 556 1369 596; x_wconf 87' lang='lat' dir='ltr'><strong>vana</strong></span> <span class='ocrx_word' id='word_1_28' title='bbox 1407 542 1600 598; x_wconf 89' lang='lat' dir='ltr'><strong>ﬁducia</strong></span> <span class='ocrx_word' id='word_1_29' title='bbox 1630 544 1823 600; x_wconf 90' lang='lat' dir='ltr'><strong>modo-</strong></span> 
     </span>
    </p>
   </div>
   <div class='ocr_carea' id='block_1_6' title="bbox 216 635 1788 710">
    <p class='ocr_par' dir='ltr' id='par_1_6' title="bbox 216 635 1788 710">
     <span class='ocr_line' id='line_1_6' title="bbox 216 635 1788 710; baseline 0 -16"><span class='ocrx_word' id='word_1_30' title='bbox 216 637 500 701; x_wconf 88' lang='lat' dir='ltr'><strong>crravcrit,</strong></span> <span class='ocrx_word' id='word_1_31' title='bbox 543 635 674 691; x_wconf 91' lang='lat' dir='ltr'><strong>illud</strong></span> <span class='ocrx_word' id='word_1_32' title='bbox 724 635 1034 705; x_wconf 91' lang='lat' dir='ltr'><strong>implebitur</strong></span> <span class='ocrx_word' id='word_1_33' title='bbox 1061 638 1439 708; x_wconf 85' lang='lat' dir='ltr'><strong>propheticum</strong></span> <span class='ocrx_word' id='word_1_34' title='bbox 1477 641 1788 710; x_wconf 80' lang='lat' dir='ltr'><strong>sanguinem</strong></span> 
     </span>
    </p>
   </div>
   <div class='ocr_carea' id='block_1_7' title="bbox 1894 543 3467 622">
    <p class='ocr_par' dir='ltr' id='par_1_7' title="bbox 1894 543 3467 622">
     <span class='ocr_line' id='line_1_7' title="bbox 1894 543 3467 622; baseline 0.008 -25"><span class='ocrx_word' id='word_1_35' title='bbox 1894 543 2132 609; x_wconf 89' lang='lat' dir='ltr'><strong>Domini,</strong></span> <span class='ocrx_word' id='word_1_36' title='bbox 2166 545 2268 600; x_wconf 90' lang='lat' dir='ltr'><strong>ista</strong></span> <span class='ocrx_word' id='word_1_37' title='bbox 2311 545 2466 602; x_wconf 85' lang='lat' dir='ltr'><strong>vobis</strong></span> <span class='ocrx_word' id='word_1_38' title='bbox 2499 546 2950 619; x_wconf 86' lang='lat' dir='ltr'><strong>signiﬁcaremus,</strong></span> <span class='ocrx_word' id='word_1_39' title='bbox 2989 551 3269 622; x_wconf 92' lang='lat' dir='ltr'><strong>modisque</strong></span> <span class='ocrx_word' id='word_1_40' title='bbox 3288 554 3467 610; x_wconf 86' lang='lat' dir='ltr'><strong>omni-</strong></span> 
     </span>
    </p>
   </div>
   <div class='ocr_carea' id='block_1_8' title="bbox 1892 635 3468 714">
    <p class='ocr_par' dir='ltr' id='par_1_8' title="bbox 1892 635 3468 714">
     <span class='ocr_line' id='line_1_8' title="bbox 1892 635 3468 714; baseline 0.009 -24"><span class='ocrx_word' id='word_1_41' title='bbox 1892 635 1996 691; x_wconf 89' lang='lat' dir='ltr'><strong>bus</strong></span> <span class='ocrx_word' id='word_1_42' title='bbox 2043 637 2469 706; x_wconf 87' lang='lat' dir='ltr'><strong>consuleremus,</strong></span> <span class='ocrx_word' id='word_1_43' title='bbox 2503 654 2572 694; x_wconf 92' lang='lat' dir='ltr'><strong>ne</strong></span> <span class='ocrx_word' id='word_1_44' title='bbox 2607 655 2674 695; x_wconf 83' lang='lat' dir='ltr'><strong>ex</strong></span> <span class='ocrx_word' id='word_1_45' title='bbox 2721 649 2902 697; x_wconf 91' lang='lat' dir='ltr'><strong>vestra</strong></span> <span class='ocrx_word' id='word_1_46' title='bbox 2934 652 3110 714; x_wconf 89' lang='lat' dir='ltr'><strong>parte,</strong></span> <span class='ocrx_word' id='word_1_47' title='bbox 3156 645 3238 699; x_wconf 86' lang='lat' dir='ltr'><strong>vel</strong></span> <span class='ocrx_word' id='word_1_48' title='bbox 3290 654 3468 706; x_wconf 83' lang='lat' dir='ltr'><strong>vestra</strong></span> 
     </span>
    </p>
   </div>
   <div class='ocr_carea' id='block_1_9' title="bbox 215 716 3468 812">
    <p class='ocr_par' dir='ltr' id='par_1_9' title="bbox 215 716 3468 812">
     <span class='ocr_line' id='line_1_9' title="bbox 215 716 3468 812; baseline 0.003 -29"><span class='ocrx_word' id='word_1_49' title='bbox 215 730 376 800; x_wconf 75' lang='lat' dir='ltr'><strong>ipsius</strong></span> <span class='ocrx_word' id='word_1_50' title='bbox 397 727 462 781; x_wconf 84' lang='lat' dir='ltr'><strong>de</strong></span> <span class='ocrx_word' id='word_1_51' title='bbox 487 743 647 781; x_wconf 86' lang='lat' dir='ltr'><strong>manu</strong></span> <span class='ocrx_word' id='word_1_52' title='bbox 673 735 763 781; x_wconf 79' lang='lat' dir='ltr'><strong>tua</strong></span> <span class='ocrx_word' id='word_1_53' title='bbox 793 728 1053 799; x_wconf 81' lang='lat' dir='ltr'><strong>requiram</strong></span> <span class='ocrx_word' id='word_1_54' title='bbox 1076 727 1303 812; x_wconf 54' lang='lat' dir='ltr'><strong>(Eucti.</strong></span> <span class='ocrx_word' id='word_1_55' title='bbox 1328 728 1434 801; x_wconf 84' lang='lat' dir='ltr'><strong>Ill).</strong></span> <span class='ocrx_word' id='word_1_56' title='bbox 1464 730 1571 785; x_wconf 85' lang='lat' dir='ltr'><strong>Ista</strong></span> <span class='ocrx_word' id='word_1_57' title='bbox 1592 731 1792 802; x_wconf 84' lang='lat' dir='ltr'><strong>quippe</strong></span> <span class='ocrx_word' id='word_1_58' title='bbox 1891 716 2020 784; x_wconf 86' lang='lat' dir='ltr'><strong>viva</strong></span> <span class='ocrx_word' id='word_1_59' title='bbox 2044 744 2176 785; x_wconf 87' lang='lat' dir='ltr'><strong>voce</strong></span> <span class='ocrx_word' id='word_1_60' title='bbox 2221 730 2423 802; x_wconf 91' lang='lat' dir='ltr'><strong>aliquid</strong></span> <span class='ocrx_word' id='word_1_61' title='bbox 2447 732 2554 786; x_wconf 83' lang='lat' dir='ltr'><strong>tale</strong></span> <span class='ocrx_word' id='word_1_62' title='bbox 2584 732 2786 798; x_wconf 88' lang='lat' dir='ltr'><strong>audiat,</strong></span> <span class='ocrx_word' id='word_1_63' title='bbox 2823 733 2966 789; x_wconf 90' lang='lat' dir='ltr'><strong>unde</strong></span> <span class='ocrx_word' id='word_1_64' title='bbox 2993 750 3024 790; x_wconf 89' lang='lat' dir='ltr'><strong>a</strong></span> <span class='ocrx_word' id='word_1_65' title='bbox 3054 751 3151 790; x_wconf 90' lang='lat' dir='ltr'><strong>sua</strong></span> <span class='ocrx_word' id='word_1_66' title='bbox 3177 736 3352 793; x_wconf 89' lang='lat' dir='ltr'><strong>salute</strong></span> <span class='ocrx_word' id='word_1_67' title='bbox 3373 751 3468 794; x_wconf 78' lang='lat' dir='ltr'><strong>va-</strong></span> 
     </span>
    </p>
   </div>
   <div class='ocr_carea' id='block_1_10' title="bbox 217 817 722 884">
    <p class='ocr_par' dir='ltr' id='par_1_10' title="bbox 217 817 722 884">
     <span class='ocr_line' id='line_1_10' title="bbox 217 817 722 884; baseline -0.002 -10"><span class='ocrx_word' id='word_1_68' title='bbox 217 820 337 874; x_wconf 89' lang='lat' dir='ltr'><strong>ideo</strong></span> <span class='ocrx_word' id='word_1_69' title='bbox 383 817 674 874; x_wconf 86' lang='lat' dir='ltr'><strong>scribimus</strong></span> <span class='ocrx_word' id='word_1_70' title='bbox 705 859 722 884; x_wconf 93' lang='lat'><strong>,</strong></span> 
     </span>
    </p>
   </div>
   <div class='ocr_carea' id='block_1_11' title="bbox 219 913 1782 986">
    <p class='ocr_par' dir='ltr' id='par_1_11' title="bbox 219 913 1782 986">
     <span class='ocr_line' id='line_1_11' title="bbox 219 913 1782 986; baseline 0.002 -18"><span class='ocrx_word' id='word_1_71' title='bbox 219 913 428 968; x_wconf 88' lang='lat' dir='ltr'><strong>ﬁdelem</strong></span> <span class='ocrx_word' id='word_1_72' title='bbox 484 913 645 967; x_wconf 87' lang='lat' dir='ltr'><strong>hodie</strong></span> <span class='ocrx_word' id='word_1_73' title='bbox 686 914 995 983; x_wconf 81' lang='lat' dir='ltr'><strong>excepimus</strong></span> <span class='ocrx_word' id='word_1_74' title='bbox 1052 914 1118 969; x_wconf 93' lang='lat' dir='ltr'><strong>de</strong></span> <span class='ocrx_word' id='word_1_75' title='bbox 1164 914 1363 986; x_wconf 88' lang='lat' dir='ltr'><strong>palatio</strong></span> <span class='ocrx_word' id='word_1_76' title='bbox 1418 925 1782 984; x_wconf 86' lang='lat' dir='ltr'><strong>remeantem,</strong></span> 
     </span>
    </p>
   </div>
   <div class='ocr_carea' id='block_1_12' title="bbox 214 1002 1785 1074">
    <p class='ocr_par' dir='ltr' id='par_1_12' title="bbox 214 1002 1785 1074">
     <span class='ocr_line' id='line_1_12' title="bbox 214 1002 1785 1074; baseline 0.004 -19"><span class='ocrx_word' id='word_1_77' title='bbox 214 1003 304 1072; x_wconf 89' lang='lat' dir='ltr'><strong>qui</strong></span> <span class='ocrx_word' id='word_1_78' title='bbox 335 1003 490 1058; x_wconf 83' lang='lat' dir='ltr'><strong>nobis</strong></span> <span class='ocrx_word' id='word_1_79' title='bbox 522 1003 834 1074; x_wconf 63' lang='lat' dir='ltr'><strong>praedictam</strong></span> <span class='ocrx_word' id='word_1_80' title='bbox 877 1002 1321 1060; x_wconf 85' lang='lat' dir='ltr'><strong>deliberationem</strong></span> <span class='ocrx_word' id='word_1_81' title='bbox 1351 1003 1405 1058; x_wconf 92' lang='lat' dir='ltr'><strong>in</strong></span> <span class='ocrx_word' id='word_1_82' title='bbox 1437 1020 1534 1059; x_wconf 90' lang='lat' dir='ltr'><strong>sua</strong></span> <span class='ocrx_word' id='word_1_83' title='bbox 1561 1005 1686 1071; x_wconf 89' lang='lat' dir='ltr'><strong>ﬁde,</strong></span> <span class='ocrx_word' id='word_1_84' title='bbox 1716 1021 1785 1061; x_wconf 82' lang='lat' dir='ltr'><strong>ex</strong></span> 
     </span>
    </p>
   </div>
   <div class='ocr_carea' id='block_1_13' title="bbox 213 1091 1786 1166">
    <p class='ocr_par' dir='ltr' id='par_1_13' title="bbox 213 1091 1786 1166">
     <span class='ocr_line' id='line_1_13' title="bbox 213 1091 1786 1166; baseline 0.003 -18"><span class='ocrx_word' id='word_1_85' title='bbox 213 1101 367 1166; x_wconf 88' lang='lat' dir='ltr'><strong>parte</strong></span> <span class='ocrx_word' id='word_1_86' title='bbox 391 1094 560 1149; x_wconf 89' lang='lat' dir='ltr'><strong>nostri</strong></span> <span class='ocrx_word' id='word_1_87' title='bbox 591 1093 840 1160; x_wconf 91' lang='lat' dir='ltr'><strong>senioris,</strong></span> <span class='ocrx_word' id='word_1_88' title='bbox 878 1094 954 1149; x_wconf 88' lang='lat' dir='ltr'><strong>ita</strong></span> <span class='ocrx_word' id='word_1_89' title='bbox 981 1103 1040 1151; x_wconf 91' lang='lat' dir='ltr'><strong>ut</strong></span> <span class='ocrx_word' id='word_1_90' title='bbox 1061 1091 1441 1166; x_wconf 62' lang='lat' dir='ltr'><strong>pricdixim&#39;us,</strong></span> <span class='ocrx_word' id='word_1_91' title='bbox 1477 1095 1786 1166; x_wconf 81' lang='lat' dir='ltr'><strong>afﬁrmavit,</strong></span> 
     </span>
    </p>
   </div>
   <div class='ocr_carea' id='block_1_14' title="bbox 779 817 1791 888">
    <p class='ocr_par' dir='ltr' id='par_1_14' title="bbox 779 817 1791 888">
     <span class='ocr_line' id='line_1_14' title="bbox 779 817 1791 888; baseline 0.007 -16"><span class='ocrx_word' id='word_1_92' title='bbox 779 819 928 888; x_wconf 87' lang='lat' dir='ltr'><strong>quia&#39;</strong></span> <span class='ocrx_word' id='word_1_93' title='bbox 959 817 1278 876; x_wconf 84' lang='lat' dir='ltr'><strong>Valtbarum</strong></span> <span class='ocrx_word' id='word_1_94' title='bbox 1342 822 1513 878; x_wconf 88' lang='lat' dir='ltr'><strong>nostri</strong></span> <span class='ocrx_word' id='word_1_95' title='bbox 1557 824 1791 880; x_wconf 88' lang='lat' dir='ltr'><strong>senioris</strong></span> 
     </span>
    </p>
   </div>
   <div class='ocr_carea' id='block_1_15' title="bbox 1897 821 3467 908">
    <p class='ocr_par' dir='ltr' id='par_1_15' title="bbox 1897 821 3467 908">
     <span class='ocr_line' id='line_1_15' title="bbox 1897 821 3467 908; baseline 0.006 -31"><span class='ocrx_word' id='word_1_96' title='bbox 1897 821 2063 878; x_wconf 89' lang='lat' dir='ltr'><strong>cillet.</strong></span> <span class='ocrx_word' id='word_1_97' title='bbox 2087 821 2279 893; x_wconf 84' lang='lat' dir='ltr'><strong>Aptius</strong></span> <span class='ocrx_word' id='word_1_98' title='bbox 2301 824 2446 880; x_wconf 92' lang='lat' dir='ltr'><strong>enim</strong></span> <span class='ocrx_word' id='word_1_99' title='bbox 2462 825 2616 882; x_wconf 92' lang='lat' dir='ltr'><strong>nobis</strong></span> <span class='ocrx_word' id='word_1_100' title='bbox 2631 826 2873 883; x_wconf 89' lang='lat' dir='ltr'><strong>cernitur</strong></span> <span class='ocrx_word' id='word_1_101' title='bbox 2885 827 3128 884; x_wconf 91' lang='lat' dir='ltr'><strong>simulari</strong></span> <span class='ocrx_word' id='word_1_102' title='bbox 3155 828 3467 908; x_wconf 82' lang='lat' dir='ltr'><strong>inﬁrmitas,</strong></span> 
     </span>
    </p>
   </div>
   <div class='ocr_carea' id='block_1_16' title="bbox 1894 913 3469 996">
    <p class='ocr_par' dir='ltr' id='par_1_16' title="bbox 1894 913 3469 996">
     <span class='ocr_line' id='line_1_16' title="bbox 1894 913 3469 996; baseline 0.01 -29"><span class='ocrx_word' id='word_1_103' title='bbox 1894 930 2053 985; x_wconf 92' lang='lat' dir='ltr'><strong>quam</strong></span> <span class='ocrx_word' id='word_1_104' title='bbox 2097 923 2181 990; x_wconf 22' lang='lat' dir='ltr'><strong>ut.</strong></span> <span class='ocrx_word' id='word_1_105' title='bbox 2208 927 2566 987; x_wconf 83' lang='lat' dir='ltr'><strong>praeparatam</strong></span> <span class='ocrx_word' id='word_1_106' title='bbox 2617 933 2648 973; x_wconf 89' lang='lat' dir='ltr'><strong>a</strong></span> <span class='ocrx_word' id='word_1_107' title='bbox 2675 917 2786 977; x_wconf 91' lang='lat' dir='ltr'><strong>Deo</strong></span> <span class='ocrx_word' id='word_1_108' title='bbox 2830 913 3177 976; x_wconf 83' lang='lat' dir='ltr'><strong>medicinam</strong></span> <span class='ocrx_word' id='word_1_109' title='bbox 3209 923 3469 996; x_wconf 82' lang='lat' dir='ltr'><strong>languens</strong></span> 
     </span>
    </p>
   </div>
   <div class='ocr_carea' id='block_1_17' title="bbox 1897 1009 3472 1086">
    <p class='ocr_par' dir='ltr' id='par_1_17' title="bbox 1897 1009 3472 1086">
     <span class='ocr_line' id='line_1_17' title="bbox 1897 1009 3472 1086; baseline 0.006 -21"><span class='ocrx_word' id='word_1_110' title='bbox 1897 1010 2206 1066; x_wconf 88' lang='lat' dir='ltr'><strong>stomachus</strong></span> <span class='ocrx_word' id='word_1_111' title='bbox 2234 1009 2463 1080; x_wconf 86' lang='lat' dir='ltr'><strong>rcjiciat.</strong></span> <span class='ocrx_word' id='word_1_112' title='bbox 2506 1013 2653 1070; x_wconf 88' lang='lat' dir='ltr'><strong>Bene</strong></span> <span class='ocrx_word' id='word_1_113' title='bbox 2681 1029 2778 1071; x_wconf 90' lang='lat' dir='ltr'><strong>vos</strong></span> <span class='ocrx_word' id='word_1_114' title='bbox 2809 1013 2989 1071; x_wconf 89' lang='lat' dir='ltr'><strong>valere</strong></span> <span class='ocrx_word' id='word_1_115' title='bbox 3034 1023 3307 1086; x_wconf 86' lang='lat' dir='ltr'><strong>optamus,</strong></span> <span class='ocrx_word' id='word_1_116' title='bbox 3339 1017 3472 1075; x_wconf 76' lang='lat' dir='ltr'><strong>di&#39;e—</strong></span> 
     </span>
    </p>
   </div>
   <div class='ocr_carea' id='block_1_18' title="bbox 1901 1100 2360 1158">
    <p class='ocr_par' dir='ltr' id='par_1_18' title="bbox 1901 1100 2360 1158">
     <span class='ocr_line' id='line_1_18' title="bbox 1901 1100 2360 1158; baseline 0.002 -2"><span class='ocrx_word' id='word_1_117' title='bbox 1901 1100 2142 1157; x_wconf 90' lang='lat' dir='ltr'><strong>ctissime</strong></span> <span class='ocrx_word' id='word_1_118' title='bbox 2176 1100 2360 1158; x_wconf 88' lang='lat' dir='ltr'><strong>Pater.</strong></span> 
     </span>
    </p>
   </div>
   <div class='ocr_carea' id='block_1_19' title="bbox 226 1285 3469 1324">
    <p class='ocr_par' dir='ltr' id='par_1_19' title="bbox 226 1285 3469 1324">
     <span class='ocr_line' id='line_1_19' title="bbox 226 1285 3469 1324; baseline 0 -24"><span class='ocrx_word' id='word_1_119' title='bbox 226 1285 3469 1324; x_wconf 83' lang='lat'><strong>_____.._.__________________________________</strong></span> 
     </span>
    </p>
   </div>
   <div class='ocr_carea' id='block_1_20' title="bbox 795 1350 2865 1484">
    <p class='ocr_par' dir='ltr' id='par_1_20' title="bbox 795 1350 2865 1484">
     <span class='ocr_line' id='line_1_20' title="bbox 795 1350 2865 1484; baseline 0.005 -53"><span class='ocrx_word' id='word_1_120' title='bbox 795 1350 1299 1433; x_wconf 80' lang='lat' dir='ltr'><strong>EPISTOLA</strong></span> <span class='ocrx_word' id='word_1_121' title='bbox 1362 1356 1828 1484; x_wconf 84' lang='lat' dir='ltr'><strong>EJUSDEM</strong></span> <span class='ocrx_word' id='word_1_122' title='bbox 1884 1359 2632 1476; x_wconf 4' lang='lat' dir='ltr'><strong>ADgNICOLAUM</strong></span> <span class='ocrx_word' id='word_1_123' title='bbox 2710 1365 2865 1478; x_wconf 88' lang='lat' dir='ltr'><strong>PP.</strong></span> 
     </span>
    </p>
   </div>
   <div class='ocr_carea' id='block_1_21' title="bbox 209 1529 3472 1626">
    <p class='ocr_par' dir='ltr' id='par_1_21' title="bbox 209 1529 3472 1626">
     <span class='ocr_line' id='line_1_21' title="bbox 209 1529 3472 1626; baseline 0.006 -38"><span class='ocrx_word' id='word_1_124' title='bbox 209 1530 412 1591; x_wconf 79' lang='lat' dir='ltr'><strong>Mittit</strong></span> <span class='ocrx_word' id='word_1_125' title='bbox 433 1529 888 1626; x_wconf 57' lang='lat' dir='ltr'><strong>professionem</strong></span> <span class='ocrx_word' id='word_1_126' title='bbox 920 1549 1274 1626; x_wconf 41' lang='lat' dir='ltr'><strong>suam,_.q‘_ua</strong></span> <span class='ocrx_word' id='word_1_127' title='bbox 1298 1533 1779 1626; x_wconf 46' lang='lat' dir='ltr'><strong>purgans‘selle</strong></span> <span class='ocrx_word' id='word_1_128' title='bbox 1833 1553 2022 1597; x_wconf 79' lang='lat' dir='ltr'><strong>causa</strong></span> <span class='ocrx_word' id='word_1_129' title='bbox 2078 1537 2372 1626; x_wconf 51' lang='lat' dir='ltr'><strong>Lotharii</strong></span> <span class='ocrx_word' id='word_1_130' title='bbox 2388 1583 2404 1612; x_wconf 92' lang='lat'><strong>,</strong></span> <span class='ocrx_word' id='word_1_131' title='bbox 2443 1539 2830 1626; x_wconf 63' lang='lat' dir='ltr'><strong>acquiescere</strong></span> <span class='ocrx_word' id='word_1_132' title='bbox 2885 1560 2970 1626; x_wconf 65' lang='lat' dir='ltr'><strong>se</strong></span> <span class='ocrx_word' id='word_1_133' title='bbox 3005 1549 3190 1626; x_wconf 83' lang='lat' dir='ltr'><strong>atque</strong></span> <span class='ocrx_word' id='word_1_134' title='bbox 3221 1543 3472 1626; x_wconf 76' lang='lat' dir='ltr'><strong>obsequi</strong></span> 
     </span>
    </p>
   </div>
   <div class='ocr_carea' id='block_1_22' title="bbox 409 1609 3265 1702">
    <p class='ocr_par' dir='ltr' id='par_1_22' title="bbox 409 1609 3265 1702">
     <span class='ocr_line' id='line_1_22' title="bbox 409 1609 3265 1702; baseline 0.005 -32"><span class='ocrx_word' id='word_1_135' title='bbox 409 1609 582 1671; x_wconf 76' lang='lat' dir='ltr'><strong>docet</strong></span> <span class='ocrx_word' id='word_1_136' title='bbox 622 1611 878 1672; x_wconf 78' lang='lat' dir='ltr'><strong>statutis</strong></span> <span class='ocrx_word' id='word_1_137' title='bbox 912 1630 949 1671; x_wconf 87' lang='lat' dir='ltr'><strong>a</strong></span> <span class='ocrx_word' id='word_1_138' title='bbox 980 1609 1273 1692; x_wconf 67' lang='lat' dir='ltr'><strong>pontiﬁce</strong></span> <span class='ocrx_word' id='word_1_139' title='bbox 1300 1609 1371 1674; x_wconf 64' lang='lat' dir='ltr'><strong>in</strong></span> <span class='ocrx_word' id='word_1_140' title='bbox 1399 1609 1642 1691; x_wconf 57' lang='lat' dir='ltr'><strong>synodo</strong></span> <span class='ocrx_word' id='word_1_141' title='bbox 1672 1614 1953 1676; x_wconf 81' lang='lat' dir='ltr'><strong>Romana</strong></span> <span class='ocrx_word' id='word_1_142' title='bbox 1978 1636 2000 1684; x_wconf 87' lang='lat'><strong><em>;</em></strong></span> <span class='ocrx_word' id='word_1_143' title='bbox 2043 1616 2318 1695; x_wconf 78' lang='lat' dir='ltr'><strong>proinde</strong></span> <span class='ocrx_word' id='word_1_144' title='bbox 2344 1609 2583 1680; x_wconf 55' lang='lat' dir='ltr'><strong>veniant</strong></span> <span class='ocrx_word' id='word_1_145' title='bbox 2618 1627 2674 1680; x_wconf 81' lang='lat' dir='ltr'><strong>et</strong></span> <span class='ocrx_word' id='word_1_146' title='bbox 2701 1638 2918 1702; x_wconf 82' lang='lat' dir='ltr'><strong>pacem</strong></span> <span class='ocrx_word' id='word_1_147' title='bbox 2945 1609 3265 1701; x_wconf 70' lang='lat' dir='ltr'><strong>implorat.</strong></span> 
     </span>
    </p>
   </div>
   <div class='ocr_carea' id='block_1_23' title="bbox 1457 1776 2312 1844">
    <p class='ocr_par' dir='ltr' id='par_1_23' title="bbox 1457 1776 2312 1844">
     <span class='ocr_line' id='line_1_23' title="bbox 1457 1776 2312 1844; baseline 0.005 -18"><span class='ocrx_word' id='word_1_148' title='bbox 1457 1777 1622 1839; x_wconf 85' lang='lat' dir='ltr'><strong>(Apud</strong></span> <span class='ocrx_word' id='word_1_149' title='bbox 1647 1776 1821 1842; x_wconf 79' lang='lat' dir='ltr'><strong>Mansi,</strong></span> <span class='ocrx_word' id='word_1_150' title='bbox 1841 1776 2010 1841; x_wconf 87' lang='lat' dir='ltr'><strong>Conc.,</strong></span> <span class='ocrx_word' id='word_1_151' title='bbox 2044 1784 2159 1830; x_wconf 88' lang='lat' dir='ltr'><strong>tom.</strong></span> <span class='ocrx_word' id='word_1_152' title='bbox 2183 1779 2312 1844; x_wconf 78' lang='lat' dir='ltr'><strong>XV.)</strong></span> 
     </span>
    </p>
   </div>
   <div class='ocr_carea' id='block_1_24' title="bbox 274 2031 3466 2113">
    <p class='ocr_par' dir='ltr' id='par_1_24' title="bbox 274 2031 3466 2113">
     <span class='ocr_line' id='line_1_24' title="bbox 274 2031 3466 2113; baseline 0.007 -26"><span class='ocrx_word' id='word_1_153' title='bbox 274 2032 677 2090; x_wconf 88' lang='lat' dir='ltr'><strong>Gloriosissimo</strong></span> <span class='ocrx_word' id='word_1_154' title='bbox 716 2031 984 2094; x_wconf 79' lang='lat' dir='ltr'><strong>Dominici</strong></span> <span class='ocrx_word' id='word_1_155' title='bbox 1011 2037 1192 2109; x_wconf 85' lang='lat' dir='ltr'><strong>gregis</strong></span> <span class='ocrx_word' id='word_1_156' title='bbox 1219 2037 1426 2108; x_wconf 87' lang='lat' dir='ltr'><strong>pastori</strong></span> <span class='ocrx_word' id='word_1_157' title='bbox 1456 2036 1673 2092; x_wconf 90' lang='lat' dir='ltr'><strong>domino</strong></span> <span class='ocrx_word' id='word_1_158' title='bbox 1725 2046 1781 2094; x_wconf 91' lang='lat' dir='ltr'><strong>et</strong></span> <span class='ocrx_word' id='word_1_159' title='bbox 1807 2041 1856 2102; x_wconf 88' lang='lat' dir='ltr'><strong>B</strong></span> <span class='ocrx_word' id='word_1_160' title='bbox 1883 2039 2066 2096; x_wconf 78' lang='lat' dir='ltr'><strong>fautor</strong></span> <span class='ocrx_word' id='word_1_161' title='bbox 2089 2040 2365 2109; x_wconf 79' lang='lat' dir='ltr'><strong>vitiorum,</strong></span> <span class='ocrx_word' id='word_1_162' title='bbox 2396 2042 2452 2098; x_wconf 93' lang='lat' dir='ltr'><strong>in</strong></span> <span class='ocrx_word' id='word_1_163' title='bbox 2482 2053 2773 2113; x_wconf 91' lang='lat' dir='ltr'><strong>conspectu</strong></span> <span class='ocrx_word' id='word_1_164' title='bbox 2803 2054 2996 2102; x_wconf 85' lang='lat' dir='ltr'><strong>vestrae</strong></span> <span class='ocrx_word' id='word_1_165' title='bbox 3039 2052 3466 2110; x_wconf 88' lang='lat' dir='ltr'><strong>mansuetudinis</strong></span> 
     </span>
    </p>
   </div>
   <div class='ocr_carea' id='block_1_25' title="bbox 202 2125 1773 2201">
    <p class='ocr_par' dir='ltr' id='par_1_25' title="bbox 202 2125 1773 2201">
     <span class='ocr_line' id='line_1_25' title="bbox 202 2125 1773 2201; baseline 0.004 -22"><span class='ocrx_word' id='word_1_166' title='bbox 202 2125 518 2181; x_wconf 84' lang='lat' dir='ltr'><strong>beatissimo</strong></span> <span class='ocrx_word' id='word_1_167' title='bbox 576 2125 838 2194; x_wconf 77' lang='lat' dir='ltr'><strong>Nrcouo,</strong></span> <span class='ocrx_word' id='word_1_168' title='bbox 885 2143 1098 2184; x_wconf 90' lang='lat' dir='ltr'><strong>summo</strong></span> <span class='ocrx_word' id='word_1_169' title='bbox 1145 2138 1201 2184; x_wconf 89' lang='lat' dir='ltr'><strong>et</strong></span> <span class='ocrx_word' id='word_1_170' title='bbox 1257 2130 1551 2185; x_wconf 85' lang='lat' dir='ltr'><strong>universali</strong></span> <span class='ocrx_word' id='word_1_171' title='bbox 1603 2144 1773 2201; x_wconf 86' lang='lat' dir='ltr'><strong>papae,</strong></span> 
     </span>
    </p>
   </div>
   <div class='ocr_carea' id='block_1_26' title="bbox 198 2203 1777 2292">
    <p class='ocr_par' dir='ltr' id='par_1_26' title="bbox 198 2203 1777 2292">
     <span class='ocr_line' id='line_1_26' title="bbox 198 2203 1777 2292; baseline 0.005 -23"><span class='ocrx_word' id='word_1_172' title='bbox 198 2217 529 2282; x_wconf 75' lang='lat' dir='ltr'><strong>ADVENTIUS,</strong></span> <span class='ocrx_word' id='word_1_173' title='bbox 544 2217 764 2273; x_wconf 91' lang='lat' dir='ltr'><strong>humilis</strong></span> <span class='ocrx_word' id='word_1_174' title='bbox 783 2203 1101 2275; x_wconf 83' lang='lat' dir='ltr'><strong>Metensium</strong></span> <span class='ocrx_word' id='word_1_175' title='bbox 1123 2220 1266 2276; x_wconf 88' lang='lat' dir='ltr'><strong>sedis</strong></span> <span class='ocrx_word' id='word_1_176' title='bbox 1290 2221 1598 2292; x_wconf 90' lang='lat' dir='ltr'><strong>episcopus,</strong></span> <span class='ocrx_word' id='word_1_177' title='bbox 1633 2235 1777 2277; x_wconf 91' lang='lat' dir='ltr'><strong>nunc</strong></span> 
     </span>
    </p>
   </div>
   <div class='ocr_carea' id='block_1_27' title="bbox 198 2309 1774 2370">
    <p class='ocr_par' dir='ltr' id='par_1_27' title="bbox 198 2309 1774 2370">
     <span class='ocr_line' id='line_1_27' title="bbox 198 2309 1774 2370; baseline 0.004 -7"><span class='ocrx_word' id='word_1_178' title='bbox 198 2318 257 2364; x_wconf 86' lang='lat' dir='ltr'><strong>et</strong></span> <span class='ocrx_word' id='word_1_179' title='bbox 288 2310 341 2364; x_wconf 92' lang='lat' dir='ltr'><strong>in</strong></span> <span class='ocrx_word' id='word_1_180' title='bbox 367 2318 628 2364; x_wconf 86' lang='lat' dir='ltr'><strong>aeternum</strong></span> <span class='ocrx_word' id='word_1_181' title='bbox 651 2309 854 2367; x_wconf 88' lang='lat' dir='ltr'><strong>valere.</strong></span> <span class='ocrx_word' id='word_1_182' title='bbox 1770 2366 1774 2370; x_wconf 84' lang='lat'><strong>.</strong></span> 
     </span>
    </p>
   </div>
   <div class='ocr_carea' id='block_1_28' title="bbox 272 2399 1778 2476">
    <p class='ocr_par' dir='ltr' id='par_1_28' title="bbox 272 2399 1778 2476">
     <span class='ocr_line' id='line_1_28' title="bbox 272 2399 1778 2476; baseline 0.001 -18"><span class='ocrx_word' id='word_1_183' title='bbox 272 2399 519 2458; x_wconf 88' lang='lat' dir='ltr'><strong>Christus</strong></span> <span class='ocrx_word' id='word_1_184' title='bbox 546 2401 802 2458; x_wconf 89' lang='lat' dir='ltr'><strong>Dominus</strong></span> <span class='ocrx_word' id='word_1_185' title='bbox 849 2403 990 2459; x_wconf 86' lang='lat' dir='ltr'><strong>Deus</strong></span> <span class='ocrx_word' id='word_1_186' title='bbox 1019 2404 1224 2475; x_wconf 88' lang='lat' dir='ltr'><strong>proprii</strong></span> <span class='ocrx_word' id='word_1_187' title='bbox 1274 2405 1556 2476; x_wconf 81' lang='lat' dir='ltr'><strong>sanguinis</strong></span> <span class='ocrx_word' id='word_1_188' title='bbox 1600 2405 1778 2476; x_wconf 90' lang='lat' dir='ltr'><strong>pretio</strong></span> 
     </span>
    </p>
   </div>
   <div class='ocr_carea' id='block_1_29' title="bbox 197 2495 1777 2568">
    <p class='ocr_par' dir='ltr' id='par_1_29' title="bbox 197 2495 1777 2568">
     <span class='ocr_line' id='line_1_29' title="bbox 197 2495 1777 2568; baseline 0.002 -18"><span class='ocrx_word' id='word_1_189' title='bbox 197 2495 466 2565; x_wconf 89' lang='lat' dir='ltr'><strong>acquisito</strong></span> <span class='ocrx_word' id='word_1_190' title='bbox 525 2495 674 2566; x_wconf 92' lang='lat' dir='ltr'><strong>gregi</strong></span> <span class='ocrx_word' id='word_1_191' title='bbox 723 2495 880 2551; x_wconf 87' lang='lat' dir='ltr'><strong>solita</strong></span> <span class='ocrx_word' id='word_1_192' title='bbox 933 2497 1132 2568; x_wconf 91' lang='lat' dir='ltr'><strong>pietate</strong></span> <span class='ocrx_word' id='word_1_193' title='bbox 1193 2497 1568 2568; x_wconf 89' lang='lat' dir='ltr'><strong>prospiciens,</strong></span> <span class='ocrx_word' id='word_1_194' title='bbox 1622 2499 1777 2553; x_wconf 84' lang='lat' dir='ltr'><strong>vobis</strong></span> 
     </span>
    </p>
   </div>
   <div class='ocr_carea' id='block_1_30' title="bbox 197 2587 1777 2661">
    <p class='ocr_par' dir='ltr' id='par_1_30' title="bbox 197 2587 1777 2661">
     <span class='ocr_line' id='line_1_30' title="bbox 197 2587 1777 2661; baseline 0.001 -18"><span class='ocrx_word' id='word_1_195' title='bbox 197 2588 397 2643; x_wconf 88' lang='lat' dir='ltr'><strong>summi</strong></span> <span class='ocrx_word' id='word_1_196' title='bbox 421 2587 709 2644; x_wconf 88' lang='lat' dir='ltr'><strong>sacerdotii</strong></span> <span class='ocrx_word' id='word_1_197' title='bbox 738 2587 969 2644; x_wconf 89' lang='lat' dir='ltr'><strong>contulit</strong></span> <span class='ocrx_word' id='word_1_198' title='bbox 995 2588 1308 2661; x_wconf 90' lang='lat' dir='ltr'><strong>dignitatem</strong></span> <span class='ocrx_word' id='word_1_199' title='bbox 1337 2609 1349 2644; x_wconf 94' lang='lat'>:</span> <span class='ocrx_word' id='word_1_200' title='bbox 1379 2590 1466 2645; x_wconf 90' lang='lat' dir='ltr'><strong>cui</strong></span> <span class='ocrx_word' id='word_1_201' title='bbox 1493 2591 1634 2645; x_wconf 88' lang='lat' dir='ltr'><strong>inter</strong></span> <span class='ocrx_word' id='word_1_202' title='bbox 1659 2591 1777 2661; x_wconf 86' lang='lat' dir='ltr'><strong>plu-</strong></span> 
     </span>
    </p>
   </div>
   <div class='ocr_carea' id='block_1_31' title="bbox 195 2680 1778 2753">
    <p class='ocr_par' dir='ltr' id='par_1_31' title="bbox 195 2680 1778 2753">
     <span class='ocr_line' id='line_1_31' title="bbox 195 2680 1778 2753; baseline 0.002 -18"><span class='ocrx_word' id='word_1_203' title='bbox 195 2681 338 2737; x_wconf 85' lang='lat' dir='ltr'><strong>rima</strong></span> <span class='ocrx_word' id='word_1_204' title='bbox 367 2680 725 2752; x_wconf 88' lang='lat' dir='ltr'><strong>spiritualium</strong></span> <span class='ocrx_word' id='word_1_205' title='bbox 754 2681 1014 2737; x_wconf 89' lang='lat' dir='ltr'><strong>virtutum</strong></span> <span class='ocrx_word' id='word_1_206' title='bbox 1039 2691 1382 2748; x_wconf 90' lang='lat' dir='ltr'><strong>ornamenta,</strong></span> <span class='ocrx_word' id='word_1_207' title='bbox 1419 2683 1614 2753; x_wconf 87' lang='lat' dir='ltr'><strong>quibus</strong></span> <span class='ocrx_word' id='word_1_208' title='bbox 1656 2699 1778 2738; x_wconf 91' lang='lat' dir='ltr'><strong>san-</strong></span> 
     </span>
    </p>
   </div>
   <div class='ocr_carea' id='block_1_32' title="bbox 196 2771 1778 2830">
    <p class='ocr_par' dir='ltr' id='par_1_32' title="bbox 196 2771 1778 2830">
     <span class='ocr_line' id='line_1_32' title="bbox 196 2771 1778 2830; baseline 0.002 -3"><span class='ocrx_word' id='word_1_209' title='bbox 196 2780 344 2827; x_wconf 88' lang='lat' dir='ltr'><strong>ctam</strong></span> <span class='ocrx_word' id='word_1_210' title='bbox 375 2781 602 2828; x_wconf 86' lang='lat' dir='ltr'><strong>matrem</strong></span> <span class='ocrx_word' id='word_1_211' title='bbox 632 2771 934 2828; x_wconf 90' lang='lat' dir='ltr'><strong>Ecclesiam</strong></span> <span class='ocrx_word' id='word_1_212' title='bbox 981 2772 1285 2827; x_wconf 90' lang='lat' dir='ltr'><strong>inimitabili</strong></span> <span class='ocrx_word' id='word_1_213' title='bbox 1315 2775 1604 2830; x_wconf 84' lang='lat' dir='ltr'><strong>sanctitate</strong></span> <span class='ocrx_word' id='word_1_214' title='bbox 1648 2789 1778 2830; x_wconf 92' lang='lat' dir='ltr'><strong>con-</strong></span> 
     </span>
    </p>
   </div>
   <div class='ocr_carea' id='block_1_33' title="bbox 195 2863 1820 2937">
    <p class='ocr_par' dir='ltr' id='par_1_33' title="bbox 195 2863 1820 2937">
     <span class='ocr_line' id='line_1_33' title="bbox 195 2863 1820 2937; baseline 0.002 -19"><span class='ocrx_word' id='word_1_215' title='bbox 195 2864 490 2929; x_wconf 89' lang='lat' dir='ltr'><strong>decoratis,</strong></span> <span class='ocrx_word' id='word_1_216' title='bbox 527 2878 683 2920; x_wconf 89' lang='lat' dir='ltr'><strong>sacra</strong></span> <span class='ocrx_word' id='word_1_217' title='bbox 727 2863 891 2919; x_wconf 90' lang='lat' dir='ltr'><strong>etiam</strong></span> <span class='ocrx_word' id='word_1_218' title='bbox 916 2863 1110 2933; x_wconf 84' lang='lat' dir='ltr'><strong>priscae</strong></span> <span class='ocrx_word' id='word_1_219' title='bbox 1133 2865 1471 2920; x_wconf 81' lang='lat' dir='ltr'><strong>auctoritatis</strong></span> <span class='ocrx_word' id='word_1_220' title='bbox 1523 2866 1775 2937; x_wconf 85' lang='lat' dir='ltr'><strong>dogmata</strong></span> <span class='ocrx_word' id='word_1_221' title='bbox 1817 2885 1820 2888; x_wconf 64' lang='grc'><strong>’</strong></span> 
     </span>
    </p>
   </div>
   <div class='ocr_carea' id='block_1_34' title="bbox 195 2954 1776 3028">
    <p class='ocr_par' dir='ltr' id='par_1_34' title="bbox 195 2954 1776 3028">
     <span class='ocr_line' id='line_1_34' title="bbox 195 2954 1776 3028; baseline 0.001 -16"><span class='ocrx_word' id='word_1_222' title='bbox 195 2955 402 3012; x_wconf 83' lang='lat' dir='ltr'><strong>affatim</strong></span> <span class='ocrx_word' id='word_1_223' title='bbox 435 2955 781 3026; x_wconf 89' lang='lat' dir='ltr'><strong>resplendent</strong></span> <span class='ocrx_word' id='word_1_224' title='bbox 807 2973 818 3009; x_wconf 94' lang='lat'>:</span> <span class='ocrx_word' id='word_1_225' title='bbox 847 2969 954 3027; x_wconf 93' lang='lat' dir='ltr'><strong>quo</strong></span> <span class='ocrx_word' id='word_1_226' title='bbox 983 2954 1292 3011; x_wconf 91' lang='lat' dir='ltr'><strong>Christiana</strong></span> <span class='ocrx_word' id='word_1_227' title='bbox 1318 2955 1493 3028; x_wconf 91' lang='lat' dir='ltr'><strong>plebs,</strong></span> <span class='ocrx_word' id='word_1_228' title='bbox 1517 2956 1776 3013; x_wconf 74' lang='lat' dir='ltr'><strong>efﬁcacis-</strong></span> 
     </span>
    </p>
   </div>
   <div class='ocr_carea' id='block_1_35' title="bbox 193 3045 1774 3119">
    <p class='ocr_par' dir='ltr' id='par_1_35' title="bbox 193 3045 1774 3119">
     <span class='ocr_line' id='line_1_35' title="bbox 193 3045 1774 3119; baseline 0.001 -17"><span class='ocrx_word' id='word_1_229' title='bbox 193 3051 338 3104; x_wconf 87' lang='lat' dir='ltr'><strong>simo</strong></span> <span class='ocrx_word' id='word_1_230' title='bbox 363 3049 497 3104; x_wconf 89' lang='lat' dir='ltr'><strong>tanti</strong></span> <span class='ocrx_word' id='word_1_231' title='bbox 527 3048 705 3104; x_wconf 87' lang='lat' dir='ltr'><strong>Patris</strong></span> <span class='ocrx_word' id='word_1_232' title='bbox 725 3047 974 3119; x_wconf 88' lang='lat' dir='ltr'><strong>exemplo</strong></span> <span class='ocrx_word' id='word_1_233' title='bbox 1000 3045 1235 3104; x_wconf 85' lang='lat' dir='ltr'><strong>feliciter</strong></span> <span class='ocrx_word' id='word_1_234' title='bbox 1259 3048 1487 3114; x_wconf 88' lang='lat' dir='ltr'><strong>imbuta,</strong></span> <span class='ocrx_word' id='word_1_235' title='bbox 1519 3049 1774 3104; x_wconf 86' lang='lat' dir='ltr'><strong>vitiorum</strong></span> 
     </span>
    </p>
   </div>
   <div class='ocr_carea' id='block_1_36' title="bbox 194 3142 1776 3214">
    <p class='ocr_par' dir='ltr' id='par_1_36' title="bbox 194 3142 1776 3214">
     <span class='ocr_line' id='line_1_36' title="bbox 194 3142 1776 3214; baseline -0.001 -14"><span class='ocrx_word' id='word_1_236' title='bbox 194 3151 440 3201; x_wconf 88' lang='lat' dir='ltr'><strong>monstra</strong></span> <span class='ocrx_word' id='word_1_237' title='bbox 487 3142 748 3209; x_wconf 85' lang='lat' dir='ltr'><strong>devitarc,</strong></span> <span class='ocrx_word' id='word_1_238' title='bbox 779 3151 833 3197; x_wconf 89' lang='lat' dir='ltr'><strong>et</strong></span> <span class='ocrx_word' id='word_1_239' title='bbox 875 3142 1168 3198; x_wconf 80' lang='lat' dir='ltr'><strong>auxiliante</strong></span> <span class='ocrx_word' id='word_1_240' title='bbox 1194 3143 1304 3198; x_wconf 92' lang='lat' dir='ltr'><strong>Deo</strong></span> <span class='ocrx_word' id='word_1_241' title='bbox 1333 3153 1535 3199; x_wconf 67' lang='lat' dir='ltr'><strong>aaterna</strong></span> <span class='ocrx_word' id='word_1_242' title='bbox 1579 3145 1776 3214; x_wconf 91' lang='lat' dir='ltr'><strong>poterit</strong></span> 
     </span>
    </p>
   </div>
   <div class='ocr_carea' id='block_1_37' title="bbox 195 3234 1772 3308">
    <p class='ocr_par' dir='ltr' id='par_1_37' title="bbox 195 3234 1772 3308">
     <span class='ocr_line' id='line_1_37' title="bbox 195 3234 1772 3308; baseline 0 -17"><span class='ocrx_word' id='word_1_243' title='bbox 195 3235 420 3308; x_wconf 72' lang='lat' dir='ltr'><strong>przeinia</strong></span> <span class='ocrx_word' id='word_1_244' title='bbox 470 3234 948 3305; x_wconf 87' lang='lat' dir='ltr'><strong>comprehendere,</strong></span> <span class='ocrx_word' id='word_1_245' title='bbox 1009 3235 1117 3292; x_wconf 90' lang='lat' dir='ltr'><strong>imo</strong></span> <span class='ocrx_word' id='word_1_246' title='bbox 1168 3234 1523 3291; x_wconf 87' lang='lat' dir='ltr'><strong>ecclesiastici</strong></span> <span class='ocrx_word' id='word_1_247' title='bbox 1565 3236 1772 3291; x_wconf 88' lang='lat' dir='ltr'><strong>ordinis</strong></span> 
     </span>
    </p>
   </div>
   <div class='ocr_carea' id='block_1_38' title="bbox 193 3327 1768 3399">
    <p class='ocr_par' dir='ltr' id='par_1_38' title="bbox 193 3327 1768 3399">
     <span class='ocr_line' id='line_1_38' title="bbox 193 3327 1768 3399; baseline -0.001 -14"><span class='ocrx_word' id='word_1_248' title='bbox 193 3327 478 3399; x_wconf 89' lang='lat' dir='ltr'><strong>disciplina</strong></span> <span class='ocrx_word' id='word_1_249' title='bbox 505 3328 701 3383; x_wconf 87' lang='lat' dir='ltr'><strong>vestris</strong></span> <span class='ocrx_word' id='word_1_250' title='bbox 728 3327 1060 3397; x_wconf 88' lang='lat' dir='ltr'><strong>temporibus</strong></span> <span class='ocrx_word' id='word_1_251' title='bbox 1083 3327 1408 3384; x_wconf 90' lang='lat' dir='ltr'><strong>inviolabilis</strong></span> <span class='ocrx_word' id='word_1_252' title='bbox 1427 3343 1768 3399; x_wconf 89' lang='lat' dir='ltr'><strong>permanere.</strong></span> 
     </span>
    </p>
   </div>
   <div class='ocr_carea' id='block_1_39' title="bbox 194 3403 1844 3492">
    <p class='ocr_par' dir='ltr' id='par_1_39' title="bbox 194 3403 1844 3492">
     <span class='ocr_line' id='line_1_39' title="bbox 194 3403 1844 3492; baseline -0.001 -14"><span class='ocrx_word' id='word_1_253' title='bbox 194 3421 352 3478; x_wconf 90' lang='lat' dir='ltr'><strong>Unde</strong></span> <span class='ocrx_word' id='word_1_254' title='bbox 375 3436 493 3476; x_wconf 90' lang='lat' dir='ltr'><strong>mea</strong></span> <span class='ocrx_word' id='word_1_255' title='bbox 518 3420 757 3492; x_wconf 88' lang='lat' dir='ltr'><strong>parvitas</strong></span> <span class='ocrx_word' id='word_1_256' title='bbox 779 3435 1075 3490; x_wconf 88' lang='lat' dir='ltr'><strong>omnesque</strong></span> <span class='ocrx_word' id='word_1_257' title='bbox 1097 3420 1276 3475; x_wconf 85' lang='lat' dir='ltr'><strong>divina</strong></span> <span class='ocrx_word' id='word_1_258' title='bbox 1299 3421 1610 3492; x_wconf 82' lang='lat' dir='ltr'><strong>dignatione</strong></span> <span class='ocrx_word' id='word_1_259' title='bbox 1638 3421 1770 3478; x_wconf 88' lang='lat' dir='ltr'><strong>mihi</strong></span> <span class='ocrx_word' id='word_1_260' title='bbox 1798 3403 1844 3468; x_wconf 84' lang='lat' dir='ltr'><strong>C</strong></span> 
     </span>
    </p>
   </div>
   <div class='ocr_carea' id='block_1_40' title="bbox 193 3514 1781 3588">
    <p class='ocr_par' dir='ltr' id='par_1_40' title="bbox 193 3514 1781 3588">
     <span class='ocr_line' id='line_1_40' title="bbox 193 3514 1781 3588; baseline 0.001 -17"><span class='ocrx_word' id='word_1_261' title='bbox 193 3515 410 3579; x_wconf 87' lang='lat' dir='ltr'><strong>crediti,</strong></span> <span class='ocrx_word' id='word_1_262' title='bbox 435 3514 826 3585; x_wconf 87' lang='lat' dir='ltr'><strong>&#39;multiplicitcr</strong></span> <span class='ocrx_word' id='word_1_263' title='bbox 851 3515 1276 3586; x_wconf 88' lang='lat' dir='ltr'><strong>congaudentcs,</strong></span> <span class='ocrx_word' id='word_1_264' title='bbox 1322 3531 1548 3585; x_wconf 87' lang='lat' dir='ltr'><strong>magnas</strong></span> <span class='ocrx_word' id='word_1_265' title='bbox 1600 3517 1781 3588; x_wconf 56' lang='lat' dir='ltr'><strong>omnis</strong></span> 
     </span>
    </p>
   </div>
   <div class='ocr_carea' id='block_1_41' title="bbox 190 3609 1774 3685">
    <p class='ocr_par' dir='ltr' id='par_1_41' title="bbox 190 3609 1774 3685">
     <span class='ocr_line' id='line_1_41' title="bbox 190 3609 1774 3685; baseline -0.001 -18"><span class='ocrx_word' id='word_1_266' title='bbox 190 3611 401 3685; x_wconf 89' lang='lat' dir='ltr'><strong>potenti</strong></span> <span class='ocrx_word' id='word_1_267' title='bbox 430 3610 540 3665; x_wconf 93' lang='lat' dir='ltr'><strong>Deo</strong></span> <span class='ocrx_word' id='word_1_268' title='bbox 578 3609 781 3682; x_wconf 85' lang='lat' dir='ltr'><strong>gratias</strong></span> <span class='ocrx_word' id='word_1_269' title='bbox 822 3609 1129 3676; x_wconf 85' lang='lat' dir='ltr'><strong>referimus,</strong></span> <span class='ocrx_word' id='word_1_270' title='bbox 1162 3609 1372 3664; x_wconf 89' lang='lat' dir='ltr'><strong>devotis</strong></span> <span class='ocrx_word' id='word_1_271' title='bbox 1401 3611 1651 3680; x_wconf 89' lang='lat' dir='ltr'><strong>precibus</strong></span> <span class='ocrx_word' id='word_1_272' title='bbox 1673 3611 1774 3666; x_wconf 92' lang='lat' dir='ltr'><strong>im-</strong></span> 
     </span>
    </p>
   </div>
   <div class='ocr_carea' id='block_1_42' title="bbox 190 3699 1774 3776">
    <p class='ocr_par' dir='ltr' id='par_1_42' title="bbox 190 3699 1774 3776">
     <span class='ocr_line' id='line_1_42' title="bbox 190 3699 1774 3776; baseline 0.001 -18"><span class='ocrx_word' id='word_1_273' title='bbox 190 3704 502 3776; x_wconf 89' lang='lat' dir='ltr'><strong>plorantes,</strong></span> <span class='ocrx_word' id='word_1_274' title='bbox 536 3709 599 3757; x_wconf 86' lang='lat' dir='ltr'><strong>ut</strong></span> <span class='ocrx_word' id='word_1_275' title='bbox 639 3701 781 3757; x_wconf 91' lang='lat' dir='ltr'><strong>Deus</strong></span> <span class='ocrx_word' id='word_1_276' title='bbox 827 3699 1168 3770; x_wconf 91' lang='lat' dir='ltr'><strong>omnipotens</strong></span> <span class='ocrx_word' id='word_1_277' title='bbox 1214 3701 1382 3756; x_wconf 88' lang='lat' dir='ltr'><strong>vestri</strong></span> <span class='ocrx_word' id='word_1_278' title='bbox 1430 3702 1774 3772; x_wconf 88' lang='lat' dir='ltr'><strong>pontificatus</strong></span> 
     </span>
    </p>
   </div>
   <div class='ocr_carea' id='block_1_43' title="bbox 190 3791 1773 3868">
    <p class='ocr_par' dir='ltr' id='par_1_43' title="bbox 190 3791 1773 3868">
     <span class='ocr_line' id='line_1_43' title="bbox 190 3791 1773 3868; baseline -0.002 -17"><span class='ocrx_word' id='word_1_279' title='bbox 190 3796 404 3868; x_wconf 87' lang='lat' dir='ltr'><strong>apicem</strong></span> <span class='ocrx_word' id='word_1_280' title='bbox 445 3793 536 3849; x_wconf 87' lang='lat' dir='ltr'><strong>diu</strong></span> <span class='ocrx_word' id='word_1_281' title='bbox 584 3791 905 3848; x_wconf 80' lang='lat' dir='ltr'><strong>incolumem</strong></span> <span class='ocrx_word' id='word_1_282' title='bbox 932 3791 1514 3863; x_wconf 22' lang='lat' dir='ltr'><strong>custodire‘dignetur,</strong></span> <span class='ocrx_word' id='word_1_283' title='bbox 1552 3793 1620 3848; x_wconf 91' lang='lat' dir='ltr'><strong>ad</strong></span> <span class='ocrx_word' id='word_1_284' title='bbox 1645 3808 1773 3848; x_wconf 80' lang='lat' dir='ltr'><strong>con—</strong></span> 
     </span>
    </p>
   </div>
   <div class='ocr_carea' id='block_1_44' title="bbox 190 3882 1774 3954">
    <p class='ocr_par' dir='ltr' id='par_1_44' title="bbox 190 3882 1774 3954">
     <span class='ocr_line' id='line_1_44' title="bbox 190 3882 1774 3954; baseline -0.005 -8"><span class='ocrx_word' id='word_1_285' title='bbox 190 3888 514 3946; x_wconf 86' lang='lat' dir='ltr'><strong>solationem</strong></span> <span class='ocrx_word' id='word_1_286' title='bbox 556 3893 757 3941; x_wconf 57' lang='lat' dir='ltr'><strong>sancta</strong></span> <span class='ocrx_word' id='word_1_287' title='bbox 792 3898 904 3940; x_wconf 72' lang='lat' dir='ltr'><strong>sua:</strong></span> <span class='ocrx_word' id='word_1_288' title='bbox 929 3882 1204 3950; x_wconf 82' lang='lat' dir='ltr'><strong>Ecclesiae,</strong></span> <span class='ocrx_word' id='word_1_289' title='bbox 1251 3883 1599 3954; x_wconf 88' lang='lat' dir='ltr'><strong>omniumque</strong></span> <span class='ocrx_word' id='word_1_290' title='bbox 1639 3883 1774 3938; x_wconf 83' lang='lat' dir='ltr'><strong>tide-</strong></span> 
     </span>
    </p>
   </div>
   <div class='ocr_carea' id='block_1_45' title="bbox 188 3975 1774 4048">
    <p class='ocr_par' dir='ltr' id='par_1_45' title="bbox 188 3975 1774 4048">
     <span class='ocr_line' id='line_1_45' title="bbox 188 3975 1774 4048; baseline -0.002 -13"><span class='ocrx_word' id='word_1_291' title='bbox 188 3978 676 4035; x_wconf 89' lang='lat' dir='ltr'><strong>lium&#39;animarum.</strong></span> <span class='ocrx_word' id='word_1_292' title='bbox 718 3975 1088 4046; x_wconf 8' lang='lat' dir='ltr'><strong>Quippcgcum</strong></span> <span class='ocrx_word' id='word_1_293' title='bbox 1132 3975 1273 4030; x_wconf 88' lang='lat' dir='ltr'><strong>inter</strong></span> <span class='ocrx_word' id='word_1_294' title='bbox 1318 3975 1643 4032; x_wconf 68' lang='lat' dir='ltr'><strong>saevissimas</strong></span> <span class='ocrx_word' id='word_1_295' title='bbox 1680 3992 1774 4048; x_wconf 89' lang='lat' dir='ltr'><strong>pa-</strong></span> 
     </span>
    </p>
   </div>
   <div class='ocr_carea' id='block_1_46' title="bbox 188 4065 1773 4144">
    <p class='ocr_par' dir='ltr' id='par_1_46' title="bbox 188 4065 1773 4144">
     <span class='ocr_line' id='line_1_46' title="bbox 188 4065 1773 4144; baseline -0.003 -18"><span class='ocrx_word' id='word_1_296' title='bbox 188 4085 456 4144; x_wconf 88' lang='lat' dir='ltr'><strong>ganorum</strong></span> <span class='ocrx_word' id='word_1_297' title='bbox 497 4070 818 4139; x_wconf 84' lang='lat' dir='ltr'><strong>&#39;pressuras,</strong></span> <span class='ocrx_word' id='word_1_298' title='bbox 884 4065 1343 4137; x_wconf 91' lang='lat' dir='ltr'><strong>densissimasque</strong></span> <span class='ocrx_word' id='word_1_299' title='bbox 1392 4082 1773 4136; x_wconf 90' lang='lat' dir='ltr'><strong>perversorum</strong></span> 
     </span>
    </p>
   </div>
   <div class='ocr_carea' id='block_1_47' title="bbox 187 4157 1772 4230">
    <p class='ocr_par' dir='ltr' id='par_1_47' title="bbox 187 4157 1772 4230">
     <span class='ocr_line' id='line_1_47' title="bbox 187 4157 1772 4230; baseline -0.006 -9"><span class='ocrx_word' id='word_1_300' title='bbox 187 4162 625 4221; x_wconf 86' lang='lat' dir='ltr'><strong>Christianorum</strong></span> <span class='ocrx_word' id='word_1_301' title='bbox 673 4157 978 4215; x_wconf 87' lang='lat' dir='ltr'><strong>simultates</strong></span> <span class='ocrx_word' id='word_1_302' title='bbox 1027 4172 1436 4228; x_wconf 88' lang='lat' dir='ltr'><strong>occuparemur,</strong></span> <span class='ocrx_word' id='word_1_303' title='bbox 1467 4166 1524 4212; x_wconf 93' lang='lat' dir='ltr'><strong>et</strong></span> <span class='ocrx_word' id='word_1_304' title='bbox 1567 4173 1664 4230; x_wconf 91' lang='lat' dir='ltr'><strong>per</strong></span> <span class='ocrx_word' id='word_1_305' title='bbox 1684 4173 1772 4213; x_wconf 90' lang='lat' dir='ltr'><strong>ca-</strong></span> 
     </span>
    </p>
   </div>
   <div class='ocr_carea' id='block_1_48' title="bbox 190 4247 1772 4326">
    <p class='ocr_par' dir='ltr' id='par_1_48' title="bbox 190 4247 1772 4326">
     <span class='ocr_line' id='line_1_48' title="bbox 190 4247 1772 4326; baseline -0.004 -16"><span class='ocrx_word' id='word_1_306' title='bbox 190 4255 306 4326; x_wconf 90' lang='lat' dir='ltr'><strong>pita</strong></span> <span class='ocrx_word' id='word_1_307' title='bbox 360 4250 679 4308; x_wconf 91' lang='lat' dir='ltr'><strong>humilitatis</strong></span> <span class='ocrx_word' id='word_1_308' title='bbox 742 4256 944 4306; x_wconf 76' lang='lat' dir='ltr'><strong>nostra:</strong></span> <span class='ocrx_word' id='word_1_309' title='bbox 992 4247 1259 4304; x_wconf 92' lang='lat' dir='ltr'><strong>Dominici</strong></span> <span class='ocrx_word' id='word_1_310' title='bbox 1307 4247 1464 4306; x_wconf 91' lang='lat' dir='ltr'><strong>ovilis</strong></span> <span class='ocrx_word' id='word_1_311' title='bbox 1515 4249 1772 4304; x_wconf 90' lang='lat' dir='ltr'><strong>sollicitu-</strong></span> 
     </span>
    </p>
   </div>
   <div class='ocr_carea' id='block_1_49' title="bbox 187 4339 1770 4416">
    <p class='ocr_par' dir='ltr' id='par_1_49' title="bbox 187 4339 1770 4416">
     <span class='ocr_line' id='line_1_49' title="bbox 187 4339 1770 4416; baseline -0.005 -15"><span class='ocrx_word' id='word_1_312' title='bbox 187 4347 374 4402; x_wconf 89' lang='lat' dir='ltr'><strong>dinem</strong></span> <span class='ocrx_word' id='word_1_313' title='bbox 427 4356 614 4416; x_wconf 87' lang='lat' dir='ltr'><strong>gerere</strong></span> <span class='ocrx_word' id='word_1_314' title='bbox 665 4349 1000 4412; x_wconf 89' lang='lat' dir='ltr'><strong>optaremus,</strong></span> <span class='ocrx_word' id='word_1_315' title='bbox 1059 4339 1280 4396; x_wconf 89' lang='lat' dir='ltr'><strong>decreta</strong></span> <span class='ocrx_word' id='word_1_316' title='bbox 1331 4339 1770 4396; x_wconf 80' lang='lat' dir='ltr'><strong>excellentissimi</strong></span> 
     </span>
    </p>
   </div>
   <div class='ocr_carea' id='block_1_50' title="bbox 188 4430 1772 4506">
    <p class='ocr_par' dir='ltr' id='par_1_50' title="bbox 188 4430 1772 4506">
     <span class='ocr_line' id='line_1_50' title="bbox 188 4430 1772 4506; baseline -0.001 -16"><span class='ocrx_word' id='word_1_317' title='bbox 188 4433 524 4506; x_wconf 89' lang='lat' dir='ltr'><strong>apostolatus</strong></span> <span class='ocrx_word' id='word_1_318' title='bbox 553 4431 720 4488; x_wconf 81' lang='lat' dir='ltr'><strong>vestri</strong></span> <span class='ocrx_word' id='word_1_319' title='bbox 753 4431 910 4486; x_wconf 92' lang='lat' dir='ltr'><strong>nobis</strong></span> <span class='ocrx_word' id='word_1_320' title='bbox 950 4431 1157 4487; x_wconf 87' lang='lat' dir='ltr'><strong>directa</strong></span> <span class='ocrx_word' id='word_1_321' title='bbox 1193 4438 1338 4486; x_wconf 88' lang='lat' dir='ltr'><strong>sunt.</strong></span> <span class='ocrx_word' id='word_1_322' title='bbox 1373 4430 1551 4502; x_wconf 89' lang='lat' dir='ltr'><strong>Super</strong></span> <span class='ocrx_word' id='word_1_323' title='bbox 1576 4433 1772 4503; x_wconf 89' lang='lat' dir='ltr'><strong>quibus</strong></span> 
     </span>
    </p>
   </div>
   <div class='ocr_carea' id='block_1_51' title="bbox 189 4521 1772 4596">
    <p class='ocr_par' dir='ltr' id='par_1_51' title="bbox 189 4521 1772 4596">
     <span class='ocr_line' id='line_1_51' title="bbox 189 4521 1772 4596; baseline -0.001 -15"><span class='ocrx_word' id='word_1_324' title='bbox 189 4539 452 4596; x_wconf 85' lang='lat' dir='ltr'><strong>responsa</strong></span> <span class='ocrx_word' id='word_1_325' title='bbox 479 4523 726 4595; x_wconf 85' lang='lat' dir='ltr'><strong>dignitati</strong></span> <span class='ocrx_word' id='word_1_326' title='bbox 757 4521 1063 4592; x_wconf 77' lang='lat' dir='ltr'><strong>maiestatis</strong></span> <span class='ocrx_word' id='word_1_327' title='bbox 1107 4531 1304 4578; x_wconf 67' lang='lat' dir='ltr'><strong>vestra:</strong></span> <span class='ocrx_word' id='word_1_328' title='bbox 1329 4521 1772 4582; x_wconf 89' lang='lat' dir='ltr'><strong>festinantissime</strong></span> 
     </span>
    </p>
   </div>
   <div class='ocr_carea' id='block_1_52' title="bbox 187 4612 1769 4686">
    <p class='ocr_par' dir='ltr' id='par_1_52' title="bbox 187 4612 1769 4686">
     <span class='ocr_line' id='line_1_52' title="bbox 187 4612 1769 4686; baseline -0.001 -13"><span class='ocrx_word' id='word_1_329' title='bbox 187 4631 418 4674; x_wconf 89' lang='lat' dir='ltr'><strong>currens</strong></span> <span class='ocrx_word' id='word_1_330' title='bbox 446 4613 858 4686; x_wconf 82' lang='lat' dir='ltr'><strong>praesentialiter</strong></span> <span class='ocrx_word' id='word_1_331' title='bbox 882 4613 1012 4669; x_wconf 90' lang='lat' dir='ltr'><strong>dare</strong></span> <span class='ocrx_word' id='word_1_332' title='bbox 1058 4612 1179 4667; x_wconf 93' lang='lat' dir='ltr'><strong>viva</strong></span> <span class='ocrx_word' id='word_1_333' title='bbox 1206 4627 1340 4669; x_wconf 89' lang='lat' dir='ltr'><strong>voce</strong></span> <span class='ocrx_word' id='word_1_334' title='bbox 1381 4614 1769 4683; x_wconf 88' lang='lat' dir='ltr'><strong>desiderarem,</strong></span> 
     </span>
    </p>
   </div>
   <div class='ocr_carea' id='block_1_53' title="bbox 188 4703 1774 4777">
    <p class='ocr_par' dir='ltr' id='par_1_53' title="bbox 188 4703 1774 4777">
     <span class='ocr_line' id='line_1_53' title="bbox 188 4703 1774 4777; baseline -0.001 -13"><span class='ocrx_word' id='word_1_335' title='bbox 188 4709 296 4764; x_wconf 88' lang='lat' dir='ltr'><strong>nisi</strong></span> <span class='ocrx_word' id='word_1_336' title='bbox 350 4706 588 4777; x_wconf 62' lang='lat' dir='ltr'><strong>longaeva</strong></span> <span class='ocrx_word' id='word_1_337' title='bbox 651 4712 898 4761; x_wconf 89' lang='lat' dir='ltr'><strong>senectus</strong></span> <span class='ocrx_word' id='word_1_338' title='bbox 937 4718 1026 4760; x_wconf 88' lang='lat' dir='ltr'><strong>me</strong></span> <span class='ocrx_word' id='word_1_339' title='bbox 1071 4703 1353 4774; x_wconf 84' lang='lat' dir='ltr'><strong>gravidum</strong></span> <span class='ocrx_word' id='word_1_340' title='bbox 1400 4705 1667 4772; x_wconf 83' lang='lat' dir='ltr'><strong>redderet,</strong></span> <span class='ocrx_word' id='word_1_341' title='bbox 1717 4717 1774 4764; x_wconf 91' lang='lat' dir='ltr'><strong>et</strong></span> 
     </span>
    </p>
   </div>
   <div class='ocr_carea' id='block_1_54' title="bbox 1885 2129 3469 2206">
    <p class='ocr_par' dir='ltr' id='par_1_54' title="bbox 1885 2129 3469 2206">
     <span class='ocr_line' id='line_1_54' title="bbox 1885 2129 3469 2206; baseline 0.008 -21"><span class='ocrx_word' id='word_1_342' title='bbox 1885 2129 2192 2187; x_wconf 69' lang='lat' dir='ltr'><strong>diffamatus</strong></span> <span class='ocrx_word' id='word_1_343' title='bbox 2215 2133 2410 2198; x_wconf 77' lang='lat' dir='ltr'><strong>cxisto,</strong></span> <span class='ocrx_word' id='word_1_344' title='bbox 2457 2133 2502 2189; x_wconf 88' lang='lat' dir='ltr'><strong>si</strong></span> <span class='ocrx_word' id='word_1_345' title='bbox 2551 2149 2658 2188; x_wconf 92' lang='lat' dir='ltr'><strong>non</strong></span> <span class='ocrx_word' id='word_1_346' title='bbox 2688 2149 2938 2206; x_wconf 85' lang='lat' dir='ltr'><strong>corpore,</strong></span> <span class='ocrx_word' id='word_1_347' title='bbox 2983 2145 3162 2192; x_wconf 88' lang='lat' dir='ltr'><strong>mente</strong></span> <span class='ocrx_word' id='word_1_348' title='bbox 3192 2146 3371 2195; x_wconf 90' lang='lat' dir='ltr'><strong>tamen</strong></span> <span class='ocrx_word' id='word_1_349' title='bbox 3400 2141 3469 2198; x_wconf 86' lang='lat' dir='ltr'><strong>ad</strong></span> 
     </span>
    </p>
   </div>
   <div class='ocr_carea' id='block_1_55' title="bbox 1880 2227 3466 2305">
    <p class='ocr_par' dir='ltr' id='par_1_55' title="bbox 1880 2227 3466 2305">
     <span class='ocr_line' id='line_1_55' title="bbox 1880 2227 3466 2305; baseline 0.011 -29"><span class='ocrx_word' id='word_1_350' title='bbox 1880 2234 2059 2280; x_wconf 88' lang='lat' dir='ltr'><strong>vestra</strong></span> <span class='ocrx_word' id='word_1_351' title='bbox 2087 2241 2240 2282; x_wconf 90' lang='lat' dir='ltr'><strong>sacra</strong></span> <span class='ocrx_word' id='word_1_352' title='bbox 2276 2227 2502 2298; x_wconf 86' lang='lat' dir='ltr'><strong>vestigia</strong></span> <span class='ocrx_word' id='word_1_353' title='bbox 2545 2229 2875 2299; x_wconf 89' lang='lat' dir='ltr'><strong>provolutus,</strong></span> <span class='ocrx_word' id='word_1_354' title='bbox 2916 2232 3191 2289; x_wconf 86' lang='lat' dir='ltr'><strong>humiliter</strong></span> <span class='ocrx_word' id='word_1_355' title='bbox 3239 2245 3364 2305; x_wconf 88' lang='lat' dir='ltr'><strong>peto</strong></span> <span class='ocrx_word' id='word_1_356' title='bbox 3407 2247 3466 2294; x_wconf 93' lang='lat' dir='ltr'><strong>ut</strong></span> 
     </span>
    </p>
   </div>
   <div class='ocr_carea' id='block_1_56' title="bbox 1880 2315 3465 2384">
    <p class='ocr_par' dir='ltr' id='par_1_56' title="bbox 1880 2315 3465 2384">
     <span class='ocr_line' id='line_1_56' title="bbox 1880 2315 3465 2384; baseline 0.009 -16"><span class='ocrx_word' id='word_1_357' title='bbox 1880 2315 2248 2372; x_wconf 85' lang='lat' dir='ltr'><strong>excusationis</strong></span> <span class='ocrx_word' id='word_1_358' title='bbox 2290 2333 2425 2374; x_wconf 69' lang='lat' dir='ltr'><strong>meae</strong></span> <span class='ocrx_word' id='word_1_359' title='bbox 2454 2332 2668 2384; x_wconf 86' lang='lat' dir='ltr'><strong>causas,</strong></span> <span class='ocrx_word' id='word_1_360' title='bbox 2718 2319 2864 2375; x_wconf 88' lang='lat' dir='ltr'><strong>nullo</strong></span> <span class='ocrx_word' id='word_1_361' title='bbox 2905 2322 3174 2378; x_wconf 88' lang='lat' dir='ltr'><strong>mendacii</strong></span> <span class='ocrx_word' id='word_1_362' title='bbox 3219 2323 3342 2380; x_wconf 83' lang='lat' dir='ltr'><strong>fuco</strong></span> <span class='ocrx_word' id='word_1_363' title='bbox 3370 2326 3465 2382; x_wconf 83' lang='lat' dir='ltr'><strong>oh-</strong></span> 
     </span>
    </p>
   </div>
   <div class='ocr_carea' id='block_1_57' title="bbox 1881 2406 3465 2491">
    <p class='ocr_par' dir='ltr' id='par_1_57' title="bbox 1881 2406 3465 2491">
     <span class='ocr_line' id='line_1_57' title="bbox 1881 2406 3465 2491; baseline 0.008 -32"><span class='ocrx_word' id='word_1_364' title='bbox 1881 2406 2176 2472; x_wconf 88' lang='lat' dir='ltr'><strong>nubilatas,</strong></span> <span class='ocrx_word' id='word_1_365' title='bbox 2209 2415 2448 2477; x_wconf 65' lang='lat' dir='ltr'><strong>paternae</strong></span> <span class='ocrx_word' id='word_1_366' title='bbox 2483 2409 2704 2476; x_wconf 89' lang='lat' dir='ltr'><strong>pietatis</strong></span> <span class='ocrx_word' id='word_1_367' title='bbox 2733 2408 2928 2465; x_wconf 76' lang='lat' dir='ltr'><strong>aﬂ‘ectu</strong></span> <span class='ocrx_word' id='word_1_368' title='bbox 2961 2427 3201 2491; x_wconf 74' lang='lat' dir='ltr'><strong>recipere</strong></span> <span class='ocrx_word' id='word_1_369' title='bbox 3243 2430 3348 2469; x_wconf 91' lang='lat' dir='ltr'><strong>non</strong></span> <span class='ocrx_word' id='word_1_370' title='bbox 3377 2415 3465 2472; x_wconf 89' lang='lat' dir='ltr'><strong>de-</strong></span> 
     </span>
    </p>
   </div>
   <div class='ocr_carea' id='block_1_58' title="bbox 1879 2497 3462 2572">
    <p class='ocr_par' dir='ltr' id='par_1_58' title="bbox 1879 2497 3462 2572">
     <span class='ocr_line' id='line_1_58' title="bbox 1879 2497 3462 2572; baseline 0.008 -20"><span class='ocrx_word' id='word_1_371' title='bbox 1879 2497 2195 2570; x_wconf 91' lang='lat' dir='ltr'><strong>dignemini,</strong></span> <span class='ocrx_word' id='word_1_372' title='bbox 2253 2515 2390 2570; x_wconf 88' lang='lat' dir='ltr'><strong>quas</strong></span> <span class='ocrx_word' id='word_1_373' title='bbox 2446 2499 2784 2572; x_wconf 83' lang='lat' dir='ltr'><strong>capitulatim</strong></span> <span class='ocrx_word' id='word_1_374' title='bbox 2837 2504 3218 2562; x_wconf 70' lang='lat' dir='ltr'><strong>misericordia:</strong></span> <span class='ocrx_word' id='word_1_375' title='bbox 3266 2516 3462 2564; x_wconf 82' lang='lat' dir='ltr'><strong>vestrae</strong></span> 
     </span>
    </p>
   </div>
   <div class='ocr_carea' id='block_1_59' title="bbox 1879 2590 2350 2659">
    <p class='ocr_par' dir='ltr' id='par_1_59' title="bbox 1879 2590 2350 2659">
     <span class='ocr_line' id='line_1_59' title="bbox 1879 2590 2350 2659; baseline -0.002 -14"><span class='ocrx_word' id='word_1_376' title='bbox 1879 2591 2122 2659; x_wconf 86' lang='lat' dir='ltr'><strong>pandere</strong></span> <span class='ocrx_word' id='word_1_377' title='bbox 2151 2590 2350 2645; x_wconf 86' lang='lat' dir='ltr'><strong>studui.</strong></span> 
     </span>
    </p>
   </div>
   <div class='ocr_carea' id='block_1_60' title="bbox 2659 2705 2701 2760">
    <p class='ocr_par' dir='ltr' id='par_1_60' title="bbox 2659 2705 2701 2760">
     <span class='ocr_line' id='line_1_60' title="bbox 2659 2705 2701 2760; baseline 0 0"><span class='ocrx_word' id='word_1_378' title='bbox 2659 2705 2701 2760; x_wconf 86' lang='grc'><strong>1.</strong></span> 
     </span>
    </p>
   </div>
   <div class='ocr_carea' id='block_1_61' title="bbox 1969 2793 3460 2875">
    <p class='ocr_par' dir='ltr' id='par_1_61' title="bbox 1969 2793 3460 2875">
     <span class='ocr_line' id='line_1_61' title="bbox 1969 2793 3460 2875; baseline 0.009 -26"><span class='ocrx_word' id='word_1_379' title='bbox 1969 2795 2026 2850; x_wconf 83' lang='grc' dir='ltr'><strong>1η</strong></span> <span class='ocrx_word' id='word_1_380' title='bbox 2091 2793 2339 2866; x_wconf 87' lang='lat' dir='ltr'><strong>catalogo</strong></span> <span class='ocrx_word' id='word_1_381' title='bbox 2416 2795 2760 2853; x_wconf 89' lang='lat' dir='ltr'><strong>sacerdotum</strong></span> <span class='ocrx_word' id='word_1_382' title='bbox 2845 2812 3185 2870; x_wconf 86' lang='lat' dir='ltr'><strong>nequaquam</strong></span> <span class='ocrx_word' id='word_1_383' title='bbox 3255 2804 3460 2875; x_wconf 86' lang='lat' dir='ltr'><strong>recipio</strong></span> 
     </span>
    </p>
   </div>
   <div class='ocr_carea' id='block_1_62' title="bbox 1879 2887 3463 2970">
    <p class='ocr_par' dir='ltr' id='par_1_62' title="bbox 1879 2887 3463 2970">
     <span class='ocr_line' id='line_1_62' title="bbox 1879 2887 3463 2970; baseline 0.008 -27"><span class='ocrx_word' id='word_1_384' title='bbox 1879 2887 2328 2961; x_wconf 87' lang='lat' dir='ltr'><strong>Thcntgualdum,</strong></span> <span class='ocrx_word' id='word_1_385' title='bbox 2352 2891 2625 2962; x_wconf 90' lang='lat' dir='ltr'><strong>quondam</strong></span> <span class='ocrx_word' id='word_1_386' title='bbox 2655 2891 3146 2964; x_wconf 88' lang='lat' dir='ltr'><strong>archiepiscopum,</strong></span> <span class='ocrx_word' id='word_1_387' title='bbox 3174 2898 3266 2968; x_wconf 90' lang='lat' dir='ltr'><strong>qui</strong></span> <span class='ocrx_word' id='word_1_388' title='bbox 3296 2899 3463 2970; x_wconf 91' lang='lat' dir='ltr'><strong>depo-</strong></span> 
     </span>
    </p>
   </div>
   <div class='ocr_carea' id='block_1_63' title="bbox 1878 2982 3466 3056">
    <p class='ocr_par' dir='ltr' id='par_1_63' title="bbox 1878 2982 3466 3056">
     <span class='ocr_line' id='line_1_63' title="bbox 1878 2982 3466 3056; baseline 0.007 -18"><span class='ocrx_word' id='word_1_389' title='bbox 1878 2982 2090 3039; x_wconf 88' lang='lat' dir='ltr'><strong>sitionis</strong></span> <span class='ocrx_word' id='word_1_390' title='bbox 2135 2999 2246 3038; x_wconf 85' lang='lat' dir='ltr'><strong>suae</strong></span> <span class='ocrx_word' id='word_1_391' title='bbox 2283 2985 2606 3040; x_wconf 89' lang='lat' dir='ltr'><strong>sententiam</strong></span> <span class='ocrx_word' id='word_1_392' title='bbox 2659 3000 2690 3040; x_wconf 93' lang='lat' dir='ltr'><strong>a</strong></span> <span class='ocrx_word' id='word_1_393' title='bbox 2737 2984 2890 3040; x_wconf 89' lang='lat' dir='ltr'><strong>vobis</strong></span> <span class='ocrx_word' id='word_1_394' title='bbox 2914 2986 3176 3056; x_wconf 88' lang='lat' dir='ltr'><strong>prolatam</strong></span> <span class='ocrx_word' id='word_1_395' title='bbox 3205 2991 3466 3049; x_wconf 89' lang='lat' dir='ltr'><strong>hactenus</strong></span> 
     </span>
    </p>
   </div>
   <div class='ocr_carea' id='block_1_64' title="bbox 1877 3073 3467 3146">
    <p class='ocr_par' dir='ltr' id='par_1_64' title="bbox 1877 3073 3467 3146">
     <span class='ocr_line' id='line_1_64' title="bbox 1877 3073 3467 3146; baseline 0.008 -19"><span class='ocrx_word' id='word_1_396' title='bbox 1877 3073 2145 3142; x_wconf 87' lang='lat' dir='ltr'><strong>patienter</strong></span> <span class='ocrx_word' id='word_1_397' title='bbox 2175 3073 2385 3142; x_wconf 85' lang='lat' dir='ltr'><strong>ferens,</strong></span> <span class='ocrx_word' id='word_1_398' title='bbox 2421 3073 2578 3144; x_wconf 80' lang='lat' dir='ltr'><strong>juxta</strong></span> <span class='ocrx_word' id='word_1_399' title='bbox 2605 3077 2994 3146; x_wconf 69' lang='lat' dir='ltr'><strong>praecedentem</strong></span> <span class='ocrx_word' id='word_1_400' title='bbox 3023 3084 3467 3140; x_wconf 89' lang='lat' dir='ltr'><strong>consuetudinem</strong></span> 
     </span>
    </p>
   </div>
   <div class='ocr_carea' id='block_1_65' title="bbox 1878 3165 3466 3246">
    <p class='ocr_par' dir='ltr' id='par_1_65' title="bbox 1878 3165 3466 3246">
     <span class='ocr_line' id='line_1_65' title="bbox 1878 3165 3466 3246; baseline 0.006 -24"><span class='ocrx_word' id='word_1_401' title='bbox 1878 3165 2010 3222; x_wconf 90' lang='lat' dir='ltr'><strong>nihil</strong></span> <span class='ocrx_word' id='word_1_402' title='bbox 2054 3167 2274 3223; x_wconf 93' lang='lat' dir='ltr'><strong>omnino</strong></span> <span class='ocrx_word' id='word_1_403' title='bbox 2324 3168 2389 3222; x_wconf 91' lang='lat' dir='ltr'><strong>de</strong></span> <span class='ocrx_word' id='word_1_404' title='bbox 2438 3183 2594 3224; x_wconf 88' lang='lat' dir='ltr'><strong>sacro</strong></span> <span class='ocrx_word' id='word_1_405' title='bbox 2637 3169 2943 3226; x_wconf 90' lang='lat' dir='ltr'><strong>ministerio</strong></span> <span class='ocrx_word' id='word_1_406' title='bbox 2977 3173 3294 3245; x_wconf 89' lang='lat' dir='ltr'><strong>contingere</strong></span> <span class='ocrx_word' id='word_1_407' title='bbox 3328 3192 3466 3246; x_wconf 83' lang='lat' dir='ltr'><strong>prae-</strong></span> 
     </span>
    </p>
   </div>
   <div class='ocr_carea' id='block_1_66' title="bbox 1878 3257 3462 3338">
    <p class='ocr_par' dir='ltr' id='par_1_66' title="bbox 1878 3257 3462 3338">
     <span class='ocr_line' id='line_1_66' title="bbox 1878 3257 3462 3338; baseline 0.008 -27"><span class='ocrx_word' id='word_1_408' title='bbox 1878 3257 2141 3328; x_wconf 86' lang='lat' dir='ltr'><strong>sumpsit:</strong></span> <span class='ocrx_word' id='word_1_409' title='bbox 2175 3257 2271 3314; x_wconf 90' lang='lat' dir='ltr'><strong>sed</strong></span> <span class='ocrx_word' id='word_1_410' title='bbox 2317 3259 2473 3329; x_wconf 90' lang='lat' dir='ltr'><strong>quasi</strong></span> <span class='ocrx_word' id='word_1_411' title='bbox 2513 3259 2834 3316; x_wconf 89' lang='lat' dir='ltr'><strong>mitissimus</strong></span> <span class='ocrx_word' id='word_1_412' title='bbox 2872 3261 2974 3328; x_wconf 89' lang='lat' dir='ltr'><strong>vir,</strong></span> <span class='ocrx_word' id='word_1_413' title='bbox 3024 3262 3239 3321; x_wconf 90' lang='lat' dir='ltr'><strong>incaute</strong></span> <span class='ocrx_word' id='word_1_414' title='bbox 3260 3281 3318 3322; x_wconf 91' lang='lat' dir='ltr'><strong>se</strong></span> <span class='ocrx_word' id='word_1_415' title='bbox 3340 3283 3462 3338; x_wconf 92' lang='lat' dir='ltr'><strong>pro-</strong></span> 
     </span>
    </p>
   </div>
   <div class='ocr_carea' id='block_1_67' title="bbox 1874 3348 3464 3423">
    <p class='ocr_par' dir='ltr' id='par_1_67' title="bbox 1874 3348 3464 3423">
     <span class='ocr_line' id='line_1_67' title="bbox 1874 3348 3464 3423; baseline 0.006 -20"><span class='ocrx_word' id='word_1_416' title='bbox 1874 3348 1994 3420; x_wconf 90' lang='lat' dir='ltr'><strong>prio</strong></span> <span class='ocrx_word' id='word_1_417' title='bbox 2019 3363 2269 3406; x_wconf 90' lang='lat' dir='ltr'><strong>sermone</strong></span> <span class='ocrx_word' id='word_1_418' title='bbox 2307 3349 2550 3421; x_wconf 90' lang='lat' dir='ltr'><strong>lapsum,</strong></span> <span class='ocrx_word' id='word_1_419' title='bbox 2597 3358 2757 3420; x_wconf 88' lang='lat' dir='ltr'><strong>atque</strong></span> <span class='ocrx_word' id='word_1_420' title='bbox 2775 3350 3002 3406; x_wconf 90' lang='lat' dir='ltr'><strong>alterius</strong></span> <span class='ocrx_word' id='word_1_421' title='bbox 3033 3355 3464 3423; x_wconf 82' lang='lat' dir='ltr'><strong>pertinacissima</strong></span> 
     </span>
    </p>
   </div>
   <div class='ocr_carea' id='block_1_68' title="bbox 1875 3441 3466 3512">
    <p class='ocr_par' dir='ltr' id='par_1_68' title="bbox 1875 3441 3466 3512">
     <span class='ocr_line' id='line_1_68' title="bbox 1875 3441 3466 3512; baseline 0.005 -16"><span class='ocrx_word' id='word_1_422' title='bbox 1875 3441 2238 3498; x_wconf 88' lang='lat' dir='ltr'><strong>obstinatione</strong></span> <span class='ocrx_word' id='word_1_423' title='bbox 2277 3441 2562 3512; x_wconf 89' lang='lat' dir='ltr'><strong>deceptum</strong></span> <span class='ocrx_word' id='word_1_424' title='bbox 2586 3442 2787 3497; x_wconf 87' lang='lat' dir='ltr'><strong>fatetur</strong></span> <span class='ocrx_word' id='word_1_425' title='bbox 2817 3458 2832 3498; x_wconf 89' lang='lat'><strong>:</strong></span> <span class='ocrx_word' id='word_1_426' title='bbox 2861 3450 3036 3512; x_wconf 71' lang='lat' dir='ltr'><strong>et‘per</strong></span> <span class='ocrx_word' id='word_1_427' title='bbox 3063 3444 3381 3502; x_wconf 87' lang='lat' dir='ltr'><strong>humilitatis</strong></span> <span class='ocrx_word' id='word_1_428' title='bbox 3409 3456 3466 3504; x_wconf 91' lang='lat' dir='ltr'><strong>et</strong></span> 
     </span>
    </p>
   </div>
   <div class='ocr_carea' id='block_1_69' title="bbox 1874 3530 3460 3608">
    <p class='ocr_par' dir='ltr' id='par_1_69' title="bbox 1874 3530 3460 3608">
     <span class='ocr_line' id='line_1_69' title="bbox 1874 3530 3460 3608; baseline 0.003 -21"><span class='ocrx_word' id='word_1_429' title='bbox 1874 3530 2193 3587; x_wconf 75' lang='lat' dir='ltr'><strong>obcdicntiae</strong></span> <span class='ocrx_word' id='word_1_430' title='bbox 2231 3530 2378 3586; x_wconf 90' lang='lat' dir='ltr'><strong>viam</strong></span> <span class='ocrx_word' id='word_1_431' title='bbox 2423 3531 2712 3596; x_wconf 88' lang='lat' dir='ltr'><strong>incedens,</strong></span> <span class='ocrx_word' id='word_1_432' title='bbox 2761 3545 2794 3585; x_wconf 91' lang='lat' dir='ltr'><strong>a</strong></span> <span class='ocrx_word' id='word_1_433' title='bbox 2853 3539 3034 3588; x_wconf 86' lang='lat' dir='ltr'><strong>vestra</strong></span> <span class='ocrx_word' id='word_1_434' title='bbox 3080 3534 3170 3604; x_wconf 92' lang='lat' dir='ltr'><strong>pia</strong></span> <span class='ocrx_word' id='word_1_435' title='bbox 3214 3534 3460 3608; x_wconf 86' lang='lat' dir='ltr'><strong>largitate</strong></span> 
     </span>
    </p>
   </div>
   <div class='ocr_carea' id='block_1_70' title="bbox 1874 3620 2848 3692">
    <p class='ocr_par' dir='ltr' id='par_1_70' title="bbox 1874 3620 2848 3692">
     <span class='ocr_line' id='line_1_70' title="bbox 1874 3620 2848 3692; baseline -0.001 -17"><span class='ocrx_word' id='word_1_436' title='bbox 1874 3621 2050 3678; x_wconf 92' lang='lat' dir='ltr'><strong>locum</strong></span> <span class='ocrx_word' id='word_1_437' title='bbox 2079 3621 2466 3678; x_wconf 86' lang='lat' dir='ltr'><strong>satisfactionis</strong></span> <span class='ocrx_word' id='word_1_438' title='bbox 2489 3620 2848 3692; x_wconf 64' lang='lat' dir='ltr'><strong>praestolatur.</strong></span> 
     </span>
    </p>
   </div>
   <div class='ocr_carea' id='block_1_71' title="bbox 1945 3831 3466 3906">
    <p class='ocr_par' dir='ltr' id='par_1_71' title="bbox 1945 3831 3466 3906">
     <span class='ocr_line' id='line_1_71' title="bbox 1945 3831 3466 3906; baseline 0 -18"><span class='ocrx_word' id='word_1_439' title='bbox 1945 3831 2305 3888; x_wconf 81' lang='lat' dir='ltr'><strong>Guntharium</strong></span> <span class='ocrx_word' id='word_1_440' title='bbox 2344 3831 2614 3902; x_wconf 88' lang='lat' dir='ltr'><strong>quondam</strong></span> <span class='ocrx_word' id='word_1_441' title='bbox 2663 3833 2802 3890; x_wconf 89' lang='lat' dir='ltr'><strong>sacri</strong></span> <span class='ocrx_word' id='word_1_442' title='bbox 2845 3833 3030 3906; x_wconf 88' lang='lat' dir='ltr'><strong>palatii</strong></span> <span class='ocrx_word' id='word_1_443' title='bbox 3076 3832 3466 3904; x_wconf 86' lang='lat' dir='ltr'><strong>archicapella-</strong></span> 
     </span>
    </p>
   </div>
   <div class='ocr_carea' id='block_1_72' title="bbox 1873 3913 3469 3996">
    <p class='ocr_par' dir='ltr' id='par_1_72' title="bbox 1873 3913 3469 3996">
     <span class='ocr_line' id='line_1_72' title="bbox 1873 3913 3469 3996; baseline -0.001 -17"><span class='ocrx_word' id='word_1_444' title='bbox 1873 3939 2004 3979; x_wconf 91' lang='lat' dir='ltr'><strong>num</strong></span> <span class='ocrx_word' id='word_1_445' title='bbox 2035 3925 2089 3980; x_wconf 92' lang='lat' dir='ltr'><strong>in</strong></span> <span class='ocrx_word' id='word_1_446' title='bbox 2118 3924 2496 3995; x_wconf 88' lang='lat' dir='ltr'><strong>episcoporum</strong></span> <span class='ocrx_word' id='word_1_447' title='bbox 2527 3938 2755 3980; x_wconf 89' lang='lat' dir='ltr'><strong>numero</strong></span> <span class='ocrx_word' id='word_1_448' title='bbox 2776 3940 2882 3981; x_wconf 91' lang='lat' dir='ltr'><strong>non</strong></span> <span class='ocrx_word' id='word_1_449' title='bbox 2907 3925 3164 3996; x_wconf 90' lang='lat' dir='ltr'><strong>suspicio,</strong></span> <span class='ocrx_word' id='word_1_450' title='bbox 3193 3937 3370 3995; x_wconf 90' lang='lat' dir='ltr'><strong>neque</strong></span> <span class='ocrx_word' id='word_1_451' title='bbox 3390 3913 3469 3989; x_wconf 68' lang='lat' dir='ltr'><strong>ei,</strong></span> 
     </span>
    </p>
   </div>
   <div class='ocr_carea' id='block_1_73' title="bbox 1875 4015 3464 4089">
    <p class='ocr_par' dir='ltr' id='par_1_73' title="bbox 1875 4015 3464 4089">
     <span class='ocr_line' id='line_1_73' title="bbox 1875 4015 3464 4089; baseline -0.001 -18"><span class='ocrx_word' id='word_1_452' title='bbox 1875 4016 1959 4072; x_wconf 90' lang='lat' dir='ltr'><strong>vel</strong></span> <span class='ocrx_word' id='word_1_453' title='bbox 1986 4015 2290 4072; x_wconf 88' lang='lat' dir='ltr'><strong>fautoribus</strong></span> <span class='ocrx_word' id='word_1_454' title='bbox 2314 4015 2427 4071; x_wconf 87' lang='lat' dir='ltr'><strong>suis</strong></span> <span class='ocrx_word' id='word_1_455' title='bbox 2457 4016 2859 4073; x_wconf 90' lang='lat' dir='ltr'><strong>communicare</strong></span> <span class='ocrx_word' id='word_1_456' title='bbox 2884 4032 3150 4089; x_wconf 63' lang='lat' dir='ltr'><strong>praesumo</strong></span> <span class='ocrx_word' id='word_1_457' title='bbox 3166 4058 3181 4083; x_wconf 91' lang='lat'><strong>,</strong></span> <span class='ocrx_word' id='word_1_458' title='bbox 3208 4015 3464 4088; x_wconf 91' lang='lat' dir='ltr'><strong>quoniam</strong></span> 
     </span>
    </p>
   </div>
   <div class='ocr_carea' id='block_1_74' title="bbox 1874 4105 3466 4180">
    <p class='ocr_par' dir='ltr' id='par_1_74' title="bbox 1874 4105 3466 4180">
     <span class='ocr_line' id='line_1_74' title="bbox 1874 4105 3466 4180; baseline 0.001 -16"><span class='ocrx_word' id='word_1_459' title='bbox 1874 4109 2042 4164; x_wconf 86' lang='lat' dir='ltr'><strong>vetito</strong></span> <span class='ocrx_word' id='word_1_460' title='bbox 2068 4124 2200 4164; x_wconf 87' lang='lat' dir='ltr'><strong>usus</strong></span> <span class='ocrx_word' id='word_1_461' title='bbox 2222 4115 2305 4164; x_wconf 89' lang='lat' dir='ltr'><strong>est</strong></span> <span class='ocrx_word' id='word_1_462' title='bbox 2327 4105 2535 4175; x_wconf 79' lang='lat' dir='ltr'><strong>ofﬁcio,</strong></span> <span class='ocrx_word' id='word_1_463' title='bbox 2587 4116 2644 4164; x_wconf 88' lang='lat' dir='ltr'><strong>et</strong></span> <span class='ocrx_word' id='word_1_464' title='bbox 2683 4109 3033 4180; x_wconf 87' lang='lat' dir='ltr'><strong>apostolicam</strong></span> <span class='ocrx_word' id='word_1_465' title='bbox 3075 4107 3466 4180; x_wconf 82' lang='lat' dir='ltr'><strong>tloccipendere</strong></span> 
     </span>
    </p>
   </div>
   <div class='ocr_carea' id='block_1_75' title="bbox 1873 4197 2876 4255">
    <p class='ocr_par' dir='ltr' id='par_1_75' title="bbox 1873 4197 2876 4255">
     <span class='ocr_line' id='line_1_75' title="bbox 1873 4197 2876 4255; baseline 0.002 -3"><span class='ocrx_word' id='word_1_466' title='bbox 1873 4197 2489 4254; x_wconf 79' lang='lat' dir='ltr'><strong>excommunicationem</strong></span> <span class='ocrx_word' id='word_1_467' title='bbox 2526 4212 2632 4253; x_wconf 90' lang='lat' dir='ltr'><strong>non</strong></span> <span class='ocrx_word' id='word_1_468' title='bbox 2662 4199 2876 4255; x_wconf 89' lang='lat' dir='ltr'><strong>metuit.</strong></span> 
     </span>
    </p>
   </div>
   <div class='ocr_carea' id='block_1_76' title="bbox 2627 4311 2713 4366">
    <p class='ocr_par' dir='ltr' id='par_1_76' title="bbox 2627 4311 2713 4366">
     <span class='ocr_line' id='line_1_76' title="bbox 2627 4311 2713 4366; baseline 0 0"><span class='ocrx_word' id='word_1_469' title='bbox 2627 4311 2713 4366; x_wconf 82' lang='grc' dir='ltr'><strong>ΙΙΙ.</strong></span> 
     </span>
    </p>
   </div>
   <div class='ocr_carea' id='block_1_77' title="bbox 1865 4422 3463 4498">
    <p class='ocr_par' dir='ltr' id='par_1_77' title="bbox 1865 4422 3463 4498">
     <span class='ocr_line' id='line_1_77' title="bbox 1865 4422 3463 4498; baseline -0.001 -14"><span class='ocrx_word' id='word_1_470' title='bbox 1865 4431 1873 4437; x_wconf 86' lang='grc'><em>”</em></span> <span class='ocrx_word' id='word_1_471' title='bbox 1944 4429 2176 4485; x_wconf 90' lang='lat' dir='ltr'><strong>Causam</strong></span> <span class='ocrx_word' id='word_1_472' title='bbox 2231 4425 2460 4498; x_wconf 90' lang='lat' dir='ltr'><strong>piissimi</strong></span> <span class='ocrx_word' id='word_1_473' title='bbox 2515 4423 2658 4496; x_wconf 90' lang='lat' dir='ltr'><strong>regis</strong></span> <span class='ocrx_word' id='word_1_474' title='bbox 2716 4422 2962 4482; x_wconf 89' lang='lat' dir='ltr'><strong>Lotharii</strong></span> <span class='ocrx_word' id='word_1_475' title='bbox 2989 4467 3003 4492; x_wconf 94' lang='lat'><strong>,</strong></span> <span class='ocrx_word' id='word_1_476' title='bbox 3071 4426 3126 4481; x_wconf 93' lang='lat' dir='ltr'><strong>in</strong></span> <span class='ocrx_word' id='word_1_477' title='bbox 3176 4426 3463 4498; x_wconf 85' lang='lat' dir='ltr'><strong>praesentia</strong></span> 
     </span>
    </p>
   </div>
   <div class='ocr_carea' id='block_1_78' title="bbox 1873 4516 3466 4591">
    <p class='ocr_par' dir='ltr' id='par_1_78' title="bbox 1873 4516 3466 4591">
     <span class='ocr_line' id='line_1_78' title="bbox 1873 4516 3466 4591; baseline -0.003 -14"><span class='ocrx_word' id='word_1_478' title='bbox 1873 4529 2179 4577; x_wconf 89' lang='lat' dir='ltr'><strong>vestrorum</strong></span> <span class='ocrx_word' id='word_1_479' title='bbox 2229 4518 2560 4591; x_wconf 89' lang='lat' dir='ltr'><strong>legatorum,</strong></span> <span class='ocrx_word' id='word_1_480' title='bbox 2625 4516 2837 4588; x_wconf 72' lang='lat' dir='ltr'><strong>praefati</strong></span> <span class='ocrx_word' id='word_1_481' title='bbox 2885 4519 3158 4590; x_wconf 89' lang='lat' dir='ltr'><strong>quondam</strong></span> <span class='ocrx_word' id='word_1_482' title='bbox 3208 4519 3466 4590; x_wconf 89' lang='lat' dir='ltr'><strong>primates</strong></span> 
     </span>
    </p>
   </div>
   <div class='ocr_carea' id='block_1_79' title="bbox 1875 4609 3470 4680">
    <p class='ocr_par' dir='ltr' id='par_1_79' title="bbox 1875 4609 3470 4680">
     <span class='ocr_line' id='line_1_79' title="bbox 1875 4609 3470 4680; baseline -0.001 -13"><span class='ocrx_word' id='word_1_483' title='bbox 1875 4611 2282 4678; x_wconf 84' lang='lat' dir='ltr'><strong>Ecclesiarum,</strong></span> <span class='ocrx_word' id='word_1_484' title='bbox 2323 4626 2446 4666; x_wconf 90' lang='lat' dir='ltr'><strong>cum</strong></span> <span class='ocrx_word' id='word_1_485' title='bbox 2495 4609 2617 4664; x_wconf 90' lang='lat' dir='ltr'><strong>aliis</strong></span> <span class='ocrx_word' id='word_1_486' title='bbox 2664 4609 3115 4680; x_wconf 88' lang='lat' dir='ltr'><strong>archiepiscopis,</strong></span> <span class='ocrx_word' id='word_1_487' title='bbox 3172 4625 3470 4680; x_wconf 87' lang='lat' dir='ltr'><strong>eorumque</strong></span> 
     </span>
    </p>
   </div>
   <div class='ocr_carea' id='block_1_80' title="bbox 1879 4702 3470 4776">
    <p class='ocr_par' dir='ltr' id='par_1_80' title="bbox 1879 4702 3470 4776">
     <span class='ocr_line' id='line_1_80' title="bbox 1879 4702 3470 4776; baseline -0.003 -16"><span class='ocrx_word' id='word_1_488' title='bbox 1879 4703 2233 4776; x_wconf 90' lang='lat' dir='ltr'><strong>coepiscopis,</strong></span> <span class='ocrx_word' id='word_1_489' title='bbox 2260 4703 2326 4759; x_wconf 94' lang='lat' dir='ltr'><strong>de</strong></span> <span class='ocrx_word' id='word_1_490' title='bbox 2351 4702 2561 4759; x_wconf 91' lang='lat' dir='ltr'><strong>duabus</strong></span> <span class='ocrx_word' id='word_1_491' title='bbox 2579 4703 2840 4758; x_wconf 84' lang='lat' dir='ltr'><strong>uxoribus</strong></span> <span class='ocrx_word' id='word_1_492' title='bbox 2860 4703 2916 4758; x_wconf 91' lang='lat' dir='ltr'><strong>in</strong></span> <span class='ocrx_word' id='word_1_493' title='bbox 2935 4711 3120 4758; x_wconf 90' lang='lat' dir='ltr'><strong>nostra</strong></span> <span class='ocrx_word' id='word_1_494' title='bbox 3140 4703 3277 4758; x_wconf 90' lang='lat' dir='ltr'><strong>urbe</strong></span> <span class='ocrx_word' id='word_1_495' title='bbox 3294 4702 3470 4758; x_wconf 85' lang='lat' dir='ltr'><strong>venti-</strong></span> 
     </span>
    </p>
   </div>
   <div class='ocr_carea' id='block_1_81' title="bbox 187 4770 3464 4868">
    <p class='ocr_par' dir='ltr' id='par_1_81' title="bbox 187 4770 3464 4868">
     <span class='ocr_line' id='line_1_81' title="bbox 187 4770 3464 4868; baseline -0.001 -14"><span class='ocrx_word' id='word_1_496' title='bbox 187 4770 508 4854; x_wconf 74' lang='lat' dir='ltr'><strong>indeﬁciens</strong></span> <span class='ocrx_word' id='word_1_497' title='bbox 555 4795 800 4866; x_wconf 89' lang='lat' dir='ltr'><strong>corporis</strong></span> <span class='ocrx_word' id='word_1_498' title='bbox 846 4770 1110 4863; x_wconf 66' lang='lat' dir='ltr'><strong>aegritudo</strong></span> <span class='ocrx_word' id='word_1_499' title='bbox 1148 4793 1464 4867; x_wconf 87' lang='lat' dir='ltr'><strong>frequenter</strong></span> <span class='ocrx_word' id='word_1_500' title='bbox 1492 4770 1659 4868; x_wconf 85' lang='lat' dir='ltr'><strong>atque</strong></span> <span class='ocrx_word' id='word_1_501' title='bbox 1693 4798 1776 4852; x_wconf 90' lang='lat' dir='ltr'><strong>in-</strong></span> <span class='ocrx_word' id='word_1_502' title='bbox 1803 4770 1855 4831; x_wconf 80' lang='lat' dir='ltr'><strong>D</strong></span> <span class='ocrx_word' id='word_1_503' title='bbox 1880 4770 2076 4863; x_wconf 64' lang='lat' dir='ltr'><strong>lantes,</strong></span> <span class='ocrx_word' id='word_1_504' title='bbox 2101 4770 2157 4851; x_wconf 72' lang='lat' dir='ltr'><strong>et</strong></span> <span class='ocrx_word' id='word_1_505' title='bbox 2180 4795 2532 4866; x_wconf 89' lang='lat' dir='ltr'><strong>magistratus</strong></span> <span class='ocrx_word' id='word_1_506' title='bbox 2559 4793 2731 4850; x_wconf 88' lang='lat' dir='ltr'><strong>nostri</strong></span> <span class='ocrx_word' id='word_1_507' title='bbox 2753 4795 3115 4865; x_wconf 89' lang='lat' dir='ltr'><strong>principatum</strong></span> <span class='ocrx_word' id='word_1_508' title='bbox 3135 4793 3464 4859; x_wconf 89' lang='lat' dir='ltr'><strong>obtinentes,</strong></span> 
     </span>
    </p>
   </div>
   <div class='ocr_carea' id='block_1_82' title="bbox 188 4886 1777 4962">
    <p class='ocr_par' dir='ltr' id='par_1_82' title="bbox 188 4886 1777 4962">
     <span class='ocr_line' id='line_1_82' title="bbox 188 4886 1777 4962; baseline -0.001 -16"><span class='ocrx_word' id='word_1_509' title='bbox 188 4891 414 4962; x_wconf 89' lang='lat' dir='ltr'><strong>opinatc</strong></span> <span class='ocrx_word' id='word_1_510' title='bbox 443 4888 692 4959; x_wconf 91' lang='lat' dir='ltr'><strong>spiritum</strong></span> <span class='ocrx_word' id='word_1_511' title='bbox 714 4886 972 4943; x_wconf 80' lang='lat' dir='ltr'><strong>exhalare</strong></span> <span class='ocrx_word' id='word_1_512' title='bbox 993 4894 1232 4958; x_wconf 69' lang='lat' dir='ltr'><strong>cogeret.</strong></span> <span class='ocrx_word' id='word_1_513' title='bbox 1255 4886 1508 4960; x_wconf 86' lang='lat' dir='ltr'><strong>Magnum</strong></span> <span class='ocrx_word' id='word_1_514' title='bbox 1532 4889 1698 4957; x_wconf 89' lang='lat' dir='ltr'><strong>enim,</strong></span> <span class='ocrx_word' id='word_1_515' title='bbox 1721 4899 1777 4946; x_wconf 92' lang='lat' dir='ltr'><strong>ct</strong></span> 
     </span>
    </p>
   </div>
   <div class='ocr_carea' id='block_1_83' title="bbox 189 4977 1777 5054">
    <p class='ocr_par' dir='ltr' id='par_1_83' title="bbox 189 4977 1777 5054">
     <span class='ocr_line' id='line_1_83' title="bbox 189 4977 1777 5054; baseline 0 -18"><span class='ocrx_word' id='word_1_516' title='bbox 189 4980 353 5054; x_wconf 86' lang='lat' dir='ltr'><strong>quasi</strong></span> <span class='ocrx_word' id='word_1_517' title='bbox 387 4979 554 5036; x_wconf 90' lang='lat' dir='ltr'><strong>totius</strong></span> <span class='ocrx_word' id='word_1_518' title='bbox 574 4977 754 5034; x_wconf 90' lang='lat' dir='ltr'><strong>meriti</strong></span> <span class='ocrx_word' id='word_1_519' title='bbox 786 4977 1043 5048; x_wconf 89' lang='lat' dir='ltr'><strong>gaudium</strong></span> <span class='ocrx_word' id='word_1_520' title='bbox 1067 4977 1396 5044; x_wconf 88' lang='lat' dir='ltr'><strong>obtinerem,</strong></span> <span class='ocrx_word' id='word_1_521' title='bbox 1427 4978 1474 5034; x_wconf 91' lang='lat' dir='ltr'><strong>si</strong></span> <span class='ocrx_word' id='word_1_522' title='bbox 1499 4979 1566 5035; x_wconf 92' lang='lat' dir='ltr'><strong>ad</strong></span> <span class='ocrx_word' id='word_1_523' title='bbox 1588 4980 1777 5036; x_wconf 86' lang='lat' dir='ltr'><strong>limina</strong></span> 
     </span>
    </p>
   </div>
   <div class='ocr_carea' id='block_1_84' title="bbox 189 5069 1778 5150">
    <p class='ocr_par' dir='ltr' id='par_1_84' title="bbox 189 5069 1778 5150">
     <span class='ocr_line' id='line_1_84' title="bbox 189 5069 1778 5150; baseline -0.001 -19"><span class='ocrx_word' id='word_1_524' title='bbox 189 5072 584 5150; x_wconf 74' lang='lat' dir='ltr'><strong>apostolorum,</strong></span> <span class='ocrx_word' id='word_1_525' title='bbox 613 5079 961 5141; x_wconf 87' lang='lat' dir='ltr'><strong>vestramque</strong></span> <span class='ocrx_word' id='word_1_526' title='bbox 995 5069 1409 5128; x_wconf 87' lang='lat' dir='ltr'><strong>desiderabilem</strong></span> <span class='ocrx_word' id='word_1_527' title='bbox 1447 5079 1503 5128; x_wconf 91' lang='lat' dir='ltr'><strong>et</strong></span> <span class='ocrx_word' id='word_1_528' title='bbox 1529 5074 1778 5144; x_wconf 69' lang='lat' dir='ltr'><strong>praaemi-</strong></span> 
     </span>
    </p>
   </div>
   <div class='ocr_carea' id='block_1_85' title="bbox 191 5163 1780 5234">
    <p class='ocr_par' dir='ltr' id='par_1_85' title="bbox 191 5163 1780 5234">
     <span class='ocr_line' id='line_1_85' title="bbox 191 5163 1780 5234; baseline 0.001 -11"><span class='ocrx_word' id='word_1_529' title='bbox 191 5163 570 5223; x_wconf 82' lang='lat' dir='ltr'><strong>nentissimarn</strong></span> <span class='ocrx_word' id='word_1_530' title='bbox 623 5163 1000 5234; x_wconf 86' lang='lat' dir='ltr'><strong>praesentiam,</strong></span> <span class='ocrx_word' id='word_1_531' title='bbox 1055 5163 1253 5218; x_wconf 71' lang='lat' dir='ltr'><strong>vrrium</strong></span> <span class='ocrx_word' id='word_1_532' title='bbox 1300 5163 1640 5222; x_wconf 88' lang='lat' dir='ltr'><strong>imbecillitas</strong></span> <span class='ocrx_word' id='word_1_533' title='bbox 1691 5183 1780 5224; x_wconf 90' lang='lat' dir='ltr'><strong>me</strong></span> 
     </span>
    </p>
   </div>
   <div class='ocr_carea' id='block_1_86' title="bbox 191 5253 1777 5336">
    <p class='ocr_par' dir='ltr' id='par_1_86' title="bbox 191 5253 1777 5336">
     <span class='ocr_line' id='line_1_86' title="bbox 191 5253 1777 5336; baseline 0 -23"><span class='ocrx_word' id='word_1_534' title='bbox 191 5257 276 5313; x_wconf 90' lang='lat' dir='ltr'><strong>ire</strong></span> <span class='ocrx_word' id='word_1_535' title='bbox 313 5256 534 5312; x_wconf 87' lang='lat' dir='ltr'><strong>sineret.</strong></span> <span class='ocrx_word' id='word_1_536' title='bbox 572 5253 679 5310; x_wconf 90' lang='lat' dir='ltr'><strong>Sed</strong></span> <span class='ocrx_word' id='word_1_537' title='bbox 705 5253 832 5336; x_wconf 66' lang='lat' dir='ltr'><strong>qqia</strong></span> <span class='ocrx_word' id='word_1_538' title='bbox 870 5253 1148 5326; x_wconf 90' lang='lat' dir='ltr'><strong>podagrici</strong></span> <span class='ocrx_word' id='word_1_539' title='bbox 1187 5253 1422 5322; x_wconf 89' lang='lat' dir='ltr'><strong>dolores,</strong></span> <span class='ocrx_word' id='word_1_540' title='bbox 1453 5263 1509 5311; x_wconf 91' lang='lat' dir='ltr'><strong>et</strong></span> <span class='ocrx_word' id='word_1_541' title='bbox 1535 5258 1777 5314; x_wconf 85' lang='lat' dir='ltr'><strong>veterani</strong></span> 
     </span>
    </p>
   </div>
   <div class='ocr_carea' id='block_1_87' title="bbox 191 5349 1778 5420">
    <p class='ocr_par' dir='ltr' id='par_1_87' title="bbox 191 5349 1778 5420">
     <span class='ocr_line' id='line_1_87' title="bbox 191 5349 1778 5420; baseline 0.001 -12"><span class='ocrx_word' id='word_1_542' title='bbox 191 5352 304 5408; x_wconf 90' lang='lat' dir='ltr'><strong>mei</strong></span> <span class='ocrx_word' id='word_1_543' title='bbox 363 5359 515 5406; x_wconf 90' lang='lat' dir='ltr'><strong>artus</strong></span> <span class='ocrx_word' id='word_1_544' title='bbox 563 5357 746 5420; x_wconf 89' lang='lat' dir='ltr'><strong>optata</strong></span> <span class='ocrx_word' id='word_1_545' title='bbox 798 5350 1087 5420; x_wconf 85' lang='lat' dir='ltr'><strong>denegant,</strong></span> <span class='ocrx_word' id='word_1_546' title='bbox 1137 5349 1498 5420; x_wconf 91' lang='lat' dir='ltr'><strong>omnipotenti</strong></span> <span class='ocrx_word' id='word_1_547' title='bbox 1541 5351 1671 5420; x_wconf 90' lang='lat' dir='ltr'><strong>Deo,</strong></span> <span class='ocrx_word' id='word_1_548' title='bbox 1721 5362 1778 5409; x_wconf 90' lang='lat' dir='ltr'><strong>et</strong></span> 
     </span>
    </p>
   </div>
   <div class='ocr_carea' id='block_1_88' title="bbox 191 5438 1775 5512">
    <p class='ocr_par' dir='ltr' id='par_1_88' title="bbox 191 5438 1775 5512">
     <span class='ocr_line' id='line_1_88' title="bbox 191 5438 1775 5512; baseline -0.001 -13"><span class='ocrx_word' id='word_1_549' title='bbox 191 5450 385 5499; x_wconf 89' lang='lat' dir='ltr'><strong>sancto</strong></span> <span class='ocrx_word' id='word_1_550' title='bbox 402 5439 585 5508; x_wconf 88' lang='lat' dir='ltr'><strong>Petro,</strong></span> <span class='ocrx_word' id='word_1_551' title='bbox 620 5448 782 5512; x_wconf 91' lang='lat' dir='ltr'><strong>atque</strong></span> <span class='ocrx_word' id='word_1_552' title='bbox 818 5438 1226 5510; x_wconf 89' lang='lat' dir='ltr'><strong>incomparabili</strong></span> <span class='ocrx_word' id='word_1_553' title='bbox 1257 5439 1556 5497; x_wconf 67' lang='lat' dir='ltr'><strong>clementia:</strong></span> <span class='ocrx_word' id='word_1_554' title='bbox 1580 5449 1775 5498; x_wconf 72' lang='lat' dir='ltr'><strong>vestra:</strong></span> 
     </span>
    </p>
   </div>
   <div class='ocr_carea' id='block_1_89' title="bbox 193 5531 1770 5606">
    <p class='ocr_par' dir='ltr' id='par_1_89' title="bbox 193 5531 1770 5606">
     <span class='ocr_line' id='line_1_89' title="bbox 193 5531 1770 5606; baseline 0.001 -17"><span class='ocrx_word' id='word_1_555' title='bbox 193 5533 575 5606; x_wconf 89' lang='lat' dir='ltr'><strong>magnitudini,</strong></span> <span class='ocrx_word' id='word_1_556' title='bbox 604 5547 738 5588; x_wconf 87' lang='lat' dir='ltr'><strong>meae</strong></span> <span class='ocrx_word' id='word_1_557' title='bbox 763 5531 1050 5603; x_wconf 88' lang='lat' dir='ltr'><strong>parvitatis</strong></span> <span class='ocrx_word' id='word_1_558' title='bbox 1082 5531 1443 5602; x_wconf 89' lang='lat' dir='ltr'><strong>quantitatem</strong></span> <span class='ocrx_word' id='word_1_559' title='bbox 1471 5535 1770 5601; x_wconf 89' lang='lat' dir='ltr'><strong>committo,</strong></span> 
     </span>
    </p>
   </div>
   <div class='ocr_carea' id='block_1_90' title="bbox 191 5622 1771 5698">
    <p class='ocr_par' dir='ltr' id='par_1_90' title="bbox 191 5622 1771 5698">
     <span class='ocr_line' id='line_1_90' title="bbox 191 5622 1771 5698; baseline 0 -17"><span class='ocrx_word' id='word_1_560' title='bbox 191 5626 291 5698; x_wconf 89' lang='lat' dir='ltr'><strong>qui</strong></span> <span class='ocrx_word' id='word_1_561' title='bbox 317 5625 464 5682; x_wconf 89' lang='lat' dir='ltr'><strong>vices</strong></span> <span class='ocrx_word' id='word_1_562' title='bbox 492 5624 588 5680; x_wconf 91' lang='lat' dir='ltr'><strong>Dei</strong></span> <span class='ocrx_word' id='word_1_563' title='bbox 630 5625 845 5692; x_wconf 86' lang='lat' dir='ltr'><strong>tenetis,</strong></span> <span class='ocrx_word' id='word_1_564' title='bbox 899 5623 1036 5680; x_wconf 89' lang='lat' dir='ltr'><strong>etin</strong></span> <span class='ocrx_word' id='word_1_565' title='bbox 1081 5622 1534 5681; x_wconf 88' lang='lat' dir='ltr'><strong>reverendissima</strong></span> <span class='ocrx_word' id='word_1_566' title='bbox 1575 5625 1771 5682; x_wconf 88' lang='lat' dir='ltr'><strong>summi</strong></span> 
     </span>
    </p>
   </div>
   <div class='ocr_carea' id='block_1_91' title="bbox 191 5717 1768 5794">
    <p class='ocr_par' dir='ltr' id='par_1_91' title="bbox 191 5717 1768 5794">
     <span class='ocr_line' id='line_1_91' title="bbox 191 5717 1768 5794; baseline 0.001 -18"><span class='ocrx_word' id='word_1_567' title='bbox 191 5719 458 5794; x_wconf 88' lang='lat' dir='ltr'><strong>principis</strong></span> <span class='ocrx_word' id='word_1_568' title='bbox 490 5719 747 5776; x_wconf 89' lang='lat' dir='ltr'><strong>cathedra</strong></span> <span class='ocrx_word' id='word_1_569' title='bbox 772 5733 934 5775; x_wconf 90' lang='lat' dir='ltr'><strong>verus</strong></span> <span class='ocrx_word' id='word_1_570' title='bbox 969 5717 1245 5789; x_wconf 91' lang='lat' dir='ltr'><strong>apostolus</strong></span> <span class='ocrx_word' id='word_1_571' title='bbox 1280 5720 1552 5788; x_wconf 88' lang='lat' dir='ltr'><strong>residctis,</strong></span> <span class='ocrx_word' id='word_1_572' title='bbox 1591 5731 1648 5777; x_wconf 93' lang='lat' dir='ltr'><strong>ut</strong></span> <span class='ocrx_word' id='word_1_573' title='bbox 1673 5737 1768 5778; x_wconf 90' lang='lat' dir='ltr'><strong>ve-</strong></span> 
     </span>
    </p>
   </div>
   <div class='ocr_carea' id='block_1_92' title="bbox 193 5798 1773 5884">
    <p class='ocr_par' dir='ltr' id='par_1_92' title="bbox 193 5798 1773 5884">
     <span class='ocr_line' id='line_1_92' title="bbox 193 5798 1773 5884; baseline 0 -15"><span class='ocrx_word' id='word_1_574' title='bbox 193 5811 332 5869; x_wconf 72' lang='lat' dir='ltr'><strong>stris</strong></span> <span class='ocrx_word' id='word_1_575' title='bbox 359 5798 544 5867; x_wconf 86' lang='lat' dir='ltr'><strong>fovear</strong></span> <span class='ocrx_word' id='word_1_576' title='bbox 593 5810 962 5868; x_wconf 90' lang='lat' dir='ltr'><strong>solaminibus.</strong></span> <span class='ocrx_word' id='word_1_577' title='bbox 1016 5809 1074 5867; x_wconf 91' lang='lat' dir='ltr'><strong>Si</strong></span> <span class='ocrx_word' id='word_1_578' title='bbox 1115 5810 1258 5868; x_wconf 87' lang='lat' dir='ltr'><strong>enim</strong></span> <span class='ocrx_word' id='word_1_579' title='bbox 1288 5809 1572 5881; x_wconf 84' lang='lat' dir='ltr'><strong>fallaciter,</strong></span> <span class='ocrx_word' id='word_1_580' title='bbox 1617 5814 1773 5884; x_wconf 89' lang='lat' dir='ltr'><strong>quasi</strong></span> 
     </span>
    </p>
   </div>
   <div class='ocr_carea' id='block_1_93' title="bbox 1883 4885 3470 4961">
    <p class='ocr_par' dir='ltr' id='par_1_93' title="bbox 1883 4885 3470 4961">
     <span class='ocr_line' id='line_1_93' title="bbox 1883 4885 3470 4961; baseline -0.001 -17"><span class='ocrx_word' id='word_1_581' title='bbox 1883 4888 2014 4961; x_wconf 92' lang='lat' dir='ltr'><strong>quid</strong></span> <span class='ocrx_word' id='word_1_582' title='bbox 2039 4888 2106 4944; x_wconf 89' lang='lat' dir='ltr'><strong>de</strong></span> <span class='ocrx_word' id='word_1_583' title='bbox 2127 4887 2243 4958; x_wconf 85' lang='lat' dir='ltr'><strong>jam</strong></span> <span class='ocrx_word' id='word_1_584' title='bbox 2285 4886 2416 4943; x_wconf 89' lang='lat' dir='ltr'><strong>dicti</strong></span> <span class='ocrx_word' id='word_1_585' title='bbox 2446 4885 2620 4943; x_wconf 89' lang='lat' dir='ltr'><strong>nostri</strong></span> <span class='ocrx_word' id='word_1_586' title='bbox 2649 4885 2909 4958; x_wconf 87' lang='lat' dir='ltr'><strong>principis</strong></span> <span class='ocrx_word' id='word_1_587' title='bbox 2935 4885 3164 4960; x_wconf 70' lang='lat' dir='ltr'><strong>querela</strong></span> <span class='ocrx_word' id='word_1_588' title='bbox 3215 4886 3470 4944; x_wconf 83' lang='lat' dir='ltr'><strong>decreve-</strong></span> 
     </span>
    </p>
   </div>
   <div class='ocr_carea' id='block_1_94' title="bbox 1883 4977 3468 5051">
    <p class='ocr_par' dir='ltr' id='par_1_94' title="bbox 1883 4977 3468 5051">
     <span class='ocr_line' id='line_1_94' title="bbox 1883 4977 3468 5051; baseline -0.001 -12"><span class='ocrx_word' id='word_1_589' title='bbox 1883 4984 2015 5050; x_wconf 91' lang='lat' dir='ltr'><strong>rint,</strong></span> <span class='ocrx_word' id='word_1_590' title='bbox 2043 4989 2280 5038; x_wconf 84' lang='lat' dir='ltr'><strong>vestram</strong></span> <span class='ocrx_word' id='word_1_591' title='bbox 2306 4979 2565 5036; x_wconf 78' lang='lat' dir='ltr'><strong>non&#39;latet</strong></span> <span class='ocrx_word' id='word_1_592' title='bbox 2586 4979 2948 5035; x_wconf 87' lang='lat' dir='ltr'><strong>sanctitatem.</strong></span> <span class='ocrx_word' id='word_1_593' title='bbox 2981 4977 3094 5051; x_wconf 88' lang='lat' dir='ltr'><strong>Ego</strong></span> <span class='ocrx_word' id='word_1_594' title='bbox 3120 4979 3305 5051; x_wconf 90' lang='lat' dir='ltr'><strong>igitur,</strong></span> <span class='ocrx_word' id='word_1_595' title='bbox 3327 4987 3468 5037; x_wconf 85' lang='lat' dir='ltr'><strong>teste</strong></span> 
     </span>
    </p>
   </div>
   <div class='ocr_carea' id='block_1_95' title="bbox 1884 5069 3466 5146">
    <p class='ocr_par' dir='ltr' id='par_1_95' title="bbox 1884 5069 3466 5146">
     <span class='ocr_line' id='line_1_95' title="bbox 1884 5069 3466 5146; baseline -0.001 -16"><span class='ocrx_word' id='word_1_596' title='bbox 1884 5074 1996 5131; x_wconf 90' lang='lat' dir='ltr'><strong>Deo</strong></span> <span class='ocrx_word' id='word_1_597' title='bbox 2024 5089 2148 5131; x_wconf 92' lang='lat' dir='ltr'><strong>cum</strong></span> <span class='ocrx_word' id='word_1_598' title='bbox 2177 5072 2386 5146; x_wconf 84' lang='lat' dir='ltr'><strong>angelis</strong></span> <span class='ocrx_word' id='word_1_599' title='bbox 2409 5081 2464 5128; x_wconf 91' lang='lat' dir='ltr'><strong>et</strong></span> <span class='ocrx_word' id='word_1_600' title='bbox 2490 5070 2861 5143; x_wconf 87' lang='lat' dir='ltr'><strong>archangelis,</strong></span> <span class='ocrx_word' id='word_1_601' title='bbox 2898 5069 3190 5126; x_wconf 87' lang='lat' dir='ltr'><strong>arbitratus</strong></span> <span class='ocrx_word' id='word_1_602' title='bbox 3213 5086 3333 5127; x_wconf 90' lang='lat' dir='ltr'><strong>sum</strong></span> <span class='ocrx_word' id='word_1_603' title='bbox 3367 5087 3466 5144; x_wconf 88' lang='lat' dir='ltr'><strong>pa-</strong></span> 
     </span>
    </p>
   </div>
   <div class='ocr_carea' id='block_1_96' title="bbox 1883 5162 3471 5236">
    <p class='ocr_par' dir='ltr' id='par_1_96' title="bbox 1883 5162 3471 5236">
     <span class='ocr_line' id='line_1_96' title="bbox 1883 5162 3471 5236; baseline -0.002 -12"><span class='ocrx_word' id='word_1_604' title='bbox 1883 5169 2020 5225; x_wconf 89' lang='lat' dir='ltr'><strong>riter</strong></span> <span class='ocrx_word' id='word_1_605' title='bbox 2042 5183 2171 5225; x_wconf 89' lang='lat' dir='ltr'><strong>vera</strong></span> <span class='ocrx_word' id='word_1_606' title='bbox 2200 5181 2420 5223; x_wconf 89' lang='lat' dir='ltr'><strong>manere</strong></span> <span class='ocrx_word' id='word_1_607' title='bbox 2437 5207 2452 5234; x_wconf 92' lang='lat'><strong>,</strong></span> <span class='ocrx_word' id='word_1_608' title='bbox 2502 5181 2622 5236; x_wconf 73' lang='lat' dir='ltr'><strong>qum</strong></span> <span class='ocrx_word' id='word_1_609' title='bbox 2645 5165 2998 5236; x_wconf 89' lang='lat' dir='ltr'><strong>plurimorum</strong></span> <span class='ocrx_word' id='word_1_610' title='bbox 3025 5162 3308 5220; x_wconf 88' lang='lat' dir='ltr'><strong>consulum</strong></span> <span class='ocrx_word' id='word_1_611' title='bbox 3339 5165 3471 5221; x_wconf 90' lang='lat' dir='ltr'><strong>asti-</strong></span> 
     </span>
    </p>
   </div>
   <div class='ocr_carea' id='block_1_97' title="bbox 1882 5257 3470 5334">
    <p class='ocr_par' dir='ltr' id='par_1_97' title="bbox 1882 5257 3470 5334">
     <span class='ocr_line' id='line_1_97' title="bbox 1882 5257 3470 5334; baseline -0.003 -17"><span class='ocrx_word' id='word_1_612' title='bbox 1882 5260 2160 5334; x_wconf 90' lang='lat' dir='ltr'><strong>pulatione</strong></span> <span class='ocrx_word' id='word_1_613' title='bbox 2229 5259 2554 5316; x_wconf 62' lang='lat' dir='ltr'><strong>citabantur.</strong></span> <span class='ocrx_word' id='word_1_614' title='bbox 2619 5257 2829 5312; x_wconf 85' lang='lat' dir='ltr'><strong>Interea</strong></span> <span class='ocrx_word' id='word_1_615' title='bbox 2880 5257 3293 5313; x_wconf 89' lang='lat' dir='ltr'><strong>decernentibus</strong></span> <span class='ocrx_word' id='word_1_616' title='bbox 3342 5265 3470 5313; x_wconf 88' lang='lat' dir='ltr'><strong>tunc</strong></span> 
     </span>
    </p>
   </div>
   <div class='ocr_carea' id='block_1_98' title="bbox 1880 5345 3470 5424">
    <p class='ocr_par' dir='ltr' id='par_1_98' title="bbox 1880 5345 3470 5424">
     <span class='ocr_line' id='line_1_98' title="bbox 1880 5345 3470 5424; baseline -0.004 -16"><span class='ocrx_word' id='word_1_617' title='bbox 1880 5352 2141 5424; x_wconf 88' lang='lat' dir='ltr'><strong>temporis</strong></span> <span class='ocrx_word' id='word_1_618' title='bbox 2172 5350 2504 5424; x_wconf 68' lang='lat' dir='ltr'><strong>praescriptis</strong></span> <span class='ocrx_word' id='word_1_619' title='bbox 2516 5345 2935 5418; x_wconf 89' lang='lat' dir='ltr'><strong>archiepiscopis</strong></span> <span class='ocrx_word' id='word_1_620' title='bbox 2951 5387 2968 5412; x_wconf 92' lang='lat'><strong>,</strong></span> <span class='ocrx_word' id='word_1_621' title='bbox 2983 5361 3276 5418; x_wconf 90' lang='lat' dir='ltr'><strong>eorumque</strong></span> <span class='ocrx_word' id='word_1_622' title='bbox 3291 5345 3470 5414; x_wconf 89' lang='lat' dir='ltr'><strong>coepi-</strong></span> 
     </span>
    </p>
   </div>
   <div class='ocr_carea' id='block_1_99' title="bbox 1879 5438 3470 5520">
    <p class='ocr_par' dir='ltr' id='par_1_99' title="bbox 1879 5438 3470 5520">
     <span class='ocr_line' id='line_1_99' title="bbox 1879 5438 3470 5520; baseline -0.005 -19"><span class='ocrx_word' id='word_1_623' title='bbox 1879 5444 2087 5516; x_wconf 90' lang='lat' dir='ltr'><strong>sc0pis,</strong></span> <span class='ocrx_word' id='word_1_624' title='bbox 2137 5443 2284 5499; x_wconf 89' lang='lat' dir='ltr'><strong>solus</strong></span> <span class='ocrx_word' id='word_1_625' title='bbox 2304 5458 2432 5516; x_wconf 91' lang='lat' dir='ltr'><strong>ego,</strong></span> <span class='ocrx_word' id='word_1_626' title='bbox 2463 5442 2558 5514; x_wconf 89' lang='lat' dir='ltr'><strong>qui</strong></span> <span class='ocrx_word' id='word_1_627' title='bbox 2585 5455 2766 5496; x_wconf 89' lang='lat' dir='ltr'><strong>essem</strong></span> <span class='ocrx_word' id='word_1_628' title='bbox 2812 5440 3105 5520; x_wconf 22' lang='lat' dir='ltr'><strong>meritis&#39;et</strong></span> <span class='ocrx_word' id='word_1_629' title='bbox 3127 5438 3470 5496; x_wconf 79' lang='lat' dir='ltr'><strong>ordinatione</strong></span> 
     </span>
    </p>
   </div>
   <div class='ocr_carea' id='block_1_100' title="bbox 1880 5529 3466 5606">
    <p class='ocr_par' dir='ltr' id='par_1_100' title="bbox 1880 5529 3466 5606">
     <span class='ocr_line' id='line_1_100' title="bbox 1880 5529 3466 5606; baseline -0.003 -15"><span class='ocrx_word' id='word_1_630' title='bbox 1880 5535 2236 5601; x_wconf 87' lang='lat' dir='ltr'><strong>novissimus,</strong></span> <span class='ocrx_word' id='word_1_631' title='bbox 2283 5535 2373 5606; x_wconf 91' lang='lat' dir='ltr'><strong>qui</strong></span> <span class='ocrx_word' id='word_1_632' title='bbox 2404 5534 2789 5605; x_wconf 89' lang='lat' dir='ltr'><strong>magistrorum</strong></span> <span class='ocrx_word' id='word_1_633' title='bbox 2816 5532 3226 5589; x_wconf 86' lang='lat' dir='ltr'><strong>auctoritatibus</strong></span> <span class='ocrx_word' id='word_1_634' title='bbox 3249 5537 3306 5586; x_wconf 90' lang='lat' dir='ltr'><strong>et</strong></span> <span class='ocrx_word' id='word_1_635' title='bbox 3319 5529 3466 5602; x_wconf 80' lang='lat' dir='ltr'><strong>judi-</strong></span> 
     </span>
    </p>
   </div>
   <div class='ocr_carea' id='block_1_101' title="bbox 1879 5623 3467 5698">
    <p class='ocr_par' dir='ltr' id='par_1_101' title="bbox 1879 5623 3467 5698">
     <span class='ocr_line' id='line_1_101' title="bbox 1879 5623 3467 5698; baseline -0.003 -16"><span class='ocrx_word' id='word_1_636' title='bbox 1879 5627 1978 5683; x_wconf 90' lang='lat' dir='ltr'><strong>ciis</strong></span> <span class='ocrx_word' id='word_1_637' title='bbox 1999 5625 2343 5683; x_wconf 87' lang='lat' dir='ltr'><strong>resistercm?</strong></span> <span class='ocrx_word' id='word_1_638' title='bbox 2366 5625 2434 5681; x_wconf 89' lang='lat' dir='ltr'><strong>Et</strong></span> <span class='ocrx_word' id='word_1_639' title='bbox 2453 5640 2521 5680; x_wconf 91' lang='lat' dir='ltr'><strong>ne</strong></span> <span class='ocrx_word' id='word_1_640' title='bbox 2543 5623 2682 5680; x_wconf 86' lang='lat' dir='ltr'><strong>forte</strong></span> <span class='ocrx_word' id='word_1_641' title='bbox 2701 5624 2756 5679; x_wconf 95' lang='lat' dir='ltr'><strong>in</strong></span> <span class='ocrx_word' id='word_1_642' title='bbox 2779 5624 2961 5698; x_wconf 90' lang='lat' dir='ltr'><strong>aliquo</strong></span> <span class='ocrx_word' id='word_1_643' title='bbox 2979 5632 3166 5681; x_wconf 83' lang='lat' dir='ltr'><strong>contra</strong></span> <span class='ocrx_word' id='word_1_644' title='bbox 3191 5623 3467 5679; x_wconf 87' lang='lat' dir='ltr'><strong>decretum</strong></span> 
     </span>
    </p>
   </div>
   <div class='ocr_carea' id='block_1_102' title="bbox 1877 5712 3465 5790">
    <p class='ocr_par' dir='ltr' id='par_1_102' title="bbox 1877 5712 3465 5790">
     <span class='ocr_line' id='line_1_102' title="bbox 1877 5712 3465 5790; baseline -0.004 -15"><span class='ocrx_word' id='word_1_645' title='bbox 1877 5719 2072 5775; x_wconf 90' lang='lat' dir='ltr'><strong>Leonis</strong></span> <span class='ocrx_word' id='word_1_646' title='bbox 2112 5733 2264 5790; x_wconf 69' lang='lat' dir='ltr'><strong>papa:</strong></span> <span class='ocrx_word' id='word_1_647' title='bbox 2300 5717 2630 5773; x_wconf 72' lang='lat' dir='ltr'><strong>offenderem</strong></span> <span class='ocrx_word' id='word_1_648' title='bbox 2666 5717 2912 5784; x_wconf 88' lang='lat' dir='ltr'><strong>verebar,</strong></span> <span class='ocrx_word' id='word_1_649' title='bbox 2959 5716 3052 5786; x_wconf 91' lang='lat' dir='ltr'><strong>qui</strong></span> <span class='ocrx_word' id='word_1_650' title='bbox 3101 5713 3257 5770; x_wconf 90' lang='lat' dir='ltr'><strong>titulo</strong></span> <span class='ocrx_word' id='word_1_651' title='bbox 3290 5712 3365 5770; x_wconf 68' lang='grc'><strong>22</strong></span> <span class='ocrx_word' id='word_1_652' title='bbox 3390 5715 3465 5768; x_wconf 89' lang='lat' dir='ltr'><strong>ita</strong></span> 
     </span>
    </p>
   </div>
   <div class='ocr_carea' id='block_1_103' title="bbox 1877 5807 3459 5884">
    <p class='ocr_par' dir='ltr' id='par_1_103' title="bbox 1877 5807 3459 5884">
     <span class='ocr_line' id='line_1_103' title="bbox 1877 5807 3459 5884; baseline -0.004 -15"><span class='ocrx_word' id='word_1_653' title='bbox 1877 5813 2068 5870; x_wconf 88' lang='lat' dir='ltr'><strong>scribit</strong></span> <span class='ocrx_word' id='word_1_654' title='bbox 2095 5831 2108 5868; x_wconf 88' lang='lat'><strong>:</strong></span> <span class='ocrx_word' id='word_1_655' title='bbox 2138 5813 2306 5884; x_wconf 86' lang='lat' dir='ltr'><strong>Igitur</strong></span> <span class='ocrx_word' id='word_1_656' title='bbox 2327 5812 2622 5870; x_wconf 89' lang='lat' dir='ltr'><strong>secundum</strong></span> <span class='ocrx_word' id='word_1_657' title='bbox 2646 5819 2959 5866; x_wconf 88' lang='lat' dir='ltr'><strong>sanctorum</strong></span> <span class='ocrx_word' id='word_1_658' title='bbox 2979 5807 3199 5865; x_wconf 86' lang='lat' dir='ltr'><strong>Patrum</strong></span> <span class='ocrx_word' id='word_1_659' title='bbox 3222 5819 3459 5864; x_wconf 77' lang='lat' dir='ltr'><strong>canones</strong></span> 
     </span>
    </p>
   </div>
  </div>
