3966 6334
563 389 714 472 ,1147

1681 393 1998 448 ADVENTII
2040 391 2379 454 METENSIS
2419 391 2721 446 EPISCOI’I

3666 407 3752 462 liii

559 493 784 578 "Spiritu
817 505 911 559 Dei
943 505 1207 569 conditos,
1236 515 1289 558 et
1317 507 1479 561 totius
1503 507 1686 561 mundi
1718 507 2016 562 reverentia
2041 520 2162 558 con-
2191 507 2243 568 Α,
2271 528 2274 532 -
3039 531 3102 584 ν.

558 589 851 670 laceratos,
901 587 1342 666 metropolitanos
1390 597 1719 668 singularum
1756 598 2153 669 provinciarum
2241 639 2248 646 .

556 678 858 760 episcopos
877 684 969 756 jus
998 687 1210 743 tradita:
1234 686 1334 742 sibi
1367 689 1604 757 antiquae
1631 689 1907 760 dignitatis
1934 690 2157 744 inteme-
2234 734 2240 745 ,

577 775 753 844 ratum
785 775 986 832 habere
1015 769 1375 838 decernimus.
1415 777 1471 832 Si
1500 780 1643 833 enim
1675 796 1703 833 a
1729 779 1928 850 regulis
1951 781 2160 850 praesti-

556 862 707 940 l'tutis
748 868 855 924 ulla
895 879 989 928 aut
1010 859 1262 937 licentia,
1314 882 1409 928 aut
1443 873 1862 942 prazsumptione
1891 873 2157 928 discesse-

554 955 729 1027 ‘rant,
758 976 858 1033 ego
886 955 1100 1033 penitus
1126 962 1455 1017 nesciebam.
1493 963 1646 1017 Unde
1667 973 1722 1018 et
1744 964 1795 1018 in
1824 963 2160 1018 Antiocheno

557 1041 820 1120 concilio,
864 1053 1042 1124 capite
1088 1044 1121 1108 9
1168 1055 1242 1108 ita
1290 1054 1545 1110 scribitur
1585 1073 1597 1107 :
1647 1055 1751 1109 Per
1794 1055 2032 1126 singulas
2075 1071 2160 1112 re-

571 1145 760 1214 giones
802 1144 1088 1216 episcopos
1140 1146 1392 1200 convenit
1434 1161 1620 1211 nosse,
1684 1135 2159 1215 metropolitanum

559 1235 880 1308 _episc0pum
921 1234 1337 1290 sollicitudinem
1387 1237 1551 1289 totius
1595 1236 1887 1304 provinciae
1929 1251 2155 1304 gerere:

567 1336 789 1396 propter
827 1328 969 1396 quod
1014 1329 1081 1380 ad
1129 1329 1472 1396 metropolim
1521 1330 2018 1400 omnes'undique,
2067 1333 2157 1399 qui
2205 1346 2208 1347 '

567 1419 780 1489 negotia
811 1419 1061 1473 videntur
1083 1412 1305 1484 habere,
1325 1413 1788 1484 concurrant,etc.
1815 1412 1937 1474 Sola
1962 1422 2157 1490 quippe

557 1509 921 1582 plurimorum
957 1511 1218 1567 relatione
1251 1513 1316 1566 de
1354 1510 1466 1580 jam
1493 1513 1636 1567 dicta
1662 1514 1912 1581 querela,
1954 1530 2071 1581 qua:
2100 1515 2188 1568 in:

562 1603 878 1671 primordiis
906 1614 1054 1675 gesta
1081 1605 1220 1668 sint,
1264 1620 1395 1659 aure
1418 1621 1522 1660 non
1549 1606 1708 1661 oculo
1737 1607 1948 1676 percepi
1981 1625 1991 1659 :
2026 1608 2150 1676 quia

563 1696 846 1766 episcopus
889 1713 996 1752 non
1037 1712 1218 1763 eram,
1268 1699 1360 1752 sed
1407 1699 1462 1752 in
1510 1699 1752 1754 excubiis
1785 1700 1965 1768 templi
2007 1700 2147 1754 beati

563 1785 823 1857 Stephani
843 1791 1252 1862 protomartyris
1267 1793 1882 1861 occupatus,novissime
1905 1794 1954 1846 in
1978 1807 2142 1864 regno

2243 669 2248 673 '
2338 661 2671 717 Sectatorem
2701 663 3077 719 damnatorum
3096 706 3109 730 ,
3157 682 3219 720 ac
3248 667 3543 724 seditiosum
3563 714 3573 735 ,
3593 674 3655 726 vel
3675 693 3758 732 (λου.

2237 750 2566 831 ’Ῑιητιῑίοιιὶω
2598 763 2690 807 aut
2717 756 3133 827 conspirationis
3163 775 3306 811 reum
3329 801 3343 823 ,
3378 776 3459 815 me
3481 763 3759 830 penitus

2264 847 2506 917 deuego,
2567 848 2981 920 faventibusque
3036 843 3442 921 quibuscunque
3507 873 3759 929 nequaquam

2266 941 2532 994 assentire
2582 939 2798 994 fateor:
2833 943 2925 994 sed
2971 957 3091 996 cum
3141 945 3350 1015 capite,
3395 945 3442 997 id
3469 956 3709 1004 estsaneta
3727 965 3759 1006 et

2264 1031 2556 1086 venerabili
2605 1033 2731 1086 sede
2769 1032 2910 1086 beati
2936 1032 3112 1098 Petri,
3169 1036 3252 1088 cui
3294 1035 3470 1091 claves
3508 1041 3632 1110 regni
3652 1043 3756 1097 curio

2264 1139 2383 1177 rum
2407 1125 2699 1189 commisit,
2737 1125 2788 1178 in
2819 1144 2920 1195 qua
2949 1127 3110 1180 etiam
3139 1138 3285 1195 petra
3311 1127 3546 1186 Christus
3565 1149 3639 1186 ret
3658 1147 3760 1190 mter-

2261 1233 2364 1271 nus
2413 1227 2654 1271 sanctam
2705 1218 2988 1272 aedificavit
3045 1219 3340 1274 Ecclesium
3369 1263 3383 1286 ,
3451 1235 3614 1279 contra
3649 1246 3758 1296 quam

2261 1319 2430 1378 portae
2460 1308 2619 1362 inferi
2643 1324 2760 1364 .non
2794 1310 3188 1379 praevalebunt,
3234 1314 3487 1368 canonice
3515 1316 3559 1369 in
3583 1320 3760 1375 omnibus

2262 1415 2347 1455 me
2375 1399 2555 1456 favere
2581 1402 2854 1471 profiteOr.

3015 1541 3099 1597 Vl.

2327 1679 2495 1732 Porro
2527 1678 2786 1734 sanctitas
2827 1686 3024 1733 vestra:
3076 1680 3420 1749 paternitatis
3461 1679 3760 1736 inviolabilitu

2253 1771 2465 1825 censuit
2510 1771 2656 1824 nullo
2707 1771 2865 1825 modo
2912 1773 3209 1840 pavendam
3251 1772 3509 1826 bonorum
3549 1772 3758 1827 admissio-

561 1880 763 1936 domini
794 1881 1037 1938 Lotharii
1083 1885 1312 1939 senioris
1358 1886 1461 1938 mei
1506 1885 1776 1954 expetitus
1803 1902 1830 1937 a
1869 1885 2046 1950 clero,
2094 1894 2140 1940 et

2253 1878 2373 1920 nem
2427 1878 2527 1932 pro
2579 1862 2974 1917 temeritatibus
3019 1873 3072 1917 et
3120 1864 3762 1933 subscriptionibus:atque

558 1972 763 2029 electus
785 1989 816 2028 a
841 1974 993 2043 plebe
1013 2015 1028 2040 ,
1061 1975 1346 2045 pastoralis
1371 1975 1531 2030 ollieii
1554 1993 1770 2042 curam,
1800 1977 1940 2032 Deus
1974 1979 2144 2043 novit,

560 2077 668 2116 non
693 2065 836 2120 ultro
861 2066 1127 2132 ambiens,
1159 2069 1250 2121 sed
1279 2069 1539 2124 canonice
1570 2069 1824 2125 invitatus
1854 2073 2056 2142 accepi.
2084 2073 2148 2126 Et

560 2152 731 2209 multo
753 2155 982 2226 amplius
999 2198 1014 2222 ,
1039 2159 1080 2212 si
1106 2157 1221 2211 ﬁeri
1250 2167 1459 2226 potest,
1490 2160 1668 2214 verbis
1692 2161 2106 2233 archicapcllani
2127 2203 2141 2228 ,

556 2241 620 2300 ac
661 2255 981 2301 ceterorum
1022 2247 1274 2313 Patrum,
1326 2251 1415 2319 qui
1461 2249 1846 2320 interfuerunt,
1895 2254 2145 2309 credulus

557 2339 775 2405 exstiti,
803 2356 964 2409 quam
1000 2341 1348 2413 mihimetipsi
1371 2384 1384 2407 ,
1418 2344 1537 2396 etsi
1564 2342 1702 2397 forte
1725 2345 1776 2397 in
1808 2345 1984 2414 aliquo
2011 2346 2142 2400 sim-

555 2429 770 2500 pliciter
798 2431 915 2502 egi,
951 2440 1121 2487 restat
1157 2442 1212 2487 ut
1237 2433 1304 2487 ad
1343 2433 1659 2504 magistrum
1689 2435 1933 2490 veritatis
1959 2453 2141 2491 recur-

556 2537 690 2576 ram.
737 2519 887 2578 Nunc
915 2539 1044 2596 ergo
1069 2524 1306 2594 proferat
1335 2527 1625 2596 singularis
1663 2528 1927 2597 sapientia
1961 2539 2141 2584 vestra

555 2629 801 2669 normam
833 2615 887 2670 in
915 2617 1015 2671 hoc
1041 2616 1206 2682 facto,
1255 2626 1307 2672 et
1332 2633 1458 2672 ecce
1481 2621 1704 2688 paratus
1730 2637 1848 2674 sum
1877 2622 2138 2677 obsecun-

555 2709 686 2762 dare
714 2709 906 2764 edietis
935 2719 1126 2766 vestrre
1157 2691 1518 2778 auctoritatis,
1547 2713 1710 2768 veluti
1741 2716 1876 2779 Deo,
1906 2717 1958 2769 in
1987 2713 2140 2786 cujus

553 2814 783 2869 persona
813 2809 1006 2856 cuncta
1025 2801 1307 2871 .profertis.
1352 2801 1545 2859 Vestro
1568 2805 1709 2858 enim
1741 2814 1930 2860 sancto
1955 2821 2016 2860 ac
2047 2823 2137 2861 sa-

554 2891 695 2947 lubri
737 2894 964 2950 consilio
1011 2909 1175 2960 usus,
1214 2895 1344 2966 jugo
1371 2911 1455 2950 me
1496 2896 1817 2951 obedientiae
1864 2897 2140 2953 humiliter

554 2985 832 3040 submitte.
875 2984 1011 3040 Nam
1033 2988 1281 3055 quamvis
1305 2988 1661 3055 quorumdam
1703 2988 1920 3042 levitate
1949 2996 2135 3043 contra

553 3087 642 3128 me
671 3073 957 3128 tumultum
983 3075 1332 3130 detractionis
1357 3077 1606 3141 sentiam,
1657 3077 1759 3132 nisi
1785 3078 1850 3131 de
1873 3078 2133 3150 simplici-

554 3171 690 3228 tate,
743 3166 922 3221 nullus
945 3183 1031 3222 me
1052 3168 1106 3222 in
1137 3168 1236 3222 hac
1275 3183 1330 3222 re
1371 3185 1626 3226 accusare
1651 3181 1847 3241 potest.
1877 3171 2133 3228 Fidenter

551 3255 700 3312 enim
729 3256 890 3311 dico:
931 3257 1067 3312 Ecce
1107 3257 1158 3312 in
1205 3259 1342 3314 caelo
1373 3261 1526 3314 testis
1572 3276 1756 3326 meus,
1807 3273 1861 3317 et
1887 3265 2138 3319 conscius

553 3361 706 3404 meus
744 3349 799 3403 in
837 3348 1084 3404 excelsis.
1137 3350 1288 3406 Unde
1322 3357 1418 3405 vas
1448 3353 1728 3408 electionis
1755 3355 1881 3409 dicit
1917 3355 2136 3410 τοίω-θα

550 3449 730 3494 nostra
799 3441 914 3495 hwc
966 3450 1084 3508 est,
1147 3434 1496 3498 testimonium
1557 3447 1887 3502 conscientia?
1947 3459 2136 3503 noslrm

551 3530 646 3601 (11
673 3531 798 3586 Cor.
831 3534 944 3599 ιιι).
987 3533 1121 3588 Hinc
1168 3535 1310 3588 enim
1358 3536 1547 3591 beatus
1583 3537 1877 3604 Gregorius
1911 3555 2044 3609 papa
2081 3541 2133 3594 in

549 3622 776 3692 epistola
834 3623 1156 3679 Theoctistae
1223 3626 1462 3695 patricim
1518 3629 1754 3692 directa,
1826 3630 1897 3682 ita
1945 3631 2148 3686 scribit-

548 3710 700 3782 (Lib.
732 3730 806 3779 ix,
833 3717 983 3784 epist.
1012 3716 1111 3788 59)
1142 3737 1152 3770 :
1184 3718 1240 3772 In
1268 3735 1426 3774 omne
1447 3762 1460 3784 ,
1491 3722 1691 3790 inquit,
1723 3724 1864 3791 quod
1900 3725 2130 3794 agimus,

548 3805 634 3862 vel
655 3809 797 3876 quod
830 3819 983 3864 extra
1003 3811 1073 3866 de
1101 3811 1258 3866 nobis
1285 3813 1507 3880 dicitur,
1532 3831 1818 3871 recurrere
1845 3818 1910 3872 ad
1932 3823 2130 3873 arcana

548 3900 745 3954 mentis
783 3901 1060 3958 debemus.
1113 3903 1226 3957 Etsi
1270 3919 1457 3960 omnes
1487 3906 1814 3977 vituperent,
1857 3908 1994 3964 liber
2021 3919 2103 3964 est

547 4005 709 4060 quem
733 3994 1062 4048 conscientia
1091 4009 1194 4049 non
1221 4007 1465 4053 accusat.

1299 4132 1386 4186 IV.

620 4256 677 4313 Si
719 4257 994 4312 decretum
1038 4269 1232 4315 vestra:
1272 4263 1645 4330 auctoritatis,
1717 4265 1923 4334 judicm
1963 4271 2132 4323 sancti

549 4347 815 4418 Spiritus,
862 4349 928 4403 ab
979 4351 1124 4404 omni
1165 4351 1452 4419 pastoralis
1499 4352 1655 4408 oliicii
1691 4356 1954 4424 regimine
1993 4373 2131 4426 prm-

549 4439 686 4494 fatos
711 4440 1086 4509 metropolitas
1116 4452 1308 4497 exutos
1342 4443 1601 4510 deﬁnivit,
1633 4435 2132 4516 propterexcessus

547 4532 923 4597 sanctinnum,
985 4530 1040 4586 et
1100 4533 1487 4590 absolutionem
1533 4540 1896 4594 anathematis
1937 4557 1964 4594 a
2009 4529 2151 4597 sede.

544 4625 838 4696 apostolica
896 4625 1078 4680 emissi
1119 4641 1281 4694 super
1325 4626 1680 4699 lngeltrudem
1735 4633 1958 4685 Bosonis
1993 4650 2127 4685 uxo-

546 4724 690 4784 rem,
755 4718 941 4773 sciatis
981 4718 1299 4785 verissime,
1369 4725 1491 4792 quia
1537 4723 1588 4776 in
1633 4723 1750 4792 ejus
1792 4727 2127 4780 absolutione

546 4825 886 4881 nequaquam
932 4812 1204 4881 particeps
1247 4814 1432 4867 exstiti
1481 4830 1494 4867 :
1542 4825 1590 4869 et
1644 4825 1928 4886 postquam
1982 4817 2124 4871 illam

547 4907 671 4957 vera
721 4902 980 4958 relatione
1020 4894 1256 4958 iiifausto
1299 4903 1546 4959 adulterii
1593 4921 1789 4975 genere
1832 4907 2126 4961 sauciatam

547 4993 755 5059 audivi,
801 5008 1017 5064 semper
1058 4995 1212 5062 quasi
1249 4995 1585 5050 mortiferum
1623 5013 1888 5051 venenum
1915 5000 2123 5051 abomi-

547 5088 704 5137 natus
732 5097 869 5137 sum.
901 5083 1346 5139 Communionem
1372 5100 1500 5140 vero
1530 5102 1652 5140 cum
1685 5090 2118 5142 excommunica-

548 5176 619 5229 tis
646 5175 947 5231 nullatenus
971 5176 1169 5232 habere
1206 5178 1486 5232 universos
1515 5195 1704 5234 moneo
1725 5223 1738 5245 ,
1773 5181 1816 5234 si
1845 5181 2014 5235 sacris
2043 5181 2120 5235 uti

546 5267 663 5322 ausi
712 5266 935 5330 fuerint,
1002 5271 1141 5324 sicut
1193 5269 1486 5339 capitulum
1531 5271 1743 5325 concilii
1802 5272 2120 5326 Antiocheni

545 5371 794 5436 quartum
819 5364 1071 5430 ostendit,
1089 5367 1230 5435 quod
1254 5366 1715 5420 communicantes
1741 5367 1819 5421 eis
1851 5368 1916 5420 ah
1948 5365 2124 5421 Eccle-

545 5455 625 5513 aia
651 5453 807 5526 abjici
830 5456 1004 5528 jubet.
1951 5477 1954 5481 -

2254 1952 2643 2022 indulgentiam
2686 1968 2792 2006 non
2844 1967 2966 2007 esse
3008 1953 3414 2026 denegandam,
3449 1955 3516 2024 _si
3557 1954 3760 2022 vobiscum

2251 2061 2458 2115 sapere,
2495 2055 2848 2116 nostrumque
2877 2041 2974 2115 per
3001 2048 3384 2115 nosmetipsos,
3413 2055 3499 2099 aut
3519 2061 3600 2117 per
3619 2046 3760 2117 legatos

2251 2145 2466 2192 nostros
2494 2153 2774 2193 assensum
2818 2127 2937 2192 cum
2981 2139 3196 2209 scriptis
3245 2126 3442 2194 oﬂ‘erre
3481 2139 3755 2193 studeremus.

2248 2227 2468 2286 Noverit
2512 2231 2888 2300 przecellentia:
2917 2241 3112 2286 vestrae
3150 2234 3410 2287 sanctitas
3442 2232 3751 2285 munificentis-

2247 2325 2418 2388 sima,
2473 2325 2616 2394 quod
2665 2325 2873 2396 legatus
2923 2335 3125 2388 noster,
3182 2325 3272 2394 qui
3326 2327 3435 2394 jam
3479 2325 3610 2378 vobis
3647 2323 3754 2376 fatum

2246 2417 2640 2486 professionem
2691 2417 3034 2480 ostenderet,
3102 2427 3155 2471 et
3226 2417 3593 2487 multiplicibus
3635 2418 3753 2470 verbis

2246 2507 2591 2570 enuclearet,
2644 2507 2764 2562 ideo
2809 2507 3074 2572 tardavit,
3128 2508 3250 2576 quia
3291 2518 3511 2562 creteros
3533 2505 3754 2562 confratres

2244 2611 2460 2656 nostros
2482 2602 2588 2656 huc
2626 2600 2860 2670 illucque
2885 2599 2952 2654 de
2981 2599 3208 2653 diversis
3255 2600 3496 2668 partibus
3521 2601 3749 2660 adversus,

2244 2695 2524 2750 vobiscum
2555 2695 2755 2749 sentire
2779 2689 3107 2747 unanimiter
3128 2702 3181 2746 et
3207 2708 3400 2762 sapere
3425 2691 3640 2746 hortatus
3660 2704 3751 2743 sum.

2243 2789 2552 2857 Eorumque
2597 2787 2838 2841 omnium
2901 2784 3226 2856 generaliter
3274 2784 3610 2838 unanimitate
3657 2795 3754 2834 com-

2241 2888 2416 2949 perta,
2447 2878 2601 2949 quasi
2633 2891 2934 2947 praeconem
2956 2876 3113 2947 legati
3147 2878 3342 2939 nostri,
3378 2877 3428 2928 in
3457 2875 3561 2944 ipso
3579 2871 3754 2941 margine

2241 2971 2520 3041 praesentis
2550 2970 2675 3023 vitze
2697 2969 3050 3031 constitutus,
3079 2975 3274 3021 vestrm
3299 2975 3501 3019 sancta!
3517 2962 3753 3034 paternitati

2242 3064 2499 3133 prremisi,
2535 3070 2852 3134 prmscntem
2884 3060 3133 3115 videlicet
3165 3059 3466 3114 litterarum
3491 3056 3750 3126 portitorem.

2243 3156 2387 3210 Nihil
2418 3157 2468 3210 in
2517 3171 2602 3209 me
2640 3153 2979 3224 ambiguum,
3035 3151 3274 3219 nihilque
3323 3147 3606 3203 damnabile
3632 3159 3753 3197 mnia-

2243 3266 2373 3304 nere
2397 3249 2609 3318 patior,.
2651 3247 2734 3301 cui
2763 3246 2904 3300 Viam
2939 3244 3112 3298 omnis
3154 3243 3337 3296 carnis
3367 3241 3592 3311 arripere
3611 3232 3752 3306 proprii

2241 3342 2489 3412 corporis
2531 3339 2793 3393 resolutio
2839 3335 3137 3407 pollicetur.
3199 3333 3307 3388 Sed
3352 3334 3404 3386 in
3450 3325 3751 3398 omnipotentis

2242 3431 2333 3487 Dei
2367 3430 2798 3486 misericordiam
2825 3428 2979 3482 valde
3011 3427 3244 3491 confido,
3299 3425 3444 3494 quod
3475 3424 3588 3478 mihi
3615 3433 3748 3490 pecca-

2242 3525 2343 3579 tori
2363 3524 2599 3593 spatium
2623 3522 2785 3591 hujus
2806 3519 3130 3576 calamitosae
3149 3520 3274 3573 vita:
3297 3517 3583 3573 concedere
3599 3512 3747 3573 debeat,

2239 3623 2517 3687 quousque
2555 3616 2712 3686 digna
2763 3613 3133 3668 satisfactione
3161 3621 3458 3682 purgatus,
3507 3619 3666 3661 vestra-
3687 3617 3749 3673 pa-

2240 3719 2407 3764 ternae
2430 3709 2646 3778 pietatis
2676 3705 2903 3776 gratiam
2935 3704 3136 3774 petenti
3182 3705 3451 3760 redditam
3489 3698 3747 3768 intelligam.

2239 3817 2432 3872 meque
2455 3809 2729 3870 receptum
2756 3799 2808 3852 in
2843 3805 3026 3853 vestro
3057 3797 3166 3851 Deo
3196 3797 3361 3867 digno
3391 3793 3638 3850 consortio
3660 3802 3748 3842 con-

2237 3893 2496 3966 gratnler.
2563 3891 2846 3947 Credimus
2890 3890 3034 3944 enim
3082 3889 3266 3957 quod,
3315 3887 3524 3941 favente
3562 3884 3670 3942 Deo.
3717 3884 3750 3930 el

2237 3983 2600 4054 apostolorum
2626 3980 2864 4036 omnium
2912 3979 3183 4050 principe.
3231 3979 3321 4046 qui
3352 3979 3404 4030 in
3434 3970 3748 4040 eleemosynis.

2235 4086 2287 4130 et.
2306 4074 2557 4144 jcjuniis,
2601 4081 2652 4126 et
2681 4071 2893 4125 furtivis
2921 4069 3260 4124 orationibus
3308 4065 3606 4137 spiritaliter
3633 4072 3750 4113 θεαί·

2235 4169 2346 4238 pati
2377 4169 2538 4230 estis,
2591 4163 2842 4220 omnibtts
2871 4163 3076 4218 viribus
3105 4162 3284 4215 divina
3315 4159 3637 4230 dispositione
3659 4169 3749 4221 prr-

2235 4263 2419 4315 vidcre
2445 4259 2684 4314 debeatis
2703 4300 2716 4320 ,
2752 4275 2818 4311 ne
2848 4273 2946 4326 pro
2987 4255 3225 4309 falsidica
3251 4253 3559 4324 deceptione
3579 4243 3745 4301 vim!“1

2237 4357 2290 4410 in
2318 4352 2522 4409 Christi
2551 4349 2778 4421 corpore
2808 4348 3047 4401 membra
3073 4346 3398 4400 moriantur.
3430 4343 3581 4413 Igitur
3601 4339 3636 4391 si
3656 4332 3745 4385 mis

2235 4444 2554 4516 laerymosis
2601 4437 2851 4512 precibus
2904 4447 3081 4514 vestra
3131 4434 3500 4516 misericordia
3541 4431 3586 4482 in
3620 4425 3745 4491 aliquo

2237 4539 2493 4600 ﬂectitur,
2523 4551 2619 4605 per
2650 4541 2893 4587 sanctam
2924 4542 2975 4584 et
3003 4529 3334 4582 individuam
3369 4525 3653 4579 Trinitatem
3679 4517 3745 4568 hu-

2237 4629 2437 4683 militer
2460 4627 2737 4694 deprecor,
2773 4633 2830 4675 ut
2863 4636 2958 4689 per
2984 4620 3209 4672 latorem
3239 4614 3571 4686 praesentium
3593 4608 3744 4660 littera-

2232 4713 2385 4780 rum,
2434 4718 2474 4770 si
2525 4716 2753 4783 amplius
2783 4729 2901 4766 esse
2931 4717 3038 4766 non
3065 4719 3276 4779 potest,
3327 4708 3510 4761 saltem
3537 4704 3596 4755 de
3616 4703 3742 4749 res!“

2233 4821 2415 4867 sancta
2442 4825 2599 4862 manu
2627 4805 2906 4875 naufragio
2933 4804 3051 4856 vitae
3081 4800 3405 4855 constitutus
3429 4795 3545 4851 illud
3565 4789 3744 4883 recin

2234 4916 2464 4963 merear,
2513 4898 2655 4968 quod
2692 4897 2836 4950 mitis
2863 4893 3125 4963 magiSIer
3165 4898 3344 4944 vester
3371 4887 3622 4943 Christus,
3660 4888 3743 4943 qm-

2233 4998 2457 5052 busdam
2491 4993 2769 5062 discipulis
2795 4984 3369 5054 luesitantibusjanuis
3397 4977 3603 5036 diversis
3625 4980 3740 5062 εψρξο

2232 5104 2374 5147 rens,
2415 5087 2740 5155 imprecatus
2769 5089 2850 5134 cst
2877 5080 3061 5133 dicens
3092 5094 3105 5128 :
3145 5073 3264 5128 Pax
3301 5073 3438 5128 vobis
3475 5069 3629 5138 (Iona.
3657 5056 3735 5121 xti-

2231 5173 2617 5237 l'ixcellentiam
2683 5171 2988 5230 sanctitatis
3039 5173 3231 5225 vestra:
3297 5165 3520 5223 assiduis
3559 5157 3671 5211 votis
3701 5157 3739 5204 ει

2227 5275 2478 5347 precibus
2505 5271 2592 5325 diu
2624 5268 2942 5324 incolumem
2991 5264 3170 5333 vigere
3200 5260 3465 5320 humiliter
3492 5255 3734 5310 exorem“!-

2884 5423 3163 5440 _-——_‘

2954 5427 3120 5439 ἰα’-’-
