3966 6334
231 443 360 501 ιηθ

1266 448 1683 508 PRlVlLlGlUM
1725 452 1861 511 PRO
1897 452 2190 509 ABBATIA
2229 454 2615 511 GORZIENSI.

3354 456 3488 511 H50

223 634 3485 669 mm

1447 738 2251 914 ORATIONES

618 1015 693 1073 ια
731 1014 1006 1076 stono
1044 1016 1251 1076 METIS
1285 1016 1704 1075 COADUNATA
1741 1016 1809 1073 IN
1845 1010 2173 1076 ECCLESIA
2214 1019 2272 1076 s.
2313 1020 2651 1081 STEPHANI
2690 1008 2990 1080 Hamae.
3069 1093 3077 1101 θ

726 1300 952 1365 CAPUT
989 1298 1279 1359 PRIMUM.

288 1410 398 1474 Vos
424 1416 599 1486 scitis,
627 1425 684 1473 et
708 1416 889 1475 multis
916 1418 971 1472 in
1005 1417 1255 1487 plurimis
1287 1415 1469 1488 regnis
1502 1423 1588 1471 est
1614 1416 1799 1487 cogni-

220 1519 357 1577 tum,
386 1520 620 1581 quantos
645 1519 703 1568 et
725 1509 911 1581 quales
933 1520 1156 1566 eventus
1187 1518 1431 1580 tempore
1449 1508 1680 1564 senioris
1703 1522 1798 1564 no-

216 1601 339 1668 stri,
364 1617 523 1671 quem
549 1602 811 1657 hactenus
834 1601 1139 1668 habuimus,
1170 1617 1269 1672 pro
1297 1602 1476 1657 causis
1501 1600 1797 1655 notissimis

217 1692 577 1746 communiter
607 1690 985 1756 sustinuimus,
1007 1699 1061 1745 et
1092 1699 1294 1760 quanto
1327 1689 1533 1755 dolore,
1570 1699 1799 1760 quanta-

216 1799 322 1854 que
347 1784 594 1855 angustia
625 1784 692 1839 de
718 1783 861 1840 illius
890 1784 1120 1840 infausta
1150 1792 1325 1840 morte
1348 1800 1521 1855 nuper
1545 1784 1798 1839 cordibus

214 1873 448 1944 perculsi
478 1889 684 1930 sumus.
714 1874 868 1931 Unde
905 1875 1123 1930 unicum
1151 1874 1441 1946 refugium,
1474 1874 1819 1945 et-singula—.

215 1962 350 2017 riter
383 1962 596 2019 salubre
632 1964 940 2031 consilium,
968 1980 1093 2037 rege
1119 1974 1173 2021 et
1198 1965 1440 2036 principe
1485 1973 1671 2021 nostro
1705 1967 1797 2021 de-

214 2052 387 2112 stituti
425 2068 489 2110 ac
528 2054 774 2122 desolati,
804 2056 960 2111 nobis
999 2058 1252 2113 omnibus
1277 2071 1396 2114 esse
1425 2058 1794 2114 consideravi-

214 2158 357 2209 mus,
384 2153 442 2200 ut
471 2142 690 2214 jejuniis
734 2156 788 2201 et
816 2148 1152 2203 orationibus
1182 2149 1248 2203 ad
1276 2164 1398 2204 eum
1431 2166 1529 2205 nos
1561 2164 1789 2205 conver-

214 2243 475 2303 teremus,
511 2238 601 2307 qui
630 2247 715 2294 est
755 2238 970 2309 adjutor
996 2241 1050 2297 in
1091 2243 1585 2312 opportunitatibus
1615 2244 1668 2299 in
1698 2245 1793 2299 tri-

211 2327 521 2395 bulatione,
567 2338 623 2385 et
686 2332 840 2402 cujus
891 2342 974 2387 est
1019 2334 1339 2401 consilium,
1395 2351 1459 2391 ac
1508 2335 1659 2404 cujus
1709 2348 1793 2394 est

212 2434 461 2489 regnum,
490 2430 564 2487 et,
592 2431 651 2477 ut
687 2424 947 2493 scriptum
976 2434 1079 2489 est,
1115 2426 1203 2481 cui
1230 2426 1459 2482 voluerit
1481 2427 1635 2482 dabit
1662 2424 1790 2483 illud

211 2509 375 2582 (Dan.
408 2512 512 2583 tv);
562 2514 696 2569 etin
728 2512 880 2582 cujus
930 2531 1091 2571 manu
1128 2515 1290 2571 corda
1321 2527 1446 2572 sunt
1486 2532 1692 2588 regum,
1736 2524 1790 2572 et

209 2596 341 2653 facit
386 2603 668 2659 unanimes
705 2594 951 2659 habitare
990 2605 1041 2659 in
1089 2605 1266 2671 domo,
1295 2605 1507 2663 solvens
1552 2607 1786 2663 medium

1778 1300 1903 1364 .A'

2526 1302 2755 1361 CAPUT
2792 1304 2856 1363 H.

1974 1391 2107 1461 Quia
2166 1394 2399 1467 denique
2453 1398 2785 1455 voluntatem
2840 1401 2962 1467 Dei,
3015 1403 3108 1476 qui
3154 1402 3485 1463 voluntatem

1901 1484 2209 1541 timentium
2236 1504 2294 1544 se
2324 1488 2473 1556 facit,
2501 1501 2556 1547 et
2585 1493 2995 1564 deprecationes
3023 1506 3211 1554 eorum
3242 1500 3479 1565 exaudit,

1894 1574 1955 1661 in
1996 1579 2247 1634 concordi
2273 1582 2627 1639 unanimitate
2649 1593 2830 1641 nostra
2860 1576 3126 1655 videmus,
3162 1590 3305 1645 hunc
3331 1589 3481 1662 regni

1900 1666 2020 1738 ejus
2049 1668 2319 1725 haeredem
2356 1687 2476 1728 esse
2504 1671 2829 1746 legitimum,
2861 1675 2947 1732 cui
2977 1693 3077 1734 nos
3111 1688 3305 1753 sponte
3336 1696 3486 1736 com-

1900 1760 2165 1828 misimus,
2215 1762 2471 1820 domnum
2516 1766 2767 1825 videlicet
2818 1778 3142 1838 prmsentem
3191 1786 3374 1842 regem
3418 1788 3483 1831 ac

1897 1853 2195 1924 principem
2227 1865 2470 1919 nostrum
2501 1852 2775 1926 Carolum,
2810 1870 2867 1916 ut
2893 1862 3048 1917 nobis
3073 1863 3258 1933 prmsit
3287 1872 3341 1921 et
3366 1879 3488 1935 pro-

1898 1946 2006 2001 sit:
2038 1945 2252 2002 videtur
2290 1949 2470 2016 nobis,
2502 1950 2547 2005 si
2595 1951 2749 2009 vobis
2774 1952 3067 2022 placet,.ut
3107 1953 3252 2013 sicut
3277 1962 3401 2026 post
3424 1953 3485 2011 il-

1897 2035 2001 2091 lius
2041 2037 2205 2092 verba
2250 2036 2404 2094 vobis
2443 2039 2929 2108 manifestabimus,
2980 2040 3135 2113 signo
3176 2030 3485 2105 certissimo

1896 2126 2352 2195 demonstremus,
2402 2131 2525 2201 quia
2559 2129 2708 2185 illum
2738 2149 2767 2186 a
2812 2128 2923 2188 Deo
2960 2132 3191 2193 electum
3225 2141 3282 2188 et
3328 2133 3484 2195 nobis

1896 2217 2080 2273 datum
2110 2219 2412 2290 principem
2443 2220 2735 2285 credimus,
2783 2232 2838 2276 et
2872 2220 3047 2277 eidem
3092 2216 3339 2295 largitori
3372 2218 3482 2281 Deo

1894 2325 1958 2365 ex
1986 2306 2097 2365 suis
2119 2310 2399 2367 beneficiis
2427 2327 2533 2367 non
2566 2310 2735 2367 simus
2758 2310 2987 2382 ingrati;
3021 2312 3136 2377 sed,
3180 2302 3479 2384 gratiarum

1895 2399 2137 2455 actiones
2186 2398 2263 2454 illi
2316 2398 2637 2466 referentes,
2688 2416 2908 2456 oremus
2949 2396 3214 2470 quatenus
3255 2408 3310 2457 et
3355 2392 3477 2455 eum

1893 2489 2049 2544 nobis
2084 2488 2149 2544 ad
2173 2489 2403 2545 salutem
2429 2499 2483 2547 et
2512 2488 2880 2546 defensionem
2912 2501 3113 2545 sanctae
3148 2506 3258 2545 sua:
3294 2486 3478 2545 Eccle-

1893 2568 2007 2644 Size,
2034 2588 2088 2635 et
2139 2581 2208 2636 ad
2249 2580 2507 2637 auxilium
2555 2592 2717 2652 atque
2756 2578 3053 2651 profectum
3091 2581 3331 2636 omnium
3377 2597 3476 2636 no-

210 2688 497 2759 parietetn,
549 2700 605 2746 et
649 2691 852 2750 faciens
899 2704 1126 2769 utraque
1182 2662 1343 2751 unum
1381 2716 1393 2751 :
1433 2696 1790 2769 deprecantes
1820 2670 1869 2733 Β
1896 2681 2067 2727 sum"
2108 2673 2439 2769 “musam”
2484 2691 2546 2731 ³ο
2594 2690 2769 2769 Fac?
2798 2682 2852 2769 ξι
2889 2673 3282 2769 ιξτ³¹¹ίιξ¹ί¹¹ίί³ἶξῗ
3323 2662 3478 2769 ’φὺίδ

211 2777 381 2849 ipsius
406 2781 854 2851 misericordiam,
886 2792 945 2840 ut
973 2786 1126 2845 daret
1159 2787 1316 2842 nobis
1338 2802 1519 2859 regem
1547 2805 1611 2844 ac
1636 2790 1789 2859 priu-

208 2869 380 2941 cipem
409 2873 700 2930 secundum
732 2891 827 2931 cor
861 2893 1038 2945 suum,
1069 2880 1161 2950 qui
1191 2880 1243 2934 in
1263 2880 1469 2950 judicio
1502 2880 1787 2950 etjustitia

208 2975 308 3019 nos
332 2960 386 3017 in
422 2962 567 3019 omni
601 2966 790 3022 ordine
822 2983 883 3023 ac
920 2965 1254 3040 professione
1283 2979 1509 3041 regeret,
1551 2972 1787 3029 salvaret

208 3046 371 3124 atque
411 3054 725 3113 defenderet
768 3059 920 3130 juxta
967 3062 1299 3118 voluntatem
1346 3063 1480 3133 ejus,
1520 3074 1574 3121 et
1620 3066 1784 3124 corda

204 3144 446 3200 omnium
492 3156 804 3206 nostrorum
852 3154 1181 3211 unanimiter
1230 3156 1281 3210 in
1329 3171 1454 3212 eum
1498 3158 1784 3216 inclinaret

223 3243 367 3305 atque
388 3237 582 3305 uniret,
615 3255 775 3310 quem
800 3243 913 3313 ipse
937 3244 1004 3297 ad
1035 3244 1261 3301 salutem
1287 3254 1341 3301 et
1361 3248 1664 3318 profectum
1692 3266 1783 3306 no—

208 3332 376 3380 strum
417 3330 724 3409 praescitum
763 3339 819 3386 et
864 3332 1094 3389 electum
1140 3344 1301 3404 atque
1338 3338 1782 3406 praedestinatum

205 3412 406 3476 habeat
438 3425 732 3480 secundum
755 3424 1182 3483 misericordiam
1210 3444 1382 3485 suam.

1899 2774 2182 2820 conservet
2213 2765 2435 2833 diutius,
2465 2775 2520 2822 et
2560 2782 2658 2823 nos
2700 2766 2842 2822 fideli
2889 2765 3173 2821 devotione
3208 2766 3285 2820 illi
3319 2766 3473 2822 obse-

1896 2865 2142 2941 quentes,
2171 2866 2330 2928 atque
2354 2866 2536 2930 optata
2580 2858 2875 2914 salvatione
2908 2857 3170 2923 fruentes,
3203 2856 3304 2914 sub
3330 2857 3473 2915 illius

1896 2946 2365 3006 administratione
2394 2950 2447 3005 in
2482 2966 2581 3006 suo
2606 2950 2871 3023 gubernet
2901 2946 3143 3004 servitio.

1892 3120 1897 3125 ,
2510 3059 2738 3118 CAPUT
2773 3061 2855 3116 Ill.

1892 3210 1897 3215 ,
1964 3152 2030 3207 Et
2051 3154 2095 3208 si
2127 3152 2202 3207 illi
2229 3152 2429 3225 placet,
2457 3152 2676 3225 dignum
2705 3153 2806 3223 ipsi
2845 3161 2901 3209 et
2925 3152 3288 3208 necessarium
3319 3151 3474 3208 nobis

1891 3260 2011 3301 esse
2039 3244 2278 3311 videtur,
2312 3253 2370 3301 ut
2400 3261 2466 3299 ex
2490 3244 2606 3313 ejus
2638 3260 2733 3300 ore
2758 3245 3061 3309 audiamus,
3089 3244 3232 3314 quod
3260 3258 3289 3298 a
3314 3242 3471 3298 Chri-

1890 3336 2221 3402 stianissimo
2250 3352 2402 3408 rege,
2433 3337 2576 3392 fideli
2625 3344 2676 3392 et
2710 3336 2950 3391 unanimi
2985 3337 3037 3391 in
3081 3334 3300 3390 servitio
3328 3334 3472 3389 illius

1887 3431 2104 3502 populo,
2131 3431 2418 3503 unicuique
2449 3429 2504 3484 in
2542 3444 2639 3486 suo
2665 3429 2854 3485 ordine
2876 3428 3126 3483 convenit
3155 3428 3341 3482 audire
3359 3464 3374 3492 ,
3407 3440 3470 3482 ac

1894 3519 2086 3583 devota
2115 3527 2296 3574 mente
2324 3518 2614 3590 suscipere.
2662 3504 2665 3507 ’

1488 3644 1495 3654 δ
1988 3648 1991 3649 ,

505 3800 994 3933 ADVENTII
1052 3805 1719 3937 PRIVILEGIUM
1794 3811 1999 3939 PRO
2070 3740 3180 3956 neutrumalia.

1630 4042 1832 4119 [ΑΝΝο
1857 4043 1998 4104 863.
2026 4044 2046 4118 ]

1264 4200 1428 4266 (Δμιά
1450 4201 1509 4253 n.
1535 4194 1762 4264 Calmet.,
1788 4200 2001 4254 uiuam
2022 4202 2085 4254 de
2110 4203 2382 4268 tonabas.)

270 4460 560 4518 Pastoralis
578 4459 737 4518 oﬂeii
761 4460 983 4517 solertia
1010 4463 1138 4539 dum
1161 4462 1305 4518 circa
1327 4462 1628 4518 custodiam
1650 4477 1772 4518 cre-
1798 4465 1845 4528 C
1877 4430 2022 4531 genti
2064 4461 2264 4519 mentis
2307 4460 2599 4531 sagacitate
2626 4459 2901 4533 desudans
2942 4460 3101 4535 [forte
3136 4462 3455 4539 desudans],

200 4553 297 4608 diti
332 4553 514 4624 gregis
538 4552 801 4623 invigilat,
832 4536 1179 4622 asperitatem
1210 4552 1649 4623 persequentium
1676 4554 1780 4611 sub

198 4645 358 4700 ovina
384 4644 520 4715 pelle
547 4644 831 4699 latentium
853 4643 1045 4699 sedare
1064 4658 1173 4698 uon
1198 4643 1451 4713 trepidat.
1475 4641 1610 4699 Cum
1632 4645 1777 4704 enim

199 4738 345 4791 vices
376 4736 469 4791 Dei
511 4736 651 4808 regis
677 4735 864 4789 teterni
907 4735 1144 4806 suscipit,
1173 4744 1232 4789 ut
1257 4732 1376 4802 ejus
1407 4735 1639 4791 nominis
1664 4737 1775 4789 vir-

201 4836 312 4883 tute
338 4843 694 4897 personarum
723 4826 963 4896 acceptio
989 4816 1317 4891 annulletur,
1360 4834 1415 4879 et
1459 4826 1775 4881 inviolatum

197 4920 468 4989 mquitatis
506 4917 768 4987 judicium
809 4917 1112 4979 roborelur,
1148 4914 1390 4985 profecto
1428 4930 1535 4971 non
1562 4923 1777 4987 oportet

198 5009 535 5065 dissimulare
581 5007 887 5062 libertatem
931 5006 1200 5069 veritatis,
1242 5004 1478 5061 Domino
1524 5004 1770 5062 dicente:

197 5103 265 5157 In
301 5101 496 5156 mundo
536 5116 835 5171 pressuram
876 5099 1151 5163 habebitis,
1199 5098 1288 5153 sed
1336 5100 1600 5177 conﬁdite,
1651 5101 1775 5177 quia
1832 5154 1837 5165 ,

195 5212 287 5266 ego
312 5196 408 5250 vici
434 5193 687 5247 mundum
716 5190 899 5263 (Joan.
931 5207 1042 5257 xvi,
1067 5190 1192 5261 53);
1225 5205 1332 5245 non
1367 5190 1498 5246 levis
1523 5200 1608 5246 est
1633 5207 1773 5245 noxa

195 5288 431 5360 peccatis
461 5283 862 5341 communicare
906 5282 1123 5347 alienis,
1155 5282 1234 5337 eis
1252 5281 1352 5351 qui
1381 5284 1550 5348 sueris
1583 5281 1771 5347 Eccle-

196 5378 395 5433 siarum
422 5374 641 5431 sedibus
680 5374 990 5445 praesident,
1021 5387 1118 5441 pro
1143 5370 1468 5426 exultatione
1501 5386 1773 5425 commento

195 5468 334 5522 data:
356 5466 564 5522 ratione
583 5465 862 5536 dignitatis
890 5463 1107 5530 dignum
1146 5468 1231 5516 est
1260 5469 1319 5515 ut
1358 5446 1630 5532 ingeniosa
1662 5478 1773 5516 ma-

194 5573 313 5631 gna;
349 5555 728 5613 sollicitudinis
747 5567 877 5609 cura
903 5553 1193 5618 excubent,
1223 5561 1491 5621 quatenus
1519 5552 1777 5623 spirituaa'

196 5650 276 5705 les
308 5664 436 5705 oves
476 5647 676 5717 absque
713 5645 875 5702 ullius
916 5644 1220 5699 occasionis
1264 5644 1508 5699 molestia
1558 5654 1769 5699 sacram

194 5739 452 5797 exhibere
485 5738 729 5793 militiam
768 5737 999 5791 valeant.
1031 5734 1197 5806 Igitur
1229 5735 1527 5790 Adventius
1569 5740 1771 5791 sancta

1881 4551 2211 4609 n'tonasteria
2248 4559 2306 4607 et
2349 4551 2550 4621 praedia
2590 4552 2658 4609 ad
2699 4551 3036 4623 magnificam
3083 4555 3457 4623 pretiosissimi

1878 4640 2079 4697 Christi
2101 4639 2355 4711 martyris
2374 4655 2523 4695 aram
2546 4641 2882 4711 aspicienda,
2906 4650 3026 4713 quae
3043 4642 3174 4699 olim
3200 4645 3456 4707 distracta

1878 4730 2095 4786 fuerant
2126 4741 2249 4802 post
2289 4731 2575 4785 transitum
2606 4732 3022 4802 prmdecessoris
3058 4734 3161 4788 mei
3194 4735 3456 4807 Drogonis

1878 4821 2178 4877 recolendm
2228 4822 2501 4876 memoriae
2551 4822 2963 4892 archiepiscopi,
3009 4838 3112 4878 non
3145 4823 3316 4878 solum
3358 4841 3457 4895 per

1870 4911 2191 4971 ﬁrmitatem
2214 4912 2412 4980 regalis
2440 4911 2600 4967 edicti
2625 4927 2654 4966 a
2685 4913 3179 4981 praecellentissimo
3208 4930 3332 4987 rege
3354 4915 3456 4972 Lo-

1878 5001 2055 5058 titarlo
2079 5005 2352 5073 adeptam,
2383 5012 2569 5057 Verum
2602 5004 2764 5057 etiam
2788 5020 2851 5058 ex
2878 5006 3198 5061 auctoritate
3231 5008 3453 5079 synodi-

1876 5110 1952 5153 ca:
1981 5095 2334 5161 definitionis,
2364 5110 2484 5164 qum
2512 5095 2564 5149 in
2598 5104 2780 5150 nostra
2804 5096 2950 5160 sede,
2983 5096 3283 5166 imperante
3310 5114 3456 5154 sum-

1875 5180 1965 5241 fno
2013 5197 2067 5241 et
2114 5176 2404 5242 universali
2454 5202 2590 5256 papa
2620 5186 2860 5252 Nicolao,
2887 5189 3148 5243 canonice
3180 5190 3451 5246 celebrata

1873 5286 1980 5343 est,
2014 5278 2066 5337 in
2092 5293 2193 5332 suo
2228 5284 2398 5341 ataui.
2431 5276 2541 5352 Deo
2581 5278 2901 5343 auxiliante,
2946 5280 3308 5346 restituimus,
3360 5282 3450 5337 ubi

1874 5371 2037 5423 etiam
2070 5370 2171 5424 hoc
2198 5368 2533 5438 privilegium
2580 5385 2679 5440 per
2726 5370 2976 5425 mandata
3023 5370 3277 5427 Romana:
3305 5373 3448 5428 sedis

1872 5446 2196 5530 accepimus,
2230 5470 2288 5514 ut
2328 5459 2612 5515 facultates
2640 5476 2823 5516 rerum
2853 5461 3106 5518 Ecclesia:
3134 5472 3331 5518 nostrae
3361 5477 3448 5518 re-

1871 5551 2285 5620 integraremus,
2310 5549 2454 5605 sicut
2497 5549 2552 5605 in
2588 5549 2780 5606 eodem
2811 5552 3092 5623 priVileglo
3115 5551 3449 5618 conthtetur.‘

1871 5641 2012 5702 quod
2037 5640 2302 5697 incudem
2330 5648 2518 5695 sancta
2540 5641 2749 5711 synodo
2767 5640 2974 5712 judicio
2997 5640 3295 5711 legatorum
3322 5640 3450 5701 bea-

1874 5731 2071 5787 tissimi
2102 5745 2253 5800 papte
2281 5728 2505 5795 Nicolai,
2534 5738 2589 5785 et
2614 5742 2880 5791 consensu
2903 5730 3278 5801 episcoporum
3311 5730 3450 5789 mula

195 5843 252 5890 et
274 5829 595 5887 venerabilis
622 5829 878 5884 letensis
904 5828 1053 5882 urbis
1091 5828 1237 5883 sedis
1279 5828 1442 5891 divini
1488 5822 1845 5897 respeetusD
1874 5818 2131 5888 liplicium
2192 5818 2475 5888 regionum
2534 5828 2803 5890 multum
2862 5829 2993 5886 est;
3042 5829 3195 5891 patet
3237 5821 3448 5893 sumtis

199 5925 370 6000 gratia
400 5920 665 5993 pontifex,
700 5922 841 5976 circa
877 5919 1079 5990 vigilias
1111 5918 1279 5989 plebis
1307 5919 1607 5974 commissae
1646 5919 1763 5973 dili-

1869 5920 2097 5983 quautas
2143 5911 2379 5967 Ecclesia
2432 5920 2618 5968 nostra
2660 5912 2926 5968 scissuras
2967 5912 3272 5984 pertulerit,
3322 5928 3445 5969 cum
