3966 6334
601 362 731 419 1151

1476 380 1792 439 ADVENTII
1831 384 2176 445 METENSIS
2215 389 2524 454 EPISCOPI
2563 400 3005 463 EPITAPHIUM.

3699 433 3792 491 llﬁi

600 488 925 543 monasteria
977 492 1312 550 saecularium
1348 495 1549 554 fuerint
1583 501 1856 560 domicilia
1907 508 2168 574 virorum,
2195 509 2250 570 A
2277 511 2463 571 Betoni
2487 518 2669 576 abbati
2707 531 2764 577 et
2797 501 3207 585 successoribus
3229 530 3357 600 fsuis
3384 541 3636 608 perpetim
3667 545 3793 618 ἀίερα

600 591 735 618 nona
782 577 886 618 iam
943 582 1230 618 honr-ml:th
1262 588 1354 618 nA:
1387 591 1498 618 ..ηερ
1527 594 1829 618 ....,ι-ι.-.---
1888 599 2001 618 ,ιη
2024 617 2043 618 κ
2087 602 2139 618 n,
2319 603 2332 616 ο
2510 607 2524 618 .
2556 609 2585 618 ν.
2718 613 2731 618 -

597 591 735 647 pene
775 577 887 648 jam
942 582 1233 642 baereditas
1261 588 1357 644 Dei
1386 591 1500 646 suis
1525 594 1830 655 nudabatur
1880 599 2173 672 obsequiis,

597 667 802 726 nefaria
827 670 1210 734 distributione
1239 681 1585 752 praevalente,
1613 687 1755 744 inter
1777 706 1900 760 quae
1920 667 2177 766 direptio-

594 763 679 817 nis
707 763 988 834 dispendia
1011 770 1190 828 nobile
1219 778 1606 834 monasterium
1629 791 1829 839 nostrae
1853 786 2168 854 diteceseos,

594 853 738 922 quod
767 869 930 927 super
951 857 1170 916 ﬁuvium
1205 863 1416 923 Gorziae
1449 868 1732 928 fundatum
1757 884 1841 930 est
1868 877 1923 931 in
1967 879 2172 937 honore

590 941 872 1002 beatorum
899 951 1264 1020 apostolorum
1295 956 1439 1014 Petri
1480 969 1535 1016 et
1562 962 1734 1032 Pauli,
1784 976 1839 1022 et
1873 968 2012 1024 beati
2044 970 2169 1027 Ste-

589 1031 752 1102 phani
799 1045 1236 1115 protomartyris,
1266 1047 1353 1103 ubi
1382 1031 1879 1120 praeclarumbeati
1918 1063 2170 1133 martyris
2206 1060 2210 1064 ’

587 1122 845 1198 Gorgonii
878 1145 1073 1202 corpus
1104 1135 1382 1194 humatum
1406 1150 1639 1210 tenetur,
1668 1149 1998 1218 temporibus
2024 1122 2166 1220 prae-

587 1216 715 1273 dicti
747 1227 1112 1283 antecessoris
1132 1232 1303 1288 nostri
1341 1235 1450 1291 huc
1478 1236 1709 1309 illucque
1735 1256 1914 1296 rerum
1944 1260 2166 1302 suarum

584 1310 906 1369 scissionem
941 1321 1180 1388 pertulit,
1215 1339 1337 1380 eum
1361 1328 1610 1399 proprius
1640 1335 1951 1389 monasterii
1999 1337 2165 1394 abbas

583 1403 803 1461 nomine
847 1405 1127 1478 llaldinus,
1161 1414 1230 1470 ab
1274 1417 1377 1472 hac
1427 1418 1545 1474 luce
1594 1421 1902 1479 subtractus
1947 1436 2068 1493 est;
2110 1429 2163 1483 in

514 1559 520 1570 Ι
581 1498 815 1563 tantum,
846 1501 988 1569 quod
1042 1504 1159 1560 sine
1210 1508 1394 1565 dolore
1439 1511 1681 1583 proferre
1715 1531 1820 1572 non
1853 1533 2161 1589 possumus,

581 1595 642 1640 ut
670 1588 757 1642 vix
788 1605 1003 1648 sacrum
1033 1601 1420 1658 monachorum
1447 1620 1637 1675 agmen
1666 1608 1841 1663 victus
1863 1613 2161 1668 necessita-

582 1683 690 1731 tem
725 1678 949 1737 haberet
981 1701 993 1737 :
1025 1685 1118 1739 sed
1151 1703 1270 1744 cum
1309 1691 1423 1762 jam
1449 1693 1729 1752 laicalibus
1756 1699 2029 1756 deservire
2058 1703 2160 1758 im-

576 1770 744 1839 periis
768 1775 1082 1842 prtedictum
1120 1779 1298 1836 locum
1326 1783 1615 1842 Lotharius
1657 1804 1750 1844 rex
1781 1789 2010 1859 cens’uit,
2042 1794 2160 1850 Bui-

578 1855 676 1916 nio"
710 1865 922 1922 cuidam
949 1872 1134 1927 comiti
1161 1873 1289 1930 illud
1332 1879 1703 1948 committere;
1738 1883 1996 1953 paulatim
2027 1887 2156 1942 deﬁ-

576 1954 846 2015 cientibus
875 1961 1253 2022 alimentorum
1293 1978 1347 2023 et
1397 1979 1824 2042 tegumentorum
1875 1977 2152 2034 solamini-

567 2035 696 2114 bus,
725 2052 985 2122 regularis
1011 2057 1322 2115 observatio
1360 2063 1722 2132 minuebatur,
1754 2067 1945 2138 religio
1969 2085 2154 2124 mona-

575 2137 713 2192 stica
745 2139 1140 2210 infirmabatur,
1163 2151 1404 2207 ecclesia:
1431 2155 1574 2210 nulla
1607 2167 1830 2213 ornatus
1854 2137 2026 2230 gratia
2055 2161 2151 2218 de-

572 2227 925 2296 corabantur,
973 2233 1196 2306 ipsaque
1245 2238 1435 2296 altaria
1481 2243 1676 2312 pluviis
1719 2257 1773 2301 et
1821 2227 2152 2308 nuditatibus

569 2320 1021 2386 aspernabantur.
1049 2324 1142 2380 His
1168 2326 1614 2389 lamentationum
1643 2337 1964 2408 singultibus
1988 2341 2150 2399 laces-

475 2456 484 2465 ,
569 2409 728 2475 situs,
763 2427 884 2468 cum
914 2414 1182 2488 Propheta
1217 2421 1483 2490 ejulabam
1516 2444 1528 2480 :
1567 2426 1716 2494 Quis,
1754 2430 2022 2501 inquiens,
2053 2435 2149 2490 da-

572 2501 643 2555 bit
670 2506 827 2574 capiti
851 2523 962 2562 meo
1002 2527 1212 2582 aquam,
1238 2525 1288 2570 et
1311 2517 1474 2574 oculis
1503 2523 1630 2576 meis
1660 2523 1855 2593 fontem
1885 2526 2143 2599 ldcryma-

565 2609 702 2661 rum,
726 2607 775 2650 et
793 2600 925 2668 ﬂebo
949 2604 1196 2672 populum
1224 2624 1393 2666 meum
1410 2611 1494 2666 die
1513 2629 1574 2667 ac
1607 2625 1752 2671 nocte
1769 2618 1794 2670 ?
1811 2615 1868 2689 (J
1871 2636 1945 2673 er.
1966 2636 2042 2686 1x,
2064 2620 2142 2693 1.)

562 2683 697 2740 Nam
741 2689 864 2758 quia
897 2690 1150 2751 instantia
1182 2713 1301 2752 mea
1328 2709 1447 2755 erat
1497 2703 1800 2762 sollicitudo
1829 2712 2142 2766 monasterii

561 2779 824 2848 praedicti,
851 2785 992 2853 quod
1021 2788 1449 2857 praedecessores
1483 2795 1587 2850 mei
1618 2812 1758 2852 novo
1802 2797 2141 2858 liberalitatis

563 2865 727 2923 fundo
760 2871 1087 2943 ditaverunt,
1128 2884 1330 2936 accessi
1373 2885 1438 2939 ad
1479 2885 1926 2956 gloriosissimum
1956 2907 2138 2963 regem

562 2964 896 3037 Lotharium,
929 2979 982 3028 et
1021 2977 1282 3046 expositis
1309 2980 1606 3053 privilegiis
1638 2993 1694 3038 et
1731 2985 1991 3042 chartulis
2017 2989 2138 3058 qui-

561 3057 658 3112 bus
691 3076 846 3118 sacer
872 3063 1020 3122 locus
1047 3070 1339 3139 nitebatur,
1368 3091 1400 3130 a
1432 3084 1699 3145 potestate
1730 3079 1928 3136 illicitae
1958 3082 2134 3137 domi-

562 3149 796 3206 nationis
825 3169 1014 3212 eruere
1041 3158 1310 3228 fcstinavi,
1343 3164 1524 3236 ibique
1557 3169 1819 3240 regularis
1842 3172 2134 3227 observan-

561 3241 644 3298 tiae
664 3245 930 3312 abbatem,
962 3253 1177 3309 nomine
1207 3256 1460 3312 Betonem
1490 3263 1770 3326 constitui,
1796 3270 1854 3317 ut
1881 3265 2128 3320 monachi

557 3349 666 3390 suae
689 3337 1039 3407 professionis
1067 3361 1173 3401 non
1205 3347 1570 3418 immemores,
1601 3352 1732 3426 jugo
1760 3355 1958 3411 Christi
2002 3372 2131 3412 sua-

554 3426 776 3482 vissimo
821 3430 953 3486 colla
997 3432 1216 3492 ﬁectere
1254 3454 1361 3493 non
1399 3441 1696 3513 ignorent:
1743 3460 1938 3516 nempe
1981 3457 2132 3518 post-

553 3532 716 3588 quam
746 3520 881 3577 divae
903 3528 1293 3588 recordationis
1314 3535 1682 3602 praedecessor
1712 3553 1863 3594 meus
1883 3539 2126 3596 Chrode-

553 3625 759 3685 gangus
817 3617 1285 3693 archiepiscopus,
1333 3626 1446 3698 jam
1496 3629 1698 3686 dictum
1741 3637 2126 3692 monasterium

551 3719 690 3760 novo
749 3706 1058 3769 fundamine
1107 3716 1406 3788 instruxit;
1461 3739 1630 3795 usque
1672 3727 1739 3781 ad
1787 3728 2128 3788 detestandas

550 3795 856 3885 praelocutte
902 3803 1226 3864 calamitatis
1275 3815 1669 3883 oppressiones,
1728 3835 1758 3873 a
1793 3821 2125 3890 regularibus

553 3883 846 3946 abbatibus
864 3896 1284 3967 gubernabatur,
1324 3905 1722 3974 possidentibus
1751 3920 1804 3966 et
1845 3883 2125 3971 dominan-

555 3976 696 4033 tibus
728 3980 1090 4052 integritatem
1139 3996 1540 4065 assequentium
1589 3999 1926 4060 facultatum.
1974 4005 2121 4075 Qua-

547 4077 765 4138 propter
815 4075 962 4143 quia,
996 4079 1105 4135 Deo
1137 4098 1480 4157 cooperante,
1512 4093 1687 4162 ipsum
1715 4112 1838 4153 cum
1872 4101 2123 4158 omnibus

546 4157 614 4212 ad
657 4174 715 4215 se
760 4165 1155 4233 pertinentibus
1183 4189 1215 4229 a
1267 4177 1468 4235 ditione
1502 4157 1760 4254 improbae
1803 4191 2122 4250 vastationis

544 4246 916 4321 liberavimus,
982 4259 1320 4322 decernimus
1363 4273 1670 4330 coenobium
1721 4276 2015 4338 Gorziense
2061 4285 2117 4341 in

546 4337 772 4448 hpnore‘
797 4343 937 4400 beati
975 4347 1121 4410 Petri
1151 4357 1378 4425 apostoli
1427 4369 1483 4417 et
1528 4362 1788 4437 Stephani
1836 4337 2114 4448 martyris,

547 4428 635 4525 ubi
667 4431 905 4505 inclytus
949 4450 1159 4515 martyr
1185 4445 1487 4521 Gorgonius
1515 4428 1818 4518 admirabili
1859 4428 2116 4525 virtutum
2159 4509 2162 4516 .

539 4518 696 4579 laude
724 4539 992 4598 coruscat,
1048 4538 1368 4608 regulariter
1395 4549 1704 4619 gubernari,
1737 4555 2021 4631 ipsumque
2048 4577 2114 4618 ac

539 4613 816 4680 pristinam
851 4623 1090 4681 omnium
1139 4644 1321 4689 rerum
1371 4652 1588 4696 suarum
1634 4613 2106 4719 reintegrationem

2159 3251 2203 3314 (ἶ
2235 3274 2482 3332 verentia
2514 3278 2609 3335 Dei
2653 3291 2710 3336 et

2280 603 2457 662 nimus
2473 607 2859 681 obtinendum;
2883 631 2947 672 ea
2970 618 3200 685 ratione,
3222 603 3442 692 quando
3469 603 3603 685 viam
3633 603 3793 694 univer-

2276 697 2456 755 sitatis
2500 701 2696 772 aliquis
2741 707 2956 776 abierit,
3007 721 3192 769 noster
3236 717 3485 776 vassalus
3534 734 3620 779 aut
3659 728 3791 800 aliqua

2272 805 2526 860 persona,
2551 795 2644 863 qui
2672 795 2937 856 beneﬁcia
2971 803 3037 858 de
3067 805 3230 862 rebus
3264 811 3587 879 supradictis
3623 795 3788 892 habent,

2273 879 2372 935 ﬁlii
2417 897 2604 940 eorum
2634 894 2689 941 et
2719 891 3010 963 propinqui
3036 909 3145 951 non
3173 897 3458 957 obtineant
3479 919 3562 970 ea,
3585 879 3791 968 omnium:

2273 970 2357 1025 dis
2403 972 2796 1045 interdicimus,
2828 982 2923 1036 sed
2973 985 3180 1057 absque
3227 1005 3402 1058 mora,
3441 995 3636 1067 absque
3676 1002 3789 1062 ullius

2271 1064 2720 1134 contradictione,
2749 1071 2817 1125 ad
2842 1071 3100 1129 Betonem
3125 1078 3376 1136 abbatem
3394 1124 3411 1146 ,
3434 1065 3497 1140 {et
3525 1064 3587 1140 ad
3628 1106 3788 1148 sacres.

2271 1170 2425 1212 sores
2449 1158 2586 1229 ejus,
2619 1175 2685 1216 ac
2704 1162 2772 1216 ad
2794 1168 3092 1223 monachos
3115 1171 3204 1239 qui
3231 1171 3436 1230 ibidem
3461 1177 3568 1233 Deo
3589 1181 3787 1251 militant,

2270 1250 2598 1307 redeant.-Si
2625 1269 2755 1310 vero
2784 1257 3002 1314 interim
3031 1260 3183 1318 locus
3204 1269 3473 1335 evenerit,
3498 1280 3555 1326 ut
3576 1274 3633 1328 de
3652 1288 3787 1333 nostra

2269 1339 2678 1411 indominicato,
2708 1352 2814 1402 aut"
2849 1350 2916 1404 de
2956 1351 3116 1408 rebus
3161 1370 3294 1424 quas
3322 1359 3505 1416 adhuc
3547 1365 3682 1420 multi
3721 1385 3787 1438 per

2268 1443 2518 1489 nostrum
2547 1435 2866 1494 beneﬁcium
2896 1445 3153 1513 retinent,
3186 1461 3546 1520 commutare,
3583 1471 3786 1526 oportune

2265 1529 2556 1597 possimus,
2603 1531 2852 1589 dabimus
2881 1535 2949 1590 de
2998 1547 3201 1604 nostro,
3249 1552 3309 1597 ut
3360 1547 3626 1604 restitutio
3659 1555 3784 1608 sancti

2266 1617 2414 1673 Petri
2443 1634 2624 1675 rerum
2667 1621 2872 1694 integra
2918 1639 3228 1695 perseveret
3272 1651 3285 1685 ε
3333 1637 3606 1703 precarlas
3653 1653 3784 1696 autem

2268 1721 2320 1766 et
2367 1715 2817 1772 commutationes
2872 1720 3151 1789 provideat
3204 1725 3505 1792 praedictus
3533 1729 3678 1785 abbas
3699 1747 3784 1786 cum

2258 1799 2553 1865 monachis
2582 1811 2682 1866 sibi
2727 1815 3050 1882 commissis,
3089 1802 3156 1873 ut
3191 1820 3336 1890 quod
3367 1823 3501 1878 utile
3523 1823 3784 1892 judicaverit

2185 1873 2444 1955 Bfaciat.
2491 1900 2738 1972 Capellas
2765 1905 3013 1961 villarum
3062 1918 3117 1964 et
3164 1873 3414 1967 dotalitia
3466 1915 3519 1968 in
3563 1919 3781 1987 antiquum

2261 1999 2459 2048 statum
2488 1994 2862 2063 reformamus,
2899 2010 2957 2054 nt
2991 2003 3132 2058 sicut
3161 2003 3262 2060 fuit
3308 2010 3634 2079 temporibus
3660 2014 3782 2068 Theo-

2256 2081 2660 2154 mari'ejusdem
2681 2088 2785 2144 loci
2816 2090 3050 2160 abbatis,
3077 2095 3148 2148 ita
3177 2102 3591 2157 necessrtatibus
3608 2105 3779 2160 fratrum

2255 2176 2530 2233 deservire
2579 2179 2758 2236 faciat.
2814 2182 3043 2238 Familia
3076 2201 3206 2242 vero
3235 2187 3483 2257 ejusdem
3538 2197 3729 2250 caambii
3757 2215 3775 2251 λ

2260 2268 2542 2325 servitutis
2572 2271 2746 2327 obicio
2771 2289 2879 2344 quo
2904 2275 3007 2332 fuit
3033 2277 3226 2347 priscis
3267 2285 3619 2351 temporibus,
3660 2288 3701 2341 in
3733 2304 3776 2342 eo

2249 2369 2585 2428 permaneat.
2608 2361 2690 2418 Ad
2718 2364 2964 2420 ultimum
2995 2383 3124 2425 vero
3154 2371 3437 2429 humiliter
3470 2389 3770 2448 pemptamus,

2249 2457 2309 2503 ut
2329 2451 2516 2507 eodem
2543 2453 2763 2510 honoris
2786 2456 3070 2530 privilegio
3089 2459 3239 2517 locus
3266 2468 3672 2532 prmnominalus
3693 2487 3773 2540 per-

2247 2553 2474 2612 severet,
2508 2562 2630 2602 cum
2653 2550 2903 2608 omnibus
2937 2557 3267 2626 appenditiis
3293 2561 3434 2628 suis,
3457 2577 3562 2633 quo
3588 2567 3770 2621 contine-

2247 2643 2336 2689 tur
2364 2635 2418 2690 in
2454 2636 2687 2696 decretis
2713 2645 3171 2712 praedecessorum
3198 2666 3482 2720 meorum;
3515 2657 3684 2726 praedia
3706 2657 3770 2710 vil-

2244 2723 2418 2782 larum
2444 2743 2565 2799 qua:
2603 2744 2914 2803 comparata
2964 2747 3120 2802 sunt,
3169 2741 3254 2795 vel
3297 2758 3328 2796 a
3381 2723 3636 2802 nobilibus
3674 2748 3767 2802 viris

2243 2819 2439 2876 donata
2488 2832 2614 2879 sunt
2654 2825 2746 2910 vel
2799 2837 2988 2896 erunt,
3040 2821 3228 2889 usibus
3275 2844 3334 2890 et
3386 2837 3767 2910 dispositionibus

2241 2912 2452 2971 abbatis
2477 2925 2533 2971 et
2558 2903 2947 2976 monachorum
2990 2923 3381 2994 perpetualiter
3424 2903 3706 2998 subdantur,
3725 2943 3766 2987 ut

2240 3005 2538 3074 spiritualia
2594 3017 2649 3064 et
2701 3013 3015 3082 temporalia
3070 3015 3305 3072 habeant
3359 3021 3683 3087 sufﬁcienter,
3725 3032 3766 3078 ut

2238 3093 2348 3150 Deo
2372 3097 2424 3150 in
2453 3109 2771 3169 perpetuum
2798 3092 3066 3171 placeant.
3102 3107 3160 3163 Si
3189 3126 3316 3166 vero
3346 3113 3490 3184 ipse,
3515 3125 3599 3171 aut
3617 3117 3762 3187 aliquis

2237 3200 2611 3244 successorum
2635 3184 2919 3260 meorum,
2966 3212 3087 3252 cum
3119 3199 3300 3257 divino
3349 3205 3567 3268 intuitu,
3595 3223 3674 3277 pro
3697 3223 3759 3262 re-

2754 3286 3059 3342 sanctorum
3091 3295 3416 3360 patrociniis
3464 3298 3514 3350 in
3558 3299 3759 3368 praedicto

2233 3365 2352 3422 loco
2373 3367 2581 3434 locatis,
2612 3380 2666 3426 et
2699 3375 2893 3430 animae
2915 3385 3114 3435 nostrae
3141 3381 3389 3438 remedio
3419 3385 3473 3439 in
3501 3365 3756 3456 perpetuum

2232 3460 2559 3515 manendum
2589 3476 2891 3534 censemus,
2923 3469 3405 3541 irritum‘duxerit,
3438 3487 3529 3532 aut
3553 3479 3601 3532 in
3624 3478 3754 3548 aliqua

2229 3561 2383 3621 parte
2410 3551 2785 3624 inﬁrmaverit,
2814 3558 2951 3614 sciat
2979 3576 3036 3616 se
3073 3563 3373 3620 terribilem
3399 3568 3645 3624 rationem
3665 3569 3752 3622 red-

2229 3644 2466 3701 diturum
2516 3647 2571 3702 in
2625 3649 2712 3704 die
2759 3654 3020 3709 tremendi
3076 3659 3346 3715 examinis
3399 3677 3498 3732 pro
3542 3662 3752 3734 sacrilego

2229 3750 2380 3803 ausu,
2413 3753 2535 3793 cum
2578 3739 2833 3799 Dominus
2860 3745 3191 3816 iustissimus
3221 3751 3397 3820 judex
3444 3756 3510 3811 ad
3557 3757 3751 3827 judicano

2227 3824 2353 3880 dum
2376 3829 2604 3895 venerit,
2633 3842 2687 3886 et
2723 3833 2937 3905 dignam
2977 3838 3264 3911 unicuique
3304 3843 3458 3900 facto
3501 3824 3737 3902 reinunera

2227 3917 2427 3974 tionem
2452 3922 2715 3980 attulerit.
2747 3923 2817 3980 Ut
2849 3937 3026 3984 autem
3056 3930 3156 3986 hoc
3186 3933 3466 3993 ﬁrmitatis
3491 3948 3666 3994 nostra
3686 3938 3752 3992 de-

2224 4015 2433 4063 cretum
2459 4021 2719 4082 perpetuo
2745 4022 2984 4088 tempore
3005 4030 3269 4089 servetur,
3295 4035 3352 4079 et
3382 4043 3412 4081 a
3439 4027 3579 4082 nullo
3602 4027 3748 4082 immu-

2224 4106 2391 4165 tetur,
2435 4116 2627 4158 manus
2677 4105 2908 4175 propria:
2951 4111 3347 4182 conscriptione
3395 4115 3747 4171 immutabilitcr

2184 4239 2188 4243 .
2222 4190 2546 4247 censuimus.
2580 4191 2878 4253 Adventius
2914 4210 3113 4256 sanottc
3155 4202 3745 4263 MediomatricensisEe

2220 4279 2399 4338 clesite
2425 4284 2729 4356 episcopus,
2763 4288 2920 4357 hujus
2949 4291 3444 4356 ecclesiasticarum
3485 4314 3644 4354 rerum
3667 4297 3739 4368 pri-

2219 4374 2399 4446 vilegii
2426 4378 2822 4436 restitutionem
2851 4398 3012 4438 manu
3039 4387 3252 4457 propria
3279 4388 3514 4458 firmavi,
3546 4407 3603 4446 ac
3624 4389 3741 4445 robo-

2218 4467 2446 4523 randum
2467 4471 2708 4525 omnium
2731 4487 3106 4530 successorum
3134 4492 3381 4534 meorum
3404 4496 3502 4552 per
3517 4479 3738 4536 Christum

2217 4561 2468 4618 manibus
2515 4578 2684 4620 exoro
2726 4574 2784 4621 et
2823 4565 3098 4624 humiliter
3124 4584 3379 4640 exposco.
3412 4572 3523 4628 Hoc
3549 4587 3668 4626 anno
3690 4571 3739 4623 ab

2215 4653 2588 4710 lncarnatione
2615 4655 2827 4712 Domini
2853 4657 2957 4714 875
2988 4659 3277 4717 indictione
3305 4664 3367 4718 ll
3401 4673 3579 4736 epacta
3605 4663 3678 4718 28.

559 4765 3734 4844 ...η-,Ἠ

1733 5134 1772 5178 Δ
1813 5135 2157 5184 εεΜετιΡεο

1561 4934 2214 5022 EPITAPHIUM
2258 4947 2756 5031 ADVENTII

2201 5141 2569 5188 EXARATUM.

1467 5280 1698 5344 (Histoire
1717 5281 1956 5340 litteram
1975 5291 2038 5342 de
2055 5291 2108 5343 la
2127 5292 2337 5356 France,
2361 5302 2480 5348 tom.
2502 5295 2568 5359 ν,
2584 5308 2694 5360 pag.
2711 5297 2844 5363 151.)

527 5525 722 5586 Tristis
747 5544 902 5601 origo
923 5530 1174 5601 hominis,
1204 5539 1300 5596 sed
1327 5541 1533 5598 tristior
1557 5543 1746 5602 ultima
1775 5561 1894 5605 sors
1915 5561 2018 5608 est.

593 5617 777 5676 Invida
808 5635 956 5678 mors
983 5625 1175 5694 repetit
1210 5632 1351 5700 quod
1381 5647 1476 5689 sua
1502 5634 1626 5705 jura
1660 5637 1874 5696 debent.

525 5707 737 5766 Divitiis
764 5709 972 5781 pollens
999 5713 1244 5785 nimium,
1276 5719 1416 5776 hanc
1444 5722 1696 5784 formidet
1725 5743 1944 5801 egenus.

594 5799 639 5858 0
666 5817 801 5886 puer
825 5814 991 5877 atque
1024 5823 1206 5879 senex,
1234 5814 1427 5870 mortis
1454 5831 1637 5878 amara
1669 5799 1800 5880 cave
1825 5844 1838 5881 :

2195 5549 2523 5621 lmpavidus,
2563 5555 2810 5626 pavidus,
2841 5559 3016 5626 fortis,
3049 5565 3364 5631 perterritus
3389 5567 3515 5638 ipse.

2265 5642 2381 5700 Huc
2407 5657 2637 5717 pereunt
2660 5651 2840 5706 cuncti
2872 5661 3019 5708 sorte
3043 5655 3144 5712 sub
3170 5657 3419 5714 occidua!

2198 5736 2297 5794 Hic
2321 5754 2422 5810 ego
2450 5741 2605 5796 vanis
2627 5744 2900 5814 quondam
2933 5755 3082 5803 ostro
3113 5761 3353 5822 comptus
3375 5762 3429 5808 et
3450 5767 3592 5820 auro,

2269 5832 2671 5906 Fortunamque
2695 5838 2908 5895 avidam
2943 5843 3192 5911 experior
3224 5847 3440 5900 tumulo.
