3966 6334
186 405 323 463 1155

181 517 490 576 Innumeras
513 520 781 578 concessit
809 535 941 593 opes
967 522 1096 580 milii
1123 525 1372 582 conditor
1400 527 1583 592 orbis;

241 609 484 683 Sumpsit
512 611 666 684 inops
693 613 955 679 modicas,
981 631 1184 687 pauper
1213 627 1270 672 et
1291 617 1538 687 exiguas.

179 698 427 759 l‘rzesulis
471 702 728 772 oliicium,
758 709 956 777 populo
981 707 1341 775 acclamante,
1373 708 1575 780 recepi.

243 789 460 848 Semina
499 792 747 851 distribui
781 795 1000 867 parcius
1025 798 1166 852 alma
1188 797 1358 870 gregi.

179 884 446 944 Ecclesias
474 887 676 945 Christi
703 891 852 946 cultu
877 894 1179 950 venerabar
1206 893 1474 951 honesto:

239 975 452 1034 Peccati
482 979 838 1040 ltiuc.vcniam
868 977 1126 1040 caelicolas
1146 983 1446 1041 obtineant.

173 1069 424 1126 Carmina
453 1071 576 1128 lteta
601 1072 728 1130 olim
751 1075 948 1137 cecini.
969 1091 1114 1133 nunc
1146 1076 1320 1134 tristia
1345 1079 1512 1151 tinge,

243 1163 471 1223 Funeris
489 1169 775 1240 exsequias
801 1184 954 1226 musa
976 1180 1197 1227 venusta
1225 1181 1402 1242 parat.

1097 407 1451 467 ιιΑΠωιΜ
1489 409 1815 469 EPISTULA
1858 411 1946 468 Dl-Z
1981 410 2520 470 CYNOCEI‘IIALIS.

3309 413 3439 468 lli)".

1775 533 1825 590 Α
1855 521 2082 581 Francia
2111 539 2198 582 me
2226 526 2431 598 genuit,
2471 523 2688 598 genitor
2717 524 2934 582 nomine
2964 524 3132 583 Saxo.

1923 615 2198 673 Oromatis
2223 617 2394 673 merui
2430 630 2627 673 nomen
2654 615 2860 673 habere
2896 631 3118 674 novum.

1860 710 1955 768 Dic
1986 712 2229 783 relegens
2259 728 2275 768 τ
2309 713 2569 783 Requiem
2599 722 2785 768 teneat
2809 711 3110 769 Adventius
3153 711 3372 780 almam,
3415 733 3418 738 -

1925 801 2059 859 Cum
2085 817 2246 876 grege
2271 803 2562 861 canditlulo
2589 818 2754 875 regna
2784 803 2938 860 beata
2967 813 3176 875 petens.
3415 807 3420 812 ’

1857 895 1971 953 Rex
1999 896 2124 953 caeli
2155 897 2452 953 adveniens
2479 896 2758 969 plasmatis
2788 897 3010 953 reddere
3041 896 3224 968 digna,

1929 987 1986 1042 In
2016 987 2354 1058 paradisiaco
2379 989 2623 1058 gramine
2653 988 2828 1060 pande
2855 988 3019 1043 viam.

1856 1081 2096 1138 Obsecro
2122 1097 2221 1153 per
2254 1082 2459 1138 trinum
2489 1083 2803 1151 Dominum,
2839 1092 3115 1140 contestor
3151 1089 3206 1139 ct
3245 1096 3438 1149 unum,

1849 1179 1855 1187 '
1926 1173 2184 1231 Mauseoli
2207 1183 2420 1246 septum
2447 1174 2595 1230 nulla
2625 1190 2819 1231 manus
2848 1174 3028 1230 violet.

174 1325 3434 1354 m—m

171 1433 582 1515 (Opusculum
629 1434 1030 1519 subsequens,
1077 1458 1192 1500 suo
1236 1440 1380 1522 loco
1437 1442 1762 1522 omissum,
1814 1441 2032 1504 seriem
2073 1420 2316 1522 claudit
2359 1441 2634 1522 Operam
2669 1441 2996 1504 Ratramm'
3050 1442 3438 1506 Corbet'msi:

1009 1519 1316 1593 monachi,
1348 1538 1482 1600 qut:
1522 1521 1702 1583 habes
1735 1539 1934 1602 supra
1963 1522 2031 1582 in
2065 1520 2180 1582 hoc
2220 1519 2580 1602 volumine.)

175 1689 3433 1724 Mm

1269 1831 2305 1946 RATBAMNI

1423 2040 1830 2086 CORBEIENSIS
1868 2043 2155 2088 MONACHI

605 2186 1374 2320 EPISTOLA
1487 2191 1685 2316 DE
1777 2183 2989 2320 CYNOCEPHALIS

961 2427 1071 2488 AD
1112 2427 1591 2490 RIMBERTUM
1633 2426 2218 2489 PRESBYTERUM
2263 2426 2620 2491 SCRIPTA.

1180 2569 1344 2633 (Apud
1365 2549 1641 2633 Oudinum,
1663 2571 1728 2622 de
1755 2572 1932 2634 Script.
1959 2569 2142 2623 eceles.
2176 2578 2293 2624 tom.
2317 2572 2412 2634 II.)

231 2833 436 2889 Divina:
473 2838 659 2903 gratiae
703 2829 1018 2885 muneribus
1065 2828 1366 2894 honorato,
1415 2827 1740 2898 plurimum-
1770 2835 1818 2895 Β
1845 2829 2008 2884 ritate
2035 2827 2197 2884 nobis
2219 2827 2456 2895 directa),
2493 2827 2618 2884 dum
2649 2838 2899 2884 naturam
2944 2830 3159 2887 illorum
3201 2829 3429 2904 diligen-

155 2941 263 2997 qne
287 2925 338 2978 in
361 2922 576 2978 Christo
596 2920 864 2992 diligendo
886 2919 1171 2976 Rmnsnro
1194 2917 1487 2974 venerabili
1517 2920 1741 2990 presby-

155 3027 297 3080 tero,
327 3015 661 3070 RATRAIINUS
686 3011 1074 3087 sempiternam
1098 3011 1154 3066 in
1183 3011 1410 3067 Domino
1433 3009 1562 3066 Jesu
1583 3010 1740 3066 Chri-

153 3119 243 3164 sto
266 3106 518 3176 salutem.
545 3097 556 3107 ’

227 3197 381 3264 Quod
425 3205 625 3252 nostrae
662 3197 941 3266 petitionis
984 3210 1257 3253 memores
1286 3195 1486 3262 eﬂ'eeti,
1518 3195 1737 3266 scripsi-

151 3292 253 3349 sris
290 3287 446 3345 nobis
484 3286 573 3342 illa
599 3304 719 3358 qua:
746 3288 812 3344 de
837 3287 1334 3359 Cenocephalorum
1365 3300 1391 3328 ι
1424 3296 1618 3342 natura
1645 3302 1738 3358 po-

149 3381 334 3437 tuistis
358 3395 702 3452 cognoscere,
730 3396 835 3436 non
865 3382 1074 3437 modice
1102 3396 1189 3436 me
1222 3379 1558 3436 laetiﬁcastis.
1581 3379 1737 3447 Quod

148 3487 285 3529 vero
316 3471 384 3526 ad
431 3486 496 3526 ea
534 3487 652 3540 qua:
699 3471 1014 3542 postulastis
1065 3471 1288 3526 minime
1340 3473 1732 3542 rescripserim,

149 3562 412 3621 noverttis
452 3561 793 3632 negligentia:
834 3573 1048 3632 torpore
1082 3577 1424 3632 nequaquam
1460 3563 1564 3616 hoc
1601 3577 1733 3616 eon-

149 3657 359 3728 tigisse,
392 3671 581 3710 verum
612 3655 737 3723 quia
763 3653 1021 3709 delatoris
1057 3653 1347 3723 prtesentia
1393 3667 1500 3708 non
1541 3651 1735 3707 all'ece-

149 3756 255 3808 rat,
297 3760 617 3816 suspensum
663 3744 849 3800 fuisse.
885 3743 1039 3798 Nunc
1071 3754 1250 3799 autem
1282 3745 1537 3800 veniente
1564 3744 1736 3800 fratre

151 3841 444 3898 Sarwardo
490 3842 556 3896 ad
603 3856 703 3895 nos
746 3849 802 3894 et
845 3839 913 3894 ad
961 3854 1055 3894 vos
1091 3849 1388 3904 remeante,
1421 3840 1545 3894 data
1572 3855 1733 3895 occa-

148 3933 323 4000 sione,
358 3932 572 3990 sollieiti
618 3932 837 3996 luimus,
874 3930 1110 3986 breviter
1144 3929 1394 3984 intimare
1431 3945 1552 4000 quae
1581 3931 1735 3985 nobis

148 4022 473 4078 videbantur
499 4035 662 4090 super
695 4019 1044 4089 inquisitione
1079 4027 1280 4075 vestra.
1312 4018 1565 4087 Quaeritis
1589 4020 1734 4074 enim

147 4112 282 4182 quid
332 4113 398 4166 de
445 4111 835 4182 Cenocephalis
881 4111 1106 4166 credere
1151 4109 1391 4166 debeatis
1418 4151 1434 4177 ,
1483 4110 1734 4166 videlicet

1847 2923 1952 2978 tius
1995 2921 2389 2994 signiﬁcarunt,
2432 2922 2688 2977 nonnulla
2721 2923 3003 2979 docuerint
3032 2941 3152 2996 quae
3183 2926 3431 2980 humanae

1844 3013 2042 3068 rationi
2078 3013 2256 3084 potius
2296 3028 2458 3082 quam
2499 3013 2711 3068 bestiali
2751 3014 3092 3070 sensibilitati
3137 3017 3431 3071 convenire

1841 3104 2131 3160 videntur:
2164 3104 2377 3161 scilicet
2413 3105 2556 3174 quod
2605 3105 2884 3160 societatis
2910 3107 3152 3176 quaedam
3177 3108 3298 3177 jura
3333 3123 3428 3161 cu-

1841 3199 2116 3264 stodiant,
2163 3200 2304 3270 quod
2363 3198 2614 3254 villarum
2675 3198 3005 3254 cohabitatio
3065 3200 3424 3263 testiﬁcatur;

1841 3291 1984 3360 quod
2015 3291 2130 3362 agri
2157 3290 2423 3346 culturam
2463 3299 2741 3356 exercent,
2780 3291 2922 3359 quod
2950 3299 3005 3344 et
3033 3289 3246 3360 frugum
3286 3304 3431 3345 mes-

1840 3383 1993 3439 sione
2019 3383 2321 3454 colligitur;
2363 3384 2507 3453 quod
2547 3383 2779 3437 verenda
2813 3398 2918 3436 non
2949 3382 3247 3436 bestiarum
3277 3396 3430 3436 more

1841 3477 2113 3546 detegant,
2160 3475 2253 3529 sed
2296 3475 2530 3529 humana
2569 3474 2748 3528 velent
2797 3473 3144 3538 verecundia,
3191 3488 3310 3542 qua:
3343 3487 3432 3528 res

1839 3565 2065 3635 pudoris
2091 3573 2174 3620 est
2200 3565 2490 3629 indicium;
2527 3564 2672 3634 quod
2695 3564 2750 3617 in
2779 3579 2876 3618 usu
2905 3562 3180 3634 tegminis,
3216 3578 3322 3617 non
3345 3577 3432 3617 so-

1844 3656 1952 3712 lum
1991 3657 2180 3728 pelles,
2213 3672 2403 3713 verum
2430 3658 2594 3712 etiam
2617 3665 2676 3712 et
2706 3664 2884 3712 vestes
2916 3671 3010 3711 eos
3054 3656 3256 3710 habere
3304 3654 3433 3709 scri-
3460 3711 3462 3714 ,

1841 3750 2026 3818 psistis
2055 3768 2067 3802 :
2098 3751 2212 3804 hare
2239 3748 2384 3804 enim
2432 3748 2614 3805 omnia
2662 3747 2983 3802 rationalem
3034 3734 3433 3816 quodam-modo

1841 3841 2123 3910 testiﬁcari
2172 3841 2427 3898 videntur
2468 3841 2549 3897 eis
2594 3841 2773 3897 inesse
2822 3841 3080 3895 animam.
3134 3838 3266 3893 Nam
3308 3853 3432 3893 cum

1841 3935 2055 3990 dicatur
2078 3933 2275 3991 civitas
2301 3949 2424 3990 esse
2452 3942 2629 3989 cretus
2653 3932 2936 3988 hominum
2965 3932 3152 3988 eodem
3191 3929 3293 3985 sub
3309 3929 3432 4000 jure

1840 4025 2049 4097 pariter
2087 4026 2419 4098 degentium,
2453 4025 2652 4095 istique
2677 4023 2839 4079 simul
2863 4021 3180 4079 cohabitare
3209 4036 3308 4092 per
3334 4019 3432 4075 vil‘

1841 4117 2017 4172 larum
2043 4117 2402 4173 contubernia
2433 4116 2703 4181 dicantur,
2731 4114 2970 4170 civitatis
3005 4112 3286 4168 distinctio
3313 4110 3434 4165 tali-

149 4213 335 4260 utrum
365 4205 431 4260 de
472 4204 603 4258 Adae
649 4203 760 4258 sint
799 4203 970 4274 stirpe
1011 4203 1302 4274 progeniti,
1334 4218 1405 4258 an
1438 4203 1732 4260 bestiarum
1763 4206 1808 4269 C
1838 4205 1941 4262 bus
1964 4207 2255 4264 convenire
2278 4221 2384 4260 non
2412 4205 2510 4260 abs
2538 4221 2599 4260 re
2620 4204 2881 4260 creditur.
2925 4202 3207 4274 Siquidem
3233 4210 3289 4256 et
3313 4201 3423 4256 col-

148 4295 353 4352 habent
377 4296 588 4351 animas
614 4310 628 4349 :
657 4311 779 4366 quae
803 4295 1032 4367 quaastio
1055 4296 1434 4366 compendiose
1457 4298 1532 4352 ita
1559 4305 1738 4368 potest

147 4390 524 4446 determinari.
579 4387 638 4444 Si
687 4389 966 4446 hominum
1013 4390 1199 4460 generi
1252 4388 1544 4458 deputandi
1575 4399 1734 4456 sunt,

147 4479 284 4537 nulli
329 4479 554 4534 dubium
595 4479 757 4535 debet
796 4471 984 4534 videri
1011 4479 1158 4549 quod
1204 4479 1368 4550 primi
1407 4479 1642 4534 hominis
1670 4479 1737 4535 de

145 4573 444 4648 propagine
481 4572 881 4628 descenderint.
925 4571 1112 4642 Neque
1139 4573 1286 4627 enim
1317 4571 1400 4627 fas
1427 4581 1512 4628 est
1542 4571 1736 4626 huma-

149 4682 280 4723 nam
319 4665 466 4722 credi
516 4664 734 4720 aliunde
771 4665 963 4721 deduci
990 4665 1254 4736 originem
1284 4679 1448 4735 quam
1480 4664 1642 4736 primi
1672 4664 1738 4719 de

148 4758 398 4832 parentis
417 4756 745 4814 substantia.
771 4747 1008 4824 Quodsi
1046 4757 1262 4813 bestiali
1303 4756 1487 4828 generi
1531 4772 1737 4812 connu-

150 4857 460 4915 merantur,
507 4847 727 4904 nomine
771 4855 985 4902 tantum
1031 4846 1363 4912 hominibus,
1407 4861 1517 4902 non
1543 4855 1738 4902 natura

151 4943 578 5000 communicant.
618 4939 765 4995 Inter
803 4941 920 4996 haec
959 4939 1240 4996 sciendum
1264 4953 1396 4995 vero
1423 4937 1470 4994 si
1497 4938 1738 4995 contenti

151 5033 420 5090 fuerimus
458 5031 711 5103 opinione
757 5039 1088 5096 nostrorum,
1119 5029 1372 5086 videlicet
1408 5029 1740 5086 ecclesiasti-

151 5139 343 5182 corum
389 5123 692 5190 doctorum,
738 5121 883 5178 inter
929 5121 1132 5178 bestias
1177 5121 1358 5193 potius
1397 5137 1562 5192 quam
1599 5121 1742 5176 inter

151 5216 404 5274 homines
439 5213 731 5288 deputandi
771 5222 918 5281 sunt,
962 5213 1227 5286 siquidem
1255 5221 1312 5269 et
1339 5211 1515 5268 forma
1545 5213 1740 5284 capitis

152 5323 212 5370 et
233 5313 463 5370 latratus
484 5327 708 5378 canum,
737 5326 845 5368 non
867 5309 1178 5367 hominibus
1199 5310 1293 5366 sed
1318 5309 1510 5366 bestiis
1537 5307 1742 5365 similes

153 5409 412 5466 ostendit.
461 5407 755 5465 Hominum
801 5407 1034 5477 denique
1069 5413 1157 5461 est
1198 5403 1741 5475 rotundumyertice

155 5502 353 5560 ctelum
387 5502 648 5572 aspicere,
679 5515 876 5557 canunt
900 5515 1028 5556 vero
1060 5497 1292 5570 oblongo
1320 5497 1499 5569 capite
1530 5504 1737 5554 rostro-

1841 4298 2075 4354 lectione
2104 4312 2200 4352 sua
2231 4295 2635 4352 multitudinem
2677 4294 2906 4357 faciunt,
2947 4301 3003 4347 et
3043 4292 3252 4362 pariter
3279 4288 3433 4345 habi-

1843 4403 1961 4449 tare
1998 4389 2214 4446 nonnisi
2259 4389 2359 4443 sub
2389 4387 2620 4458 alicujus
2645 4387 2769 4458 jure
2796 4385 3123 4443 conditionis
3158 4390 3428 4454 poterant.

1844 4482 1950 4539 Ubi
1999 4495 2128 4536 vero
2169 4477 2260 4548 jus
2305 4477 2523 4549 aliquod
2577 4487 2850 4543 servatur,
2903 4492 3171 4534 consensu
3216 4491 3432 4548 quoque

1843 4576 2151 4628 animorum
2180 4585 2286 4624 una
2313 4571 2646 4626 continetur.
2679 4567 2866 4640 Neque
2888 4569 2980 4640 jus
3005 4567 3226 4640 aliquod
3254 4575 3433 4638 potest

1843 4678 1983 4730 esse,
2043 4662 2188 4732 quod
2237 4674 2538 4716 consensus
2586 4660 2893 4716 communis
2945 4674 3052 4715 non
3101 4657 3429 4714 decreverit.

1837 4755 2044 4833 .Verum
2096 4754 2264 4812 talem
2309 4762 2510 4828 praater
2564 4754 2890 4811 moralitatis
2937 4752 3279 4824 disciplinam
3334 4765 3435 4805 nec

1842 4847 2120 4914 constitui,
2164 4863 2269 4904 nec
2313 4847 2577 4904 custodiri
2616 4845 2910 4918 aliquando
2931 4843 3125 4916 potuit.
3149 4841 3269 4898 lam
3301 4856 3432 4898 vero

1842 4956 2003 5012 agros
2044 4939 2246 5006 colere,
2291 4947 2495 4995 terram
2536 4937 2911 5010 proscindere,
2940 4942 3240 4991 sementem
3265 4931 3433 4989 rurali

1843 5031 2017 5088 fenori
2046 5031 2399 5098 concredere,
2439 5029 2575 5086 artis
2610 5029 2861 5101 peritiam
2907 5027 3264 5084 demonstrat.
3302 5023 3434 5092 Quae

1844 5141 1934 5182 res
1971 5125 2078 5182 nisi
2123 5125 2335 5182 ratione
2382 5123 2625 5196 praeditis
2678 5123 3098 5194 haudquaquam
3127 5119 3310 5176 favere
3337 5133 3431 5174 co-

1844 5218 2146 5290 gnoscitur.
2197 5218 2413 5275 Etenim
2464 5217 2692 5273 rationis
2741 5223 2828 5272 est
2879 5228 3103 5270 causam
3151 5211 3432 5283 requirere

1843 5309 2179 5381 singularum
2230 5309 2524 5373 actionum,
2569 5307 2661 5364 ubi
2697 5321 2860 5362 causa
2892 5323 2906 5360 :
2934 5298 3062 5376 quae
3086 5319 3175 5359 res
3200 5301 3434 5374 pingues

1841 5401 2047 5460 efﬁciat
2077 5410 2274 5469 terras,
2305 5416 2426 5472 qua:
2454 5415 2623 5459 causa
2658 5398 2920 5456 sementis
2963 5397 3266 5452 ubertatem
3300 5404 3435 5463 pro-

1844 5494 2036 5560 ducat;
2073 5509 2302 5566 quarum
2345 5491 2463 5548 sine
2505 5489 2733 5548 scientia
2776 5487 3108 5562 agricultura
3157 5496 3434 5554 nunquam

157 5611 262 5665 que
305 5593 537 5649 deducto
563 5602 765 5650 terram
795 5591 1018 5648 intueri.
1052 5589 1120 5645 Et
1147 5589 1396 5646 homines
1423 5587 1736 5660 loquuntur,
1766 5581 1820 5642 D
1843 5585 2005 5660 digne
2041 5587 2245 5658 poterit
2281 5583 2546 5642 exerceri.
2573 5581 2745 5640 Porro
2779 5588 3090 5654 tegumenta
3125 5591 3287 5631 nosse
3313 5587 3437 5665 con-

155 5701 318 5744 canes
349 5698 475 5742 vere
514 5685 732 5742 latrant.
769 5686 968 5744 Verum
997 5698 1104 5755 quo
1132 5682 1326 5739 litterae
1349 5697 1381 5737 a
1407 5689 1587 5738 vestra
1609 5680 1740 5736 cha-
1767 5731 1778 5742 ,

231 5865 257 5903 ⁸
294 5861 384 5918 Sic
412 5877 541 5917 mss.
573 5859 788 5931 ubique.

1845 5675 2029 5741 licere,
2060 5677 2144 5732 vel
2177 5677 2336 5748 pelle,
2363 5674 2449 5730 vel
2479 5674 2602 5730 lana
2629 5673 2867 5746 linoque,
2896 5669 3134 5728 studium
3164 5673 3248 5722 est
3271 5662 3438 5721 ratio-
