3966 6334
615 290 743 346 1135

1139 287 1489 343 RATRAMNI
1532 283 1972 343 CORBEIENSIS
2014 280 2314 340 MONACHI
2357 282 2577 338 EPIST.
2624 281 2710 337 DE
2751 279 3302 339 CYNOCEPHALIS.
3682 285 3774 338 ltiti

605 405 744 461 nalis
781 403 993 458 animae.
1027 402 1138 456 Nisi
1167 404 1310 456 enim
1338 403 1569 457 artiﬁcio
1589 403 1822 471 quodam
1852 401 1965 455 haec
1991 397 2174 469 parari
2200 396 2528 464 Agantihus
2572 398 2702 449 vero
2727 394 2832 464 qui
2851 394 2992 448 inter
3038 395 3154 449 haec
3197 401 3438 464 portenta
3484 403 3772 460 numerantur,

606 513 712 553 non
745 505 1072 568 possunt...6t
1101 496 1242 552 artis
1265 495 1490 556 scientia
1529 495 1744 562 nou-nisi
1777 494 2026 559 rationali
2052 506 2184 560 eone
2213 553 2224 568 ,

607 588 815 644 ceditur
863 589 1074 650 anime.
1121 586 1191 649 At
1227 586 1484 655 pudenda
1530 585 1718 649 velari,
1761 586 2062 648 honestatis
2099 596 2188 644 est

608 679 842 751 signum,
874 677 1036 746 quod
1089 691 1206 744 non
1246 676 1505 745 quaeritur
1554 676 1659 744 nisi
1687 676 1773 746 ab
1807 677 2002 744 .animo
2039 677 2187 742 inter

607 777 763 836 turpe
790 766 1174 834 ethonestum.
1223 766 1455 834 habente
1497 755 1862 836 distinctionis
1900 765 2181 835 judicium.

605 859 936 932 Erubespere
961 873 1196 927 namque
1224 874 1384 914 nemo
1412 868 1589 928 potest
1611 861 1677 914 de
1701 860 2052 930 turpitudine,
2069 861 2186 931 nisi

605 949 691 1003 cui
719 949 946 1019 contigit
966 949 1213 1017 quaedam
1244 950 1543 1006 honestatis
1567 951 1824 1034 cognitio.
1852 951 1979 1018 ﬂare
2005 960 2184 1034 autem

605 1039 786 1114 omnia
831 1040 1108 1095 rationalis
1156 1041 1350 1096 animae
1397 1056 1518 1096 esse
1569 1042 1822 1113 propria,
1871 1057 2030 1112 nemo
2080 1043 2185 1114 nisi

607 1132 814 1186 ratione
861 1145 1056 1200 carens
1106 1134 1343 1204 negabit.
1401 1133 1545 1189 Inter
1587 1135 1870 1192 honestum
1898 1125 2188 1207 'turpeque

607 1222 952 1286 discernere,
1001 1223 1241 1291 artisque
1308 1224 1533 1277 scientia
1589 1224 1811 1292 pollere,
1858 1222 1982 1290 jura
2034 1225 2186 1294 pacis

605 1313 1015 1383 Concordiaeque
1039 1315 1296 1378 condere,
1332 1330 1431 1369 nec
1460 1315 1575 1370 sine
1599 1314 1805 1382 judicio
1833 1317 2058 1370 rationis
2088 1332 2186 1371 nec

603 1416 800 1480 printer
825 1421 1052 1479 acumen
1076 1407 1300 1477 ingenii,
1329 1406 1449 1479 fieri
1482 1414 1724 1480 possunt.
1748 1405 1864 1474 Qua
1886 1407 1952 1460 de
1980 1422 2038 1461 re
2063 1423 2185 1462 cum
2213 1473 2215 1476 ι

606 1495 732 1550 talia
771 1497 950 1550 dicitis
989 1497 1130 1564 apud
1176 1496 1577 1564 Cenocephalos
1618 1496 1810 1560 videri,
1864 1498 2186 1558 rationalem

603 1587 683 1642 eis
715 1588 888 1642 inesse
917 1599 1152 1641 mentem
1185 1589 1358 1656 reipsa
1390 1588 1771 1642 testiﬁcamini.
1804 1587 1976 1643 Homo
2001 1604 2128 1643 vero
2155 1605 2184 1642 a

604 1677 791 1732 bestiis
818 1678 1028 1732 ratione
1059 1678 1430 1731 tantummodo
1464 1677 1810 1732 discernitur.
1852 1677 2004 1744 Quae,
2043 1679 2185 1747 quod

2290 490 2536 562 homines
2578 489 2746 546 fuisse
2779 490 2860 546 de.
2891 489 3200 554 hominibus
3245 499 3399 543 natos
3440 488 3693 544 nemofere
3720 493 3777 563 qui

2290 580 2492 635 dubitet
2519 621 2540 645 ,
2563 581 2998 652 quandoquidem
3037 580 3340 638 divinarum
3374 579 3660 648 auctoritate
3684 578 3778 633 litte-

2290 689 2472 742 rarum
2491 713 2512 740 ι
2541 675 2658 738 hoc__
2691 674 2860 746 astrui
2891 689 2996 726 non
3028 673 3356 742 ignoremus.
3399 663 3588 737 Quibus

2289 765 2430 835 phali
2480 766 2604 819 dum
2638 773 3098 834 connumerantur
3125 802 3139 825 ,
3192 761 3294 826 hoc
3339 761 3497 816 etiam
3544 760 3672 814 etde
3704 763 3781 834 istis

2289 855 2630 930 sentiendtup
2661 868 2783 920 esse
2814 862 3051 930 putatur,
3077 853 3310 908 maxime
3340 853 3386 905 si
3414 851 3497 904 illa
3523 853 3782 930 constiterint

2289 961 2409 1016 quze
2437 948 2502 1002 de
2529 956 2717 1020 saneto
2748 947 3139 1020 Qhristopboro
3167 946 3416 1021 leguntur
3440 984 3454 1007 ,
3482 952 3536 998 ut
3565 960 3664 1014 qua:
3687 945 3780 998 latin

2290 1042 2356 1095 de
2400 1041 2478 1095 eis
2528 1041 2764 1120 vulgaris
2814 1039 3238 1114 dispe.rgi_t..Nec
3273 1048 3449 1112 tamen
3500 1039 3588 1092 ista
3612 1039 3782 1104 dimittes

2290 1133 2371 1186 vel
2397 1115 2730 1208 sentientes,
2761 1133 3108 1204 consequitur
3151 1141 3212 1186 ut
3239 1131 3498 1208 quidquid
3537 1132 3594 1186 de
3633 1133 3782 1186 homine

2291 1232 2638 1292 procreatur,
2673 1219 2942 1278 hominem
2984 1237 3196 1291 quoque
3238 1237 3360 1275 esse
3391 1213 3703 1290 humanaeque
3730 1240 3782 1275 ra-

2291 1314 2451 1368 tionis
2475 1313 2703 1383 'inge‘nio
2741 1314 3043 1382 praeditum.
3082 1313 3242 1366 Verbi
3273 1311 3468 1381 gratia,
3498 1325 3606 1364 cum
3642 1311 3782 1380 legatur

2292 1403 2488 1458 vitulus
2518 1419 2588 1458 ex
2616 1404 2837 1458 muliere
2867 1412 3202 1478 procreatus,
3231 1413 3325 1456 aut
3360 1417 3575 1472 serpens
3595 1402 3730 1457 editus
3743 1407 3782 1458 tle

2290 1493 2507 1554 femina.
2551 1495 2780 1550 Proinde
2826 1503 3205 1563 tamenncque
3248 1493 3509 1557 vitulum,
3553 1509 3693 1562 neque
3713 1510 3783 1546 ser-

2291 1597 2508 1655 pentum
2555 1587 2742 1650 ilium,
2799 1588 3088 1640 humanam
3138 1586 3372 1639 animam
3423 1585 3502 1638 vel
3552 1588 3784 1639 rationalem

2293 1679 2548 1733 habuisse
2593 1681 2980 1734 consenserim.
3034 1678 3406 1733 Monstruosus
3452 1693 3640 1748 quoque
3661 1689 3784 1748 partus

608 1768 823 1821 videtur
854 1769 1030 1822 inesse
1065 1767 1148 1820 his
1175 1768 1240 1822 de
1265 1768 1460 1835 quibus
1495 1767 1785 1836 loquimur,
1815 1768 2062 1835 homines
2091 1784 2184 1837 po-
2215 1780 2266 1854 Β
2291 1769 2380 1824 ille
2411 1779 2652 1840 tempore
2701 1771 2842 1841 regis
2882 1770 3172 1824 Alexandri
3201 1771 3268 1825 de
3310 1771 3532 1824 muliere
3574 1770 3783 1839 profusus,

605 1857 708 1911 tius
737 1873 896 1926 quam
930 1859 1116 1917 bestia
1142 1859 1431 1926 deputandi
1463 1859 1738 1913 videntur.

675 1947 808 2003 Huic
859 1941 1221 2018 intelligentiae
1261 1964 1364 2001 non
1408 1964 1594 2018 parum
1645 1948 1927 2018 suffragari
1978 1949 2187 2002 videtur

601 2041 809 2096 libellus
876 2042 942 2095 de
1007 2040 1267 2110 martyrio
1322 2041 1492 2094 sancti
1544 2039 1912 2108 Christophori
1985 2041 2182 2095 editus.

604 2133 1066 2200 Quemadmodum
1113 2142 1293 2186 autem
1331 2134 1382 2186 in
1431 2148 1495 2187 eo
1523 2132 1732 2203 legitur,
1765 2133 1869 2188 hoc
1896 2133 1962 2188 de
1989 2148 2190 2203 genere

602 2227 880 2282 hominum
922 2224 1086 2279 fuisse
1115 2225 1459 2294 cognoscitqu
1479 2264 1493 2289 ,
1515 2225 1675 2294 cujus
1705 2225 1811 2296 vita
1849 2234 2011 2296 atque
2038 2240 2186 2294 mar:
2215 2291 2217 2294 ι

602 2317 800 2386 tyrium
861 2315 1024 2369 claris
1082 2315 1370 2368 admodum
1422 2315 1711 2368 virtutibus
1757 2315 2184 2370 commendatur.

601 2404 736 2460 Nam
765 2413 820 2461 et
867 2405 1118 2475 baptismi
1145 2413 1545 2470 sacramentum
1581 2405 1837 2464 divinitus
1876 2405 2024 2464 illum
2056 2421 2189 2466 (30.n-

601 2497 844 2554 secutum
893 2497 1078 2562 fuisse,
1110 2496 1266 2552 nubis
1313 2497 1616 2552 ministerio
1646 2514 1768 2552 eum
1801 2499 2184 2567 perfundentc,

600 2590 739 2644 sicut
782 2587 991 2643 libellus
1032 2589 1146 2657 ipse
1180 2598 1430 2655 testatur,
1461 2589 1721 2643 creditur.
1769 2583 1938 2644 Fama
1971 2606 2187 2660 quoque

598 2679 882 2748 vulgante,
933 2677 1084 2748 plura
1137 2677 1386 2732 feruntur
1412 2693 1532 2748 qua:
1577 2679 1879 2748 huiusmodi
1912 2669 2188 2734 hominum

599 2786 766 2850 genus
816 2771 1043 2826 rationis
1073 2787 1292 2840 compos
1324 2771 1599 2827 insinuare
1647 2773 1913 2828 videntur.
1947 2773 2185 2834 Isidorus

599 2877 812 2936 quoque
841 2878 962 2916 cum
1003 2862 1067 2916 de
1103 2872 1476 2932 portentorum
1505 2879 1572 2918 ex
1603 2863 1842 2918 humano
1869 2879 2069 2934 genere
2098 2867 2186 2920 de-

600 2951 863 3022 ﬂuxorum
901 2953 1160 3008 varietate
1215 2953 1522 3023 loqueretur
1549 2954 1603 3007 in
1646 2953 1799 3008 libris
1824 2950 2189 3024 Etymologiae

598 3041 737 3122 ium,
774 3044 915 3097 inter
946 3042 1150 3112 reliqua
1181 3043 1258 3096 sic
1284 3043 1360 3097 ait
1395 3061 1406 3097 :
1446 3061 1463 3094 ι
1502 3041 1653 3098 Sicut
1679 3052 1857 3098 autem
1887 3046 1940 3114 in.
1964 3043 2187 3115 singulis

2259 1858 2445 1927 cuius
2492 1860 2737 1929 superior
2783 1875 2908 1929 pars
2937 1860 3208 1914 hominem
3256 1860 3594 1929 prolerehat,
3633 1861 3786 1913 inferior

2291 1965 2416 2003 vero
2469 1952 2764 2004 bestiarum
2819 1950 3017 2007 formas
3075 1954 3417 2009 diversarum
3476 1954 3785 2021 viventiutuque

2287 2041 2588 2108 protulerit.
2633 2041 2740 2096 Nec
2789 2051 2964 2096 tamen
3001 2045 3198 2098 bestias
3247 2045 3410 2108 illas,
3459 2044 3575 2098 licet
3621 2046 3784 2098 ιιιιιιιειιεο

2291 2136 2497 2189 semine
2540 2146 2853 2204 procreatas
2881 2177 2894 2200 ,
2945 2139 3268 2194 rationalem
3306 2140 3560 2194 habuisse
3587 2141 3783 2200 animam,

2290 2226 2392 2293 nisi
2432 2227 2904 2296 I'ationi8.expers.
2935 2244 3170 2299 ιηιςιυαιη
3201 2238 3332 2299 puto
3382 2230 3626 2299 praebebit
3661 2246 3783 2282 assen-

2291 2333 2428 2371 sum.
2463 2318 2575 2384 Qna
2609 2320 2672 2373 de
2703 2335 2760 2373 re
2799 2336 2897 2373 nec
2927 2322 3024 2374 hos
3062 2324 3126 2376 de
3149 2324 3342 2392 quibus
3382 2339 3469 2376 res
3495 2323 3677 2393 agitur,
3706 2340 3784 2392 pra-

2291 2419 2474 2477 pterea
2515 2409 2639 2478 quia
2689 2410 2950 2466 duxerant.
2981 2412 3243 2482 originem
3286 2428 3351 2467 ex
3409 2413 3783 2475 hominibus,mS

2291 2499 2544 2552 continuo
2587 2498 2830 2552 rationali
2864 2499 3062 2567 pollere
3094 2509 3272 2555 mente
3291 2501 3607 2555 crediderim
3629 2542 3638 2562 ,
3663 2502 3695 2553 si
3717 2515 3782 2552 non

2293 2587 2374 2640 vel
2403 2601 2463 2640 ca
2495 2602 2614 2655 quae
2640 2589 2963 2656 scripsistis,
2994 2589 3080 2641 vel
3109 2605 3228 2658 quae
3268 2589 3519 2660 leguntur
3541 2599 3590 2644 et
3615 2588 3783 2642 feruntur

2292 2676 2358 2730 de
2381 2676 2446 2729 iis
2475 2675 2598 2728 talia
2620 2717 2632 2737 ,
2663 2677 2930 2744 quomodo
2954 2678 3232 2743 sentirem,
3267 2685 3561 2732 moverent.
3598 2677 3784 2731 Nuncau‘

2294 2776 2398 2822 tem
2431 2777 2572 2820 tanta
2611 2777 2824 2838 tamque
2853 2768 3007 2822 fortia
3039 2769 3292 2822 videntur
3318 2786 3442 2824 esse
3471 2787 3579 2840 qua:
3597 2785 3719 2840 super
3734 2770 3784 2822 his

2293 2859 2543 2911 dicuntur
2567 2899 2580 2922 ,
2614 2857 2676 2911 ut
2696 2855 2778 2911 his
2811 2857 2890 2912 vel
2918 2858 3075 2912 tidem
3111 2875 3214 2914 non
3238 2861 3496 2915 adhibere
3519 2901 3532 2924 ,
3553 2860 3624 2915 vel
3643 2867 3786 2912 contra-

2293 2947 2471 3002 dicere
2498 2947 2632 3002 vcllc
2657 2988 2670 3011 ,
2720 2948 3020 3016 pervicacia
3054 2951 3229 3019 potius
3276 2950 3521 3004 videatur
3561 2965 3658 3004 esse
3677 2965 3785 3018 quam

2292 3041 2595 3110 prudentia.
2622 3037 2842 3093 Accedit
2883 3040 2947 3094 ad
2977 3040 3093 3094 haec
3117 3081 3132 3105 ,
3161 3041 3302 3109 quod
3326 3042 3528 3111 scripta
3573 3048 3710 3095 vestra
3739 3047 3784 3091 ιιι-

599 3131 846 3204 gentibus
898 3133 1142 3202 quaedam
1197 3142 1323 3187 sunt
1367 3143 1606 3188 monstra
1655 3133 1931 3188 hominum
1954 3175 1967 3200 ,
2015 3135 2087 3188 ita
2138 3135 2190 3188 in
2221 3133 2264 3194 C
2298 3138 2528 3193 stantur,
2560 3129 2972 3187 domesticorum
3004 3144 3162 3188 omne
3187 3145 3360 3200 genus
3390 3131 3785 3198 animaliumque

601 3222 853 3276 universo
906 3239 1105 3293 genere
1163 3224 1398 3278 humano
1468 3225 1713 3294 quaedam
1773 3235 2010 3279 monStra
2067 3227 2191 3281 sunt

597 3313 857 3386 gentium,
888 3323 946 3368 ut
974 3314 1252 3386 Gigantes,
1282 3315 1663 3386 Cenocephali,
1691 3317 1968 3388 CycIOpes,
2000 3327 2054 3372 et
2087 3335 2189 3374 cae—

505 3423 508 3426 ·
600 3409 730 3456 tera.
771 3422 789 3454 ι
819 3402 934 3459 Hoc
962 3403 1147 3459 dicens
1176 3403 1459 3461 manifeste
1499 3407 1731 3477 signavit
1769 3409 1910 3478 quod
1954 3407 2190 3464 Cenoce-é

598 3495 787 3566 phalos
814 3509 878 3548 ex
908 3496 1068 3566 primi
1094 3497 1329 3552 hominis
1354 3499 1647 3572 propagine
1678 3500 1940 3570 originem
1969 3498 2190 3571 duxisse

600 3584 765 3640 fuerit
807 3586 1076 3656 opinatus.
1112 3587 1246 3640 Nam
1272 3589 1411 3643 sicut
1442 3591 1493 3644 in
1520 3591 1745 3661 singulis
1767 3592 2018 3662 gentibus
2041 3609 2190 3663 quae-

594 3665 724 3733 .dam
767 3685 955 3732 contra
1002 3677 1172 3750 legem
1221 3690 1429 3735 natura:
1482 3681 1732 3736 videntur
1779 3685 2089 3752 procreari,
2133 3689 2192 3738 ut

596 3769 863 3840 bicipites,
895 3772 1107 3825 trimani
1129 3812 1143 3836 ,
1176 3771 1518 3842 pumiliones,
1551 3774 2006 3846 hermaphroditie
2031 3816 2045 3840 ,
2075 3775 2187 3846 sive

595 3860 954 3932 'androgynm,
1013 3861 1096 3914 vel
1140 3860 1243 3915 alia
1291 3845 1727 3935 perpluragqua:
1770 3873 1945 3921 tamen
2000 3875 2190 3920 contra

598 3959 802 4004 natura:
839 3951 1008 4022 legem
1042 3967 1148 4006 non
1181 3953 1355 4019 fiunt,
1403 3955 1494 4009 sed
1544 3955 1762 4027 propria
1794 3958 2188 4026 quodaimuodo

594 4033 947 4108 dispositione
1005 4045 1346 4111 proveniunt,
1387 4046 1649 4116 siquidem
1698 4047 1782 4101 lex
1829 4031 2034 4103 naturae
2097 4049 2187 4103 Di-

599 4131 840 4185 vinitatis
871 4140 952 4186 est
997 4133 1291 4202 dispositio.
1334 4135 1426 4189 Sic
1455 4153 1669 4206 quoque
1701 4139 1941 4193 universi
1977 4141 2189 4208 generis

599 4223 819 4295 humani
861 4221 1035 4278 ordini
1089 4225 1321 4279 naturali
1371 4227 1619 4280 videntur
1667 4236 2058 4283 monstruosam
2104 4231 2186 4283 in-

598 4310 737 4366 ferre
764 4313 1191 4384 procreationem
1213 4315 1322 4381 illa,
1347 4332 1467 4386 quae
1490 4318 1737 4388 superius
1765 4329 2186 4374 commemorata

596 4412 742 4480 sunt,
775 4403 1076 4480 hominum,
1110 4408 1415 4476 prodigiosa
1443 4419 1713 4479 portenta,
1744 4410 1826 4464 vel
1857 4411 1958 4464 alia
2005 4413 2182 4487 plura,

596 4586 804 4652 caudae,
834 4602 1063 4657 quorum
1097 4589 1213 4643 aliis
1241 4589 1492 4644 cubitalis
1517 4590 1715 4645 dicitur
1769 4592 1946 4648 inesse
1976 4604 2183 4649 statura

595 4678 856 4746 corporis,
893 4679 1013 4733 aliis
1048 4679 1352 4752 plantarum
1384 4685 1667 4738 conversio
1698 4695 1815 4756 post
1844 4694 2106 4752 crura,'et
2130 4689 2184 4742 in

595 4768 791 4840 plantis
836 4769 1012 4826 octoni
1061 4773 1210 4842 digiti
1241 4790 1252 4825 τ
1286 4773 1589 4844 Hippodes,
1617 4759 1708 4843 qui
1753 4777 2043 4830 humanam
2077 4778 2184 4833 for-

594 4873 739 4914 mam
771 4859 995 4932 pedibus
1023 4863 1249 4918 miscent
1282 4861 1496 4935 equinis
1522 4882 1535 4930 ;
1573 4865 1823 4920 Macrobii
1854 4910 1866 4932 ,
1891 4869 2180 4926 humanam

595 4959 854 5008 staturam
885 4969 1018 5024 pene
1055 4955 1211 5025 duplo
1237 4967 1571 5026 superantes;
1598 4975 1834 5029 gensque
1857 4961 2178 5018 feminarum

595 5041 650 5092 in
679 5042 823 5096 ludia
867 5046 1056 5114 quinto
1100 5063 1239 5102 anno
1287 5049 1598 5120 concipiens
1625 5093 1637 5116 ,
1677 5062 1730 5105 ct
1766 5061 2014 5117 octavum
2058 5057 2179 5111 vitae

599 5145 797 5206 annum
846 5147 950 5216 non
979 5141 1241 5194 excedens
1268 5183 1281 5204 ,
1313 5152 1366 5194 et
1395 5141 1493 5194 alia
1537 5144 1813 5214 complura
1849 5127 2062 5217 fatoque
2086 5127 2175 5203 "in?

595 5225 884 5280 credibilia.
921 5229 988 5284 Et
1017 5234 1270 5301 quamvis
1293 5234 1531 5311 ferantur
1575 5237 1675 5291 ista
1711 5255 1774 5292 ex
1827 5240 2058 5300 humano
2088 5260 2178 5314 ge-

587 5323 724 5392 nere
752 5318 968 5390 duxisse
993 5326 1252 5396 originem
1286 5339 1390 5380 non
1421 5337 1595 5383 tamen
1631 5347 1751 5384 mox
1781 5348 1950 5402 neque
1979 5340 2177 5390 temere

596 5417 840 5472 humines
892 5421 1096 5475 ratione
1137 5424 1387 5494 praelitos
1422 5441 1538 5478 esse
1589 5425 1932 5479 ﬁrmandum.
1981 5425 2053 5477 De
2086 5427 2175 5480 Gi—

2294 3221 2496 3274 nostris
2541 3221 2592 3274 in
2646 3220 2952 3290 regionibus
2997 3221 3298 3287 habentur,
3327 3223 3474 3293 apud
3518 3221 3620 3277 illos
3643 3221 3782 3275 haberi.

2293 3313 2405 3368 Hoc
2434 3329 2562 3369 vero
2589 3314 2702 3367 ﬁeri
2735 3328 2892 3384 posse
2915 3354 2928 3379 ,
2964 3314 3005 3368 si
3035 3313 3313 3370 beStialem
3340 3323 3399 3370 et
3429 3331 3527 3371 non
3555 3311 3782 3368 rationalem

2293 3407 2529 3459 animam
2569 3405 2852 3471 haberent,
2885 3422 3224 3476 nequaquam
3266 3388 3448 3462 video.
3481 3404 3709 3476 Siquidem
3726 3404 3784 3455 bo-

2295 3498 2424 3552 mini
2457 3495 2708 3552 animalia
2745 3505 2901 3552 terrre
2943 3498 3106 3553 fuisse
3135 3497 3399 3552 divinitus
3421 3498 3650 3568 subjeCta,
3676 3492 3785 3548 Gene-

2293 3606 2415 3645 seos
2441 3589 2674 3644 lectione
2694 3589 3092 3660 cognoscimus.
3123 3587 3189 3644 Ut
3222 3603 3354 3644 vero
3396 3589 3570 3644 bestize
3591 3584 3782 3639 alterius!

2292 3697 2348 3737 se
2376 3681 2592 3754 generis
2621 3681 2912 3736 animantia
2933 3722 2947 3745 ,
2977 3689 3031 3736 et
3067 3681 3298 3734 maxime
3328 3678 3600 3735 domestici
3623 3673 3783 3748 generis

2292 3783 2516 3838 curent,
2545 3783 2598 3828 et
2620 3773 2698 3827 eis
2720 3772 3051 3842 diligentiam
3074 3772 3369 3827 adhibeant
3393 3813 3408 3837 ,
3440 3772 3634 3840 suisque
3653 3770 3784 3835 cogant

2294 3866 2536 3937 imperiis
2561 3864 2838 3934 subjacere
2866 3875 2921 3920 et
2947 3865 3130 3919 usibus
3157 3879 3349 3934 parere
3376 3907 3391 3931 ,
3429 3866 3560 3920 sicut
3585 3877 3664 3916 nec
3689 3857 3784 3912 audi-

2296 3969 2404 4013 tum
2428 3998 2441 4022 ,
2467 3958 2540 4012 ita
2569 3961 2667 4011 nec
2693 3956 2958 4011 creditum
2988 3966 3352 4026 cognoscuur.
3381 3955 3450 4009 At
3487 3969 3601 4009 vero
3623 3951 3782 4006 Ceuoce

2291 4049 2456 4120 phali,
2478 4066 2599 4104 cum
2631 4049 3046 4104 domesticorum
3071 4047 3388 4102 animalium
3415 4044 3782 4118 dicunturhabere

2295 4141 2692 4195 multitudinem
2713 4181 2726 4205 ,
2752 4139 2828 4194 eis
2860 4140 3078 4193 minime
3100 4140 3352 4193 convenit
3379 4137 3603 4193 bestialis
3627 4134 3778 4187 feritas.

2292 4249 2516 4303 quorum
2565 4231 2814 4286 animalia
2870 4232 3163 4287 domestica
3219 4231 3442 4285 lenitate
3492 4223 3779 4282 mansuetiunt-

2292 4324 2415 4380 Haac
2456 4335 2579 4380 sunt
2624 4339 2741 4394 quae
2786 4324 2852 4378 de
2893 4323 3280 4394 Cenocephaiis
3308 4325 3541 4381 arbitror
3563 4315 3777 4375 sentiendi.

2291 4413 2557 4470 Caeterum
2592 4431 2658 4466 an
2690 4422 2744 4468 et
2773 4413 2892 4469 aliis
2919 4413 3006 4468 sic
3036 4415 3237 4468 sentire
3286 4413 3571 4482 placuerit,
3598 4425 3650 4462 an
3688 4420 3709 4459 ε
3731 4402 3779 4455 ἀῑο

505 4532 516 4541 ρ
596 4510 714 4565 qua:
744 4495 958 4569 longum
1015 4505 1096 4552 est
1153 4511 1601 4566 commemorare,
1649 4509 1704 4556 ut
1743 4501 1961 4572 Pigmaei
1987 4544 2000 4567 ,
2034 4504 2187 4557 Anti-
2221 4489 2266 4547 D
2292 4524 2448 4561 verso
2472 4547 2486 4572 ,
2521 4522 2627 4560 non
2658 4505 2761 4560 erit
2808 4505 2980 4560 nostri
3011 4504 3221 4573 judicii.
3259 4505 3332 4560 De
3381 4505 3512 4560 libro
3551 4516 3656 4557 vero
3687 4491 3778 4552 beati

2289 4598 2578 4654 Clementis
2608 4598 2749 4668 quod
2776 4598 3150 4668 interrogastis
3171 4640 3184 4661 ,
3215 4611 3319 4653 non
3352 4599 3491 4653 inter
3513 4597 3668 4651 doctos
3685 4590 3780 4643 vim!

2288 4689 2458 4759 plena:
2499 4690 2836 4744 auctoritatis
2861 4690 3112 4758 habetur,
3146 4692 3394 4759 quamvis
3421 4705 3520 4744 non
3558 4693 3781 4755 usQnequI-

2289 4797 2390 4852 que
2443 4780 2772 4852 repudietur.
2831 4779 3104 4852 Leguntur
3149 4783 3293 4854 enim
3348 4779 3578 4858 quaedam
3618 4769 3660 4829 in
3694 4770 3777 4828 illo.

2291 4884 2476 4930 nostro
2503 4914 2518 4937 ,
2544 4875 2608 4928 id"
2628 4881 2712 4927 cst
2738 4873 3106 4928 ecclesiaStico
3126 4915 3140 4939 ,
3173 4874 3409 4944 dogmati
3439 4859 3532 4927 non
3555 4874 3781 4937 usquequa-

2288 4984 2391 5036 que
2439 4966 2835 5036 respondentia.
2872 4965 3072 5020 Verum
3102 4977 3222 5040 quae
3251 4953 3317 5042 de
3347 4965 3506 5036 gestis
3535 4958 3658 5015 Pauli
3694 4968 3778 5042 ape

2289 5061 2408 5117 stoli
2464 5060 2772 5114 scribuntur
2808 5059 2858 5130 in
2911 5058 3036 5125 illo,
3077 5041 3445 5128 recipiuntur,
3495 5065 3545 5110 ut
3569 5061 3668 5123 pote
3689 5041 3775 5101 nihil

2289 5155 2428 5226 quod
2464 5153 2722 5208 doctrina:
2748 5149 3072 5229 Christianae
3106 5151 3190 5206 vel
3223 5151 3545 5228 centradicat
3576 5145 3644 5200 vel
3672 5153 3775 5207 repit-

2287 5252 2434 5316 gnet,
2466 5245 2793 5302 continente.
2830 5243 3022 5298 Valere
3049 5243 3435 5298 beatitudinem
3461 5247 3658 5296 vestram
3681 5244 3775 5316 St?an

2287 5312 2381 5408 per
2413 5339 2462 5391 in
2493 5337 2707 5392 Christo
2755 5337 3053 5408 gaudemus
3073 5377 3089 5403 ,
3133 5344 3192 5402 et,
3229 5344 3288 5391 ut
3317 5344 3527 5402 ‘memor
3569 5329 3633 5383 sis
3659 5312 3774 5377 nostri

2287 5431 2658 5500 til'[)l't'.t.‘illllill'.
2809 5431 2811 5435 ’

1856 5645 1880 5648 _
1945 5632 2314 5665 ..__m,,,
2331 5635 2348 5639 -»
2367 5637 2524 5660 -,,,,,,.
