3920 6224
1330 505 1502 550 ANNO
1553 506 1782 549 DOMINI
1834 504 2248 550 DCCCLXVIII.-

637 662 2926 888 RATRAMNUS

1184 981 1797 1050 CORBEIENSIS
1846 983 2369 1051 MONACIIUS.

778 1259 1219 1333 NOTITIA
1276 1259 1868 1335 HISTORICA
1927 1263 2034 1336 IN
2094 1263 2801 1338 RATBAMNUM.

1054 1406 1319 1474 (Fabric.,
1353 1406 1617 1463 Biblioth.
1654 1409 1805 1463 med.
1842 1413 1898 1463 et
1926 1408 2028 1464 inf.
2064 1409 2205 1479 Lat.,
2237 1413 2376 1465 tom.
2410 1412 2521 1479 II.)

123 1626 403 1677 Berlramus
436 1618 497 1672 in
524 1618 884 1692 seditionibus
941 1618 1221 1687 Sigeberti
1251 1619 1713 1692 Comblacensis,
1755 1624 1797 1676 Α
1830 1621 2165 1691 prmfatione
2212 1622 2415 1675 Leonis
2471 1622 2658 1687 Judze,
2726 1622 3024 1692 iutepretis

76 1712 166 1763 cap.
194 1696 273 1755 95,
305 1699 354 1744 et
387 1691 539 1763 apud
580 1689 1114 1763 Tritliemiumicap.
1143 1691 1290 1763 274,
1313 1691 1389 1763 _de
1437 1691 1491 1763 S.
1540 1692 1624 1757 E.,
1659 1698 1715 1744 et

80 1760 149 1817 liti.
176 1780 227 1828 ιι,
259 1779 374 1831 cap.
406 1762 497 1826 48,
533 1762 603 1814 de
624 1760 943 1832 illustribus
974 1760 1375 1827 Benedictinis,
1405 1762 1664 1832 aliosque
1699 1778 1712 1815 ε

79 1835 292 1887 etiamin
324 1832 526 1902 primis
569 1831 918 1884 editionibus
967 1832 1098 1884 libri
1148 1834 1216 1884 de
1278 1833 1448 1885 Caena
1490 1831 1717 1885 Domini

86 1909 338 1958 Birtramus
372 1919 385 1955 :
414 1903 513 1957 sed
546 1902 698 1955 idem
730 1902 938 1955 rectius
966 1905 1297 1957 Ratramnus
1320 1904 1714 1971 appellandus,

86 1994 162 2045 quo
206 1974 426 2027 nomine
480 1973 638 2026 venit
689 1973 1254 2045 apudAnonymnm
1308 1973 1718 2045 Cellotianum;

87 2043 425 2106 Hadoardum,
500 2060 584 2109 III,
645 2046 728 2110 15,
802 2043 1190 2109 Hincmarum,
1226 2044 1293 2097 de
1344 2044 1720 2097 Prmdestiua-

86 2118 215 2183 tione,
242 2132 357 2182 cap.
395 2118 446 2179 5,
490 2119 637 2167 tom.
676 2115 715 2175 I,
748 2129 877 2184 pag.
914 2117 998 2177 26,
1036 2120 1092 2167 et
1112 2120 1306 2168 contra
1339 2116 1719 2169 Gottheschal-

88 2203 191 2251 cum,
242 2203 365 2256 pag.
424 2186 551 2247 413,
618 2186 744 2252 438,
802 2186 937 2251 45ος
993 2186 1213 2254 Lupum
1272 2186 1716 2251 Ferrariensem,

89 2260 323 2326 1*pist.79;
372 2258 748 2325 Anonymum
795 2256 1195 2321 Mellicensem,
1250 2273 1373 2326 cap.
1421 2258 1520 2320 46;
1576 2262 1631 2309 et
1660 2257 1719 2310 in

89 2328 308 2395 Sigeberti
346 2326 639 2381 codicibus
672 2343 803 2379 mss.
838 2327 1227 2381 Gemblacensi
1275 2333 1329 2381 et
1378 2327 1547 2380 Vallis
1576 2327 1719 2379 Viri-

90 2400 159 2461 de,
184 2414 271 2451 nec
298 2414 411 2451 non
454 2397 515 2450 in
568 2397 870 2468 Codicibus
917 2397 1193 2450 librorum
1247 2414 1391 2468 quos
1420 2399 1539 2467 ipse
1571 2414 1722 2451 com-

90 2470 243 2535 posuit,
264 2468 385 2522 aliis
417 2473 595 2536 atque
629 2467 997 2521 editionlbns.
1047 2467 1383 2522 Monachum
1414 2469 1719 2522 Corbeien-

93 2556 170 2591 sem
225 2539 432 2593 ordinis
500 2538 853 2591 Benedictini
916 2538 1109 2604 fuisse,
1180 2540 1487 2593 Hincmaro
1555 2545 1719 2605 teste,

87 2610 291 2663 convenit
328 2626 341 2663 :
367 2610 608 2689 Callum
640 2609 891 2689 natione,
929 2609 1176 2689 suspicio
1196 2616 1312 2689 est,
1348 2626 1450 2689 nec
1480 2611 1721 2689 dubium

90 2687 144 2731 est
164 2682 519 2749 praepositum
546 2680 785 2749 gessisse
825 2680 1069 2733 ccenobii
1116 2680 1451 2734 Orbacensis
1495 2681 1555 2734 in
1586 2681 1721 2735 diu:-

92 2751 162 2801 cesi
208 2751 383 2804 Galliae
443 2750 865 2805 Suessionensi.
924 2751 1118 2804 Jussus
1176 2768 1207 2803 a
1271 2752 1470 2804 Carolo
1530 2753 1718 2817 Calvo,

90 2820 227 2874 Gallia:
250 2822 316 2875 ab
343 2838 499 2875 anno
539 2823 642 2875 840
662 2836 815 2890 rege,
842 2825 898 2874 et
922 2821 993 2874 ab
1013 2837 1165 2875 anno
1195 2825 1317 2887 875,
1338 2825 1405 2875 25
1432 2823 1716 2889 Decemb.,

92 2892 135 2941 ad
154 2895 250 2949 877,
279 2895 308 2945 6
351 2892 613 2953 Octobr.,
645 2891 1013 2961 imperatore,
1066 2893 1134 2945 de
1182 2892 1470 2962 Sanguine
1501 2903 1555 2946 et
1584 2894 1719 2948 Cor-

92 2976 181 3028 pore
201 2963 393 3016 Christi
422 2963 569 3028 quid
615 2964 821 3015 sentiat
851 2963 1192 3028 significare,
1247 2963 1348 3016 scri

92 3034 241 3102 simum
268 3033 428 3086 illum
446 3032 725 3086 libellum
749 3033 813 3086 de
843 3034 1082 3102 Corpore
1103 3039 1153 3087 et
1181 3032 1455 3102 Sanguine
1481 3036 1717 3097 Domini,

94 3100 129 3151 in
152 3119 239 3171 quo
262 3104 359 3175 diu
389 3109 529 3157 ante
565 3100 994 3173 Berengarium,
1028 3100 1316 3157 Paschasii
1339 3105 1608 3160 Radberti
1644 3105 1720 3175 (α)

90 3174 358 3247 sententiam
392 3179 453 3228 et
483 3174 1146 3247 transsubstantiationis
1175 3175 1401 3247 dogma
1425 3174 1723 3247 perspicue

92 3244 255 3311 refellit,
288 3246 764 3315 argumentisque
798 3262 827 3298 e
872 3260 1029 3299 sacra
1069 3246 1363 3315 Scriptura
1406 3244 1462 3299 et
1498 3264 1532 3300 a
1558 3244 1723 3300 sanae

92 3315 266 3387 rationis
293 3317 489 3387 petitis
517 3315 740 3386 judicio
773 3315 1103 3369 testimonia
1130 3317 1394 3387 adjungit
1424 3318 1725 3372 doctorum

91 3383 243 3457 latina:
283 3383 601 3440 Ecclesiae:
656 3386 735 3456 (ὁ)
766 3387 1066 3452 Ambrosii,
1126 3383 1453 3457 Augustini,
1526 3389 1721 3442 Hiero-

92 3456 214 3528 nymi,
253 3457 472 3523 Isidori,
519 3457 835 3528 Fulgentii,
884 3462 939 3510 et
986 3474 1113 3528 qua:
1158 3456 1241 3511 exi
1273 3459 1724 3513 Sacramentario

93 3524 281 3589 Gregorii
298 3529 492 3594 Magni
510 3524 667 3581 inter
691 3524 1133 3582 celebrationem
1165 3529 1221 3583 S.
1253 3529 1439 3583 Cumas
1466 3530 1577 3584 dici
1599 3546 1727 3583 con-

90 3606 349 3651 sueverunt.
376 3598 688 3653 Batramni
718 3615 931 3652 nomen
959 3599 1123 3653 initio
1157 3605 1214 3653 et
1239 3601 1353 3653 ﬁne
1388 3601 1515 3654 libri
1544 3617 1724 3654 anno-

90 3668 219 3739 tatuin
257 3669 623 3723 Mabillonius
676 3669 745 3736 (c)
785 3670 997 3723 fatetur
1048 3686 1107 3723 se
1166 3671 1444 3739 reperisse
1502 3671 1563 3723 in
1620 3688 1722 3725 ms.

92 3732 287 3792 u-biensi
316 3755 616 3793 annorum
675 3732 796 3793 800.
853 3739 1042 3793 Exstat
1108 3732 1281 3794 etiam
1337 3741 1393 3794 in
1450 3742 1561 3795 alio
1610 3758 1728 3795 non

92 3810 225 3882 minus
251 3811 603 3882 perantiquo
635 3809 1155 3874 Salmansweilano,
1188 3817 1245 3865 et
1294 3817 1602 3882 antequam
1634 3828 1724 3866 an.

100 3880 185 3951 17332
208 3880 906 3945 ederetur,’Ratramnum
943 3882 1002 3935 in
1048 3882 1383 3951 praefatione
1434 3880 1502 3937 ad
1552 3883 1729 3936 libros

92 3950 142 4022 dg
177 3951 395 4006 t’eritate
458 3952 741 4020 Corporis
800 3957 858 4006 et
909 3950 1215 4022 Sanguinis
1264 3953 1474 4007 Christi
1531 3961 1731 4008 contra

94 4018 562 4095 (Ecolampadinm,
584 4018 793 4095 'Colon.
837 4025 989 4089 1527,
1018 4018 1270 4076 laudavit
1294 4026 1445 4078 inter
1487 4025 1728 4095 scripto—

96 4094 558 4166 resratliolicoside
590 4093 1063 4166 illogargumento
1109 4095 1360 4147 Joannes
1410 4093 1727 4161 Fischerus,

96 4164 323 4235 gpiscopus
357 4164 669 4218 Rofl‘ensis.
705 4164 923 4217 Prodiit
953 4164 1205 4233 primum
1257 4165 1510 4219 Colonias
1571 4169 1726 4230 1532,

98 4234 153 4307 Ψ.
166 4234 289 4307 apud
314 4237 611 4307 Joannem
637 4236 815 4307 Prae],
846 4235 953 4288 sub
979 4235 1153 4307 titulo
1182 4252 1194 4288 :
1231 4256 1259 4285 ‹‹
1284 4236 1728 4307 Bertramipres-

3084 1622 3161 1692 (ά)
3215 1622 3528 1677 Germanice

1827 1694 2026 1746 eodem
2057 1708 2146 1745 an.
2182 1694 2338 1762 1532,
2370 1694 2582 1762 Tiguri.
2640 1693 2853 1745 Deinde
2913 1693 3110 1746 Latine
3171 1692 3381 1745 iterum
3422 1693 3527 1744 Ge-

1828 1780 2006 1827 nevae,
2042 1764 2197 1829 1541,
2230 1761 2308 1826 8⁰,
2342 1768 2397 1816 et
2428 1765 2487 1816 in
2520 1764 3014 1833 Microbresbytico
3048 1779 3138 1815 an.
3177 1765 3333 1827 1550,
3354 1768 3527 1831 atque

1828 1834 2390 1903 Orthodoxographis
2436 1834 2647 1904 prioris
2695 1836 2837 1889 edit.
2899 1850 2993 1888 an.
3063 1836 3232 1899 1555,
3270 1840 3343 1904 et
3396 1849 3527 1886 cum

1829 1905 2125 1958 Paschasio
2152 1905 2423 1959 Ratberto
2447 1903 2727 1970 Coloniae,
2768 1908 2921 1970 1551,
2956 1908 3036 1969 8°,
3064 1911 3120 1957 et
3151 1906 3211 1957 in
3252 1903 3522 1957 Guilelmi

1832 1975 2141 2046 Fenguerci
2178 1975 2476 2044 Opusculis
2529 1976 2787 2044 Lugduni
2839 1978 3198 2046 BataVUrum,
3250 1976 3406 2038 1579,
3441 1977 3519 2046 8ο,

1830 2052 1884 2098 et
1912 2045 1970 2098 in
2001 2046 2268 2115 Catalogo
2296 2047 2528 2099 testium
2570 2046 2835 2099 Veritatis
2868 2046 3004 2100 edit.
3038 2045 3178 2099 Sim.
3225 2045 3525 2111 Goulartii,

1830 2118 2088 2184 Genevae,
2125 2119 2279 2183 1608,
2315 2118 2436 2179 fol.,
2479 2123 2695 2170 etcum
2734 2118 2881 2170 notis
2924 2117 3153 2170 Joannis
3209 2116 3522 2185 Lampadii,

1831 2188 2068 2253 Bremze,
2104 2188 2258 2253 1614,
2284 2190 2363 2241 8°.
2400 2188 2561 2253 Hinc,
2582 2194 2643 2241 ut
2667 2187 2804 2240 alias
2833 2187 3117 2241 editiones
3141 2187 3525 2240 Hendreicbio

1829 2274 1961 2328 pag.
1995 2261 2096 2312 543
2128 2263 2352 2310 notatas
2381 2264 2741 2328 praeteream,
2792 2264 2919 2328 post
2967 2258 3204 2311 Gallicas
3236 2257 3526 2310 versiones

1830 2327 1929 2381 an.
1971 2331 2125 2394 1550,
2190 2332 2534 2393 1558,1560,
2596 2332 2746 2394 1619,
2797 2327 2946 2382 1653
2996 2328 3169 2381 etiam
3216 2327 3411 2381 Latine
3472 2333 3527 2380 et

1831 2400 2058 2465 Gallice,
2091 2400 2256 2453 Petro
2291 2399 2495 2452 Allixio
2545 2400 2878 2468 interprete,
2936 2399 3163 2452 Parisiis
3222 2414 3314 2450 an.
3364 2400 3523 2463 1672,

1829 2471 1908 2535 4ο,
1933 2475 1988 2523 et
2032 2486 2099 2523 ex
2156 2470 2347 2523 Jacobi
2410 2470 2639 2524 Boilavii
2673 2470 2730 2538 (e)
2782 2470 3043 2523 versione
3098 2469 3331 2533 Gallica,
3393 2485 3522 2522 cum

1829 2541 2169 2611 praefatione
2216 2546 2280 2594 et
2302 2546 2471 2605 notis,
2532 2541 2778 2601 Parisiis,
2839 2542 3138 2611 1686,12°,
3183 2545 3264 2611 Aet
3328 2540 3521 2593 Latine

1831 2609 1962 2665 cum
2009 2611 2270 2665 vindiciis
2320 2611 2591 2665 adversus
2643 2613 2924 2665 Joannem
2982 2609 3340 2663 Hardninum
3400 2610 3526 2679 (qui

1833 2684 2208 2737 Ratramnum
2264 2682 2548 2735 haereticis
2623 2682 2693 2750 (Γ)
2752 2683 3111 2751 ascripserat)
3182 2684 3332 2745 1712,
3412 2683 3524 2749 12ο,

1833 2754 1907 2822 (g)
1976 2754 2086 2807 Nec
2152 2754 2344 2806 minus
2387 2758 2518 2823 post
2566 2752 2855 2805 versiones
2908 2753 3169 2817 Belgicus,
3246 2751 3516 2806 Roterod.

1838 2825 1993 2889 1610,
2053 2824 2344 2893 Ultraject.
2405 2826 2569 2887 162ος
2630 2829 2802 2893 atque
2856 2825 3115 2890 Anglicas
3165 2823 3261 2893 (ἡ)
3294 2827 3349 2893 et
3392 2838 3523 2893 cum

1833 2896 2093 2948 versione
2143 2892 2380 2963 Anglica
2440 2892 2739 2948 clarissimi
2796 2894 3062 2948 Gnilelmi
3128 2892 3427 2962 Hopkinsii
3465 2893 3526 2959 (ι)

422 2962 821 3033 quidsentiat
851 2962 1192 3032 signiﬁcare,
1247 2963 1472 3033 scripsit
1548 2964 1720 3017 notis-
1758 2962 1797 3016 Β
1829 2966 2091 3019 canonici
2139 2965 2615 3030 Worcestriensis,
2668 2965 2932 3030 Londini,
2986 2966 3142 3025 1686,
3206 2965 3315 3027 12ο,
3366 2965 3521 3027 1688,

1831 3039 1911 3102 8°,
1946 3053 2073 3089 cum
2101 3036 2334 3089 eruditis
2365 3036 2434 3089 de
2477 3037 2787 3089 Ratramno
2836 3042 2892 3088 et
2936 3035 3057 3104 ejus
3106 3034 3386 3098 doctrina,
3420 3034 3525 3088 ad-

1832 3124 2027 3160 versus
2060 3107 2375 3160 Boilavium
2405 3106 2659 3177 aliosque
2700 3107 2971 3160 Romanae
3019 3104 3279 3158 Ecclesiae
3304 3105 3523 3177 idocto-

1832 3194 1945 3245 res,
1968 3178 2485 3231 dissertationibus.
2513 3180 2697 3247 Atque
2728 3193 2791 3230 ex
2823 3178 2927 3230 hac
2975 3176 3211 3244 Anglice
3252 3176 3526 3247 editione,

1832 3248 2145 3318 praemissis
2176 3249 2347 3301 etiam
2387 3248 2503 3301 illis
2545 3246 3040 3302 dissertationibus
3094 3246 3308 3318 Gallice
3334 3246 3533 3318 versis,

1833 3315 2061 3373 libellus
2117 3318 2410 3373 Ratramni
2467 3318 2660 3372 Latine
2710 3324 2764 3372 et
2816 3319 3039 3381 Gallice,
3099 3315 3534 3381 Amstelodami,

1837 3393 1993 3454 1717,
2043 3392 2118 3443 8ο.
2180 3390 2516 3460 Quanquam
2562 3405 2692 3442 vero
2736 3391 2978 3442 Joannes
3022 3388 3216 3460 Scotus
3280 3402 3537 3460 quoque,

1834 3461 2089 3531 ejusdem
2135 3460 2319 3515 Caroli
2367 3459 2519 3515 Calvi
2555 3462 2717 3529 jussu
2758 3461 2817 3513 in
2868 3459 3129 3531 eamdem
3197 3459 3539 3531 sententiam

1836 3528 2043 3585 librum
2072 3532 2141 3585 de
2171 3532 2421 3601 Corpore
2452 3536 2507 3585 et
2535 3531 2827 3601 Sanguine
2859 3532 2900 3584 D
2921 3530 3102 3584 omini
3132 3528 3373 3601 scripsit,
3389 3528 3540 3601 mire

1833 3602 2152 3681 probatum
2174 3599 2516 3681 Berengario
2562 3618 2573 3655 :
2613 3599 2712 3681 q‘u‘i
2742 3602 2891 3681 inter
2942 3606 3162 3681 sanctos
3192 3600 3252 3652 in
3302 3599 3542 3681 quibus-

1835 3669 1965 3752 dam
2023 3669 2434 3752 Martyrologiis
2510 3688 2582 3752 iv.
2629 3669 2776 3725 'Idus
2816 3670 3138 3752 'iNovembr.
3192 3669 3534 3752 ascribitur:

1835 3748 2029 3797 tamen
2060 3740 2425 3795 verisimilius
2478 3747 2583 3810 est,
2635 3758 2765 3795 cum
2816 3740 3195 3810 Berengarius
3243 3740 3406 3792 illum
3450 3755 3541 3792 co-

1838 3818 1994 3867 actus
2022 3813 2223 3867 fuisset
2253 3814 2311 3865 in
2351 3812 2599 3866 concilio
2635 3812 2974 3865 Vercellensi
3004 3828 3097 3864 an.
3132 3812 3287 3873 1050,
3311 3810 3540 3863 damna-

1836 3890 1981 3948 tum,
2013 3884 2349 3937 comburere
2380 3885 2441 3936 in
2472 3883 2721 3936 concilio
2757 3884 3015 3937 Romano
3047 3897 3137 3935 an.
3179 3882 3335 3947 1059,
3367 3881 3546 3934 inter-

1838 3955 2041 4009 cidisse
2072 3956 2286 4024 potius,
2308 3970 2487 4023 quam
2512 3959 2711 4007 contra
2735 3954 2907 4007 Iidem
2928 3952 3321 4024 totcodicnm,
3347 3957 3548 4024 contra

1839 4021 2227 4080 diversitatem
2277 4021 2432 4094 genii
2494 4023 2809 4089 scribendi,
2874 4023 2973 4094 qui
3019 4023 3081 4075 in
3138 4022 3290 4077 Scoti
3322 4021 3548 4094 scriptis

1839 4093 2312 4167 deprehenditur,
2347 4100 2403 4149 et
2434 4098 2638 4167 contra
2675 4095 2814 4167 alias
2845 4093 3099 4148 rationes
3131 4110 3162 4146 a
3200 4094 3338 4167 viris
3368 4093 3549 4147 doctis

1839 4164 2056 4225 allatas.
2129 4167 2439 4220 Ratramno
2502 4165 2659 4232 huic,
2749 4166 2960 4219 librum
3021 4180 3197 4235 quem
3247 4164 3546 4235 habemus,

1838 4238 2007 4307 eripi,
2032 4237 2316 4308 Scotoque
2345 4236 2409 4307 (j)
2448 4235 2626 4290 tribui
2663 4237 2910 4308 debere,
2952 4235 3192 4308 Scriptis
3216 4307 3231 4308 γ
3250 4234 3550 4308 prohibitis

100 4296 235 4369 hilari,
264 4306 329 4359 ad
356 4307 641 4360 Carolum
667 4296 934 4375 Magnum
974 4305 1400 4375 imperatorem,
1446 4326 1475 4357 υ
1512 4296 1731 4361 θῖόιιηι
1771 4305 1813 4360 C
1844 4296 2143 4363 aceensent
2173 4296 2742 4372 Indice's'Romanus,
2786 4296 3176 4370 Tridentinus,
3214 4296 3552 4375 H'ispanicus

146 4411 192 4483 is)
236 4413 403 4483 AVetus
462 4413 719 4483 scriptor
772 4415 1105 4483 Anonymus
1159 4413 1230 4467 de
1282 4414 1635 4468 Eucharistia
1701 4431 1734 4468 a

103 4474 309 4537 Ludovico
354 4474 609 4539 Cellotio
658 4484 714 4538 S.
755 4485 801 4538 J.
841 4474 1027 4537 editus
1073 4499 1203 4538 cum
1249 4486 1398 4539 notis
1442 4502 1535 4540 an.
1574 4488 1729 4539 1655.

100 4546 406 4626 lapillorum,
461 4572 603 4609 saec.
664 4569 739 4620 ιν,
803 4554 1178 4626 Benedictin..
1229 4561 1390 4625 parte
1449 4573 1508 4622 ιι,
1565 4556 1729 4626 prazf.

102 4632 134 4683 ιι.
162 4622 224 4687 35,
249 4640 403 4680 num.
441 4628 537 4691 83,
577 4629 634 4678 et
667 4641 738 4695 pa
785 4666 797 4678 .
849 4627 918 4679 80
950 4625 1177 4679 Itineris
1229 4622 1585 4681 Germanici.—
1627 4628 1731 4681 Co-

102 4689 231 4748 lonies.
262 4712 385 4751 nae.
422 4699 535 4751 668
570 4711 693 4751 seu.
739 4642 1011 4751 gnerum.
1062 4696 1161 4751 ubi
1209 4701 1263 4751 et
1295 4698 1362 4751 de
1420 4697 1547 4751 aliis
1578 4697 1731 4751 codi-

100 4689 385 4811 thlsshgig.
422 4689 535 4752 668
570 4689 693 4766 seq.
739 4689 1011 4766 Operam,
1062 4696 1161 4751 ubi
1209 4701 1263 4751 et
1295 4698 1362 4751 de
1420 4697 1547 4752 aliis
1578 4697 1731 4752 codi-

156 4779 203 4815 IIS
226 4781 328 4819 mss
339 4809 349 4819 .

143 4832 195 4901 {bl
218 4836 336 4891 Inde
364 4839 632 4911 Joannes
661 4837 1389 4911 LampadiusgBertramum
1449 4838 1736 4911 inscripsit

100 4916 363 4963 consensum
398 4908 680 4963 Ecclesiae
709 4909 777 4963 de
798 4909 985 4963 verbis
1007 4908 1062 4962 S.
1101 4910 1305 4964 Ccenaa.

144 4978 454 5048 {cllacobus
493 4981 759 5048 Basnage
813 4980 872 5032 in
904 4979 1155 5033 Historia
1212 4979 1600 5034 Ecclesiastica
1642 4980 1737 5034 do-

104 5047 292 5121 gaiatica,
322 5067 502 5121 quam
542 5050 757 5121 Gallice
797 5050 997 5121 edidit,
1030 5066 1142 5113 xvi,
1196 5055 1251 5117 7,
1311 5055 1465 5104 torno
1500 5051 1567 5117 II,
1599 5066 1733 5121 pag.

104 5116 192 5191 ξω,
222 5116 283 5173 et
316 5116 707 5191 cancellarius
742 5120 1107 5191 rTubingens.
1168 5116 1243 5175 D.
1298 5116 1738 5191 Christophorus

106 5180 320 5245 litthzeus
346 5192 602 5246 Pfafﬁus
631 5190 698 5243 de
729 5190 784 5245 S.
834 5180 1187 5245 Eucharistia
1216 5191 1486 5246 adversus
1523 5180 1735 5246 'Ludo-

107 5268 223 5333 main
256 5262 601 5333 Hogerium,
645 5277 775 5333 pag.
807 5265 867 5315 27
906 5279 1026 5333 seq.

152 5330 194 5391 fl.
226 5330 511 5388 Abraham
551 5331 797 5399 Ruchat,
825 5330 1095 5387 tomfIV.
1147 5334 1292 5387 Hist.
1350 5333 1416 5387 de
1457 5335 1510 5387 la
1540 5334 1738 5399 Refor—

110 5403 239 5453 aztirm
264 5404 323 5456 de
351 5406 406 5459 la
441 5406 665 5469 Suisse,
708 5419 836 5472 pag.
869 5406 995 5458 207.

149 5474 185 5531 (εξ
206 5473 274 5545 Du
302 5476 427 5542 Pin,
456 5482 618 5528 tom.
659 5474 790 5538 XIX,
840 5474 1110 5527 Biblioth.
1173 5474 1405 5540 Eccles.,
1456 5491 1588 5545 pag.
1641 5476 1736 5540 68;

115 5540 600 5661 ﬁrErri‘idi‘tggum,
635 5560 727 5598 an.
777 5546 935 5614 1687,
963 5560 1094 5615 pag.
1156 5546 1247 5599 43.
1308 5540 1560 5602 Nouo—all.
1605 5547 1736 5614 Rep.

154 5616 233 5682 illi,
260 5631 313 5686 p.
356 5620 481 5672 125.

381 5709 687 5773 ΡΑτιιοι..
739 5704 944 5770 CXXI.

1914 4413 1981 4484 (ἴ)
2010 4415 2074 4468 In
2131 4411 2541 4468 Dissertatione
2599 4412 2667 4466 de
2714 4412 3089 4467 Sacramenta
3131 4409 3349 4477 altaris,
3404 4425 3537 4480 pag.

1938 4528 2255 4623 ὡλῖδίινηαι
2276 4554 2370 4609 des
2400 4554 2585 4609 Savan
2609 4558 2677 4619 ts,
2710 4569 2800 4607 an.
2827 4555 2981 4619 1712,
3010 4568 3067 4622 p.
3101 4552 3225 4623 646.

1940 4622 1993 4695 l2)
2025 4626 2283 4680 Plurium
2309 4625 2676 4695 Anglicarum
2738 4627 3077 4695 versionum
3120 4622 3404 4695 editiones
3452 4636 3553 4695 ex:-

1845 4691 1995 4751 stare
2028 4696 2187 4750 testis
2218 4691 2454 4761 Caveas,
2484 4696 2585 4766 qui
2614 4695 2847 4750 erudite
2884 4695 2969 4766 gde
2998 4693 3108 4766 boc
3162 4692 3434 4766 scriptore
3462 4691 3549 4766 __a_d

1846 4784 1936 4822 an.
1970 4769 2093 4822 840.
2130 4767 2285 4821 Idem
2314 4766 2467 4821 inter
2497 4760 2610 4821 alia
2659 4770 2827 4820 notat
2863 4764 3157 4819 .lElsricum
3218 4764 3278 4815 in
3319 4760 3550 4815 homilia

1846 4837 2103 4893 Paschali
2132 4853 2198 4891 ex
2228 4838 2538 4892 Ratramno
2591 4837 2771 4890 multa
2826 4837 2894 4889 ad
2971 4834 3214 4887 verbum
3256 4831 3531 4901 repetisse

1846 4910 2001 4981 quod
2035 4908 2104 4963 ad
2132 4909 2361 4962 oculum
2397 4924 2626 4978 quoque
2659 4906 3014 4975 Hopkinsius
3040 4902 3461 4957 demonstravit

1919 4982 1981 5049 (ἰ)
2011 4982 2219 5033 Anton.
2256 4980 2434 5033 Wood
2456 4977 2894 5049 Athenmioaon.
2937 4976 3100 5049 ’I‘om.
3125 4974 3305 5049 III,_p.
3335 4973 3469 5027 1074

1938 4990 1981 5043 ἱ)
2011 4990 2219 5033 Anton.
2261 4990 2434 5033 ννοοᾱ
2456 4990 2690 5032 Athena:
2717 4990 2894 5030 UXOD.
2940 4990 3100 5028 ‘lom.
3130 4990 3220 5040 ιιι,
3335 4990 3488 5027 ιυιιι.

1935 5045 1983 5119 j)
2018 5052 2085 5103 Ut
2110 5066 2142 5102 a
2173 5052 2339 5103 Petro
2371 5049 2441 5103 de
2469 5049 2649 5102 Marca
2689 5046 2861 5119 Epist.
2894 5047 2964 5119 ad
3004 5045 3372 5119 Dacherium,
3412 5059 3486 5097 an
3502 5047 3551 5098 te

1848 5116 1989 5174 tom.
2020 5121 2065 5174 Il
2095 5119 2408 5190 Spicilegii,
2435 5123 2492 5172 et
2524 5116 2986 5190 novaeeditionis
3039 5121 3178 5190 tom.
3266 5116 3360 5190 III,
3412 5129 3551 5184 pag.

1849 5194 1974 5257 852,
2006 5186 2155 5245 etab
2204 5186 2473 5244 Ans'elmo
2534 5187 2745 5241 Parisio
2804 5186 3205 5240 dissertatione
3281 5186 3552 5239 adversus

1849 5262 2123 5317 Allixium
2145 5278 2267 5332 cap.
2304 5264 2355 5325 5,
2388 5267 2527 5332 tom.
2579 5259 2664 5332 IY_
2691 5259 2991 5332 Perpetuité
3039 5257 3202 5332 de‘la
3225 5258 3356 5332 _Foi,
3396 5259 3557 5332 parte

1850 5348 1909 5397 ιι,
1942 5348 2071 5403 pag.
2110 5324 2355 5402 198’seq.
2390 5331 2605 5403 Joanne
2626 5324 2941 5393 Harduino,
2972 5333 3079 5403 etc.
3112 5328 3324 5382 Omitto
3349 5343 3443 5379 sus
3466 5324 3558 5396 pi-

1851 5400 2042 5456 ciones
2070 5419 2271 5472 parum
2313 5400 2612 5472 credibiles
2660 5416 2860 5453 eorum
2898 5400 3004 5472 qui
3037 5405 3328 5472 auctorem
3378 5411 3510 5450 com

1853 5470 2256 5541 miniscuntur,
2281 5474 2365 5525 vel
2387 5471 2773 5541 antiquiorem
2794 5470 3059 5536 multum,
3086 5475 3151 5541 ut
3170 5470 3548 5541 Prosperum,

1853 5544 1939 5597 vel
1973 5537 2251 5597 ducentis
2286 5543 2449 5595 annis
2490 5537 2809 5611 juniorem,
2883 5546 2939 5611 et
2988 5541 3075 5594 vel
3130 5537 3543 5608 Berengarium

1852 5614 2063 5683 ipsum,
2087 5614 2173 5666 vel
2206 5628 2272 5666 ex
2301 5615 2423 5683 ejus
2449 5610 2824 5666 sectatoribus
2856 5610 3130 5679 aliquem.

3196 5704 3223 5759 1
