3920 6224
378 350 437 404 11
1527 345 1887 401 RATRAMNI
1926 344 2387 402 CORBEIENSIS
2428 344 2765 401 MONACHI.
3807 349 3853 399 t‘.’

375 479 641 549 Quirogze
685 494 698 533 :
737 478 990 549 Belgicus
1018 484 1209 532 autem
1253 477 1729 548 interpretatione
1788 479 2067 549 adjuvan-
2106 483 2147 535 A
2180 479 2544 533 Paschasium
2594 479 2910 548 respiciunt
2964 478 3136 532 verba
3203 479 3500 533 Ratramni
3560 478 3617 532 in
3664 479 3851 549 prasta-

374 552 509 604 dum
537 550 771 620 judicat.
808 551 943 604 Vide
976 551 1263 604 Usserinm
1296 550 1365 603 de
1409 550 1783 603 Ecclesiarum
1835 566 2061 603 succes-

376 624 558 686 sione,
585 638 718 690 pag.
752 623 820 675 48
850 638 994 691 seq.,
1029 626 1085 674 et
1113 622 1389 674 Dallaeum
1422 622 1490 674 de
1513 637 1618 674 usu
1650 623 1904 687 Patrum,
1930 636 2059 690 pag.

380 695 470 745 111
510 708 627 761 seq.
672 693 866 762 Itaque
902 692 1132 746 Latinus
1176 692 1428 745 Latinius
1460 692 1645 745 tom.I
1696 692 2063 745 Bibliothecae

378 762 831 831 sacro-profanae,
866 778 922 831 p.
958 764 1077 828 110,
1106 767 1347 815 testatur
1394 779 1451 815 se
1484 763 1802 816 Bertramni
1852 762 2063 815 librum

376 833 522 886 libro
576 833 861 886 Paschasii
900 835 969 887 de
1030 833 1231 887 eodem
1291 838 1632 902 argumento
1694 833 2065 902 subjunctum

376 904 747 972 percurrisse,
778 925 803 952 ‹‹
835 904 1232 958 immemorem
1264 904 1323 956 in
1356 904 1543 957 Indice
1583 909 1847 957 notatum
1882 904 2065 958 haere-

376 991 501 1027 seos
531 974 763 1027 nomine
796 990 808 1028 :
843 974 1029 1037 Quare
1061 980 1189 1044 post
1228 976 1487 1043 agnitum
1537 990 1791 1028 errorem
1850 989 2064 1039 meum,

378 1045 591 1114 projeci
619 1045 897 1111 libellum,
932 1050 990 1099 et
1030 1062 1057 1098 θ
1115 1061 1340 1098 summo
1398 1045 1824 1115 paenitentiario
1874 1044 2067 1098 curavi

379 1132 470 1168 me
537 1115 946 1169 absolvendum
1021 1115 1498 1169 reverendissimo
1570 1115 1842 1169 cardinali
1924 1116 2067 1169 νοτ-

1969 1131 2068 1169 ΟΓ⁶

379 1132 470 1168 me
537 1115 946 1170 absolvendum
1021 1115 1498 1170 reverendissimo
1570 1115 1842 1170 cardinali

379 1186 605 1239 miensi.
643 1207 669 1235 ››

450 1256 681 1326 Scripsit
710 1261 984 1326 praeterea
1021 1257 1114 1311 hic
1145 1258 1485 1311 Ratramnus
1529 1256 1598 1310 ad
1657 1256 1922 1310 eumdem
1964 1258 2067 1312 Ca-

381 1328 567 1380 rolum
627 1327 859 1382 Calvum
918 1328 1081 1381 libros
1130 1328 1263 1381 duos
1327 1328 1392 1381 de
1454 1327 1951 1394 Praedestinatione,
2009 1329 2067 1381 in

379 1398 589 1468 quibus
618 1414 747 1451 cum
779 1399 1161 1451 Gotteschalco
1194 1398 1348 1465 facit,
1381 1398 1450 1451 ab
1481 1399 1786 1452 Hincmaro
1827 1399 2068 1468 aliisque

381 1474 762 1539 oppugnatus.
800 1469 982 1522 Edidit
1009 1469 1292 1524 Gilbertus
1332 1469 1670 1539 Manguinus
1724 1469 1875 1522 inter
1931 1470 2068 1523 scri-

380 1546 574 1609 ptores
605 1540 743 1592 noni
773 1540 965 1592 saeculi
997 1541 1094 1609 qui
1128 1540 1197 1593 de
1233 1540 1737 1593 Prazdestinatione
1768 1545 1823 1592 et
1881 1540 2071 1593 Gratia

382 1611 749 1679 scripserunt,
781 1612 1028 1664 Parisiis.
1069 1614 1223 1675 1650,
1256 1613 1342 1677 4ος
1393 1611 1545 1664 unde
1573 1610 1756 1664 recusi
1803 1615 1945 1663 tom.
1984 1612 2069 1665 XV

385 1682 748 1735 Bibliotheca:
782 1682 1012 1734 Patrum
1055 1682 1448 1749 Lugduni-us,
1494 1697 1626 1751 pag.
1685 1682 1807 1734 442.
1865 1682 2071 1735 Confer

384 1752 587 1804 Usserii
621 1757 677 1805 et
707 1752 928 1806 Cellotii
965 1753 1270 1806 Historiam
1292 1752 1680 1806 Gotteschalci.

455 1842 479 1871 α
506 1823 710 1876 Contra
741 1823 1063 1877 Graecorum
1108 1824 1419 1875 Romanam
1458 1824 1758 1876 Ecclesiam
1789 1821 2069 1876 infaman-

384 1893 525 1945 tium
549 1909 790 1954 errores,
827 1914 852 1942 »
879 1896 945 1946 ad
973 1894 1265 1947 Nicolaum
1297 1895 1338 1957 l,
1367 1894 1699 1962 pontificem
1724 1894 2073 1958 Romanum,

384 1965 837 2033 librosquatuor,
876 1965 1058 2017 Pliotii
1093 1964 1348 2033 epistola!
1382 1965 1744 2034 potissimum
1781 1964 2075 2034 oppositos

377 2051 634 2104 quorum
672 2035 853 2088 tribus
888 2034 1087 2104 primis
1119 2036 1357 2104 integris
1386 2041 1589 2088 tractat
1613 2036 1680 2089 de
1712 2035 2075 2104 processione

384 2106 628 2173 Spiritus
675 2105 875 2166 sancti,
910 2105 1089 2158 edidit
1117 2106 1423 2158 Dacherius
1456 2110 1613 2159 tomo
1664 2105 1911 2160 secundo
1942 2106 2076 2175 Spi—

382 2176 571 2245 cilegii
604 2176 761 2241 (tom.
800 2178 842 2239 I,
876 2176 1141 2229 editionis
1174 2192 1356 2241 novae,
1388 2193 1519 2246 pag.
1554 2180 1666 2242 63).

459 2268 484 2293 ‹‹
518 2248 593 2299 De
628 2254 794 2315 partu
831 2247 1098 2316 Virginis,
1150 2264 1249 2300 seu
1300 2247 1369 2299 de
1423 2248 1725 2301 Nativitate
1781 2247 2009 2306 Christi.
2046 2268 2072 2295 »

385 2317 552 2370 modo
574 2317 866 2370 communi
893 2325 946 2371 et
996 2318 1243 2370 naturali
1292 2334 1407 2371 non
1463 2320 1653 2372 clauso
1708 2319 1767 2371 Β.
1829 2318 2077 2388 Virginis

384 2393 545 2442 utero
574 2388 739 2441 facta.
774 2388 874 2441 Cui
921 2388 1255 2442 Paschasius
1304 2389 1625 2442 Radbertus
1659 2390 1880 2442 libellos
1934 2392 2077 2442 duos

380 2458 449 2512 de
471 2464 639 2528 partu
672 2459 918 2529 Virginis
948 2475 1052 2529 pro
1093 2460 1380 2513 contraria
1437 2461 1724 2513 sententia
1781 2460 2072 2529 opposuit.

2176 550 2329 603 tione
2361 567 2374 603 :
2412 571 2439 598 ‹‹
2471 550 2716 603 Obsecro
2746 551 3122 604 reverentiam
3155 554 3312 602 tuam
3347 555 3408 602 ut
3437 551 3505 603 ad
3557 553 3852 620 suggestio-

2176 637 2308 674 nem
2340 621 2634 690 parvitatis
2691 626 2903 674 nostrzP.
2960 621 3309 690 respondere
3366 638 3480 673 non
3539 622 3850 687 graveris.)

2180 694 2253 745 De
2295 692 2691 745 Controversia
2722 692 2821 744 illa
2842 692 2968 745 vide
3003 693 3060 744 Β.
3096 692 3355 761 Ittigium
3387 692 3455 745 de
3506 692 3851 746 Bibliothecis

2178 764 2429 822 Patrum,
2474 778 2608 831 pag.
2653 764 2773 827 169,
2808 768 2864 816 et
2896 779 3038 832 quos
3068 762 3261 815 laudat
3308 762 3699 815 Mabillonium
3741 780 3851 815 saec.

2176 850 2248 886 iv.
2285 832 2903 902 Benedictin.parteu,
2957 833 3184 903 praefat.
3224 848 3347 903 cap.
3406 836 3457 896 3,
3520 839 3577 886 et
3638 838 3772 887 tom.
3816 836 3849 887 ll

2174 905 2485 957 Annalium
2524 903 2874 957 Benedictin.
2908 903 2976 957 ad
3010 920 3223 957 annum
3258 904 3382 968 8H,
3419 920 3544 973 pag.
3588 906 3690 957 652
3724 921 3851 973 seq,

2177 979 2232 1027 et
2264 975 2519 1028 Natalem
2550 975 2936 1028 Alexandrum
2996 990 3121 1028 saec.
3158 990 3207 1027 ix
3237 979 3293 1027 et
3337 991 3389 1041 x,
3424 982 3584 1043 parte
3642 992 3700 1035 ιι,
3750 976 3851 1028 dis-

2177 1050 2367 1098 sertat.
2408 1048 2494 1099 13.

2248 1118 2496 1195 Ep‘istola
2549 1114 2618 1195 ad
2670 1114 3030 1195 Rinibertum
3086 1115 3575 1195 presbyterumde
3610 1116 3852 1195 ‘Cynoce-

2177 1188 2383 1255 phalis,
2427 1186 2578 1256 quod
2612 1202 2725 1238 non
2761 1186 2871 1239 sint
2896 1186 3031 1239 Adae
3063 1186 3307 1256 posteris
3336 1186 3674 1256 deputandi.
3714 1187 3853 1239 Edita

2179 1273 2245 1310 ex
2275 1257 2464 1310 codice
2505 1257 2868 1311 bibliothecae
2910 1258 3166 1311 Paulina:
3201 1257 3523 1327 Lipsiensis,
3555 1258 3625 1310 ab
3652 1258 3853 1310 erudito

2179 1328 2300 1381 viro
2333 1328 2593 1382 Gabriele
2647 1329 2895 1381 Dumont
2944 1328 3004 1381 in
3053 1328 3451 1381 dissertatione
3508 1330 3577 1381 de
3628 1329 3854 1398 Cynoce-

2178 1399 2385 1468 plialis,
2415 1399 2635 1451 inserta
2684 1403 2840 1451 tomo
2891 1403 3047 1451 sexto
3116 1400 3378 1452 Historia:
3424 1399 3634 1453 criticae
3688 1401 3855 1467 reipu-

2180 1470 2342 1523 blicm
2410 1468 3135 1533 Litterario-Massonianm,
3168 1470 3337 1523 edita:
3387 1470 3599 1524 Gallice
3655 1473 3855 1522 Amste-

2181 1540 2417 1601 Iodami,
2448 1542 2603 1601 1714,
2650 1542 2761 1603 12⁰,
2796 1555 2927 1609 pag.
2966 1542 3218 1593 188-196.

2258 1612 2419 1665 Liber
2448 1611 2512 1663 de
2535 1612 2759 1673 Anima,
2795 1610 2947 1679 quod
2976 1626 3092 1663 non
3125 1610 3384 1664 omnium
3430 1610 3730 1663 hominum
3766 1628 3853 1663 una

2183 1681 2255 1735 sit
2285 1682 2498 1745 anima,
2556 1686 2617 1733 ut
2661 1680 2963 1751 Marianusr
2994 1682 3195 1734 Scotus
3238 1697 3301 1735 ex
3340 1682 3463 1734 loco
3492 1681 3737 1751 quodam
3767 1686 3854 1734 Au-

2112 1766 2152 1819 ]3
2182 1753 2397 1822 gustini
2438 1752 2507 1805 de
2538 1752 2854 1821 quantitate
2876 1750 3085 1804 animm
3120 1750 3523 1805 afﬁrmaverat.
3570 1754 3667 1805 Hic
3708 1754 3853 1807 liber.

2183 1839 2355 1894 quem
2401 1824 2603 1876 habuit
2673 1823 2977 1894 edereque
3017 1823 3198 1876 voluit
3264 1822 3639 1889 Mabillonius,
3701 1829 3856 1875 exstat

2187 1892 2355 1946 etiam
2381 1909 2484 1946 ms.
2520 1893 2576 1946 in
2610 1893 2782 1945 variis
2812 1892 3035 1962 Anglia:
3074 1893 3451 1946 bibliothecis.

2258 1965 2332 2017 Ex
2357 1964 2647 2017 IIincmari
2692 1964 2834 2016 libro
2880 1964 2949 2015 de
2998 1980 3111 2016 una
3165 1969 3222 2016 et
3263 1980 3376 2017 non
3428 1964 3580 2017 trina
3640 1964 3854 2025 Deilate,

2187 2035 2680 2105 tom.IOperum,
2734 2050 2864 2103 pag.
2913 2035 3016 2087 413
3075 2037 3130 2086 et
3171 2036 3296 2101 438,
3346 2042 3565 2088 constat
3617 2037 3855 2088 Hatram-

2186 2123 2322 2160 num
2358 2123 2485 2159 cum
2520 2106 2912 2159 Gotteschalco
2964 2105 3303 2165 defendisse,
3352 2112 3409 2159 et
3454 2106 3652 2158 Hilarii
3708 2112 3855 2175 atque

2186 2177 2495 2246 Augustini
2548 2177 2711 2229 dictis
2776 2176 3141 2229 conﬁrmasse
3198 2176 3368 2229 verbo
3422 2176 3630 2229 veteris
3680 2177 3855 2246 hymni

2190 2268 2215 2297 α
2244 2250 2318 2301 Te
2351 2251 2500 2300 trina
2533 2248 2717 2299 Deitas
2747 2263 2977 2316 unaque
3010 2247 3319 2315 poscimus,
3354 2267 3379 2296 »
3425 2263 3530 2315 pro
3561 2263 3673 2316 quo
3708 2248 3857 2299 Hinc-

2186 2335 2379 2371 marus
2404 2318 2605 2371 maluit
2638 2320 2707 2371 Te
2726 2332 2937 2371 summa
2962 2320 3170 2371 Deitas.
3230 2318 3393 2371 Liber
3424 2323 3613 2372 autem
3664 2334 3773 2387 quo
3820 2317 3857 2369 id

2188 2407 2219 2442 a
2241 2390 2547 2443 Ratramno
2580 2388 2815 2455 factum,
2848 2389 2917 2441 ad
2947 2404 3053 2441 nos
3095 2405 3207 2442 non
3233 2388 3517 2458 pervenit.

1673 2777 2591 2881 ΒΑΤΒΑΜΝΙ

1786 3004 2148 3049 CORBEINSIS
2186 3005 2473 3050 MONACHI

680 3186 940 3329 DE
1067 3186 3095 3334 PRZEDESTINATIONE
3228 3192 3579 3334 DEI

1796 3458 2142 3544 LIBRI
2213 3457 2470 3543 DUO

1488 3635 1592 3689 AD
1650 3634 1925 3689 REGEM
1984 3635 2368 3690 CAROLUM
2424 3635 2769 3691 CALVUM.

1685 3891 1854 3961 (Bibl.
1890 3892 2031 3947 Max.
2062 3894 2244 3961 Patr.,
2274 3898 2414 3948 tom.
2443 3894 2577 3973 ὶςν.)

828 4140 1215 4205 VETERUM
1263 4139 1705 4205 AUCTOBUM
1754 4142 1855 4205 DE
1902 4141 2035 4206 HIS
2086 4141 2515 4208 RATRAMNI
2564 4143 2828 4210 LIBRIS
2877 4145 3397 4215 TESTIMONIA.

440 4304 778 4359 Hincmarus
812 4306 1122 4360 Rhemensis
1143 4305 1602 4375 archicpicsopus,
1636 4306 2071 4361 dePrzdestina-
2112 4312 2151 4367 C
2180 4307 2366 4378 pturis
2393 4308 2552 4363 valde
2589 4309 2829 4379 peritus,
2886 4315 2942 4366 et
2973 4312 3034 4366 in
3082 4313 3243 4369 libris
3288 4316 3653 4373 saecularium
3700 4318 3857 4374 disci-

687 4396 846 4460 tione,
896 4394 970 4447 ad
1000 4395 1252 4451 Carolum
1302 4408 1510 4463 regem,
1542 4410 1662 4464 cap.
1696 4396 1747 4447 5.

440 4516 781 4570 Ratramnus
814 4516 1211 4583 nihilominus,
1237 4517 1567 4571 monasterii
1590 4517 1844 4573 Corbeiaa
1865 4532 2067 4571 mona-

367 4604 528 4671 chus,
560 4604 783 4659 libellos
810 4605 975 4673 duos,
1011 4622 1154 4677 quos
1180 4605 1343 4660 nobis
1375 4607 1787 4661 examinandos
1834 4606 2068 4661 dedistis

366 4692 446 4746 ita
485 4692 801 4747 intentione
824 4693 1147 4748 elaboratos
1188 4694 1460 4764 porrexit,
1492 4699 1555 4749 ut
1570 4695 1836 4750 ostendat
1876 4705 2068 4767 quate-

368 4797 475 4835 nus
496 4781 640 4835 sicut
670 4782 833 4836 electi
864 4798 897 4835 a
930 4783 1045 4836 Deo
1095 4782 1576 4853 praedestinantur
1632 4784 1703 4838 ad
1736 4784 1930 4848 vitam,
1990 4784 2067 4839 ita

366 4874 423 4923 et
454 4870 681 4941 reprobi
707 4887 739 4925 a
771 4872 887 4926 Deo
919 4870 1404 4942 praedestinantur
1428 4872 1501 4927 ad
1530 4878 1795 4927 mortem.

367 4995 690 5062 Sigibertus,
753 4996 1153 5051 Gemblacensis
1209 4998 1520 5064 monachus,
1561 4998 1627 5053 de
1691 5000 2064 5071 Scriptoribus

886 5086 1283 5151 ecclesiasticis,
1306 5102 1426 5156 cap.
1452 5090 1539 5142 95.

440 5191 765 5244 Bertramus
796 5190 1021 5262 scripsit
1047 5192 1257 5247 librum
1292 5194 1361 5248 de
1394 5195 1639 5266 Corpore
1684 5200 1739 5250 et
1770 5196 2061 5267 Sanguine

368 5277 630 5345 Domini;
661 5282 718 5334 et
756 5278 825 5333 ad
857 5280 1146 5348 Carolum,
1180 5281 1394 5337 librum
1427 5284 1496 5339 de
1528 5284 2059 5341 Praedestinatione.

363 5388 596 5440 Joannes
644 5386 990 5453 Trithemius,
1031 5387 1198 5443 abbas
1225 5389 1660 5459 Spanhemensis,
1710 5391 1776 5446 de
1816 5392 2058 5463 Scripto-

932 5476 1082 5531 ribus
1095 5478 1469 5533 ecclesiasticis
1480 5522 1489 5531 .

440 5580 785 5648 Bertramus,
820 5582 1119 5653 presbyter
1144 5587 1201 5638 et
1230 5584 1564 5652 monachus,
1598 5586 1655 5639 in
1684 5585 1893 5641 divinis
1909 5587 2059 5643 Scri-

2179 4396 2468 4468 pliuarum
2495 4397 2724 4469 egregie
2776 4400 2995 4465 doctus,
3051 4402 3283 4473 ingenio
3329 4404 3553 4461 subtilis
3598 4412 3655 4462 et
3692 4409 3859 4461 clarus

2179 4485 2431 4555 eloquio,
2464 4502 2567 4540 nec
2598 4487 2789 4541 minus
2813 4488 2930 4543 vita
2950 4506 3121 4560 quam
3149 4492 3400 4547 doctrina
3431 4494 3696 4566 insignis,
3738 4496 3858 4549 scri-

2176 4574 2293 4643 psit
2322 4573 2503 4628 multa
2532 4576 2809 4645 praeclara
2840 4580 3134 4647 opuscula,
3185 4580 3254 4634 de
3299 4582 3507 4651 quibus
3558 4584 3627 4638 ad
3685 4598 3858 4638 meam

2179 4658 2442 4714 notitiam
2488 4678 2670 4732 pauca
2718 4670 3115 4734 pervenerunt.
3170 4667 3254 4722 Ad
3326 4669 3593 4725 Carolum
3654 4688 3859 4744 regem,

2175 4750 2407 4805 fratrem
2470 4752 2718 4806 Lotharii
2782 4753 3171 4825 imperatoris,
3220 4757 3450 4827 scripsit
3497 4761 3859 4815 commenda-

2172 4838 2288 4893 bile
2320 4856 2484 4911 opus.

2245 4929 2324 4982 De
2354 4929 2857 4999 praedestinatione
2907 4948 2943 4986 ι.

2245 5018 2323 5072 De
2354 5020 2606 5090 Corpore
2632 5024 2689 5074 et
2720 5020 3013 5091 Sanguine
3038 5021 3269 5076 Domini
3302 5022 3403 5077 lib.
3440 5041 3475 5079 1.

2244 5105 2461 5160 Claruit
2482 5108 2839 5177 temporibus
2880 5110 3129 5164 Lotharii
3161 5111 3543 5182 imperatoris,
3580 5131 3731 5169 anno
3747 5116 3858 5171 830.

2346 5220 2495 5274 Idem
2530 5223 2859 5278 Trithemius
2891 5226 2949 5278 in
2981 5225 3249 5280 Chronico
3286 5229 3686 5295 Hirsaugiensi.

2243 5325 2571 5381 Bertramus
2610 5329 2947 5396 monachus,
2980 5330 3040 5385 in
3066 5332 3222 5386 omni
3258 5334 3581 5390 litteratura
3611 5336 3857 5392 doctissi-

2171 5429 2318 5478 mus,
2343 5415 2569 5486 scripsit
2599 5416 2668 5470 ad
2702 5417 2971 5473 Carolum
3010 5436 3201 5491 regem
3231 5423 3299 5476 de
3331 5425 3855 5481 Prmdestinatione.

2170 5504 2311 5557 Item
2343 5503 2412 5558 de
2440 5506 2688 5573 Corpore
2715 5512 2771 5561 et
2795 5506 3082 5579 Sanguine
3112 5511 3361 5579 Domini,
3392 5529 3521 5568 cum
3562 5515 3690 5568 aliis
3724 5516 3859 5569 mul-

2168 5591 2240 5645 tis
2274 5608 2401 5662 quce
2433 5593 2503 5648 ad
2544 5593 2807 5649 notitiam
2834 5602 3044 5653 nostra
3088 5599 3349 5655 lectionis
3387 5618 3502 5656 non
3560 5608 3855 5657 venerunt.
