3920 6224
154 330 202 382 t3
1208 323 1298 377 DE
1331 320 2006 379 PREDESTINATIONE
2040 321 2174 376 DEI.
2216 349 2283 360 —
2310 318 2439 375 LIB.
2470 321 2513 374 Ι.
3551 320 3617 373 14

1659 464 3595 496 ___________—_—___—___—.__—————-——-L

1327 628 1834 702 PRJEFATIO
1901 624 2406 699 AUCTOBIS.

1714 815 2015 822 *ἡ

210 936 429 992 Domino
458 934 713 1006 glorioso
751 937 920 1004 atque
978 930 1509 1002 praecellentissimo
1556 930 1806 1002 principi
1847 935 1887 987 A
1923 931 2166 1001 jungere
2193 930 2428 1001 dignata
2460 934 2563 994 est,
2600 933 2662 983 ut
2692 929 2760 982 de
2793 944 2981 999 nuper
3029 932 3226 983 exorta
3272 930 3615 1000 quastione,

152 1029 337 1083 CAROLO
372 1026 728 1079 Raraauuus.

204 1116 325 1168 Cum
355 1113 539 1166 virtus
570 1117 627 1165 ct
666 1109 945 1180 sapientia
1000 1109 1218 1180 regiam
1259 1109 1616 1179 majestatem
1672 1108 1813 1162 illu-

148 1207 315 1268 strent,
373 1201 558 1255 virtus
615 1198 877 1253 videlicet
932 1214 1047 1269 qua
1095 1197 1450 1251 adversarios
1497 1200 1812 1267 expugnet,

149 1290 394 1361 sapientia
444 1305 564 1360 qua
636 1286 967 1358 reipublicae
1021 1302 1230 1356 corpus
1297 1302 1466 1339 omne
1523 1285 1813 1356 disponat,

150 1378 603 1449 magnificentiam
647 1380 892 1430 vestram
922 1376 1045 1429 haec
1098 1375 1211 1428 duo
1263 1374 1472 1428 clarius
1522 1375 1812 1441 attollunt,

148 1468 270 1539 quod
297 1467 541 1521 caelestis
582 1464 883 1535 sapientiae
932 1468 1150 1518 secreta
1196 1462 1533 1534 perquiritis
1579 1469 1635 1517 et
1677 1463 1817 1517 reli-

147 1556 303 1628 gionis
333 1572 530 1609 amore
566 1552 842 1624 flagratis.
873 1553 1001 1606 [Iaso
1032 1553 1184 1605 enim
1218 1568 1312 1605 vos
1344 1552 1635 1621 prioribus
1666 1568 1819 1607 com-

149 1649 320 1714 parant
347 1642 734 1713 principibus,
779 1640 880 1711 qui
929 1641 1206 1694 virtutum
1253 1640 1511 1709 potentia
1560 1639 1814 1693 hostium

150 1734 264 1791 colla
293 1732 668 1800 subegerunt,
711 1735 767 1783 et
811 1729 1107 1800 sapientiae
1157 1728 1380 1798 fulgore
1422 1732 1476 1781 et
1525 1726 1819 1796 religionis

152 1816 338 1872 honore
368 1818 542 1872 amici
574 1817 674 1871 Dei
705 1816 837 1870 facti
867 1821 997 1869 sunt
1036 1832 1047 1869 :
1080 1815 1255 1868 David
1300 1814 1542 1868 dicimus
1574 1820 1628 1867 et
1658 1813 1818 1867 Salo—

154 1922 375 1973 monem,
408 1906 738 1973 Ezechiam,
772 1909 828 1958 et
855 1904 1088 1972 Josiam,
1126 1904 1336 1973 quibus
1367 1903 1513 1957 sicut
1558 1903 1669 1956 fuit
1696 1906 1821 1956 stu—

152 1994 281 2049 dium
306 1995 453 2048 circa
489 1995 698 2049 divinas
755 1993 1049 2063 sapientiae
1102 1993 1373 2063 mysteria
1429 1992 1694 2057 detineri,
1745 1992 1824 2045 ita

151 2100 322 2137 eorum
352 2084 511 2136 fama
541 2089 599 2136 et
627 2066 966 2135 immortalis
1000 2080 1209 2146 existit,
1244 2085 1296 2133 et
1329 2079 1629 2150 stipendiis
1661 2084 1825 2133 aeter-

1923 1020 2019 1073 sed
2048 1019 2186 1073 olim
2204 1019 2327 1089 jam
2358 1036 2391 1073 a
2419 1018 2626 1073 sanctis
2656 1018 2922 1073 Patribus
2951 1016 3350 1086 determinata,
3382 1019 3620 1074 collecta

1924 1125 1989 1162 ex
2020 1112 2349 1163 sanctorum
2382 1108 2543 1162 libris
2573 1107 2821 1177 capitula
2852 1106 3012 1160 vobis
3042 1106 3372 1177 dirigerem,
3413 1108 3619 1178 quibus

1925 1196 2175 1267 qualiter
2205 1197 2274 1251 de
2305 1213 2371 1251 ea
2404 1196 2685 1251 sentirent
2734 1195 3094 1249 manifestius
3140 1195 3301 1249 vobis
3347 1196 3615 1253 eluceret.

1928 1286 2069 1339 Cum
2120 1287 2275 1340 enim
2325 1286 2590 1339 universa
2631 1289 2794 1339 caute
2844 1283 3159 1355 disquiritis
3206 1289 3262 1337 et
3318 1284 3623 1355 diligenter

1927 1374 2256 1444 disponitis,
2287 1378 2412 1428 tum
2444 1390 2676 1445 quoque
2707 1374 2764 1427 in
2795 1374 2900 1427 hac
2924 1372 3261 1444 quaestione,
3295 1374 3458 1443 cujus
3479 1390 3623 1443 pro-

1924 1461 2175 1517 funditas
2227 1464 2437 1517 multos
2514 1464 2762 1532 caligare
2819 1462 2972 1529 facit,
3027 1461 3280 1516 studiose
3356 1462 3517 1517 valde
3567 1467 3623 1517 et

1929 1553 2181 1606 modeste
2237 1552 2521 1617 inceditis,
2582 1559 2646 1606 ut
2705 1558 3032 1605 sanctorum
3083 1551 3396 1605 sententias
3437 1567 3501 1604 ex
3560 1567 3626 1605 ea

1928 1645 2353 1712 cognoscentes,
2385 1640 2522 1709 quid
2553 1644 2751 1710 postea
2788 1638 3153 1710 prudentiam
3186 1643 3433 1693 vestram
3456 1655 3625 1710 agere

1929 1734 2195 1799 oporteat
2217 1729 2565 1783 deliberetis.
2602 1730 2713 1799 Ego
2743 1734 2959 1795 autem,
2997 1727 3233 1797 cupiens
3270 1742 3472 1796 parere
3505 1744 3627 1781 ma-

1931 1818 2249 1889 gnitudinis
2278 1823 2478 1871 vestrae
2504 1818 2770 1888 imperio,
2804 1816 3075 1886 colligere
3110 1814 3303 1868 studui
3331 1832 3399 1869 ex
3430 1816 3626 1870 catho-

1932 1907 2169 1961 licorum
2218 1907 2514 1961 doctorum
2557 1905 2877 1974 sententiis,
2913 1921 3043 1975 quae
3083 1918 3187 1975 pro
3219 1902 3495 1957 brevitate
3540 1904 3629 1958 sui

1935 1995 2404 2066 occupationibus
2460 1995 2661 2049 vestris
2724 2010 2839 2048 non
2899 1994 3045 2048 ﬁant
3107 2010 3386 2061 ouerosae,
3421 1999 3478 2049 et
3526 2009 3629 2063 pro

1935 2084 2350 2138 sententiarum
2378 2083 2738 2155 plenitudine
2769 2082 2852 2136 rei
2889 2084 3189 2138 veritatem
3239 2101 3355 2139 non
3393 2084 3633 2137 abscon-

150 2187 221 2265 ﬂif
246 2168 1160 2265 beatitudinis.ornatafefulget:
1193 2168 1448 2265 Qtlol‘um
1508 2167 1823 2221 imitatores
1866 2211 1909 2265 Β
1937 2172 2093 2227 dant.
2127 2174 2196 2226 Et
2224 2173 2360 2243 quia
2390 2173 2560 2242 hujus
2592 2172 2943 2242 quaestionis,
2980 2172 3032 2225 id
3066 2177 3148 2227 est
3180 2173 3248 2227 de
3272 2171 3638 2243 praedestina-

152 2260 327 2324 effecti,
360 2258 693 2313 admirabili
726 2258 1033 2329 prudentia
1082 2257 1413 2327 reipublicaa
1460 2261 1658 2310 vestrae
1714 2260 1827 2309 sta-

148 2352 249 2401 tum
272 2346 598 2419 disponitis,
631 2351 687 2401 et
712 2345 935 2417 potenti
962 2346 1169 2399 virtute
1205 2344 1459 2399 hostium
1491 2344 1638 2398 vires
1691 2344 1836 2398 sub-

154 2436 315 2506 igitis;
348 2442 403 2490 et
432 2435 713 2490 ineffabili
736 2433 1029 2505 religionis
1058 2449 1255 2487 amore
1274 2433 1586 2487 caelestium
1610 2432 1836 2502 sapien-

163 2524 279 2577 tiam
319 2529 676 2579 secretorum
718 2522 1055 2594 disquiritis,
1098 2527 1154 2575 et
1203 2521 1696 2592 quemadmodum
1738 2536 1835 2574 ca-

154 2612 353 2667 tholicae
414 2612 558 2668 ﬁdei
619 2616 801 2666 status
868 2611 1217 2665 inviolabilis
1277 2614 1620 2680 perseveret,
1677 2608 1837 2663 omni

155 2702 427 2771 vigilantia
460 2700 791 2756 elaboratis.
824 2701 940 2754 Hoc
969 2703 1160 2753 autem
1192 2699 1445 2753 studium
1478 2704 1534 2752 et
1566 2698 1685 2752 haec
1722 2696 1837 2751 vir-

154 2796 316 2844 tutum
348 2790 608 2861 insignia
638 2805 757 2844 non
804 2794 1082 2860 tanquam
1132 2787 1442 2859 peregrina
1487 2790 1543 2840 et
1572 2786 1838 2841 laborum

156 2879 333 2933 studiis
363 2882 706 2950 comparata
742 2878 905 2932 vobis
937 2877 1168 2943 adsunt,
1204 2877 1299 2930 sed
1322 2876 1495 2929 veluti
1521 2873 1835 2929 naturalia:

156 2967 417 3039 siquidem
460 2967 732 3039 gloriosa:
772 2966 1065 3022 memoriae
1101 2965 1343 3035 Augusti
1370 2969 1533 3035 pater
1581 2968 1637 3017 et
1679 2979 1837 3027 avus,

157 3060 198 3107 et
215 3058 490 3111 virtutum
527 3055 722 3124 armis,
758 3058 816 3109 et
845 3054 1145 3125 sapientia:
1179 3054 1407 3120 decore,
1442 3057 1497 3106 et
1544 3051 1841 3122 religionis

155 3145 495 3199 sublimitate
535 3144 679 3199 adeo
730 3143 1086 3210 effulserunt,
1120 3147 1184 3197 ut
1243 3142 1521 3195 virtutum
1577 3138 1840 3210 magnifi-

155 3234 316 3287 centia
362 3238 423 3289 et
451 3233 686 3305 priores
715 3237 846 3287 ante
890 3248 949 3286 se
998 3248 1163 3303 reges
1201 3230 1680 3301 incomparabiles
1734 3228 1844 3281 sibi

156 3327 554 3390 monstrarent,
590 3326 646 3376 et
673 3321 919 3392 posteris
969 3318 1311 3374 imitationis
1356 3319 1620 3388 exempla
1666 3317 1840 3371 relin-

160 3416 422 3481 querent;
459 3428 496 3465 a
523 3410 734 3482 quibus
763 3415 829 3464 ut
856 3409 1139 3479 originem
1172 3407 1467 3478 sanguinis
1505 3406 1731 3471 ducitis,
1765 3406 1843 3459 ita

1945 2262 2127 2331 tione,
2161 2261 2511 2332 profundum
2534 2261 2699 2315 valde
2745 2260 3078 2330 mysterium
3112 2264 3217 2326 est,
3264 2260 3434 2314 statui
3476 2260 3637 2329 prius

1948 2351 2016 2405 de
2048 2350 2242 2405 divina
2270 2350 2645 2420 dispositione
2686 2353 3011 2402 sanctorum
3062 2350 3294 2403 Patrum
3343 2348 3639 2419 proferens

1946 2438 2278 2493 testimonia
2312 2438 2521 2506 dicere,
2557 2438 2764 2492 deinde
2796 2437 2866 2491 ad
2888 2436 3414 2507 praedestinationis
3447 2452 3641 2491 narra-

1946 2527 2162 2583 tionem
2218 2528 2412 2582 venire
2470 2531 2583 2581 :ut
2622 2542 2753 2580 cum
2792 2527 3099 2596 probatum
3145 2525 3319 2581 fuerit
3379 2526 3641 2580 universa

1948 2633 2077 2689 quae
2107 2621 2388 2686 geruntur
2410 2615 2469 2669 in
2502 2614 2716 2668 mundo
2749 2614 2957 2668 divinae
2990 2614 3430 2684 dispensationis
3459 2629 3641 2668 secre-

1947 2706 2018 2760 tis
2049 2704 2354 2772 moderari,
2389 2703 2608 2759 facilior
2637 2702 3033 2770 intelligentiae
3063 2703 3155 2757 via
3182 2707 3382 2773 pareat
3404 2702 3473 2756 ad
3495 2718 3642 2773 pree-

1949 2793 2349 2849 destinationis
2398 2791 2943 2846 manifestationem.
2987 2794 3053 2845 In
3102 2808 3216 2861 quo
3276 2807 3452 2862 opere
3498 2790 3645 2844 sicut

1949 2882 2367 2953 magnitudinis
2395 2886 2596 2934 vestras
2619 2879 2939 2951 jussionem
2977 2879 3213 2950 exsequi
3244 2880 3530 2949 cupimus,
3564 2878 3644 2932 ita

1950 2970 2310 3026 clementiam
2344 2984 2643 3023 exoramus
2686 2972 2750 3022 ut
2802 2984 3003 3022 eorum
3037 2983 3165 3038 qua:
3221 2966 3534 3023 dixerimus
3590 2972 3647 3022 et

1951 3060 2222 3132 probator
2252 3059 2375 3113 sitis
2406 3062 2462 3112 et
2485 3058 2660 3129 judex
2695 3074 2706 3111 :
2741 3062 2797 3111 et
2829 3057 2876 3110 si
2905 3056 3043 3127 quid
3064 3056 3209 3111 bene
3236 3056 3450 3111 dictum
3474 3056 3647 3111 fuerit

1950 3154 2139 3203 vestra
2196 3147 2479 3202 sententia
2534 3145 2934 3213 conﬁrmetur;
2991 3145 3039 3198 si
3096 3143 3233 3215 quid
3288 3160 3421 3199 vero
3481 3143 3647 3198 aliter

1953 3236 2114 3293 vobis
2144 3236 2329 3289 visum
2377 3235 2570 3303 fuerit,
2613 3249 2717 3306 per
2757 3250 2855 3288 vos
2906 3233 3310 3303 redarguetur,
3366 3232 3645 3304 nobisque

1954 3324 2325 3380 correctionis
2352 3328 2556 3378 vestrae
2590 3322 2871 3377 sententia
2896 3326 3134 3393 propter
3172 3322 3403 3393 pietatis
3448 3327 3648 3375 vestra:

1954 3413 2319 3468 clementiam
2387 3428 2504 3466 non
2569 3412 2972 3483 abscondatur,
3038 3426 3142 3464 nec
3206 3410 3277 3464 ad
3333 3410 3648 3465 multorum

158 3499 441 3570 utriusque
506 3498 763 3570 parentis
797 3503 852 3552 et
887 3498 1157 3551 virtutem
1190 3501 1246 3550 et
1277 3496 1616 3567 religionem
1660 3493 1846 3564 possi-
1886 3491 1925 3545 C
1959 3507 2327 3573 conspectum
2376 3500 2586 3567 veniat,
2631 3499 2740 3553 nisi
2801 3499 3079 3570 sapientia
3137 3502 3321 3553 vestra
3378 3514 3647 3570 οοηιριοο-

158 3585 301 3639 detis.
333 3587 451 3641 Sed
482 3586 533 3640 si
553 3586 725 3641 altius
760 3587 1023 3641 volumus
1057 3584 1375 3639 nobilitatis
1402 3587 1602 3637 vestra:
1642 3599 1849 3653 proge-

162 3674 293 3728 niem
334 3675 653 3746 speculari,
713 3674 975 3729 videmus
1004 3673 1244 3745 originis
1297 3677 1495 3726 vestras
1547 3675 1851 3724 stemmata

161 3764 433 3817 saecularis
465 3763 746 3835 potentias
769 3762 1014 3833 gloriam
1040 3777 1269 3832 semper
1296 3759 1593 3830 religionis
1635 3759 1852 3813 honore

161 3850 464 3906 decorasse.
515 3851 679 3905 Unde
701 3855 923 3905 constat
950 3867 1048 3904 vos
1076 3866 1193 3904 non
1231 3850 1415 3903 solum
1447 3848 1624 3919 regali
1671 3846 1859 3917 digni-

159 3944 251 3993 tate
287 3940 695 4011 insignitatem
727 3939 958 4006 habere,
991 3939 1085 3993 sed
1128 3942 1184 3993 et
1234 3941 1444 3991 sanctas
1485 3935 1676 4007 stirpis
1715 3951 1850 4005 pro-

158 4028 347 4097 pagine
379 4029 696 4100 religionis
726 4028 1001 4099 [studium
1050 4026 1362 4097 possidere.
1412 4025 1587 4096 Cujus
1618 4039 1849 4095 quoque

162 4115 446 4189 religionis
492 4133 693 4171 amore
742 4116 1052 4171 humilitati
1091 4119 1306 4170 nostra;
1351 4114 1617 4184 majestas
1664 4117 1851 4168 vestra

1957 3590 2176 3645 baverit
2201 3594 2352 3644 recte
2383 3589 2531 3644 dicta
2576 3605 2696 3643 esse
2727 3604 2856 3659 quae
2902 3586 3331 3658 protulerimus.
3384 3586 3451 3640 Et
3497 3585 3651 3656 quod

1961 3678 2083 3732 haec
2146 3677 2435 3748 postulare
2489 3677 2918 3747 praesumimus,
2972 3692 3090 3729 non
3147 3674 3466 3728 temerariae
3496 3690 3650 3743 prte-

1963 3764 2277 3835 sumptioni
2308 3765 2544 3834 deputet
2573 3763 2911 3834 magnitudo
2940 3767 3144 3827 vestra,
3190 3761 3291 3816 sed
3340 3760 3652 3815 humilitati

1966 3859 2026 3908 et
2052 3852 2431 3919 verecundiae,
2464 3868 2592 3923 quas
2622 3867 2738 3905 non
2787 3851 2974 3906 solum
3025 3866 3128 3922 pro
3186 3849 3390 3903 erratis
3444 3848 3654 3904 timent

1956 3942 2183 4011 publice
2209 3940 2435 4005 discuti,
2468 3956 2666 3995 verum
2696 3940 2869 3995 etiam
2899 3939 2959 3994 in
2985 3939 3134 3994 bene
3177 3938 3343 3994 dictis
3380 3942 3650 3993 verentur

1956 4030 2258 4103 publicari.

1546 4430 1830 4504 LIBER
1893 4427 2280 4503 PRIMUS.

1462 4609 1552 4664 DE
1588 4607 1833 4662 DIVINA
1872 4603 2375 4661 DISPOSITIONE.

1767 4765 2067 4779 .—

203 4844 319 4972 βοά
340 4889 476 4961 jam
512 4884 591 4941 ad
624 4881 981 4955 propositam
1032 4879 1352 4936 veniamus.
1386 4879 1565 4933 Nemo
1609 4875 1871 4949 quisquis
1979 4873 2134 4928 nuda
2165 4875 2301 4927 sunt
2331 4875 2387 4926 et
2425 4873 2645 4972 apert:
2649 4866 2830 4923 oculis
2850 4867 3026 4972 \ejus':
3048 4868 3105 4972 et
3134 4860 3462 4972 quiLomp‘ia
3488 4862 3669 4972 novit,

165 4949 289 5032 bet-ne
320 4949 519 5032 c'redit
551 4949 850 5038 in-Deum,
883 4970 1104 5025 dubitat
1126 4968 1439 5042 praesentia
1480 4966 1635 5021 illius
1663 4965 1871 5019 coelum
1979 4961 2234 5033 disponit
2263 4959 2529 5013 universa
2558 4957 2756 5024 (Hebr.
2794 4955 2949 5042 IV).ng
2984 4951 3143 5005 Unde
3195 4949 3341 5005 liber
3368 4950 3676 5021 Sapientia:

164 5068 485 5138 terramque
521 5040 1260 5129 contineri,’mundumque
1283 5055 1648 5128 providentia
1679 5052 1873 5107 divina
1978 5048 2240 5120 loquitur
2271 5064 2285 5102 :
2320 5071 2345 5094 ‹‹
2376 5048 2439 5100 In
2479 5058 2652 5099 manu
2685 5042 2839 5095 enim
2866 5040 3020 5094 illius
3059 5043 3117 5093 et
3147 5054 3267 5101 nos,
3304 5042 3360 5093 et
3385 5054 3677 5093 sermones

163 5156 291 5224 regi;
342 5128 406 5209 et
440 5154 600 5208 sicut
634 5150 779 5205 nihil
812 5150 951 5203 latet
989 5128 1325 5218 sapientiam
1361 5147 1505 5215 ejus,
1554 5144 1635 5198 ita
1674 5142 1867 5212 dispo-
1908 5195 1950 5224 ῃ
1981 5137 2182 5205 nostri,
2217 5142 2273 5191 et
2328 5134 2511 5224 omnis
2568 5129 2867 5224 sapientia,
2929 5134 3259 5224 etoperum
3320 5128 3578 5195 scientia,
3622 5131 3680 5181 et

164 5216 271 5298 sitio
299 5244 467 5298 illius
500 5240 779 5296 universa
825 5216 1159 5291 moderatur
1191 5240 1247 5289 et
1278 5234 1446 5306 regit.
1506 5232 1664 5287 Sicut
1702 5230 1857 5285 enim
1908 5216 1950 5249 υ
1983 5224 2285 5295 disciplina
2322 5240 2334 5277 :
2369 5223 2491 5293 ipse
2522 5219 2675 5274 enim
2709 5218 2869 5272 dedit
2905 5217 3047 5272 mihi
3069 5216 3329 5271 omnium
3375 5232 3504 5287 quas
3545 5220 3680 5270 sunt

160 5332 294 5385 nulla
324 5337 416 5387 est
461 5332 739 5384 creatura
768 5326 988 5379 occulta
1020 5324 1079 5377 in
1120 5326 1426 5393 conspectu
1477 5320 1652 5388 illius,
1699 5319 1777 5372 ita
1807 5322 1862 5372 et
1974 5314 2270 5369 scientiam
2304 5326 2519 5378 veram,
2559 5312 2624 5363 ut
2674 5308 2851 5361 sciam
2893 5306 3325 5378 dispositionem
3361 5305 3533 5379 orbis
3558 5309 3673 5358 ter-

163 5421 397 5474 actiones
428 5417 754 5473 hominum
784 5419 840 5467 et
868 5413 1242 5484 cogitationes
1272 5410 1449 5477 novit,
1485 5409 1640 5480 quia,
1666 5422 1863 5461 secun—
1971 5419 2185 5467 rarum,
2218 5405 2272 5456 et
2327 5400 2601 5453 virtutem
2646 5397 3104 5462 elementorum;
3143 5394 3373 5449 initium
3421 5397 3478 5448 et
3526 5409 3667 5446 con-

163 5504 278 5560 dum
334 5506 673 5577 Scriptura
720 5500 928 5556 divinae
945 5480 1416 5555 auctoritatem:
1469 5513 1495 5550 ‹
1557 5495 1722 5550 Nulla
1778 5498 1865 5549 est
1971 5491 2420 5547 summationem
2452 5494 2509 5543 et
2535 5487 2900 5543 medietatem
2930 5490 3283 5554 temporum,
3326 5480 3668 5537 vicissitudi-

170 5601 418 5652 creatura
453 5571 779 5649 invisibilis
824 5589 884 5644 in
933 5593 1239 5660 conspectu
1298 5586 1483 5652 illius;
1518 5584 1615 5640 sed
1676 5584 1872 5638 omnia
1982 5595 2119 5635 num
2145 5577 2623 5649 permutationes,
2655 5580 2711 5629 et
2761 5571 3287 5629 consummationes
3323 5573 3648 5637 temporum
