3920 6224
305 329 369 380 15
1442 321 1800 378 RATRAMNI
1838 323 2303 381 CORBEIENSIS
2335 320 2649 379 MONACHI
3717 327 3770 376 16

300 476 529 514 morum
560 457 923 524 mutationes,
966 460 1021 511 et
1059 456 1366 510 divisiones
1419 460 1748 525 temporum
1783 473 1794 509 :
1849 455 1989 509 anni
2024 459 2067 511 A
2099 456 2407 510 stinatioue
2437 459 2493 509 et
2523 455 2730 509 electos
2767 453 3023 524 disponit
3054 453 3121 507 ad
3160 458 3505 523 regnum,et
3522 456 3773 525 reprobos

300 564 497 601 cursus
520 553 577 602 et
622 547 914 601 stellarum
973 544 1398 615 dispositiones,
1440 544 1553 595 vim
1590 549 1895 597 ventorum
1935 550 1994 597 et

298 637 671 707 cogitationes
702 635 1028 699 hominum,
1072 632 1450 687 differentiam
1493 632 1761 685 arborum
1791 636 1847 686 et
1876 631 1989 685 vir-

298 730 450 778 tutes
475 724 764 789 radicum;
790 727 845 775 et
874 738 1233 793 quaecunque
1284 725 1419 774 sunt
1467 720 1742 773 absconsa
1796 725 1854 773 et
1881 720 1989 773 im-

296 814 539 883 przevisa
594 810 815 866 didici:
879 811 1141 864 omnium
1195 809 1349 862 enim
1408 807 1609 861 artifex
1662 808 1859 863 docuit
1899 824 1989 861 me

298 902 761 971 sapientia(Sap.
794 900 907 969 vn).
946 920 966 946 ι
1016 900 1144 952 Ηθεε
1175 898 1286 952 dici
1331 914 1443 950 non
1486 898 1553 950 de
1594 897 1788 967 aliquo
1840 912 1991 949 mor-

299 990 396 1043 tali
427 989 789 1043 manifestum
819 992 923 1053 est,
970 987 1078 1039 nisi
1127 988 1196 1039 de
1246 987 1366 1039 solo
1410 985 1724 1039 mediatore
1779 984 1879 1038 Dei
1934 989 1990 1037 et

296 1077 621 1143 hominum,
654 1076 755 1145 qui
800 1090 868 1129 ex
919 1090 985 1128 eo
1052 1074 1205 1143 quod
1256 1073 1435 1127 virtus
1487 1077 1543 1127 et
1573 1072 1856 1143 sapientia
1890 1071 1989 1126 Dei

296 1166 479 1219 Patris
509 1169 611 1230 est,
642 1180 705 1217 ex
739 1180 804 1216 eo
839 1166 1028 1216 autem
1059 1161 1216 1233 quod
1246 1162 1419 1214 homo
1460 1161 1640 1214 factus
1683 1166 1786 1226 est,
1827 1176 1986 1213 acce-

296 1255 380 1324 pit
412 1254 810 1307 universorum
861 1251 1158 1304 scientiam
1213 1254 1268 1303 et
1318 1249 1791 1318 intelligentiam;
1853 1251 1988 1319 quia

296 1342 609 1394 secundum
672 1339 965 1409 Evangelii
1012 1338 1483 1408 protestationem
1553 1339 1748 1407 plenus
1804 1340 1989 1403 gratia

296 1436 345 1485 et
374 1428 1177 1494 veritateconsistens,sicutex
1208 1443 1273 1479 eo
1300 1426 1451 1497 quod
1468 1427 1641 1479 homo
1665 1426 1844 1480 factus
1881 1433 1983 1492 est,

296 1535 529 1589 corpore
588 1518 1051 1585 circumscriptus
1083 1516 1208 1581 fuit,
1238 1514 1315 1568 ita
1351 1530 1416 1567 ex
1451 1531 1516 1567 eo
1561 1515 1717 1584 quod
1758 1516 1986 1570 Verbum

295 1624 418 1661 caro
448 1609 655 1673 factum
686 1612 782 1670 est,
818 1605 1013 1658 omnia
1052 1620 1408 1673 quaecunque
1460 1608 1591 1655 sunt
1625 1604 1901 1656 absconsa
1933 1610 1987 1657 et

293 1695 618 1765 impraevisa
651 1694 825 1760 novit,
851 1699 906 1747 et
932 1694 1127 1745 omnia
1172 1692 1463 1762 prospicit,
1508 1698 1562 1745 et
1590 1692 1741 1761 capit
1790 1708 1985 1746 omnes

296 1785 530 1855 spiritus
555 1782 963 1852 intelligibiles,
988 1788 1043 1833 et
1075 1781 1220 1833 sicut
1248 1780 1404 1834 novit
1424 1779 1617 1833 omnia
1640 1796 1766 1834 cum
1802 1783 1984 1848 Patre,

292 1875 374 1927 ita
404 1872 655 1943 disponit
697 1871 960 1924 universa
998 1885 1128 1923 cum
1181 1869 1301 1921 illo.
1356 1870 1434 1922 De
1483 1868 1608 1938 ipsa
1654 1874 1846 1922 autem
1892 1886 1987 1922 sa-

295 1962 512 2032 pientia
571 1961 987 2029 subsequenter
1043 1957 1103 2010 in
1160 1957 1357 2010 eodem
1405 1957 1549 2010 libro
1618 1958 1881 2010 scribitur
1908 1958 1989 2010 ita

294 2049 690 2120 prosequendo
725 2064 737 2101 :
777 2070 795 2096 ι
834 2047 1083 2115 Attingit
1114 2050 1304 2099 autem
1327 2046 1542 2116 ubique
1563 2051 1798 2116 propter
1825 2062 1987 2099 suam

296 2138 635 2191 munditiam
668 2136 866 2205 (lbid.)
895 2151 907 2201 ;
942 2154 968 2185 »
1001 2134 1138 2187 item
1174 2150 1185 2186 :
1225 2156 1250 2181 ‹‹
1299 2133 1543 2203 Attingit
1586 2151 1618 2187 a
1648 2135 1760 2188 fine
1805 2150 1986 2205 usque

293 2228 363 2280 ad
412 2227 584 2280 linem
638 2224 880 2289 fortiter,
921 2228 977 2276 et
1024 2222 1273 2293 disponit
1303 2223 1497 2276 omnia
1538 2224 1786 2276 suaviter
1830 2225 1982 2293 (Scip.

294 2316 431 2385 vui).
470 2334 496 2365 ι)
530 2314 635 2377 Qui
671 2328 806 2382 ergo
836 2313 1032 2366 omnia
1072 2311 1248 2377 novit,
1307 2316 1364 2364 et
1430 2312 1626 2365 omnia
1678 2312 1982 2378 concludit,

292 2406 545 2457 continet
609 2408 779 2473 atque
849 2401 1124 2471 disponit,
1181 2400 1494 2470 praeterita,
1569 2400 1876 2470 praesentia
1932 2404 1985 2453 et

294 2494 482 2546 futura
522 2506 888 2561 nequaquam
918 2506 1046 2542 eum
1082 2490 1280 2556 latent,
1313 2489 1458 2542 sicut
1485 2493 1540 2541 et
1588 2488 1852 2557 superius
1885 2488 1982 2553 ait,

293 2582 430 2652 quia
482 2580 704 2634 dederit
753 2577 995 2643 homini,
1053 2582 1118 2630 ut
1175 2581 1543 2647 cognosceret
1577 2595 1602 2625 α
1659 2576 1889 2629 initium
1931 2582 1987 2629 et

296 2670 655 2723 medietatem
720 2672 777 2721 et
833 2666 1389 2719 consummationem
1449 2672 1867 2735 temporum.»
1928 2664 1985 2719 Si

292 2759 445 2811 enim
480 2759 582 2811 hoc
603 2757 776 2810 homo
805 2772 867 2808 ex
890 2756 1042 2808 dono
1064 2754 1162 2808 Dei
1194 2754 1532 2823 promeruit,
1558 2758 1771 2824 quanto
1805 2753 1985 2823 magis

292 2849 408 2913 ille,
443 2847 541 2917 qui
590 2847 712 2899 hare
744 2844 946 2898 tribuit
985 2842 1279 2913 cognoscit
1310 2858 1322 2896 :
1358 2859 1494 2913 ergo
1553 2844 1686 2913 quia
1720 2842 1876 2895 novit
1930 2847 1985 2895 et

293 2935 603 3006 prieterita,
638 2938 694 2987 et
723 2932 1048 3002 przeseutia,
1082 2936 1137 2984 et
1168 2930 1380 2997 futura,
1424 2930 1713 3000 dispensat
1756 2930 1854 2983 illa
1901 2936 1979 2985 at-

293 3041 404 3095 que
431 3021 789 3093 disponit;et
818 3020 917 3090 qui
950 3019 1108 3073 novit
1139 3040 1165 3068 α
1199 3019 1571 3088 cogitationes
1600 3019 1923 3085 hominum,
1955 3039 1976 3066 ι

292 3116 413 3185 ipse
458 3112 657 3182 utique
691 3109 945 3180 disponit
973 3124 1066 3162 eas
1127 3124 1241 3161 non
1291 3108 1477 3160 solum
1534 3108 1726 3171 bonas,
1784 3124 1982 3161 verum

293 3204 466 3256 etiam
496 3205 550 3253 et
592 3200 789 3252 malas.
846 3196 1115 3261 Quamvis
1178 3196 1329 3249 enim
1365 3212 1554 3265 prava:
1608 3196 1982 3265 cogitationes

292 3290 591 3345 hominum
624 3302 737 3340 non
768 3287 881 3338 sint
907 3302 938 3338 a
966 3285 1102 3349 Deo,
1133 3300 1247 3337 non
1300 3288 1496 3338 tamen
1528 3285 1651 3353 ejus
1682 3284 1980 3354 cogitatio-

292 3396 426 3434 nem
484 3377 786 3446 etfugiunt,
851 3378 952 3427 aut
1000 3372 1309 3425 voluntatis
1362 3373 1483 3442 ejus
1551 3372 1980 3443 dispositionem

292 3466 817 3538 transgrediuntur;
897 3462 1046 3516 unde
1104 3461 1385 3515 bonarum
1458 3461 1867 3531 cogitationum
1927 3468 1984 3515 et

293 3561 487 3610 auctor
516 3559 600 3607 est
620 3558 675 3607 et
705 3552 1021 3616 ordinator,
1051 3551 1334 3604 malarum
1363 3565 1499 3602 vero
1530 3550 1828 3603 ordinator
1848 3554 1981 3603 tan—

289 3648 432 3707 tum,
465 3658 581 3695 non
612 3656 743 3694 vero
765 3644 982 3706 auctor,
1018 3639 1152 3709 quia
1185 3657 1212 3689 (ι
1238 3639 1470 3708 attingit
1499 3655 1531 3691 a
1563 3639 1673 3692 line
1706 3655 1889 3709 usque
1911 3639 1978 3692 ad

290 3732 462 3785 tinem
493 3730 735 3795 fortiter,
779 3734 835 3782 et
887 3727 1137 3798 disponit
1192 3726 1387 3780 omnia
1451 3728 1776 3781 suaviter.»
1829 3727 1983 3782 Sicut

288 3837 425 3891 ergo
456 3820 597 3887 haec,
633 3820 709 3872 ita
740 3818 911 3871 etiam
943 3823 998 3870 et
1028 3818 1340 3871 electorum
1374 3832 1679 3871 numerum
1713 3822 1767 3871 et
1790 3834 1981 3888 repro-

287 3910 491 3963 borum
521 3906 805 3977 cognovit,
849 3911 905 3960 et
935 3907 1081 3960 sicut
1119 3906 1517 3960 universorum
1551 3906 1844 3961 ordinator
1872 3911 1976 3971 est,

290 3998 368 4051 sic
413 3996 585 4049 etiam
626 4000 680 4047 et
731 4011 931 4049 eorum
964 4011 976 4048 :
1014 4010 1115 4048 nec
1146 3998 1371 4048 tantum
1430 3994 1638 4047 horum
1695 4000 1821 4048 acta
1850 4010 1979 4064 quae

289 4086 497 4155 gerunt
534 4083 592 4137 in
625 4082 891 4153 praesenti
924 4082 1057 4146 vita,
1100 4082 1198 4135 sed
1238 4086 1295 4135 et
1322 4082 1463 4135 lines
1499 4099 1696 4135 eorum
1740 4087 1794 4136 et
1823 4082 1981 4135 novit

289 4178 345 4227 et
374 4170 644 4241 disponit.
679 4169 935 4234 Qualiter
981 4173 1169 4222 autem
1216 4170 1284 4221 de
1348 4170 1591 4239 singulis
1650 4175 1796 4239 agat,
1860 4186 1974 4222 non

289 4278 434 4315 novo
465 4259 721 4322 consilio,
751 4274 851 4310 nec
884 4273 1027 4310 nova
1054 4256 1402 4327 cogitatione
1450 4258 1718 4327 concipit,
1769 4258 1869 4312 sed
1917 4257 1975 4310 in
2018 4294 2061 4346 Β

289 4348 603 4403 mternitate
636 4346 1036 4416 dispositiones
1066 4362 1182 4399 sum
1202 4347 1460 4399 universa
1486 4346 1977 4416 quemadmodum

289 4440 569 4507 geruntur
597 4450 699 4505 per
718 4434 1101 4488 successiones
1132 4439 1455 4503 temporum
1484 4434 1761 4504 disposita
1812 4436 1977 4502 sunt;

289 4526 446 4596 quia,
475 4522 721 4577 sicutait
740 4522 1062 4592 Apostolus,
1103 4522 1311 4593 «apud
1365 4524 1540 4576 Deum
1580 4539 1695 4575 non
1741 4526 1827 4576 est
1866 4523 1981 4576 ulla

287 4612 678 4673 commutatio,
711 4627 818 4665 nec
867 4610 1272 4663 vicissitudinis
1324 4610 1711 4664 obumbratio.
1751 4632 1777 4658 »
1824 4610 1981 4664 Sicut

286 4703 440 4756 enim
473 4706 720 4755 aeternus
745 4704 848 4765 est,
884 4699 963 4753 ita
990 4704 1045 4752 et
1081 4698 1428 4752 aeternaliter
1454 4699 1649 4751 omnia
1698 4699 1890 4766 novit;
1924 4702 1980 4754 et

287 4792 430 4844 sicut
456 4790 649 4844 omnia
680 4787 1136 4859 comprehendit,
1174 4786 1251 4840 ita
1298 4786 1548 4841 scientiae
1603 4803 1717 4841 sua)
1760 4788 1977 4841 lumine

284 4895 643 4951 quaecunque
700 4883 851 4942 sunt,
910 4881 964 4930 et
1022 4876 1274 4939 fuerunt,
1307 4879 1362 4929 et
1409 4876 1601 4929 futura
1653 4880 1806 4939 sunt,
1864 4893 1977 4931 uno

286 4968 499 5022 intuitu
525 4971 850 5021 contuetur.
889 4967 954 5019 Et
985 4965 1128 5018 sicut
1160 4964 1299 5017 nihil
1325 4964 1457 5017 novi
1488 4970 1572 5017 est
1600 4965 1754 5034 apud
1787 4965 1971 5032 illum,

284 5057 362 5109 ita
390 5056 448 5109 in
473 5060 686 5109 aeterna
715 5053 1086 5123 dispositione
1120 5053 1438 5106 consistunt
1472 5052 1843 5106 immobiliter
1867 5054 1974 5108 ﬁxa

284 5143 531 5215 qualiter
553 5148 944 5198 creaturarum
979 5142 1120 5195 ordo
1164 5158 1266 5212 per
1316 5139 1701 5196 successiones
1747 5144 1974 5211 tempo—

281 5249 411 5286 rum
443 5238 646 5303 agatur
680 5248 694 5285 :
736 5230 796 5284 in
828 5248 940 5301 qua
987 5230 1460 5301 sempiternitatis
1517 5228 1889 5299 dispositione
1922 5234 1977 5284 et

282 5323 595 5375 electorum
622 5320 800 5374 finem
832 5325 885 5373 et
928 5319 1304 5391 reproborum
1336 5319 1622 5391 cognovit,
1669 5323 1725 5371 et
1763 5318 1833 5372 de
1864 5319 1973 5372 sin-

282 5410 431 5479 gulis
463 5409 603 5481 quid
634 5408 920 5479 agendum
949 5407 1629 5477 sitsempiternoconsilio
1649 5406 1976 5461 immutabi-

280 5498 411 5552 liter
442 5498 883 5553 determinatum
916 5502 1017 5551 est.
1045 5499 1172 5551 Haec
1187 5502 1377 5550 autem
1396 5496 1729 5567 sempiterni
1749 5496 1972 5549 consilii
2026 5540 2027 5543 η

281 5586 578 5657 dispositio
608 5586 1034 5657 praedestinatio
1062 5590 1147 5641 est
1168 5601 1405 5656 operum
1440 5585 1560 5653 Dei,
1593 5602 1709 5656 qua
1760 5584 1973 5655 praede-

2103 546 2172 599 ad
2196 562 2413 615 pmnas.

2180 636 2257 688 De
2288 650 2401 705 qua
2427 632 2802 703 dispositione
2836 632 2934 685 Dei
2970 633 3030 686 Β.
3061 631 3416 702 Augustinus
3450 631 3507 684 in
3552 631 3688 683 libro
3713 632 3772 684 de
3798 620 3807 631 ’

2100 722 2282 776 libero
2314 723 2565 776 Arbitrio
2600 721 2855 792 loquitur
2885 724 3025 789 (cup.
3058 720 3167 787 20),
3201 720 3597 773 demonstrans
3634 720 3773 789 quod

2099 811 2499 863 universorum
2559 809 2900 875 voluntates,
2950 824 3066 861 non
3114 809 3294 860 solum
3349 808 3546 875 bonas,
3600 808 3686 861 sed
3728 814 3774 859 et

2100 901 2299 963 malas,
2331 915 2675 969 quocunque
2716 897 2957 950 voluerit
2990 897 3241 961 inclinat,
3295 902 3351 949 et
3382 897 3502 966 ejus
3552 896 3774 965 disposi-

2097 986 2243 1040 tioni
2274 986 2547 1051 serviunt,
2573 986 2649 1038 ita
2681 985 2911 1038 dicens:
2973 983 3267 1052 Scriptura
3312 984 3524 1042 divina.
3556 984 3601 1036 si
3656 984 3773 1036 dili-

2097 1080 2300 1145 genter
2348 1074 2703 1144 inspiciatur,
2747 1074 3000 1127 ostendit
3036 1088 3155 1126 non
3185 1074 3330 1125 solas
3377 1072 3555 1126 bonas
3602 1071 3775 1125 homi-

2095 1180 2235 1217 num
2272 1164 2611 1226 voluntates,
2655 1178 2795 1233 quas
2841 1162 2963 1231 ipse
3011 1161 3144 1214 facit
3198 1177 3265 1214 ex
3312 1161 3495 1222 malis,
3532 1165 3585 1213 et
3641 1179 3667 1212 a
3721 1175 3771 1210 se

2097 1254 2270 1307 factas
2304 1254 2480 1306 bonas
2516 1253 2582 1305 ad
2623 1258 2778 1304 actus
2834 1251 3013 1304 bonos
3064 1256 3122 1305 et
3150 1250 3220 1303 ad
3264 1256 3536 1303 mternam
3597 1248 3777 1318 dirigit

2094 1341 2292 1407 vitam,
2352 1357 2546 1395 verum
2603 1340 2773 1393 etiam
2830 1340 2955 1392 illas
3014 1355 3141 1409 quae
3198 1343 3534 1392 conservant
3599 1336 3776 1390 SII’ClIIl

2096 1437 2440 1497 creaturam,
2474 1432 2551 1483 ita
2578 1445 2696 1482 esse
2724 1428 2780 1481 in
2816 1427 2912 1481 Dei
2957 1432 3259 1497 potestate,
3296 1432 3359 1480 ut
3406 1444 3499 1480 eas
3547 1443 3656 1497 quo
3697 1442 3776 1477 vo-

2097 1519 2287 1583 luerit,
2317 1518 2548 1588 quando
2580 1516 2841 1583 voluerit,
2877 1516 3045 1569 faciat
3077 1515 3362 1582 inclinari,
3397 1516 3478 1568 vel
3514 1516 3580 1568 ad
3616 1516 3775 1567 bene-

2095 1607 2222 1660 ficia
2248 1606 2589 1676 quibusdam
2625 1604 2969 1675 prmstanda,
2993 1603 3077 1656 vel
3111 1604 3179 1656 ad
3210 1619 3407 1672 poenas
3448 1602 3775 1673 quibusdam

2103 1695 2464 1765 ingerendas,
2499 1695 2645 1747 sicut
2676 1694 2793 1763 ipse
2820 1693 3059 1762 judicat,
3124 1692 3506 1745 occultissimo
3558 1690 3778 1761 quidem

2098 1784 2335 1853 judicio,
2364 1784 2459 1836 sed
2509 1782 2630 1835 sine
2692 1783 2805 1835 ulla
2857 1780 3215 1835 dubitatione
3262 1780 3599 1850 justissima.
3652 1780 3778 1831 Nam

2101 1872 2424 1925 invenimus
2454 1872 2643 1941 aliqua
2674 1874 2903 1938 peccata
2928 1869 3099 1922 etiam
3142 1885 3337 1938 pmnas
3377 1885 3498 1921 esse
3542 1867 3778 1921 aliorum

2100 1967 2486 2030 peccatorum,
2528 1960 2672 2012 sicut
2704 1979 2729 2008 «
2764 1965 2896 2011 sunt
2924 1975 3049 2010 vasa
3086 1959 3205 2025 iraa,
3241 1978 3267 2007 »
3306 1974 3433 2027 quae
3470 1958 3605 2010 dicit
3644 1957 3781 2024 Apo-

2099 2050 2298 2117 stolus,
2332 2072 2351 2097 ι
2388 2049 2639 2118 perfecta
2676 2048 2733 2100 in
2794 2046 3171 2117 perditionem
3247 2048 3419 2114 (Rom.
3473 2063 3547 2112 ix,
3605 2044 3720 2113 22);
3755 2066 3777 2089 ››

2098 2138 2242 2191 sicut
2269 2143 2323 2191 et
2352 2136 2638 2191 induratio
2681 2135 3016 2201 Pharaonis,
3070 2136 3230 2205 cujus
3287 2142 3342 2189 et
3376 2151 3543 2187 causa
3585 2133 3781 2188 dicitur

2100 2248 2126 2275 ‹‹
2182 2228 2249 2280 ad
2296 2226 2704 2279 ostendendam
2753 2225 2812 2277 in
2866 2225 2964 2277 illo
3015 2224 3277 2276 virtutem
3331 2222 3427 2276 Dei
3460 2222 3659 2289 (Ewod.
3692 2235 3780 2279 vn,

2098 2314 2179 2383 3);
2221 2336 2239 2361 ι
2277 2315 2423 2367 sicut
2453 2319 2538 2366 est
2568 2313 2703 2381 fuga
2736 2313 3119 2365 Israelitarum
3153 2330 3181 2363 a
3232 2310 3373 2363 facie
3418 2310 3668 2363 hostium
3715 2307 3779 2359 de

2095 2403 2318 2456 civitate
2351 2402 2445 2455 Hai
2489 2402 2619 2471 (Jos.
2675 2415 2762 2463 vn,
2813 2402 2865 2465 4,
2901 2402 2999 2470 5);
3050 2400 3106 2452 in
3161 2400 3353 2453 animo
3400 2400 3553 2452 enim
3613 2398 3782 2450 factus

2095 2497 2181 2545 est
2209 2491 2384 2543 timor
2416 2495 2475 2543 ut
2505 2490 2797 2560 fugerent;
2827 2494 2884 2543 et
2912 2490 3020 2542 hoc
3050 2489 3260 2541 factum
3297 2492 3379 2541 est
3417 2492 3481 2541 ut
3533 2486 3782 2539 vindica-

2095 2585 2253 2633 retur
2280 2584 2571 2649 peccatum
2617 2595 2682 2631 eo
2738 2578 2908 2631 modo
2962 2594 3075 2648 quo
3136 2577 3547 2631 vindicandum
3583 2576 3779 2629 fuerat.

2099 2670 2254 2723 Unde
2286 2669 2422 2721 dixit
2457 2668 2730 2720 Dominus
2761 2667 2828 2720 ad
2858 2668 3050 2720 Iesum
3084 2667 3268 2720 Nave:
3306 2686 3332 2716 ((
3366 2666 3490 2719 Non
3522 2669 3787 2734 poterunt

2096 2757 2199 2811 filii
2242 2757 2412 2809 Israel
2444 2756 2752 2809 subsistere
2774 2761 2907 2808 ante
2936 2755 3139 2808 faciem
3162 2755 3531 2807 inimicorum
3556 2766 3785 2805 suorum

2096 2846 2258 2915 (Ibid.
2298 2846 2402 2914 l‘l).
2443 2866 2464 2891 ι
2521 2844 2665 2909 Quid
2719 2849 2803 2898 est
2834 2863 2861 2895 (ι
2921 2860 3037 2897 non
3088 2848 3355 2913 poterunt
3384 2841 3783 2895 subsistere?»

2097 2934 2280 2998 Quare
2314 2950 2427 2987 non
2461 2934 2843 2988 subsistebant
2888 2950 2991 3003 per
3037 2932 3279 2985 liberum
3310 2931 3635 2995 arbitrium,
3693 2928 3787 2981 sed

2022 3007 2060 3059 (ἶ
2094 3039 2196 3093 per
2227 3022 2491 3076 timorem
2550 3022 2777 3076 turbata
2826 3021 3117 3074 voluntate
3147 3020 3463 3090 fugiebant,
3520 3018 3631 3072 nisi
3659 3018 3788 3088 quia

2096 3112 2242 3165 Deus
2264 3112 2592 3165 dominatur
2645 3116 2700 3165 et
2730 3109 3117 3164 voluntatibus
3171 3108 3495 3174 hominum,
3559 3112 3615 3159 et
3648 3122 3787 3176 quos

2098 3200 2211 3254 vult
2241 3201 2296 3253 in
2327 3200 2696 3254 formidinem
2755 3198 3031 3253 convertit
3090 3198 3268 3251 iratus
3288 3198 3316 3250 ?
3369 3196 3648 3267 Nunquid
3672 3210 3783 3248 non

2093 3289 2280 3342 hostes
2350 3289 2731 3341 Israelitarum
2798 3288 3066 3341 adversus
3106 3287 3387 3355 populum
3430 3286 3551 3351 Dei,
3615 3298 3784 3355 quem

2091 3376 2334 3429 ducebat
2371 3377 2531 3428 Jesus
2579 3376 2750 3440 Nave,
2809 3390 2910 3427 sua
2964 3375 3255 3426 voluntate
3305 3372 3689 3443 pugnarunt?
3720 3369 3788 3422 Et

2093 3469 2283 3516 tamen
2316 3463 2452 3517 dicit
2490 3462 2800 3532 Scriptura,
2836 3484 2855 3509 ι
2896 3462 3033 3533 quia
3078 3478 3182 3531 per
3212 3460 3524 3515 Dominum
3575 3461 3788 3514 factum

2092 3556 2175 3605 est
2212 3552 2518 3605 confortari
2550 3568 2644 3604 cor
2668 3567 2888 3616 eorum,
2925 3555 2988 3604 ut
3036 3549 3259 3603 obviam
3297 3549 3445 3602 irent
3479 3548 3551 3602 ad
3571 3548 3785 3601 bellum

2094 3646 2290 3694 contra
2340 3640 2531 3707 Israel,
2588 3643 2651 3693 ut
2707 3638 3230 3692 exterminarentur
3286 3638 3420 3707 (Jos.
3476 3653 3577 3703 xu,
3614 3638 3722 3705 20).
3765 3656 3784 3681 ι

2093 3730 2361 3800 Nunquid
2390 3745 2503 3781 non
2553 3744 2655 3781 sua
2706 3728 2996 3781 voluntate
3054 3727 3228 3780 homo
3277 3726 3581 3795 improbus
3640 3725 3792 3779 ﬁlius

2094 3817 2320 3873 Gemini
2353 3815 2725 3871 maledicebat
2775 3816 2893 3886 regi
2935 3814 3154 3869 David?
3196 3818 3251 3867 et
3298 3822 3491 3869 tamen
3543 3813 3686 3885 quid
3719 3814 3795 3866 ait

2092 3907 2261 3960 David
2288 3908 2489 3976 plenus
2520 3920 2654 3959 vera
2681 3908 2735 3957 et
2760 3904 2873 3957 alta
2903 3901 3221 3973 sapientia?
3273 3902 3410 3972 quid
3441 3901 3524 3956 ait
3571 3902 3659 3955 illi
3698 3903 3795 3971 qui

2090 3995 2527 4049 maledicentem
2556 3997 2853 4063 percutere
2886 3991 3105 4045 voluit?
3138 4013 3165 4040 α
3194 3991 3341 4055 Quid
3380 3990 3544 4058 mihi,
3578 3989 3792 4061 inquit,

2091 4089 2148 4138 et
2176 4083 2353 4148 vobis,
2400 4082 2505 4136 filii
2551 4080 3103 4135 Sarvite‘?Dimittite
3158 4096 3290 4133 eum
3345 4084 3408 4133 ut
3462 4080 3793 4142 maledicat,

2092 4172 2226 4241 quia
2259 4170 2536 4223 Dominus
2590 4168 2733 4223 dixit
2777 4168 2857 4221 illi
2918 4167 3254 4221 maledicere
3311 4166 3515 4233 David;
3547 4172 3605 4221 et
3664 4167 3797 4238 quis

2093 4258 2240 4312 dicet
2269 4258 2321 4312 ei
2350 4273 2362 4310 :
2398 4257 2581 4320 Quare
2613 4255 2793 4310 fecisti
2819 4255 2933 4310 sic?
2957 4275 2984 4307 »
3010 4257 3106 4325 (II
3128 4258 3258 4324 Reg.
3281 4272 3391 4320 xv1,
3426 4257 3538 4325 10.)
3573 4255 3797 4310 Deinde

2094 4345 2388 4415 Scriptura
2423 4344 2615 4399 divina
2640 4346 2869 4416 plenam
2924 4346 3263 4398 sententiam
3326 4344 3476 4413 regis
3533 4345 3697 4399 velut
3727 4344 3797 4398 ab

2090 4434 2199 4487 alio
2226 4433 2393 4487 initio
2425 4434 2731 4503 repetendo
2755 4434 3166 4488 commendans
3196 4451 3208 4487 :
3250 4456 3269 4481 α
3300 4435 3363 4487 Et
3392 4433 3558 4500 dixit,
3595 4435 3794 4505 inquit

2091 4522 2265 4576 David
2320 4522 2392 4576 ad
2450 4521 2649 4576 Abizai
2682 4526 2737 4576 et
2794 4522 2862 4577 ad
2896 4539 3096 4576 omnes
3156 4539 3365 4593 pueros
3428 4523 3594 4592 ejus:
3654 4524 3798 4577 Ecce

2088 4611 2241 4665 ﬁlius
2270 4627 2451 4677 meus,
2488 4611 2588 4682 qui
2617 4611 2789 4666 exivit
2819 4611 2887 4665 de
2920 4616 3081 4665 utero
3114 4627 3263 4678 meo,
3294 4610 3501 4681 quierit
3531 4613 3797 4667 animam

2088 4717 2297 4767 meam,
2346 4705 2401 4753 et
2448 4700 2631 4754 adhuc
2692 4700 2859 4754 modo
2921 4700 3042 4771 (aL,
3095 4705 3309 4770 quanto
3370 4699 3555 4770 magis
3613 4702 3797 4771 nunc)

2087 4790 2238 4845 filius
2267 4788 2507 4844 Gemini.
2542 4788 2720 4843 Sinite
2778 4790 2942 4843 illum
2999 4794 3061 4843 ut
3119 4788 3444 4854 maledicat,
3505 4790 3798 4858 quoniam

2087 4878 2227 4933 dixit
2256 4878 2340 4932 illi
2375 4878 2542 4942 Deus,
2566 4882 2631 4931 ut
2655 4877 3132 4931 videatDominus
3152 4876 3536 4930 humilitatem
3573 4892 3796 4943 meam,

2086 4970 2141 5019 et
2178 4966 2460 5019 retribuat
2497 4964 2641 5019 mihi
2701 4966 2852 5019 bona
2879 4981 2985 5034 pro
3052 4963 3357 5018 maledicto
3416 4964 3541 5034 ejus
3598 4964 3667 5019 in
3703 4966 3799 5020 die

2084 5053 2194 5108 isto
2254 5054 2452 5123 (Ιὸἰιλ.,
2507 5056 2732 5125 11,12).
2788 5073 2814 5104 ››
2875 5053 3171 5117 Quomodo
3225 5052 3435 5107 dixerit
3502 5054 3799 5108 Dominus

2084 5142 2303 5197 homini
2333 5143 2465 5196 huic
2496 5143 2836 5196 maledicere
2867 5141 3061 5207 David,
3095 5141 3223 5212 quis
3254 5142 3482 5212 sapiens
3513 5147 3571 5195 et.
3619 5143 3799 5198 intel-

2083 5232 2260 5300 liget?
2289 5232 2411 5284 Non
2461 5230 2611 5284 enim
2641 5230 2898 5300 jubendo
2930 5230 3073 5284 dixit
3124 5230 3292 5294 Deus,
3330 5229 3423 5283 ubi
3456 5229 3802 5287 obedientia

2083 5318 2441 5383 laudaretur;
2483 5318 2578 5371 sed
2624 5318 2778 5388 quod
2830 5320 2951 5388 ejus
3000 5319 3353 5372 voluntatem
3411 5320 3654 5389 proprio
3688 5338 3801 5376 suo

2080 5406 2215 5460 vitio
2242 5408 2450 5459 malam
2494 5406 2552 5459 in
2604 5407 2710 5459 hoc
2767 5410 3063 5476 peccatum
3117 5407 3335 5477 judicio
3392 5424 3495 5460 suo
3524 5407 3692 5477 justo
3733 5417 3794 5465 et

2082 5496 2303 5548 occulto
2335 5494 2649 5560 inclinavit,
2675 5493 2805 5547 ideo
2850 5494 3065 5547 dictum
3107 5500 3206 5559 est,
3244 5516 3269 5543 ‹‹
3302 5495 3445 5549 dixit
3475 5495 3527 5547 ei
3585 5496 3798 5550 Domi-

2080 5599 2206 5638 nus.
2246 5604 2265 5629 ι
2300 5583 2440 5635 Nam
2488 5582 2787 5653 sijubenti
2837 5582 3287 5654 obtemperasset
3338 5585 3474 5650 Deo,
3533 5583 3796 5641 laudan-

3866 180 3874 465 l
