  <div class='ocr_page' id='page_1' title='image "/cluster/home/n/w/nwhite01/storage/ocr_20150623/121/uva.x000827051/016.png"; bbox 0 0 3920 6224; ppageno 0'>
   <div class='ocr_carea' id='block_1_1' title="bbox 175 365 3669 422">
    <p class='ocr_par' dir='ltr' id='par_1_1' title="bbox 175 365 3669 422">
     <span class='ocr_line' id='line_1_1' title="bbox 175 365 3669 422; baseline 0.001 -6"><span class='ocrx_word' id='word_1_1' title='bbox 175 369 217 416; x_wconf 70' lang='grc' dir='ltr'>Ιῖ</span> <span class='ocrx_word' id='word_1_2' title='bbox 1271 365 1359 419; x_wconf 88' lang='lat' dir='ltr'>DE</span> <span class='ocrx_word' id='word_1_3' title='bbox 1404 365 2071 422; x_wconf 69' lang='lat' dir='ltr'>PRASDESTINATIONE</span> <span class='ocrx_word' id='word_1_4' title='bbox 2106 367 2245 421; x_wconf 88' lang='lat' dir='ltr'>DEI.</span> <span class='ocrx_word' id='word_1_5' title='bbox 2275 396 2342 405; x_wconf 93' lang='lat'><strong><em>—</em></strong></span> <span class='ocrx_word' id='word_1_6' title='bbox 2372 368 2501 421; x_wconf 89' lang='lat' dir='ltr'>LIB.</span> <span class='ocrx_word' id='word_1_7' title='bbox 2540 370 2579 422; x_wconf 93' lang='lat' dir='ltr'>I.</span> <span class='ocrx_word' id='word_1_8' title='bbox 3608 370 3669 421; x_wconf 86' lang='grc'><strong>18</strong></span> 
     </span>
    </p>
   </div>
   <div class='ocr_carea' id='block_1_2' title="bbox 167 492 3672 567">
    <p class='ocr_par' dir='ltr' id='par_1_2' title="bbox 167 492 3672 567">
     <span class='ocr_line' id='line_1_2' title="bbox 167 492 3672 567; baseline 0.003 -22"><span class='ocrx_word' id='word_1_9' title='bbox 167 496 256 546; x_wconf 89' lang='lat' dir='ltr'>dus</span> <span class='ocrx_word' id='word_1_10' title='bbox 283 492 485 563; x_wconf 78' lang='lat' dir='ltr'>potius</span> <span class='ocrx_word' id='word_1_11' title='bbox 513 509 697 563; x_wconf 88' lang='lat' dir='ltr'>quam</span> <span class='ocrx_word' id='word_1_12' title='bbox 738 494 1068 565; x_wconf 86' lang='lat' dir='ltr'>puniendus</span> <span class='ocrx_word' id='word_1_13' title='bbox 1099 501 1263 561; x_wconf 85' lang='lat' dir='ltr'>esset,</span> <span class='ocrx_word' id='word_1_14' title='bbox 1297 495 1464 564; x_wconf 83' lang='lat' dir='ltr'>sicut,</span> <span class='ocrx_word' id='word_1_15' title='bbox 1496 512 1564 549; x_wconf 86' lang='lat' dir='ltr'>ex</span> <span class='ocrx_word' id='word_1_16' title='bbox 1596 497 1700 549; x_wconf 91' lang='lat' dir='ltr'>hoc</span> <span class='ocrx_word' id='word_1_17' title='bbox 1724 512 1853 567; x_wconf 87' lang='lat' dir='ltr'>pec-</span> <span class='ocrx_word' id='word_1_18' title='bbox 1896 500 1941 553; x_wconf 84' lang='lat' dir='ltr'><strong>A</strong></span> <span class='ocrx_word' id='word_1_19' title='bbox 1968 500 2098 561; x_wconf 88' lang='lat' dir='ltr'>test,</span> <span class='ocrx_word' id='word_1_20' title='bbox 2118 512 2317 551; x_wconf 88' lang='lat' dir='ltr'>eorum</span> <span class='ocrx_word' id='word_1_21' title='bbox 2340 496 2609 567; x_wconf 79' lang='lat' dir='ltr'>spiritum</span> <span class='ocrx_word' id='word_1_22' title='bbox 2635 498 2914 552; x_wconf 88' lang='lat' dir='ltr'>Dominus</span> <span class='ocrx_word' id='word_1_23' title='bbox 2937 498 3249 565; x_wconf 86' lang='lat' dir='ltr'>suscitavit,</span> <span class='ocrx_word' id='word_1_24' title='bbox 3273 504 3330 554; x_wconf 91' lang='lat' dir='ltr'>et</span> <span class='ocrx_word' id='word_1_25' title='bbox 3348 503 3543 554; x_wconf 91' lang='lat' dir='ltr'>tamen</span> <span class='ocrx_word' id='word_1_26' title='bbox 3571 516 3672 554; x_wconf 90' lang='lat' dir='ltr'>sua</span> 
     </span>
    </p>
   </div>
   <div class='ocr_carea' id='block_1_3' title="bbox 164 580 1859 654">
    <p class='ocr_par' dir='ltr' id='par_1_3' title="bbox 164 580 1859 654">
     <span class='ocr_line' id='line_1_3' title="bbox 164 580 1859 654; baseline 0.004 -21"><span class='ocrx_word' id='word_1_27' title='bbox 164 587 335 634; x_wconf 81' lang='lat' dir='ltr'>catum</span> <span class='ocrx_word' id='word_1_28' title='bbox 389 580 525 652; x_wconf 83' lang='lat' dir='ltr'>[al.,</span> <span class='ocrx_word' id='word_1_29' title='bbox 560 582 823 654; x_wconf 89' lang='lat' dir='ltr'>peccato]</span> <span class='ocrx_word' id='word_1_30' title='bbox 854 587 1054 653; x_wconf 86' lang='lat' dir='ltr'>postea</span> <span class='ocrx_word' id='word_1_31' title='bbox 1103 584 1363 637; x_wconf 85' lang='lat' dir='ltr'>novimus</span> <span class='ocrx_word' id='word_1_32' title='bbox 1396 600 1516 637; x_wconf 83' lang='lat' dir='ltr'>esse</span> <span class='ocrx_word' id='word_1_33' title='bbox 1573 584 1859 653; x_wconf 90' lang='lat' dir='ltr'>punitum.</span> 
     </span>
    </p>
   </div>
   <div class='ocr_carea' id='block_1_4' title="bbox 168 671 1862 728">
    <p class='ocr_par' dir='ltr' id='par_1_4' title="bbox 168 671 1862 728">
     <span class='ocr_line' id='line_1_4' title="bbox 168 671 1862 728; baseline 0.001 -3"><span class='ocrx_word' id='word_1_34' title='bbox 168 673 265 725; x_wconf 78' lang='lat' dir='ltr'>Nec</span> <span class='ocrx_word' id='word_1_35' title='bbox 312 686 490 724; x_wconf 84' lang='lat' dir='ltr'>causa</span> <span class='ocrx_word' id='word_1_36' title='bbox 552 672 730 724; x_wconf 89' lang='lat' dir='ltr'>tacita</span> <span class='ocrx_word' id='word_1_37' title='bbox 785 677 871 725; x_wconf 90' lang='lat' dir='ltr'>est</span> <span class='ocrx_word' id='word_1_38' title='bbox 924 688 1026 725; x_wconf 88' lang='lat' dir='ltr'>cur</span> <span class='ocrx_word' id='word_1_39' title='bbox 1075 671 1126 725; x_wconf 91' lang='lat' dir='ltr'>ei</span> <span class='ocrx_word' id='word_1_40' title='bbox 1187 672 1464 726; x_wconf 88' lang='lat' dir='ltr'>Dominus</span> <span class='ocrx_word' id='word_1_41' title='bbox 1518 672 1627 726; x_wconf 89' lang='lat' dir='ltr'>isto</span> <span class='ocrx_word' id='word_1_42' title='bbox 1689 673 1862 728; x_wconf 91' lang='lat' dir='ltr'>modo</span> 
     </span>
    </p>
   </div>
   <div class='ocr_carea' id='block_1_5' title="bbox 166 760 1863 829">
    <p class='ocr_par' dir='ltr' id='par_1_5' title="bbox 166 760 1863 829">
     <span class='ocr_line' id='line_1_5' title="bbox 166 760 1863 829; baseline 0.001 -15"><span class='ocrx_word' id='word_1_43' title='bbox 166 761 358 814; x_wconf 80' lang='lat' dir='ltr'>dixerit</span> <span class='ocrx_word' id='word_1_44' title='bbox 384 760 741 815; x_wconf 83' lang='lat' dir='ltr'>maledicere</span> <span class='ocrx_word' id='word_1_45' title='bbox 777 761 978 827; x_wconf 83' lang='lat' dir='ltr'>David;</span> <span class='ocrx_word' id='word_1_46' title='bbox 1010 761 1117 814; x_wconf 92' lang='lat' dir='ltr'>hoc</span> <span class='ocrx_word' id='word_1_47' title='bbox 1151 766 1236 815; x_wconf 91' lang='lat' dir='ltr'>est</span> <span class='ocrx_word' id='word_1_48' title='bbox 1267 778 1362 814; x_wconf 91' lang='lat' dir='ltr'>cor</span> <span class='ocrx_word' id='word_1_49' title='bbox 1404 762 1527 829; x_wconf 91' lang='lat' dir='ltr'>ejus</span> <span class='ocrx_word' id='word_1_50' title='bbox 1558 762 1774 815; x_wconf 90' lang='lat' dir='ltr'>malum</span> <span class='ocrx_word' id='word_1_51' title='bbox 1803 762 1863 816; x_wconf 90' lang='lat' dir='ltr'>in</span> 
     </span>
    </p>
   </div>
   <div class='ocr_carea' id='block_1_6' title="bbox 165 849 1861 919">
    <p class='ocr_par' dir='ltr' id='par_1_6' title="bbox 165 849 1861 919">
     <span class='ocr_line' id='line_1_6' title="bbox 165 849 1861 919; baseline 0.001 -16"><span class='ocrx_word' id='word_1_52' title='bbox 165 852 257 903; x_wconf 89' lang='lat' dir='ltr'>hoc</span> <span class='ocrx_word' id='word_1_53' title='bbox 286 854 601 919; x_wconf 90' lang='lat' dir='ltr'>peccatum</span> <span class='ocrx_word' id='word_1_54' title='bbox 654 850 875 903; x_wconf 85' lang='lat' dir='ltr'>miserit</span> <span class='ocrx_word' id='word_1_55' title='bbox 922 849 1008 902; x_wconf 87' lang='lat' dir='ltr'>vel</span> <span class='ocrx_word' id='word_1_56' title='bbox 1056 850 1384 903; x_wconf 78' lang='lat' dir='ltr'>dimiserit:</span> <span class='ocrx_word' id='word_1_57' title='bbox 1448 868 1475 900; x_wconf 87' lang='grc'>‹‹</span> <span class='ocrx_word' id='word_1_58' title='bbox 1532 855 1594 903; x_wconf 92' lang='lat' dir='ltr'>ut</span> <span class='ocrx_word' id='word_1_59' title='bbox 1649 851 1861 917; x_wconf 82' lang='lat' dir='ltr'>videat,</span> 
     </span>
    </p>
   </div>
   <div class='ocr_carea' id='block_1_7' title="bbox 163 938 1864 1008">
    <p class='ocr_par' dir='ltr' id='par_1_7' title="bbox 163 938 1864 1008">
     <span class='ocr_line' id='line_1_7' title="bbox 163 938 1864 1008; baseline -0.001 -15"><span class='ocrx_word' id='word_1_60' title='bbox 163 938 363 1008; x_wconf 88' lang='lat' dir='ltr'>inquit,</span> <span class='ocrx_word' id='word_1_61' title='bbox 421 938 705 992; x_wconf 87' lang='lat' dir='ltr'>Dominus</span> <span class='ocrx_word' id='word_1_62' title='bbox 759 938 1143 992; x_wconf 83' lang='lat' dir='ltr'>humilitatem</span> <span class='ocrx_word' id='word_1_63' title='bbox 1204 954 1413 1003; x_wconf 85' lang='lat' dir='ltr'>meam,</span> <span class='ocrx_word' id='word_1_64' title='bbox 1479 943 1535 992; x_wconf 89' lang='lat' dir='ltr'>et</span> <span class='ocrx_word' id='word_1_65' title='bbox 1587 940 1864 992; x_wconf 87' lang='lat' dir='ltr'>retribuat</span> 
     </span>
    </p>
   </div>
   <div class='ocr_carea' id='block_1_8' title="bbox 165 1026 1858 1098">
    <p class='ocr_par' dir='ltr' id='par_1_8' title="bbox 165 1026 1858 1098">
     <span class='ocr_line' id='line_1_8' title="bbox 165 1026 1858 1098; baseline -0.001 -17"><span class='ocrx_word' id='word_1_66' title='bbox 165 1028 293 1081; x_wconf 88' lang='lat' dir='ltr'>mihi</span> <span class='ocrx_word' id='word_1_67' title='bbox 326 1027 488 1081; x_wconf 88' lang='lat' dir='ltr'>bona</span> <span class='ocrx_word' id='word_1_68' title='bbox 513 1044 618 1098; x_wconf 93' lang='lat' dir='ltr'>pro</span> <span class='ocrx_word' id='word_1_69' title='bbox 648 1027 954 1081; x_wconf 87' lang='lat' dir='ltr'>maledicto</span> <span class='ocrx_word' id='word_1_70' title='bbox 984 1027 1105 1096; x_wconf 84' lang='lat' dir='ltr'>ejus</span> <span class='ocrx_word' id='word_1_71' title='bbox 1131 1026 1189 1080; x_wconf 91' lang='lat' dir='ltr'>in</span> <span class='ocrx_word' id='word_1_72' title='bbox 1215 1026 1305 1080; x_wconf 89' lang='lat' dir='ltr'>die</span> <span class='ocrx_word' id='word_1_73' title='bbox 1327 1027 1453 1080; x_wconf 90' lang='lat' dir='ltr'>isto.</span> <span class='ocrx_word' id='word_1_74' title='bbox 1482 1048 1509 1076; x_wconf 89' lang='grc'><strong>››</strong></span> <span class='ocrx_word' id='word_1_75' title='bbox 1546 1028 1677 1081; x_wconf 89' lang='lat' dir='ltr'>Ecce</span> <span class='ocrx_word' id='word_1_76' title='bbox 1711 1043 1858 1097; x_wconf 88' lang='lat' dir='ltr'>quo-</span> 
     </span>
    </p>
   </div>
   <div class='ocr_carea' id='block_1_9' title="bbox 167 1115 1861 1186">
    <p class='ocr_par' dir='ltr' id='par_1_9' title="bbox 167 1115 1861 1186">
     <span class='ocr_line' id='line_1_9' title="bbox 167 1115 1861 1186; baseline 0.001 -18"><span class='ocrx_word' id='word_1_77' title='bbox 167 1116 324 1169; x_wconf 90' lang='lat' dir='ltr'>modo</span> <span class='ocrx_word' id='word_1_78' title='bbox 376 1116 664 1186; x_wconf 81' lang='lat' dir='ltr'>probatur</span> <span class='ocrx_word' id='word_1_79' title='bbox 711 1117 887 1170; x_wconf 88' lang='lat' dir='ltr'>Deum</span> <span class='ocrx_word' id='word_1_80' title='bbox 920 1116 1003 1169; x_wconf 91' lang='lat' dir='ltr'>uti</span> <span class='ocrx_word' id='word_1_81' title='bbox 1034 1115 1297 1170; x_wconf 87' lang='lat' dir='ltr'>cordibus</span> <span class='ocrx_word' id='word_1_82' title='bbox 1347 1120 1401 1169; x_wconf 86' lang='lat' dir='ltr'>et</span> <span class='ocrx_word' id='word_1_83' title='bbox 1458 1117 1742 1170; x_wconf 88' lang='lat' dir='ltr'>malorum</span> <span class='ocrx_word' id='word_1_84' title='bbox 1793 1116 1861 1169; x_wconf 89' lang='lat' dir='ltr'>ad</span> 
     </span>
    </p>
   </div>
   <div class='ocr_carea' id='block_1_10' title="bbox 167 1204 1861 1274">
    <p class='ocr_par' dir='ltr' id='par_1_10' title="bbox 167 1204 1861 1274">
     <span class='ocr_line' id='line_1_10' title="bbox 167 1204 1861 1274; baseline -0.001 -16"><span class='ocrx_word' id='word_1_85' title='bbox 167 1205 381 1258; x_wconf 87' lang='lat' dir='ltr'>laudem</span> <span class='ocrx_word' id='word_1_86' title='bbox 403 1210 580 1274; x_wconf 88' lang='lat' dir='ltr'>atque</span> <span class='ocrx_word' id='word_1_87' title='bbox 601 1205 995 1273; x_wconf 89' lang='lat' dir='ltr'>adjumentum</span> <span class='ocrx_word' id='word_1_88' title='bbox 1016 1204 1320 1257; x_wconf 90' lang='lat' dir='ltr'>bonorum.</span> <span class='ocrx_word' id='word_1_89' title='bbox 1349 1204 1437 1258; x_wconf 90' lang='lat' dir='ltr'>Sic</span> <span class='ocrx_word' id='word_1_90' title='bbox 1458 1220 1595 1257; x_wconf 91' lang='lat' dir='ltr'>usus</span> <span class='ocrx_word' id='word_1_91' title='bbox 1618 1204 1861 1257; x_wconf 87' lang='lat' dir='ltr'>estJuda</span> 
     </span>
    </p>
   </div>
   <div class='ocr_carea' id='block_1_11' title="bbox 166 1292 1858 1361">
    <p class='ocr_par' dir='ltr' id='par_1_11' title="bbox 166 1292 1858 1361">
     <span class='ocr_line' id='line_1_11' title="bbox 166 1292 1858 1361; baseline -0.001 -16"><span class='ocrx_word' id='word_1_92' title='bbox 166 1294 418 1346; x_wconf 86' lang='lat' dir='ltr'>tradente</span> <span class='ocrx_word' id='word_1_93' title='bbox 449 1294 741 1348; x_wconf 84' lang='lat' dir='ltr'>Christum</span> <span class='ocrx_word' id='word_1_94' title='bbox 770 1313 783 1359; x_wconf 88' lang='lat'><strong>;</strong></span> <span class='ocrx_word' id='word_1_95' title='bbox 817 1293 895 1346; x_wconf 94' lang='lat' dir='ltr'>sic</span> <span class='ocrx_word' id='word_1_96' title='bbox 938 1309 1069 1346; x_wconf 90' lang='lat' dir='ltr'>usus</span> <span class='ocrx_word' id='word_1_97' title='bbox 1108 1298 1193 1345; x_wconf 91' lang='lat' dir='ltr'>est</span> <span class='ocrx_word' id='word_1_98' title='bbox 1235 1293 1446 1346; x_wconf 76' lang='lat' dir='ltr'>Iudaeis</span> <span class='ocrx_word' id='word_1_99' title='bbox 1476 1292 1858 1361; x_wconf 75' lang='lat' dir='ltr'>cruciﬁgenti-</span> 
     </span>
    </p>
   </div>
   <div class='ocr_carea' id='block_1_12' title="bbox 166 1380 1859 1452">
    <p class='ocr_par' dir='ltr' id='par_1_12' title="bbox 166 1380 1859 1452">
     <span class='ocr_line' id='line_1_12' title="bbox 166 1380 1859 1452; baseline -0.001 -18"><span class='ocrx_word' id='word_1_100' title='bbox 166 1382 255 1434; x_wconf 87' lang='lat' dir='ltr'>bus</span> <span class='ocrx_word' id='word_1_101' title='bbox 287 1381 612 1435; x_wconf 86' lang='lat' dir='ltr'>Christum.</span> <span class='ocrx_word' id='word_1_102' title='bbox 648 1383 713 1435; x_wconf 90' lang='lat' dir='ltr'>Et</span> <span class='ocrx_word' id='word_1_103' title='bbox 742 1387 955 1452; x_wconf 90' lang='lat' dir='ltr'>quanta</span> <span class='ocrx_word' id='word_1_104' title='bbox 986 1380 1121 1435; x_wconf 90' lang='lat' dir='ltr'>inde</span> <span class='ocrx_word' id='word_1_105' title='bbox 1155 1381 1304 1434; x_wconf 90' lang='lat' dir='ltr'>bona</span> <span class='ocrx_word' id='word_1_106' title='bbox 1336 1381 1597 1449; x_wconf 64' lang='lat' dir='ltr'>prmstitit</span> <span class='ocrx_word' id='word_1_107' title='bbox 1634 1380 1859 1450; x_wconf 85' lang='lat' dir='ltr'>populis</span> 
     </span>
    </p>
   </div>
   <div class='ocr_carea' id='block_1_13' title="bbox 166 1468 1859 1538">
    <p class='ocr_par' dir='ltr' id='par_1_13' title="bbox 166 1468 1859 1538">
     <span class='ocr_line' id='line_1_13' title="bbox 166 1468 1859 1538; baseline -0.001 -16"><span class='ocrx_word' id='word_1_108' title='bbox 166 1468 491 1523; x_wconf 85' lang='lat' dir='ltr'>crediturisl</span> <span class='ocrx_word' id='word_1_109' title='bbox 529 1468 638 1533; x_wconf 86' lang='lat' dir='ltr'>Qui</span> <span class='ocrx_word' id='word_1_110' title='bbox 676 1474 733 1522; x_wconf 88' lang='lat' dir='ltr'>et</span> <span class='ocrx_word' id='word_1_111' title='bbox 786 1469 909 1538; x_wconf 92' lang='lat' dir='ltr'>ipso</span> <span class='ocrx_word' id='word_1_112' title='bbox 965 1468 1194 1522; x_wconf 86' lang='lat' dir='ltr'>diabolo</span> <span class='ocrx_word' id='word_1_113' title='bbox 1249 1469 1431 1522; x_wconf 83' lang='lat' dir='ltr'>utitur</span> <span class='ocrx_word' id='word_1_114' title='bbox 1462 1468 1728 1537; x_wconf 88' lang='lat' dir='ltr'>pessimo.</span> <span class='ocrx_word' id='word_1_115' title='bbox 1763 1468 1859 1521; x_wconf 90' lang='lat' dir='ltr'>sed</span> 
     </span>
    </p>
   </div>
   <div class='ocr_carea' id='block_1_14' title="bbox 167 1556 1859 1626">
    <p class='ocr_par' dir='ltr' id='par_1_14' title="bbox 167 1556 1859 1626">
     <span class='ocr_line' id='line_1_14' title="bbox 167 1556 1859 1626; baseline 0 -18"><span class='ocrx_word' id='word_1_116' title='bbox 167 1557 401 1626; x_wconf 86' lang='lat' dir='ltr'>optime,</span> <span class='ocrx_word' id='word_1_117' title='bbox 438 1558 511 1610; x_wconf 91' lang='lat' dir='ltr'>ad</span> <span class='ocrx_word' id='word_1_118' title='bbox 535 1557 908 1611; x_wconf 84' lang='lat' dir='ltr'>exercendam</span> <span class='ocrx_word' id='word_1_119' title='bbox 929 1561 984 1610; x_wconf 90' lang='lat' dir='ltr'>et</span> <span class='ocrx_word' id='word_1_120' title='bbox 1009 1557 1369 1626; x_wconf 84' lang='lat' dir='ltr'>probandam</span> <span class='ocrx_word' id='word_1_121' title='bbox 1400 1556 1573 1610; x_wconf 75' lang='lat' dir='ltr'>fidem</span> <span class='ocrx_word' id='word_1_122' title='bbox 1604 1561 1661 1609; x_wconf 91' lang='lat' dir='ltr'>et</span> <span class='ocrx_word' id='word_1_123' title='bbox 1683 1556 1859 1625; x_wconf 87' lang='lat' dir='ltr'>pieta-</span> 
     </span>
    </p>
   </div>
   <div class='ocr_carea' id='block_1_15' title="bbox 168 1645 1857 1715">
    <p class='ocr_par' dir='ltr' id='par_1_15' title="bbox 168 1645 1857 1715">
     <span class='ocr_line' id='line_1_15' title="bbox 168 1645 1857 1715; baseline -0.001 -15"><span class='ocrx_word' id='word_1_124' title='bbox 168 1651 269 1700; x_wconf 90' lang='lat' dir='ltr'>tem</span> <span class='ocrx_word' id='word_1_125' title='bbox 316 1645 633 1710; x_wconf 88' lang='lat' dir='ltr'>bonorum,</span> <span class='ocrx_word' id='word_1_126' title='bbox 694 1662 806 1699; x_wconf 92' lang='lat' dir='ltr'>non</span> <span class='ocrx_word' id='word_1_127' title='bbox 839 1645 969 1713; x_wconf 79' lang='lat' dir='ltr'>sibi,</span> <span class='ocrx_word' id='word_1_128' title='bbox 1027 1646 1125 1715; x_wconf 91' lang='lat' dir='ltr'>qui</span> <span class='ocrx_word' id='word_1_129' title='bbox 1168 1645 1365 1699; x_wconf 91' lang='lat' dir='ltr'>omnia</span> <span class='ocrx_word' id='word_1_130' title='bbox 1394 1645 1499 1698; x_wconf 89' lang='lat' dir='ltr'>scit</span> <span class='ocrx_word' id='word_1_131' title='bbox 1551 1649 1857 1715; x_wconf 85' lang='lat' dir='ltr'>antequam</span> 
     </span>
    </p>
   </div>
   <div class='ocr_carea' id='block_1_16' title="bbox 168 1732 1855 1803">
    <p class='ocr_par' dir='ltr' id='par_1_16' title="bbox 168 1732 1855 1803">
     <span class='ocr_line' id='line_1_16' title="bbox 168 1732 1855 1803; baseline 0 -17"><span class='ocrx_word' id='word_1_132' title='bbox 168 1732 293 1786; x_wconf 87' lang='lat' dir='ltr'>fiant</span> <span class='ocrx_word' id='word_1_133' title='bbox 321 1733 424 1787; x_wconf 88' lang='lat' dir='ltr'>sed</span> <span class='ocrx_word' id='word_1_134' title='bbox 458 1733 646 1799; x_wconf 87' lang='lat' dir='ltr'>nobis,</span> <span class='ocrx_word' id='word_1_135' title='bbox 681 1733 890 1803; x_wconf 87' lang='lat' dir='ltr'>quibus</span> <span class='ocrx_word' id='word_1_136' title='bbox 922 1739 1043 1787; x_wconf 91' lang='lat' dir='ltr'>erat</span> <span class='ocrx_word' id='word_1_137' title='bbox 1091 1735 1476 1787; x_wconf 88' lang='lat' dir='ltr'>necessarium</span> <span class='ocrx_word' id='word_1_138' title='bbox 1504 1738 1568 1787; x_wconf 91' lang='lat' dir='ltr'>ut</span> <span class='ocrx_word' id='word_1_139' title='bbox 1598 1750 1664 1786; x_wconf 92' lang='lat' dir='ltr'>eo</span> <span class='ocrx_word' id='word_1_140' title='bbox 1689 1733 1855 1787; x_wconf 92' lang='lat' dir='ltr'>modo</span> 
     </span>
    </p>
   </div>
   <div class='ocr_carea' id='block_1_17' title="bbox 167 1821 1856 1891">
    <p class='ocr_par' dir='ltr' id='par_1_17' title="bbox 167 1821 1856 1891">
     <span class='ocr_line' id='line_1_17' title="bbox 167 1821 1856 1891; baseline 0.001 -18"><span class='ocrx_word' id='word_1_141' title='bbox 167 1828 431 1889; x_wconf 79' lang='lat' dir='ltr'>ageretur</span> <span class='ocrx_word' id='word_1_142' title='bbox 462 1821 781 1874; x_wconf 89' lang='lat' dir='ltr'>nobiscum.</span> <span class='ocrx_word' id='word_1_143' title='bbox 814 1821 1080 1891; x_wconf 90' lang='lat' dir='ltr'>Nunquid</span> <span class='ocrx_word' id='word_1_144' title='bbox 1118 1836 1229 1874; x_wconf 91' lang='lat' dir='ltr'>non</span> <span class='ocrx_word' id='word_1_145' title='bbox 1262 1838 1363 1875; x_wconf 89' lang='lat' dir='ltr'>sua</span> <span class='ocrx_word' id='word_1_146' title='bbox 1392 1823 1688 1876; x_wconf 81' lang='lat' dir='ltr'>voluntate</span> <span class='ocrx_word' id='word_1_147' title='bbox 1736 1822 1856 1875; x_wconf 83' lang='lat' dir='ltr'>Ab-</span> 
     </span>
    </p>
   </div>
   <div class='ocr_carea' id='block_1_18' title="bbox 168 1909 1857 1980">
    <p class='ocr_par' dir='ltr' id='par_1_18' title="bbox 168 1909 1857 1980">
     <span class='ocr_line' id='line_1_18' title="bbox 168 1909 1857 1980; baseline 0.002 -20"><span class='ocrx_word' id='word_1_148' title='bbox 168 1910 334 1963; x_wconf 83' lang='lat' dir='ltr'>salom</span> <span class='ocrx_word' id='word_1_149' title='bbox 359 1909 541 1980; x_wconf 79' lang='lat' dir='ltr'>elegit</span> <span class='ocrx_word' id='word_1_150' title='bbox 586 1910 887 1963; x_wconf 89' lang='lat' dir='ltr'>consilium</span> <span class='ocrx_word' id='word_1_151' title='bbox 931 1910 1086 1980; x_wconf 90' lang='lat' dir='ltr'>quod</span> <span class='ocrx_word' id='word_1_152' title='bbox 1117 1910 1226 1963; x_wconf 89' lang='lat' dir='ltr'>sibi</span> <span class='ocrx_word' id='word_1_153' title='bbox 1271 1910 1504 1963; x_wconf 85' lang='lat' dir='ltr'>oberat?</span> <span class='ocrx_word' id='word_1_154' title='bbox 1543 1912 1606 1963; x_wconf 85' lang='lat' dir='ltr'>Et</span> <span class='ocrx_word' id='word_1_155' title='bbox 1662 1915 1857 1964; x_wconf 89' lang='lat' dir='ltr'>tamen</span> 
     </span>
    </p>
   </div>
   <div class='ocr_carea' id='block_1_19' title="bbox 168 1998 1856 2068">
    <p class='ocr_par' dir='ltr' id='par_1_19' title="bbox 168 1998 1856 2068">
     <span class='ocr_line' id='line_1_19' title="bbox 168 1998 1856 2068; baseline 0.001 -19"><span class='ocrx_word' id='word_1_156' title='bbox 168 1998 282 2050; x_wconf 88' lang='lat' dir='ltr'>ideo</span> <span class='ocrx_word' id='word_1_157' title='bbox 342 1998 501 2062; x_wconf 84' lang='lat' dir='ltr'>fecit,</span> <span class='ocrx_word' id='word_1_158' title='bbox 566 1999 701 2067; x_wconf 85' lang='lat' dir='ltr'>quia</span> <span class='ocrx_word' id='word_1_159' title='bbox 752 1998 1081 2051; x_wconf 83' lang='lat' dir='ltr'>exaudierat</span> <span class='ocrx_word' id='word_1_160' title='bbox 1142 1998 1415 2051; x_wconf 88' lang='lat' dir='ltr'>Dominus</span> <span class='ocrx_word' id='word_1_161' title='bbox 1468 1999 1590 2068; x_wconf 85' lang='lat' dir='ltr'>ejus</span> <span class='ocrx_word' id='word_1_162' title='bbox 1634 2004 1856 2068; x_wconf 83' lang='lat' dir='ltr'>patrem</span> 
     </span>
    </p>
   </div>
   <div class='ocr_carea' id='block_1_20' title="bbox 169 2086 1853 2157">
    <p class='ocr_par' dir='ltr' id='par_1_20' title="bbox 169 2086 1853 2157">
     <span class='ocr_line' id='line_1_20' title="bbox 169 2086 1853 2157; baseline 0.002 -19"><span class='ocrx_word' id='word_1_163' title='bbox 169 2091 421 2139; x_wconf 88' lang='lat' dir='ltr'>orantem</span> <span class='ocrx_word' id='word_1_164' title='bbox 452 2092 521 2139; x_wconf 88' lang='lat' dir='ltr'>ut</span> <span class='ocrx_word' id='word_1_165' title='bbox 549 2086 660 2140; x_wconf 93' lang='lat' dir='ltr'>hoc</span> <span class='ocrx_word' id='word_1_166' title='bbox 691 2087 869 2139; x_wconf 83' lang='lat' dir='ltr'>tieret.</span> <span class='ocrx_word' id='word_1_167' title='bbox 925 2089 1163 2156; x_wconf 80' lang='lat' dir='ltr'>Propter</span> <span class='ocrx_word' id='word_1_168' title='bbox 1194 2087 1345 2157; x_wconf 92' lang='lat' dir='ltr'>quod</span> <span class='ocrx_word' id='word_1_169' title='bbox 1381 2086 1459 2139; x_wconf 90' lang='lat' dir='ltr'>ait</span> <span class='ocrx_word' id='word_1_170' title='bbox 1515 2087 1809 2155; x_wconf 85' lang='lat' dir='ltr'>Scriptura</span> <span class='ocrx_word' id='word_1_171' title='bbox 1841 2104 1853 2141; x_wconf 90' lang='lat'>:</span> 
     </span>
    </p>
   </div>
   <div class='ocr_carea' id='block_1_21' title="bbox 174 2173 1859 2243">
    <p class='ocr_par' dir='ltr' id='par_1_21' title="bbox 174 2173 1859 2243">
     <span class='ocr_line' id='line_1_21' title="bbox 174 2173 1859 2243; baseline 0.004 -20"><span class='ocrx_word' id='word_1_172' title='bbox 174 2197 189 2222; x_wconf 81' lang='grc' dir='ltr'>ι</span> <span class='ocrx_word' id='word_1_173' title='bbox 226 2175 285 2228; x_wconf 83' lang='lat' dir='ltr'>Et</span> <span class='ocrx_word' id='word_1_174' title='bbox 314 2175 594 2228; x_wconf 86' lang='lat' dir='ltr'>Dominus</span> <span class='ocrx_word' id='word_1_175' title='bbox 627 2174 917 2228; x_wconf 87' lang='lat' dir='ltr'>mandavit</span> <span class='ocrx_word' id='word_1_176' title='bbox 963 2173 1241 2243; x_wconf 86' lang='lat' dir='ltr'>dissipare</span> <span class='ocrx_word' id='word_1_177' title='bbox 1268 2175 1568 2229; x_wconf 91' lang='lat' dir='ltr'>consilium</span> <span class='ocrx_word' id='word_1_178' title='bbox 1627 2175 1859 2229; x_wconf 84' lang='lat' dir='ltr'>Achito—</span> 
     </span>
    </p>
   </div>
   <div class='ocr_carea' id='block_1_22' title="bbox 172 2262 1859 2333">
    <p class='ocr_par' dir='ltr' id='par_1_22' title="bbox 172 2262 1859 2333">
     <span class='ocr_line' id='line_1_22' title="bbox 172 2262 1859 2333; baseline 0.002 -19"><span class='ocrx_word' id='word_1_179' title='bbox 172 2262 285 2331; x_wconf 84' lang='lat' dir='ltr'>phel</span> <span class='ocrx_word' id='word_1_180' title='bbox 311 2263 561 2326; x_wconf 88' lang='lat' dir='ltr'>bonum,</span> <span class='ocrx_word' id='word_1_181' title='bbox 589 2266 651 2315; x_wconf 90' lang='lat' dir='ltr'>ut</span> <span class='ocrx_word' id='word_1_182' title='bbox 669 2263 903 2316; x_wconf 89' lang='lat' dir='ltr'>inducat</span> <span class='ocrx_word' id='word_1_183' title='bbox 927 2262 1201 2315; x_wconf 89' lang='lat' dir='ltr'>Dominus</span> <span class='ocrx_word' id='word_1_184' title='bbox 1225 2278 1396 2333; x_wconf 90' lang='lat' dir='ltr'>super</span> <span class='ocrx_word' id='word_1_185' title='bbox 1419 2263 1685 2316; x_wconf 81' lang='lat' dir='ltr'>Absalom</span> <span class='ocrx_word' id='word_1_186' title='bbox 1710 2265 1859 2317; x_wconf 87' lang='lat' dir='ltr'>mala</span> 
     </span>
    </p>
   </div>
   <div class='ocr_carea' id='block_1_23' title="bbox 169 2350 1854 2420">
    <p class='ocr_par' dir='ltr' id='par_1_23' title="bbox 169 2350 1854 2420">
     <span class='ocr_line' id='line_1_23' title="bbox 169 2350 1854 2420; baseline 0.002 -18"><span class='ocrx_word' id='word_1_187' title='bbox 169 2350 355 2403; x_wconf 82' lang='lat' dir='ltr'>omnia</span> <span class='ocrx_word' id='word_1_188' title='bbox 376 2352 465 2419; x_wconf 91' lang='lat' dir='ltr'>(II</span> <span class='ocrx_word' id='word_1_189' title='bbox 484 2353 614 2418; x_wconf 80' lang='lat' dir='ltr'>Reg.</span> <span class='ocrx_word' id='word_1_190' title='bbox 642 2367 769 2413; x_wconf 86' lang='lat' dir='ltr'>xvn,</span> <span class='ocrx_word' id='word_1_191' title='bbox 808 2351 910 2420; x_wconf 77' lang='grc'><strong>14).</strong></span> <span class='ocrx_word' id='word_1_192' title='bbox 944 2371 971 2399; x_wconf 86' lang='grc'><strong>››</strong></span> <span class='ocrx_word' id='word_1_193' title='bbox 996 2370 1023 2401; x_wconf 83' lang='grc'>‹‹</span> <span class='ocrx_word' id='word_1_194' title='bbox 1056 2352 1278 2405; x_wconf 91' lang='lat' dir='ltr'>Bonum</span> <span class='ocrx_word' id='word_1_195' title='bbox 1311 2352 1659 2405; x_wconf 83' lang='lat' dir='ltr'>consilium»</span> <span class='ocrx_word' id='word_1_196' title='bbox 1693 2353 1854 2419; x_wconf 82' lang='lat' dir='ltr'>dixit,</span> 
     </span>
    </p>
   </div>
   <div class='ocr_carea' id='block_1_24' title="bbox 170 2440 1859 2512">
    <p class='ocr_par' dir='ltr' id='par_1_24' title="bbox 170 2440 1859 2512">
     <span class='ocr_line' id='line_1_24' title="bbox 170 2440 1859 2512; baseline 0.002 -21"><span class='ocrx_word' id='word_1_197' title='bbox 170 2440 308 2509; x_wconf 88' lang='lat' dir='ltr'>quod</span> <span class='ocrx_word' id='word_1_198' title='bbox 343 2440 415 2491; x_wconf 92' lang='lat' dir='ltr'>ad</span> <span class='ocrx_word' id='word_1_199' title='bbox 442 2443 670 2508; x_wconf 86' lang='lat' dir='ltr'>tempus</span> <span class='ocrx_word' id='word_1_200' title='bbox 697 2440 968 2509; x_wconf 88' lang='lat' dir='ltr'>proderat</span> <span class='ocrx_word' id='word_1_201' title='bbox 999 2456 1204 2501; x_wconf 69' lang='lat' dir='ltr'>causae,</span> <span class='ocrx_word' id='word_1_202' title='bbox 1238 2441 1372 2510; x_wconf 89' lang='lat' dir='ltr'>quia</span> <span class='ocrx_word' id='word_1_203' title='bbox 1415 2457 1518 2511; x_wconf 90' lang='lat' dir='ltr'>pro</span> <span class='ocrx_word' id='word_1_204' title='bbox 1566 2441 1690 2512; x_wconf 89' lang='lat' dir='ltr'>ipso</span> <span class='ocrx_word' id='word_1_205' title='bbox 1737 2448 1859 2495; x_wconf 89' lang='lat' dir='ltr'>erat</span> 
     </span>
    </p>
   </div>
   <div class='ocr_carea' id='block_1_25' title="bbox 170 2528 1859 2598">
    <p class='ocr_par' dir='ltr' id='par_1_25' title="bbox 170 2528 1859 2598">
     <span class='ocr_line' id='line_1_25' title="bbox 170 2528 1859 2598; baseline 0.002 -18"><span class='ocrx_word' id='word_1_206' title='bbox 170 2534 354 2580; x_wconf 82' lang='lat' dir='ltr'>contra</span> <span class='ocrx_word' id='word_1_207' title='bbox 406 2533 632 2597; x_wconf 89' lang='lat' dir='ltr'>patrem</span> <span class='ocrx_word' id='word_1_208' title='bbox 683 2528 825 2597; x_wconf 89' lang='lat' dir='ltr'>ejus,</span> <span class='ocrx_word' id='word_1_209' title='bbox 884 2533 1081 2582; x_wconf 90' lang='lat' dir='ltr'>contra</span> <span class='ocrx_word' id='word_1_210' title='bbox 1139 2543 1310 2598; x_wconf 90' lang='lat' dir='ltr'>quem</span> <span class='ocrx_word' id='word_1_211' title='bbox 1360 2529 1751 2591; x_wconf 89' lang='lat' dir='ltr'>rebellaverat,</span> <span class='ocrx_word' id='word_1_212' title='bbox 1796 2535 1859 2584; x_wconf 91' lang='lat' dir='ltr'>ut</span> 
     </span>
    </p>
   </div>
   <div class='ocr_carea' id='block_1_26' title="bbox 169 2611 1856 2687">
    <p class='ocr_par' dir='ltr' id='par_1_26' title="bbox 169 2611 1856 2687">
     <span class='ocr_line' id='line_1_26' title="bbox 169 2611 1856 2687; baseline 0.001 -18"><span class='ocrx_word' id='word_1_213' title='bbox 169 2632 283 2669; x_wconf 90' lang='lat' dir='ltr'>eum</span> <span class='ocrx_word' id='word_1_214' title='bbox 316 2611 514 2681; x_wconf 82' lang='lat' dir='ltr'>posset</span> <span class='ocrx_word' id='word_1_215' title='bbox 541 2616 890 2687; x_wconf 84' lang='lat' dir='ltr'>opprimere,</span> <span class='ocrx_word' id='word_1_216' title='bbox 918 2617 1028 2670; x_wconf 90' lang='lat' dir='ltr'>nisi</span> <span class='ocrx_word' id='word_1_217' title='bbox 1054 2617 1332 2671; x_wconf 90' lang='lat' dir='ltr'>Dominus</span> <span class='ocrx_word' id='word_1_218' title='bbox 1363 2619 1660 2671; x_wconf 88' lang='lat' dir='ltr'>consilium</span> <span class='ocrx_word' id='word_1_219' title='bbox 1691 2619 1856 2672; x_wconf 88' lang='lat' dir='ltr'>dissi-</span> 
     </span>
    </p>
   </div>
   <div class='ocr_carea' id='block_1_27' title="bbox 169 2705 1856 2776">
    <p class='ocr_par' dir='ltr' id='par_1_27' title="bbox 169 2705 1856 2776">
     <span class='ocr_line' id='line_1_27' title="bbox 169 2705 1856 2776; baseline 0.002 -19"><span class='ocrx_word' id='word_1_220' title='bbox 169 2710 345 2773; x_wconf 85' lang='lat' dir='ltr'>passet</span> <span class='ocrx_word' id='word_1_221' title='bbox 405 2705 565 2775; x_wconf 90' lang='lat' dir='ltr'>quod</span> <span class='ocrx_word' id='word_1_222' title='bbox 614 2705 850 2759; x_wconf 88' lang='lat' dir='ltr'>dederat</span> <span class='ocrx_word' id='word_1_223' title='bbox 893 2705 1253 2775; x_wconf 83' lang='lat' dir='ltr'>Achitophel,</span> <span class='ocrx_word' id='word_1_224' title='bbox 1306 2707 1527 2776; x_wconf 89' lang='lat' dir='ltr'>agendo</span> <span class='ocrx_word' id='word_1_225' title='bbox 1575 2707 1634 2760; x_wconf 90' lang='lat' dir='ltr'>in</span> <span class='ocrx_word' id='word_1_226' title='bbox 1688 2708 1856 2761; x_wconf 90' lang='lat' dir='ltr'>corde</span> 
     </span>
    </p>
   </div>
   <div class='ocr_carea' id='block_1_28' title="bbox 170 2794 1852 2865">
    <p class='ocr_par' dir='ltr' id='par_1_28' title="bbox 170 2794 1852 2865">
     <span class='ocr_line' id='line_1_28' title="bbox 170 2794 1852 2865; baseline 0.002 -20"><span class='ocrx_word' id='word_1_227' title='bbox 170 2794 445 2860; x_wconf 79' lang='lat' dir='ltr'>Absalom,</span> <span class='ocrx_word' id='word_1_228' title='bbox 483 2800 546 2847; x_wconf 91' lang='lat' dir='ltr'>ut</span> <span class='ocrx_word' id='word_1_229' title='bbox 576 2794 687 2847; x_wconf 87' lang='lat' dir='ltr'>tale</span> <span class='ocrx_word' id='word_1_230' title='bbox 718 2794 1021 2847; x_wconf 90' lang='lat' dir='ltr'>consilium</span> <span class='ocrx_word' id='word_1_231' title='bbox 1045 2794 1396 2863; x_wconf 85' lang='lat' dir='ltr'>repudiaret,</span> <span class='ocrx_word' id='word_1_232' title='bbox 1434 2800 1490 2848; x_wconf 89' lang='lat' dir='ltr'>et</span> <span class='ocrx_word' id='word_1_233' title='bbox 1512 2795 1665 2849; x_wconf 88' lang='lat' dir='ltr'>aliud</span> <span class='ocrx_word' id='word_1_234' title='bbox 1700 2796 1852 2865; x_wconf 91' lang='lat' dir='ltr'>quod</span> 
     </span>
    </p>
   </div>
   <div class='ocr_carea' id='block_1_29' title="bbox 169 2884 1854 2954">
    <p class='ocr_par' dir='ltr' id='par_1_29' title="bbox 169 2884 1854 2954">
     <span class='ocr_line' id='line_1_29' title="bbox 169 2884 1854 2954; baseline 0.001 -17"><span class='ocrx_word' id='word_1_235' title='bbox 169 2885 211 2936; x_wconf 84' lang='lat' dir='ltr'>ei</span> <span class='ocrx_word' id='word_1_236' title='bbox 268 2901 390 2938; x_wconf 90' lang='lat' dir='ltr'>non</span> <span class='ocrx_word' id='word_1_237' title='bbox 443 2884 783 2954; x_wconf 79' lang='lat' dir='ltr'>expediebat</span> <span class='ocrx_word' id='word_1_238' title='bbox 836 2884 1075 2954; x_wconf 89' lang='lat' dir='ltr'>eligeret</span> <span class='ocrx_word' id='word_1_239' title='bbox 1137 2885 1318 2954; x_wconf 81' lang='lat' dir='ltr'>(Ibid,</span> <span class='ocrx_word' id='word_1_240' title='bbox 1378 2886 1488 2951; x_wconf 85' lang='lat' dir='ltr'>2t).</span> <span class='ocrx_word' id='word_1_241' title='bbox 1546 2886 1683 2949; x_wconf 86' lang='lat' dir='ltr'>Quis</span> <span class='ocrx_word' id='word_1_242' title='bbox 1736 2903 1854 2939; x_wconf 89' lang='lat' dir='ltr'>non</span> 
     </span>
    </p>
   </div>
   <div class='ocr_carea' id='block_1_30' title="bbox 171 2972 1853 3044">
    <p class='ocr_par' dir='ltr' id='par_1_30' title="bbox 171 2972 1853 3044">
     <span class='ocr_line' id='line_1_30' title="bbox 171 2972 1853 3044; baseline 0.002 -20"><span class='ocrx_word' id='word_1_243' title='bbox 171 2973 263 3025; x_wconf 84' lang='lat' dir='ltr'>ista</span> <span class='ocrx_word' id='word_1_244' title='bbox 303 2974 504 3027; x_wconf 85' lang='lat' dir='ltr'>divina</span> <span class='ocrx_word' id='word_1_245' title='bbox 538 2973 755 3041; x_wconf 89' lang='lat' dir='ltr'>judicia</span> <span class='ocrx_word' id='word_1_246' title='bbox 806 2972 1225 3039; x_wconf 89' lang='lat' dir='ltr'>contremiscat,</span> <span class='ocrx_word' id='word_1_247' title='bbox 1268 2974 1478 3043; x_wconf 90' lang='lat' dir='ltr'>quibus</span> <span class='ocrx_word' id='word_1_248' title='bbox 1534 2974 1651 3044; x_wconf 82' lang='lat' dir='ltr'>agit</span> <span class='ocrx_word' id='word_1_249' title='bbox 1708 2976 1853 3028; x_wconf 90' lang='lat' dir='ltr'>Deus</span> 
     </span>
    </p>
   </div>
   <div class='ocr_carea' id='block_1_31' title="bbox 170 3048 1928 3134">
    <p class='ocr_par' dir='ltr' id='par_1_31' title="bbox 170 3048 1928 3134">
     <span class='ocr_line' id='line_1_31' title="bbox 170 3048 1928 3134; baseline 0.001 -19"><span class='ocrx_word' id='word_1_250' title='bbox 170 3063 321 3115; x_wconf 87' lang='lat' dir='ltr'>etiam</span> <span class='ocrx_word' id='word_1_251' title='bbox 358 3062 419 3115; x_wconf 89' lang='lat' dir='ltr'>in</span> <span class='ocrx_word' id='word_1_252' title='bbox 448 3061 722 3116; x_wconf 86' lang='lat' dir='ltr'>cordibus</span> <span class='ocrx_word' id='word_1_253' title='bbox 744 3061 1026 3116; x_wconf 89' lang='lat' dir='ltr'>malorum</span> <span class='ocrx_word' id='word_1_254' title='bbox 1062 3062 1363 3116; x_wconf 89' lang='lat' dir='ltr'>hominum</span> <span class='ocrx_word' id='word_1_255' title='bbox 1400 3063 1679 3134; x_wconf 87' lang='lat' dir='ltr'>quidquid</span> <span class='ocrx_word' id='word_1_256' title='bbox 1712 3065 1849 3131; x_wconf 88' lang='lat' dir='ltr'>vult,</span> <span class='ocrx_word' id='word_1_257' title='bbox 1891 3048 1928 3102; x_wconf 65' lang='grc' dir='ltr'>(ἶ</span> 
     </span>
    </p>
   </div>
   <div class='ocr_carea' id='block_1_32' title="bbox 171 3149 1850 3204">
    <p class='ocr_par' dir='ltr' id='par_1_32' title="bbox 171 3149 1850 3204">
     <span class='ocr_line' id='line_1_32' title="bbox 171 3149 1850 3204; baseline 0.001 -4"><span class='ocrx_word' id='word_1_258' title='bbox 171 3149 400 3202; x_wconf 87' lang='lat' dir='ltr'>reddens</span> <span class='ocrx_word' id='word_1_259' title='bbox 459 3149 540 3201; x_wconf 90' lang='lat' dir='ltr'>eis</span> <span class='ocrx_word' id='word_1_260' title='bbox 598 3154 791 3202; x_wconf 86' lang='lat' dir='ltr'>tamen</span> <span class='ocrx_word' id='word_1_261' title='bbox 839 3149 1153 3203; x_wconf 90' lang='lat' dir='ltr'>secundum</span> <span class='ocrx_word' id='word_1_262' title='bbox 1203 3153 1405 3202; x_wconf 83' lang='lat' dir='ltr'>merita</span> <span class='ocrx_word' id='word_1_263' title='bbox 1450 3149 1688 3203; x_wconf 85' lang='lat' dir='ltr'>eorum?</span> <span class='ocrx_word' id='word_1_264' title='bbox 1738 3152 1850 3204; x_wconf 79' lang='lat' dir='ltr'>Ro-</span> 
     </span>
    </p>
   </div>
   <div class='ocr_carea' id='block_1_33' title="bbox 168 3237 1851 3307">
    <p class='ocr_par' dir='ltr' id='par_1_33' title="bbox 168 3237 1851 3307">
     <span class='ocr_line' id='line_1_33' title="bbox 168 3237 1851 3307; baseline 0.002 -19"><span class='ocrx_word' id='word_1_265' title='bbox 168 3241 341 3301; x_wconf 86' lang='lat' dir='ltr'>boam,</span> <span class='ocrx_word' id='word_1_266' title='bbox 402 3237 557 3291; x_wconf 83' lang='lat' dir='ltr'>ﬁlius</span> <span class='ocrx_word' id='word_1_267' title='bbox 612 3237 955 3303; x_wconf 88' lang='lat' dir='ltr'>Salomonis,</span> <span class='ocrx_word' id='word_1_268' title='bbox 1008 3237 1227 3307; x_wconf 90' lang='lat' dir='ltr'>respuit</span> <span class='ocrx_word' id='word_1_269' title='bbox 1270 3237 1571 3291; x_wconf 90' lang='lat' dir='ltr'>consilium</span> <span class='ocrx_word' id='word_1_270' title='bbox 1625 3238 1851 3291; x_wconf 90' lang='lat' dir='ltr'>salubre</span> 
     </span>
    </p>
   </div>
   <div class='ocr_carea' id='block_1_34' title="bbox 169 3326 1850 3397">
    <p class='ocr_par' dir='ltr' id='par_1_34' title="bbox 169 3326 1850 3397">
     <span class='ocr_line' id='line_1_34' title="bbox 169 3326 1850 3397; baseline 0.001 -19"><span class='ocrx_word' id='word_1_271' title='bbox 169 3327 449 3380; x_wconf 82' lang='lat' dir='ltr'>seniorum</span> <span class='ocrx_word' id='word_1_272' title='bbox 507 3326 664 3397; x_wconf 91' lang='lat' dir='ltr'>quod</span> <span class='ocrx_word' id='word_1_273' title='bbox 704 3328 755 3380; x_wconf 90' lang='lat' dir='ltr'>ei</span> <span class='ocrx_word' id='word_1_274' title='bbox 784 3327 1079 3395; x_wconf 90' lang='lat' dir='ltr'>dederant,</span> <span class='ocrx_word' id='word_1_275' title='bbox 1114 3343 1186 3380; x_wconf 88' lang='lat' dir='ltr'>ne</span> <span class='ocrx_word' id='word_1_276' title='bbox 1245 3343 1373 3380; x_wconf 89' lang='lat' dir='ltr'>cum</span> <span class='ocrx_word' id='word_1_277' title='bbox 1435 3329 1649 3397; x_wconf 89' lang='lat' dir='ltr'>populo</span> <span class='ocrx_word' id='word_1_278' title='bbox 1708 3327 1850 3380; x_wconf 89' lang='lat' dir='ltr'>dure</span> 
     </span>
    </p>
   </div>
   <div class='ocr_carea' id='block_1_35' title="bbox 168 3414 1850 3485">
    <p class='ocr_par' dir='ltr' id='par_1_35' title="bbox 168 3414 1850 3485">
     <span class='ocr_line' id='line_1_35' title="bbox 168 3414 1850 3485; baseline 0.001 -19"><span class='ocrx_word' id='word_1_279' title='bbox 168 3419 346 3483; x_wconf 76' lang='lat' dir='ltr'>ageret</span> <span class='ocrx_word' id='word_1_280' title='bbox 376 3419 437 3468; x_wconf 93' lang='lat' dir='ltr'>et</span> <span class='ocrx_word' id='word_1_281' title='bbox 482 3415 674 3468; x_wconf 85' lang='lat' dir='ltr'>verbis</span> <span class='ocrx_word' id='word_1_282' title='bbox 711 3431 1029 3469; x_wconf 72' lang='lat' dir='ltr'>coaevorum</span> <span class='ocrx_word' id='word_1_283' title='bbox 1063 3431 1297 3469; x_wconf 89' lang='lat' dir='ltr'>suorum</span> <span class='ocrx_word' id='word_1_284' title='bbox 1326 3416 1512 3485; x_wconf 88' lang='lat' dir='ltr'>potius</span> <span class='ocrx_word' id='word_1_285' title='bbox 1547 3414 1850 3485; x_wconf 86' lang='lat' dir='ltr'>acquievit,</span> 
     </span>
    </p>
   </div>
   <div class='ocr_carea' id='block_1_36' title="bbox 170 3503 1855 3573">
    <p class='ocr_par' dir='ltr' id='par_1_36' title="bbox 170 3503 1855 3573">
     <span class='ocr_line' id='line_1_36' title="bbox 170 3503 1855 3573; baseline 0.002 -18"><span class='ocrx_word' id='word_1_286' title='bbox 170 3503 555 3572; x_wconf 85' lang='lat' dir='ltr'>respondendo</span> <span class='ocrx_word' id='word_1_287' title='bbox 608 3504 909 3557; x_wconf 90' lang='lat' dir='ltr'>minaciter</span> <span class='ocrx_word' id='word_1_288' title='bbox 982 3504 1194 3573; x_wconf 88' lang='lat' dir='ltr'>quibus</span> <span class='ocrx_word' id='word_1_289' title='bbox 1244 3504 1450 3557; x_wconf 89' lang='lat' dir='ltr'>leniter</span> <span class='ocrx_word' id='word_1_290' title='bbox 1502 3504 1699 3557; x_wconf 87' lang='lat' dir='ltr'>debuit</span> <span class='ocrx_word' id='word_1_291' title='bbox 1752 3506 1855 3568; x_wconf 89' lang='lat' dir='ltr'>(III</span> 
     </span>
    </p>
   </div>
   <div class='ocr_carea' id='block_1_37' title="bbox 169 3592 1850 3663">
    <p class='ocr_par' dir='ltr' id='par_1_37' title="bbox 169 3592 1850 3663">
     <span class='ocr_line' id='line_1_37' title="bbox 169 3592 1850 3663; baseline -0.001 -17"><span class='ocrx_word' id='word_1_292' title='bbox 169 3594 276 3657; x_wconf 70' lang='lat' dir='ltr'>Reg.</span> <span class='ocrx_word' id='word_1_293' title='bbox 308 3609 413 3657; x_wconf 83' lang='lat' dir='ltr'>xu,</span> <span class='ocrx_word' id='word_1_294' title='bbox 448 3595 480 3646; x_wconf 86' lang='lat'>6</span> <span class='ocrx_word' id='word_1_295' title='bbox 531 3594 675 3663; x_wconf 89' lang='lat' dir='ltr'>seq.)</span> <span class='ocrx_word' id='word_1_296' title='bbox 725 3594 881 3647; x_wconf 89' lang='lat' dir='ltr'>Unde</span> <span class='ocrx_word' id='word_1_297' title='bbox 928 3592 1033 3646; x_wconf 91' lang='lat' dir='ltr'>hoc</span> <span class='ocrx_word' id='word_1_298' title='bbox 1082 3593 1192 3646; x_wconf 88' lang='lat' dir='ltr'>nisi</span> <span class='ocrx_word' id='word_1_299' title='bbox 1241 3594 1471 3661; x_wconf 90' lang='lat' dir='ltr'>propria</span> <span class='ocrx_word' id='word_1_300' title='bbox 1513 3593 1850 3646; x_wconf 81' lang='lat' dir='ltr'>voluntate?</span> 
     </span>
    </p>
   </div>
   <div class='ocr_carea' id='block_1_38' title="bbox 168 3680 1851 3747">
    <p class='ocr_par' dir='ltr' id='par_1_38' title="bbox 168 3680 1851 3747">
     <span class='ocr_line' id='line_1_38' title="bbox 168 3680 1851 3747; baseline 0.001 -13"><span class='ocrx_word' id='word_1_301' title='bbox 168 3680 254 3734; x_wconf 87' lang='lat' dir='ltr'>Sed</span> <span class='ocrx_word' id='word_1_302' title='bbox 282 3682 423 3735; x_wconf 92' lang='lat' dir='ltr'>hinc</span> <span class='ocrx_word' id='word_1_303' title='bbox 472 3680 543 3735; x_wconf 85' lang='lat' dir='ltr'>ab</span> <span class='ocrx_word' id='word_1_304' title='bbox 590 3697 657 3735; x_wconf 91' lang='lat' dir='ltr'>eo</span> <span class='ocrx_word' id='word_1_305' title='bbox 688 3685 1043 3735; x_wconf 89' lang='lat' dir='ltr'>recesserunt</span> <span class='ocrx_word' id='word_1_306' title='bbox 1073 3682 1269 3735; x_wconf 90' lang='lat' dir='ltr'>decem</span> <span class='ocrx_word' id='word_1_307' title='bbox 1324 3682 1506 3735; x_wconf 90' lang='lat' dir='ltr'>tribus</span> <span class='ocrx_word' id='word_1_308' title='bbox 1551 3683 1743 3747; x_wconf 90' lang='lat' dir='ltr'>Israel,</span> <span class='ocrx_word' id='word_1_309' title='bbox 1795 3686 1851 3736; x_wconf 89' lang='lat' dir='ltr'>et</span> 
     </span>
    </p>
   </div>
   <div class='ocr_carea' id='block_1_39' title="bbox 170 3767 1848 3838">
    <p class='ocr_par' dir='ltr' id='par_1_39' title="bbox 170 3767 1848 3838">
     <span class='ocr_line' id='line_1_39' title="bbox 170 3767 1848 3838; baseline 0.003 -20"><span class='ocrx_word' id='word_1_310' title='bbox 170 3767 321 3822; x_wconf 84' lang='lat' dir='ltr'>alium</span> <span class='ocrx_word' id='word_1_311' title='bbox 375 3784 581 3838; x_wconf 80' lang='lat' dir='ltr'>regem</span> <span class='ocrx_word' id='word_1_312' title='bbox 628 3768 737 3822; x_wconf 90' lang='lat' dir='ltr'>sibi</span> <span class='ocrx_word' id='word_1_313' title='bbox 782 3768 1203 3822; x_wconf 89' lang='lat' dir='ltr'>constituerunt</span> <span class='ocrx_word' id='word_1_314' title='bbox 1256 3770 1580 3837; x_wconf 85' lang='lat' dir='ltr'>Jeroboam,</span> <span class='ocrx_word' id='word_1_315' title='bbox 1631 3773 1691 3822; x_wconf 92' lang='lat' dir='ltr'>ut</span> <span class='ocrx_word' id='word_1_316' title='bbox 1720 3768 1848 3823; x_wconf 87' lang='lat' dir='ltr'>irati</span> 
     </span>
    </p>
   </div>
   <div class='ocr_carea' id='block_1_40' title="bbox 169 3856 1847 3927">
    <p class='ocr_par' dir='ltr' id='par_1_40' title="bbox 169 3856 1847 3927">
     <span class='ocr_line' id='line_1_40' title="bbox 169 3856 1847 3927; baseline 0.002 -19"><span class='ocrx_word' id='word_1_317' title='bbox 169 3856 251 3908; x_wconf 85' lang='lat' dir='ltr'>Dei</span> <span class='ocrx_word' id='word_1_318' title='bbox 291 3856 567 3910; x_wconf 83' lang='lat' dir='ltr'>voluntas</span> <span class='ocrx_word' id='word_1_319' title='bbox 623 3856 806 3920; x_wconf 81' lang='lat' dir='ltr'>ﬁeret,</span> <span class='ocrx_word' id='word_1_320' title='bbox 842 3857 997 3926; x_wconf 90' lang='lat' dir='ltr'>quod</span> <span class='ocrx_word' id='word_1_321' title='bbox 1040 3857 1213 3910; x_wconf 89' lang='lat' dir='ltr'>etiam</span> <span class='ocrx_word' id='word_1_322' title='bbox 1255 3857 1517 3911; x_wconf 90' lang='lat' dir='ltr'>futurum</span> <span class='ocrx_word' id='word_1_323' title='bbox 1548 3873 1668 3911; x_wconf 90' lang='lat' dir='ltr'>esse</span> <span class='ocrx_word' id='word_1_324' title='bbox 1698 3874 1847 3927; x_wconf 64' lang='lat' dir='ltr'>prae-</span> 
     </span>
    </p>
   </div>
   <div class='ocr_carea' id='block_1_41' title="bbox 167 3943 1845 4015">
    <p class='ocr_par' dir='ltr' id='par_1_41' title="bbox 167 3943 1845 4015">
     <span class='ocr_line' id='line_1_41' title="bbox 167 3943 1845 4015; baseline 0.003 -20"><span class='ocrx_word' id='word_1_325' title='bbox 167 3943 381 3999; x_wconf 81' lang='lat' dir='ltr'>dixerat.</span> <span class='ocrx_word' id='word_1_326' title='bbox 412 3945 563 4008; x_wconf 89' lang='lat' dir='ltr'>Quid</span> <span class='ocrx_word' id='word_1_327' title='bbox 587 3945 742 3999; x_wconf 90' lang='lat' dir='ltr'>enim</span> <span class='ocrx_word' id='word_1_328' title='bbox 773 3945 1065 4015; x_wconf 84' lang='lat' dir='ltr'>Scriptura</span> <span class='ocrx_word' id='word_1_329' title='bbox 1089 3945 1270 3999; x_wconf 83' lang='lat' dir='ltr'>dicit?</span> <span class='ocrx_word' id='word_1_330' title='bbox 1302 3965 1328 3996; x_wconf 92' lang='lat'><strong>«</strong></span> <span class='ocrx_word' id='word_1_331' title='bbox 1361 3947 1483 3999; x_wconf 87' lang='lat' dir='ltr'>Non</span> <span class='ocrx_word' id='word_1_332' title='bbox 1515 3946 1729 4000; x_wconf 90' lang='lat' dir='ltr'>audivit</span> <span class='ocrx_word' id='word_1_333' title='bbox 1754 3962 1845 4000; x_wconf 87' lang='lat' dir='ltr'>rex</span> 
     </span>
    </p>
   </div>
   <div class='ocr_carea' id='block_1_42' title="bbox 166 4032 1849 4101">
    <p class='ocr_par' dir='ltr' id='par_1_42' title="bbox 166 4032 1849 4101">
     <span class='ocr_line' id='line_1_42' title="bbox 166 4032 1849 4101; baseline 0.002 -18"><span class='ocrx_word' id='word_1_334' title='bbox 166 4032 395 4099; x_wconf 86' lang='lat' dir='ltr'>plebem,</span> <span class='ocrx_word' id='word_1_335' title='bbox 446 4032 722 4101; x_wconf 89' lang='lat' dir='ltr'>quoniam</span> <span class='ocrx_word' id='word_1_336' title='bbox 767 4038 889 4086; x_wconf 89' lang='lat' dir='ltr'>erat</span> <span class='ocrx_word' id='word_1_337' title='bbox 914 4033 1206 4087; x_wconf 88' lang='lat' dir='ltr'>conversio</span> <span class='ocrx_word' id='word_1_338' title='bbox 1259 4050 1292 4086; x_wconf 92' lang='lat' dir='ltr'>a</span> <span class='ocrx_word' id='word_1_339' title='bbox 1326 4034 1588 4101; x_wconf 88' lang='lat' dir='ltr'>Domino,</span> <span class='ocrx_word' id='word_1_340' title='bbox 1626 4039 1688 4087; x_wconf 94' lang='lat' dir='ltr'>ut</span> <span class='ocrx_word' id='word_1_341' title='bbox 1735 4038 1849 4087; x_wconf 90' lang='lat' dir='ltr'>sta-</span> 
     </span>
    </p>
   </div>
   <div class='ocr_carea' id='block_1_43' title="bbox 166 4116 1847 4193">
    <p class='ocr_par' dir='ltr' id='par_1_43' title="bbox 166 4116 1847 4193">
     <span class='ocr_line' id='line_1_43' title="bbox 166 4116 1847 4193; baseline 0.004 -21"><span class='ocrx_word' id='word_1_342' title='bbox 166 4128 329 4175; x_wconf 77' lang='lat' dir='ltr'>tueret</span> <span class='ocrx_word' id='word_1_343' title='bbox 359 4124 608 4177; x_wconf 90' lang='lat' dir='ltr'>verbum</span> <span class='ocrx_word' id='word_1_344' title='bbox 647 4138 816 4176; x_wconf 91' lang='lat' dir='ltr'>suum</span> <span class='ocrx_word' id='word_1_345' title='bbox 849 4125 1001 4193; x_wconf 90' lang='lat' dir='ltr'>quod</span> <span class='ocrx_word' id='word_1_346' title='bbox 1038 4125 1259 4177; x_wconf 90' lang='lat' dir='ltr'>locutus</span> <span class='ocrx_word' id='word_1_347' title='bbox 1287 4128 1372 4177; x_wconf 91' lang='lat' dir='ltr'>est</span> <span class='ocrx_word' id='word_1_348' title='bbox 1402 4124 1456 4177; x_wconf 93' lang='lat' dir='ltr'>in</span> <span class='ocrx_word' id='word_1_349' title='bbox 1484 4116 1661 4178; x_wconf 89' lang='lat' dir='ltr'>manu</span> <span class='ocrx_word' id='word_1_350' title='bbox 1686 4125 1847 4179; x_wconf 71' lang='lat' dir='ltr'>Ahiaa</span> 
     </span>
    </p>
   </div>
   <div class='ocr_carea' id='block_1_44' title="bbox 167 4210 1843 4283">
    <p class='ocr_par' dir='ltr' id='par_1_44' title="bbox 167 4210 1843 4283">
     <span class='ocr_line' id='line_1_44' title="bbox 167 4210 1843 4283; baseline 0.004 -22"><span class='ocrx_word' id='word_1_351' title='bbox 167 4210 405 4265; x_wconf 65' lang='lat' dir='ltr'>Silouitm</span> <span class='ocrx_word' id='word_1_352' title='bbox 461 4210 530 4265; x_wconf 90' lang='lat' dir='ltr'>de</span> <span class='ocrx_word' id='word_1_353' title='bbox 586 4211 891 4266; x_wconf 86' lang='lat' dir='ltr'>Jeroboam</span> <span class='ocrx_word' id='word_1_354' title='bbox 941 4211 1059 4265; x_wconf 85' lang='lat' dir='ltr'>ﬁlio</span> <span class='ocrx_word' id='word_1_355' title='bbox 1112 4213 1333 4266; x_wconf 87' lang='lat' dir='ltr'>Nabath</span> <span class='ocrx_word' id='word_1_356' title='bbox 1378 4213 1557 4280; x_wconf 81' lang='lat' dir='ltr'>(Ibid.,</span> <span class='ocrx_word' id='word_1_357' title='bbox 1618 4214 1758 4283; x_wconf 82' lang='lat' dir='ltr'>I59).</span> <span class='ocrx_word' id='word_1_358' title='bbox 1816 4235 1843 4263; x_wconf 89' lang='grc'><strong>››</strong></span> 
     </span>
    </p>
   </div>
   <div class='ocr_carea' id='block_1_45' title="bbox 168 4298 1841 4369">
    <p class='ocr_par' dir='ltr' id='par_1_45' title="bbox 168 4298 1841 4369">
     <span class='ocr_line' id='line_1_45' title="bbox 168 4298 1841 4369; baseline 0.004 -20"><span class='ocrx_word' id='word_1_359' title='bbox 168 4298 356 4369; x_wconf 69' lang='lat' dir='ltr'>Nempe</span> <span class='ocrx_word' id='word_1_360' title='bbox 390 4299 478 4353; x_wconf 87' lang='lat' dir='ltr'>sic</span> <span class='ocrx_word' id='word_1_361' title='bbox 509 4299 726 4353; x_wconf 84' lang='lat' dir='ltr'>factum</span> <span class='ocrx_word' id='word_1_362' title='bbox 756 4300 894 4354; x_wconf 91' lang='lat' dir='ltr'>illud</span> <span class='ocrx_word' id='word_1_363' title='bbox 934 4305 1019 4353; x_wconf 90' lang='lat' dir='ltr'>est</span> <span class='ocrx_word' id='word_1_364' title='bbox 1049 4316 1153 4369; x_wconf 92' lang='lat' dir='ltr'>per</span> <span class='ocrx_word' id='word_1_365' title='bbox 1182 4301 1431 4354; x_wconf 89' lang='lat' dir='ltr'>hominis</span> <span class='ocrx_word' id='word_1_366' title='bbox 1471 4302 1841 4369; x_wconf 87' lang='lat' dir='ltr'>voluntatem,</span> 
     </span>
    </p>
   </div>
   <div class='ocr_carea' id='block_1_46' title="bbox 167 4388 1846 4460">
    <p class='ocr_par' dir='ltr' id='par_1_46' title="bbox 167 4388 1846 4460">
     <span class='ocr_line' id='line_1_46' title="bbox 167 4388 1846 4460; baseline 0.003 -22"><span class='ocrx_word' id='word_1_367' title='bbox 167 4393 217 4438; x_wconf 87' lang='lat' dir='ltr'>ut</span> <span class='ocrx_word' id='word_1_368' title='bbox 236 4392 427 4442; x_wconf 86' lang='lat' dir='ltr'>tamen</span> <span class='ocrx_word' id='word_1_369' title='bbox 446 4410 474 4435; x_wconf 81' lang='grc' dir='ltr'>ιι</span> <span class='ocrx_word' id='word_1_370' title='bbox 499 4388 798 4443; x_wconf 88' lang='lat' dir='ltr'>conversio</span> <span class='ocrx_word' id='word_1_371' title='bbox 818 4410 845 4437; x_wconf 77' lang='grc'><strong>››</strong></span> <span class='ocrx_word' id='word_1_372' title='bbox 870 4394 1019 4443; x_wconf 89' lang='lat' dir='ltr'>esset</span> <span class='ocrx_word' id='word_1_373' title='bbox 1040 4410 1068 4438; x_wconf 89' lang='lat'><strong>«</strong></span> <span class='ocrx_word' id='word_1_374' title='bbox 1085 4406 1117 4443; x_wconf 91' lang='lat' dir='ltr'>a</span> <span class='ocrx_word' id='word_1_375' title='bbox 1132 4390 1390 4443; x_wconf 91' lang='lat' dir='ltr'>Domino.</span> <span class='ocrx_word' id='word_1_376' title='bbox 1413 4410 1432 4436; x_wconf 71' lang='grc' dir='ltr'>ι</span> <span class='ocrx_word' id='word_1_377' title='bbox 1456 4389 1645 4460; x_wconf 87' lang='lat' dir='ltr'>Legite</span> <span class='ocrx_word' id='word_1_378' title='bbox 1668 4390 1846 4444; x_wconf 91' lang='lat' dir='ltr'>libros</span> 
     </span>
    </p>
   </div>
   <div class='ocr_carea' id='block_1_47' title="bbox 171 4476 1844 4547">
    <p class='ocr_par' dir='ltr' id='par_1_47' title="bbox 171 4476 1844 4547">
     <span class='ocr_line' id='line_1_47' title="bbox 171 4476 1844 4547; baseline 0.003 -21"><span class='ocrx_word' id='word_1_379' title='bbox 171 4476 657 4547; x_wconf 85' lang='lat' dir='ltr'>Paralipomenon,</span> <span class='ocrx_word' id='word_1_380' title='bbox 708 4482 764 4530; x_wconf 89' lang='lat' dir='ltr'>et</span> <span class='ocrx_word' id='word_1_381' title='bbox 784 4478 1088 4532; x_wconf 87' lang='lat' dir='ltr'>invenietis</span> <span class='ocrx_word' id='word_1_382' title='bbox 1132 4478 1191 4531; x_wconf 90' lang='lat' dir='ltr'>in</span> <span class='ocrx_word' id='word_1_383' title='bbox 1225 4477 1474 4531; x_wconf 90' lang='lat' dir='ltr'>secundo</span> <span class='ocrx_word' id='word_1_384' title='bbox 1518 4477 1664 4532; x_wconf 90' lang='lat' dir='ltr'>libro</span> <span class='ocrx_word' id='word_1_385' title='bbox 1711 4479 1844 4532; x_wconf 89' lang='lat' dir='ltr'>scri-</span> 
     </span>
    </p>
   </div>
   <div class='ocr_carea' id='block_1_48' title="bbox 168 4565 1845 4637">
    <p class='ocr_par' dir='ltr' id='par_1_48' title="bbox 168 4565 1845 4637">
     <span class='ocr_line' id='line_1_48' title="bbox 168 4565 1845 4637; baseline 0.004 -22"><span class='ocrx_word' id='word_1_386' title='bbox 168 4569 305 4631; x_wconf 86' lang='lat' dir='ltr'>ptum</span> <span class='ocrx_word' id='word_1_387' title='bbox 339 4582 353 4619; x_wconf 90' lang='lat'>:</span> <span class='ocrx_word' id='word_1_388' title='bbox 389 4586 418 4614; x_wconf 88' lang='grc'>‹‹</span> <span class='ocrx_word' id='word_1_389' title='bbox 458 4570 517 4618; x_wconf 88' lang='lat' dir='ltr'>et</span> <span class='ocrx_word' id='word_1_390' title='bbox 548 4565 840 4619; x_wconf 79' lang='lat' dir='ltr'>suscitavit</span> <span class='ocrx_word' id='word_1_391' title='bbox 873 4566 1147 4620; x_wconf 91' lang='lat' dir='ltr'>Dominus</span> <span class='ocrx_word' id='word_1_392' title='bbox 1177 4582 1350 4635; x_wconf 90' lang='lat' dir='ltr'>super</span> <span class='ocrx_word' id='word_1_393' title='bbox 1377 4568 1567 4620; x_wconf 82' lang='lat' dir='ltr'>Joram</span> <span class='ocrx_word' id='word_1_394' title='bbox 1581 4566 1845 4637; x_wconf 89' lang='lat' dir='ltr'>spiritum</span> 
     </span>
    </p>
   </div>
   <div class='ocr_carea' id='block_1_49' title="bbox 167 4652 1843 4727">
    <p class='ocr_par' dir='ltr' id='par_1_49' title="bbox 167 4652 1843 4727">
     <span class='ocr_line' id='line_1_49' title="bbox 167 4652 1843 4727; baseline 0.003 -22"><span class='ocrx_word' id='word_1_395' title='bbox 167 4652 453 4708; x_wconf 82' lang='lat' dir='ltr'>Philistiim</span> <span class='ocrx_word' id='word_1_396' title='bbox 481 4660 539 4708; x_wconf 89' lang='lat' dir='ltr'>et</span> <span class='ocrx_word' id='word_1_397' title='bbox 570 4655 844 4721; x_wconf 86' lang='lat' dir='ltr'>Arabum,</span> <span class='ocrx_word' id='word_1_398' title='bbox 877 4655 975 4725; x_wconf 92' lang='lat' dir='ltr'>qui</span> <span class='ocrx_word' id='word_1_399' title='bbox 1004 4655 1236 4709; x_wconf 88' lang='lat' dir='ltr'>ﬁnitimi</span> <span class='ocrx_word' id='word_1_400' title='bbox 1268 4660 1427 4709; x_wconf 87' lang='lat' dir='ltr'>erant</span> <span class='ocrx_word' id='word_1_401' title='bbox 1452 4655 1843 4727; x_wconf 66' lang='lat' dir='ltr'>Ethiopibus:</span> 
     </span>
    </p>
   </div>
   <div class='ocr_carea' id='block_1_50' title="bbox 165 4743 1840 4814">
    <p class='ocr_par' dir='ltr' id='par_1_50' title="bbox 165 4743 1840 4814">
     <span class='ocr_line' id='line_1_50' title="bbox 165 4743 1840 4814; baseline 0.004 -23"><span class='ocrx_word' id='word_1_402' title='bbox 165 4746 207 4791; x_wconf 82' lang='lat' dir='ltr'>et</span> <span class='ocrx_word' id='word_1_403' title='bbox 232 4743 619 4797; x_wconf 82' lang='lat' dir='ltr'>ascenderunt</span> <span class='ocrx_word' id='word_1_404' title='bbox 644 4743 704 4796; x_wconf 92' lang='lat' dir='ltr'>in</span> <span class='ocrx_word' id='word_1_405' title='bbox 735 4749 944 4797; x_wconf 90' lang='lat' dir='ltr'>terram</span> <span class='ocrx_word' id='word_1_406' title='bbox 968 4744 1132 4811; x_wconf 80' lang='lat' dir='ltr'>Iuda,</span> <span class='ocrx_word' id='word_1_407' title='bbox 1157 4747 1213 4797; x_wconf 89' lang='lat' dir='ltr'>et</span> <span class='ocrx_word' id='word_1_408' title='bbox 1241 4744 1657 4814; x_wconf 85' lang='lat' dir='ltr'>dissipaverunt</span> <span class='ocrx_word' id='word_1_409' title='bbox 1695 4761 1840 4811; x_wconf 89' lang='lat' dir='ltr'>eam,</span> 
     </span>
    </p>
   </div>
   <div class='ocr_carea' id='block_1_51' title="bbox 166 4832 1847 4903">
    <p class='ocr_par' dir='ltr' id='par_1_51' title="bbox 166 4832 1847 4903">
     <span class='ocr_line' id='line_1_51' title="bbox 166 4832 1847 4903; baseline 0.005 -24"><span class='ocrx_word' id='word_1_410' title='bbox 166 4834 208 4880; x_wconf 82' lang='lat' dir='ltr'>et</span> <span class='ocrx_word' id='word_1_411' title='bbox 225 4835 506 4901; x_wconf 81' lang='lat' dir='ltr'>ceperunt</span> <span class='ocrx_word' id='word_1_412' title='bbox 524 4847 756 4885; x_wconf 89' lang='lat' dir='ltr'>omnem</span> <span class='ocrx_word' id='word_1_413' title='bbox 783 4832 1159 4885; x_wconf 86' lang='lat' dir='ltr'>substantiam</span> <span class='ocrx_word' id='word_1_414' title='bbox 1184 4848 1311 4902; x_wconf 67' lang='lat' dir='ltr'>qum</span> <span class='ocrx_word' id='word_1_415' title='bbox 1334 4833 1393 4885; x_wconf 91' lang='lat' dir='ltr'>in</span> <span class='ocrx_word' id='word_1_416' title='bbox 1410 4834 1581 4887; x_wconf 92' lang='lat' dir='ltr'>domo</span> <span class='ocrx_word' id='word_1_417' title='bbox 1609 4834 1847 4903; x_wconf 88' lang='lat' dir='ltr'>regisin-</span> 
     </span>
    </p>
   </div>
   <div class='ocr_carea' id='block_1_52' title="bbox 165 4920 1842 4990">
    <p class='ocr_par' dir='ltr' id='par_1_52' title="bbox 165 4920 1842 4990">
     <span class='ocr_line' id='line_1_52' title="bbox 165 4920 1842 4990; baseline 0.004 -20"><span class='ocrx_word' id='word_1_418' title='bbox 165 4924 303 4972; x_wconf 84' lang='lat' dir='ltr'>venta</span> <span class='ocrx_word' id='word_1_419' title='bbox 335 4925 427 4974; x_wconf 87' lang='lat' dir='ltr'>est</span> <span class='ocrx_word' id='word_1_420' title='bbox 450 4920 530 4988; x_wconf 89' lang='lat' dir='ltr'>(II</span> <span class='ocrx_word' id='word_1_421' title='bbox 555 4922 685 4974; x_wconf 85' lang='lat' dir='ltr'>Par.</span> <span class='ocrx_word' id='word_1_422' title='bbox 709 4936 825 4985; x_wconf 64' lang='lat' dir='ltr'>xx},</span> <span class='ocrx_word' id='word_1_423' title='bbox 862 4923 944 4986; x_wconf 86' lang='grc'><strong>16,</strong></span> <span class='ocrx_word' id='word_1_424' title='bbox 991 4922 1098 4990; x_wconf 87' lang='grc'><strong>17).</strong></span> <span class='ocrx_word' id='word_1_425' title='bbox 1132 4941 1158 4970; x_wconf 84' lang='grc'><strong>››</strong></span> <span class='ocrx_word' id='word_1_426' title='bbox 1186 4921 1286 4975; x_wconf 85' lang='lat' dir='ltr'>Hic</span> <span class='ocrx_word' id='word_1_427' title='bbox 1316 4922 1633 4975; x_wconf 89' lang='lat' dir='ltr'>ostenditur</span> <span class='ocrx_word' id='word_1_428' title='bbox 1664 4923 1842 4976; x_wconf 90' lang='lat' dir='ltr'>Deum</span> 
     </span>
    </p>
   </div>
   <div class='ocr_carea' id='block_1_53' title="bbox 162 5008 1845 5081">
    <p class='ocr_par' dir='ltr' id='par_1_53' title="bbox 162 5008 1845 5081">
     <span class='ocr_line' id='line_1_53' title="bbox 162 5008 1845 5081; baseline 0.006 -26"><span class='ocrx_word' id='word_1_429' title='bbox 162 5008 411 5063; x_wconf 81' lang='lat' dir='ltr'>suscitare</span> <span class='ocrx_word' id='word_1_430' title='bbox 440 5010 643 5063; x_wconf 87' lang='lat' dir='ltr'>hostes</span> <span class='ocrx_word' id='word_1_431' title='bbox 681 5008 764 5061; x_wconf 89' lang='lat' dir='ltr'>eis</span> <span class='ocrx_word' id='word_1_432' title='bbox 817 5009 980 5061; x_wconf 90' lang='lat' dir='ltr'>terris</span> <span class='ocrx_word' id='word_1_433' title='bbox 1038 5009 1324 5063; x_wconf 83' lang='lat' dir='ltr'>vastandis</span> <span class='ocrx_word' id='word_1_434' title='bbox 1359 5026 1501 5081; x_wconf 91' lang='lat' dir='ltr'>quas</span> <span class='ocrx_word' id='word_1_435' title='bbox 1530 5010 1631 5064; x_wconf 90' lang='lat' dir='ltr'>tali</span> <span class='ocrx_word' id='word_1_436' title='bbox 1678 5027 1845 5080; x_wconf 63' lang='lat' dir='ltr'>paena</span> 
     </span>
    </p>
   </div>
   <div class='ocr_carea' id='block_1_54' title="bbox 165 5094 1844 5169">
    <p class='ocr_par' dir='ltr' id='par_1_54' title="bbox 165 5094 1844 5169">
     <span class='ocr_line' id='line_1_54' title="bbox 165 5094 1844 5169; baseline 0.004 -22"><span class='ocrx_word' id='word_1_437' title='bbox 165 5094 350 5151; x_wconf 87' lang='lat' dir='ltr'>indicat</span> <span class='ocrx_word' id='word_1_438' title='bbox 372 5099 605 5168; x_wconf 87' lang='lat' dir='ltr'>dignas.</span> <span class='ocrx_word' id='word_1_439' title='bbox 628 5097 898 5169; x_wconf 89' lang='lat' dir='ltr'>Nunquid</span> <span class='ocrx_word' id='word_1_440' title='bbox 925 5102 1119 5152; x_wconf 90' lang='lat' dir='ltr'>tamen</span> <span class='ocrx_word' id='word_1_441' title='bbox 1141 5099 1445 5153; x_wconf 85' lang='lat' dir='ltr'>Philistiim</span> <span class='ocrx_word' id='word_1_442' title='bbox 1468 5103 1525 5153; x_wconf 92' lang='lat' dir='ltr'>et</span> <span class='ocrx_word' id='word_1_443' title='bbox 1541 5101 1755 5155; x_wconf 89' lang='lat' dir='ltr'>Arabes</span> <span class='ocrx_word' id='word_1_444' title='bbox 1786 5101 1844 5153; x_wconf 91' lang='lat' dir='ltr'>in</span> 
     </span>
    </p>
   </div>
   <div class='ocr_carea' id='block_1_55' title="bbox 164 5185 1847 5256">
    <p class='ocr_par' dir='ltr' id='par_1_55' title="bbox 164 5185 1847 5256">
     <span class='ocr_line' id='line_1_55' title="bbox 164 5185 1847 5256; baseline 0.004 -20"><span class='ocrx_word' id='word_1_445' title='bbox 164 5188 347 5240; x_wconf 82' lang='lat' dir='ltr'>terram</span> <span class='ocrx_word' id='word_1_446' title='bbox 378 5187 647 5248; x_wconf 64' lang='lat' dir='ltr'>Iudaeam</span> <span class='ocrx_word' id='word_1_447' title='bbox 671 5185 1059 5256; x_wconf 90' lang='lat' dir='ltr'>dissipandam</span> <span class='ocrx_word' id='word_1_448' title='bbox 1087 5187 1209 5241; x_wconf 89' lang='lat' dir='ltr'>sine</span> <span class='ocrx_word' id='word_1_449' title='bbox 1240 5203 1341 5240; x_wconf 90' lang='lat' dir='ltr'>sua</span> <span class='ocrx_word' id='word_1_450' title='bbox 1370 5188 1661 5242; x_wconf 89' lang='lat' dir='ltr'>voluntate</span> <span class='ocrx_word' id='word_1_451' title='bbox 1682 5205 1847 5243; x_wconf 87' lang='lat' dir='ltr'>vene-</span> 
     </span>
    </p>
   </div>
   <div class='ocr_carea' id='block_1_56' title="bbox 166 5273 1841 5341">
    <p class='ocr_par' dir='ltr' id='par_1_56' title="bbox 166 5273 1841 5341">
     <span class='ocr_line' id='line_1_56' title="bbox 166 5273 1841 5341; baseline 0.004 -19"><span class='ocrx_word' id='word_1_452' title='bbox 166 5278 293 5338; x_wconf 85' lang='lat' dir='ltr'>runt,</span> <span class='ocrx_word' id='word_1_453' title='bbox 328 5279 433 5327; x_wconf 90' lang='lat' dir='ltr'>aut</span> <span class='ocrx_word' id='word_1_454' title='bbox 462 5273 544 5326; x_wconf 89' lang='lat' dir='ltr'>sic</span> <span class='ocrx_word' id='word_1_455' title='bbox 592 5278 879 5327; x_wconf 86' lang='lat' dir='ltr'>venerunt</span> <span class='ocrx_word' id='word_1_456' title='bbox 916 5290 1017 5327; x_wconf 90' lang='lat' dir='ltr'>sua</span> <span class='ocrx_word' id='word_1_457' title='bbox 1053 5275 1363 5341; x_wconf 87' lang='lat' dir='ltr'>voluntate,</span> <span class='ocrx_word' id='word_1_458' title='bbox 1401 5280 1466 5328; x_wconf 90' lang='lat' dir='ltr'>ut</span> <span class='ocrx_word' id='word_1_459' title='bbox 1495 5275 1841 5329; x_wconf 84' lang='lat' dir='ltr'>mendaciter</span> 
     </span>
    </p>
   </div>
   <div class='ocr_carea' id='block_1_57' title="bbox 166 5361 1842 5432">
    <p class='ocr_par' dir='ltr' id='par_1_57' title="bbox 166 5361 1842 5432">
     <span class='ocr_line' id='line_1_57' title="bbox 166 5361 1842 5432; baseline 0.002 -21"><span class='ocrx_word' id='word_1_460' title='bbox 166 5362 419 5431; x_wconf 82' lang='lat' dir='ltr'>scriptum</span> <span class='ocrx_word' id='word_1_461' title='bbox 446 5362 522 5415; x_wconf 91' lang='lat' dir='ltr'>sit</span> <span class='ocrx_word' id='word_1_462' title='bbox 551 5361 711 5432; x_wconf 91' lang='lat' dir='ltr'>quod</span> <span class='ocrx_word' id='word_1_463' title='bbox 744 5380 772 5412; x_wconf 74' lang='grc' dir='ltr'><strong>α</strong></span> <span class='ocrx_word' id='word_1_464' title='bbox 806 5362 1084 5416; x_wconf 89' lang='lat' dir='ltr'>Dominus</span> <span class='ocrx_word' id='word_1_465' title='bbox 1108 5383 1136 5411; x_wconf 82' lang='grc'><strong>››</strong></span> <span class='ocrx_word' id='word_1_466' title='bbox 1162 5362 1230 5416; x_wconf 89' lang='lat' dir='ltr'>ad</span> <span class='ocrx_word' id='word_1_467' title='bbox 1256 5362 1365 5416; x_wconf 91' lang='lat' dir='ltr'>hoc</span> <span class='ocrx_word' id='word_1_468' title='bbox 1395 5361 1715 5417; x_wconf 88' lang='lat' dir='ltr'>faciendum</span> <span class='ocrx_word' id='word_1_469' title='bbox 1747 5378 1842 5416; x_wconf 90' lang='lat' dir='ltr'>eo-</span> 
     </span>
    </p>
   </div>
   <div class='ocr_carea' id='block_1_58' title="bbox 166 5445 1841 5517">
    <p class='ocr_par' dir='ltr' id='par_1_58' title="bbox 166 5445 1841 5517">
     <span class='ocr_line' id='line_1_58' title="bbox 166 5445 1841 5517; baseline 0.002 -21"><span class='ocrx_word' id='word_1_470' title='bbox 166 5459 269 5498; x_wconf 85' lang='lat' dir='ltr'>rum</span> <span class='ocrx_word' id='word_1_471' title='bbox 293 5446 613 5516; x_wconf 71' lang='lat' dir='ltr'>«spiritum</span> <span class='ocrx_word' id='word_1_472' title='bbox 637 5445 974 5500; x_wconf 84' lang='lat' dir='ltr'>suscitavit?</span> <span class='ocrx_word' id='word_1_473' title='bbox 990 5466 1017 5494; x_wconf 88' lang='grc'><strong>››</strong></span> <span class='ocrx_word' id='word_1_474' title='bbox 1042 5448 1162 5500; x_wconf 90' lang='lat' dir='ltr'>Imo</span> <span class='ocrx_word' id='word_1_475' title='bbox 1183 5450 1495 5517; x_wconf 88' lang='lat' dir='ltr'>utrumque</span> <span class='ocrx_word' id='word_1_476' title='bbox 1512 5463 1713 5501; x_wconf 91' lang='lat' dir='ltr'>verum</span> <span class='ocrx_word' id='word_1_477' title='bbox 1739 5450 1841 5511; x_wconf 88' lang='lat' dir='ltr'>est,</span> 
     </span>
    </p>
   </div>
   <div class='ocr_carea' id='block_1_59' title="bbox 168 5533 1843 5606">
    <p class='ocr_par' dir='ltr' id='par_1_59' title="bbox 168 5533 1843 5606">
     <span class='ocr_line' id='line_1_59' title="bbox 168 5533 1843 5606; baseline 0.002 -21"><span class='ocrx_word' id='word_1_478' title='bbox 168 5533 275 5601; x_wconf 59' lang='lat' dir='ltr'>(piis</span> <span class='ocrx_word' id='word_1_479' title='bbox 303 5541 361 5589; x_wconf 88' lang='lat' dir='ltr'>et</span> <span class='ocrx_word' id='word_1_480' title='bbox 414 5551 518 5589; x_wconf 88' lang='lat' dir='ltr'>sua</span> <span class='ocrx_word' id='word_1_481' title='bbox 545 5536 848 5589; x_wconf 85' lang='lat' dir='ltr'>voluntate</span> <span class='ocrx_word' id='word_1_482' title='bbox 894 5540 1195 5600; x_wconf 89' lang='lat' dir='ltr'>venerunt,</span> <span class='ocrx_word' id='word_1_483' title='bbox 1248 5540 1303 5589; x_wconf 91' lang='lat' dir='ltr'>et</span> <span class='ocrx_word' id='word_1_484' title='bbox 1332 5539 1525 5588; x_wconf 85' lang='lat' dir='ltr'>tamen</span> <span class='ocrx_word' id='word_1_485' title='bbox 1578 5535 1843 5606; x_wconf 89' lang='lat' dir='ltr'>spiritum</span> 
     </span>
    </p>
   </div>
   <div class='ocr_carea' id='block_1_60' title="bbox 169 5622 1841 5695">
    <p class='ocr_par' dir='ltr' id='par_1_60' title="bbox 169 5622 1841 5695">
     <span class='ocr_line' id='line_1_60' title="bbox 169 5622 1841 5695; baseline 0.004 -22"><span class='ocrx_word' id='word_1_486' title='bbox 169 5638 338 5679; x_wconf 69' lang='lat' dir='ltr'>eorum</span> <span class='ocrx_word' id='word_1_487' title='bbox 370 5624 659 5680; x_wconf 91' lang='lat' dir='ltr'>Dominus</span> <span class='ocrx_word' id='word_1_488' title='bbox 700 5622 1012 5678; x_wconf 88' lang='lat' dir='ltr'>suscitavit.</span> <span class='ocrx_word' id='word_1_489' title='bbox 1044 5624 1206 5688; x_wconf 87' lang='lat' dir='ltr'>Quod</span> <span class='ocrx_word' id='word_1_490' title='bbox 1263 5624 1437 5679; x_wconf 91' lang='lat' dir='ltr'>etiam</span> <span class='ocrx_word' id='word_1_491' title='bbox 1487 5625 1565 5679; x_wconf 90' lang='lat' dir='ltr'>sic</span> <span class='ocrx_word' id='word_1_492' title='bbox 1599 5624 1710 5679; x_wconf 88' lang='lat' dir='ltr'>dici</span> <span class='ocrx_word' id='word_1_493' title='bbox 1738 5640 1841 5695; x_wconf 90' lang='lat' dir='ltr'>po-</span> 
     </span>
    </p>
   </div>
   <div class='ocr_carea' id='block_1_61' title="bbox 1972 586 3669 658">
    <p class='ocr_par' dir='ltr' id='par_1_61' title="bbox 1972 586 3669 658">
     <span class='ocr_line' id='line_1_61' title="bbox 1972 586 3669 658; baseline 0.003 -20"><span class='ocrx_word' id='word_1_494' title='bbox 1972 586 2262 640; x_wconf 87' lang='lat' dir='ltr'>voluntate</span> <span class='ocrx_word' id='word_1_495' title='bbox 2296 591 2595 652; x_wconf 86' lang='lat' dir='ltr'>venerunt.</span> <span class='ocrx_word' id='word_1_496' title='bbox 2632 587 2764 657; x_wconf 88' lang='lat' dir='ltr'>Agit</span> <span class='ocrx_word' id='word_1_497' title='bbox 2794 588 2949 641; x_wconf 92' lang='lat' dir='ltr'>enim</span> <span class='ocrx_word' id='word_1_498' title='bbox 2990 589 3185 642; x_wconf 89' lang='lat' dir='ltr'>omnia</span> <span class='ocrx_word' id='word_1_499' title='bbox 3226 593 3427 658; x_wconf 90' lang='lat' dir='ltr'>potens</span> <span class='ocrx_word' id='word_1_500' title='bbox 3457 589 3517 642; x_wconf 91' lang='lat' dir='ltr'>in</span> <span class='ocrx_word' id='word_1_501' title='bbox 3546 605 3669 643; x_wconf 88' lang='lat' dir='ltr'>cor-</span> 
     </span>
    </p>
   </div>
   <div class='ocr_carea' id='block_1_62' title="bbox 1973 673 3671 742">
    <p class='ocr_par' dir='ltr' id='par_1_62' title="bbox 1973 673 3671 742">
     <span class='ocr_line' id='line_1_62' title="bbox 1973 673 3671 742; baseline 0.004 -16"><span class='ocrx_word' id='word_1_502' title='bbox 1973 673 2140 727; x_wconf 89' lang='lat' dir='ltr'>dibus</span> <span class='ocrx_word' id='word_1_503' title='bbox 2166 674 2467 729; x_wconf 90' lang='lat' dir='ltr'>hominum</span> <span class='ocrx_word' id='word_1_504' title='bbox 2509 675 2679 729; x_wconf 90' lang='lat' dir='ltr'>etiam</span> <span class='ocrx_word' id='word_1_505' title='bbox 2709 681 2926 729; x_wconf 91' lang='lat' dir='ltr'>motum</span> <span class='ocrx_word' id='word_1_506' title='bbox 2976 678 3283 731; x_wconf 90' lang='lat' dir='ltr'>voluntatis</span> <span class='ocrx_word' id='word_1_507' title='bbox 3312 678 3567 742; x_wconf 91' lang='lat' dir='ltr'>illorum,</span> <span class='ocrx_word' id='word_1_508' title='bbox 3609 683 3671 732; x_wconf 91' lang='lat' dir='ltr'>ut</span> 
     </span>
    </p>
   </div>
   <div class='ocr_carea' id='block_1_63' title="bbox 1971 764 3666 837">
    <p class='ocr_par' dir='ltr' id='par_1_63' title="bbox 1971 764 3666 837">
     <span class='ocr_line' id='line_1_63' title="bbox 1971 764 3666 837; baseline 0.002 -21"><span class='ocrx_word' id='word_1_509' title='bbox 1971 778 2075 831; x_wconf 88' lang='lat' dir='ltr'>per</span> <span class='ocrx_word' id='word_1_510' title='bbox 2101 779 2194 816; x_wconf 90' lang='lat' dir='ltr'>eos</span> <span class='ocrx_word' id='word_1_511' title='bbox 2237 767 2366 834; x_wconf 87' lang='lat' dir='ltr'>agat</span> <span class='ocrx_word' id='word_1_512' title='bbox 2412 764 2561 834; x_wconf 91' lang='lat' dir='ltr'>quod</span> <span class='ocrx_word' id='word_1_513' title='bbox 2596 780 2697 833; x_wconf 91' lang='lat' dir='ltr'>per</span> <span class='ocrx_word' id='word_1_514' title='bbox 2728 781 2824 817; x_wconf 92' lang='lat' dir='ltr'>eos</span> <span class='ocrx_word' id='word_1_515' title='bbox 2866 781 3034 834; x_wconf 88' lang='lat' dir='ltr'>agere</span> <span class='ocrx_word' id='word_1_516' title='bbox 3088 766 3207 836; x_wconf 90' lang='lat' dir='ltr'>ipse</span> <span class='ocrx_word' id='word_1_517' title='bbox 3259 766 3525 833; x_wconf 87' lang='lat' dir='ltr'>voluerit,</span> <span class='ocrx_word' id='word_1_518' title='bbox 3566 767 3666 837; x_wconf 88' lang='lat' dir='ltr'>qui</span> 
     </span>
    </p>
   </div>
   <div class='ocr_carea' id='block_1_64' title="bbox 1972 851 3668 926">
    <p class='ocr_par' dir='ltr' id='par_1_64' title="bbox 1972 851 3668 926">
     <span class='ocr_line' id='line_1_64' title="bbox 1972 851 3668 926; baseline 0.004 -23"><span class='ocrx_word' id='word_1_519' title='bbox 1972 851 2208 904; x_wconf 88' lang='lat' dir='ltr'>omnino</span> <span class='ocrx_word' id='word_1_520' title='bbox 2242 851 2451 920; x_wconf 85' lang='lat' dir='ltr'>injuste</span> <span class='ocrx_word' id='word_1_521' title='bbox 2470 852 2687 922; x_wconf 91' lang='lat' dir='ltr'>aliquid</span> <span class='ocrx_word' id='word_1_522' title='bbox 2717 854 2859 907; x_wconf 85' lang='lat' dir='ltr'>velle</span> <span class='ocrx_word' id='word_1_523' title='bbox 2884 870 2997 906; x_wconf 92' lang='lat' dir='ltr'>non</span> <span class='ocrx_word' id='word_1_524' title='bbox 3022 854 3198 908; x_wconf 81' lang='lat' dir='ltr'>novit.</span> <span class='ocrx_word' id='word_1_525' title='bbox 3233 856 3378 918; x_wconf 90' lang='lat' dir='ltr'>Quid</span> <span class='ocrx_word' id='word_1_526' title='bbox 3410 860 3495 909; x_wconf 86' lang='lat' dir='ltr'>est</span> <span class='ocrx_word' id='word_1_527' title='bbox 3515 856 3668 926; x_wconf 91' lang='lat' dir='ltr'>quod</span> 
     </span>
    </p>
   </div>
   <div class='ocr_carea' id='block_1_65' title="bbox 1969 938 3669 1012">
    <p class='ocr_par' dir='ltr' id='par_1_65' title="bbox 1969 938 3669 1012">
     <span class='ocr_line' id='line_1_65' title="bbox 1969 938 3669 1012; baseline 0.003 -21"><span class='ocrx_word' id='word_1_528' title='bbox 1969 938 2141 992; x_wconf 91' lang='lat' dir='ltr'>homo</span> <span class='ocrx_word' id='word_1_529' title='bbox 2195 939 2293 991; x_wconf 89' lang='lat' dir='ltr'>Dei</span> <span class='ocrx_word' id='word_1_530' title='bbox 2326 939 2469 993; x_wconf 82' lang='lat' dir='ltr'>dixit</span> <span class='ocrx_word' id='word_1_531' title='bbox 2490 941 2557 993; x_wconf 93' lang='lat' dir='ltr'>ad</span> <span class='ocrx_word' id='word_1_532' title='bbox 2605 942 2901 994; x_wconf 84' lang='lat' dir='ltr'>Amaziam</span> <span class='ocrx_word' id='word_1_533' title='bbox 2955 957 3149 1012; x_wconf 88' lang='lat' dir='ltr'>regem</span> <span class='ocrx_word' id='word_1_534' title='bbox 3190 959 3202 997; x_wconf 91' lang='lat'>:</span> <span class='ocrx_word' id='word_1_535' title='bbox 3258 964 3285 991; x_wconf 83' lang='lat'><strong>«</strong></span> <span class='ocrx_word' id='word_1_536' title='bbox 3311 944 3429 996; x_wconf 86' lang='lat' dir='ltr'>Non</span> <span class='ocrx_word' id='word_1_537' title='bbox 3479 945 3669 997; x_wconf 86' lang='lat' dir='ltr'>veniat</span> 
     </span>
    </p>
   </div>
   <div class='ocr_carea' id='block_1_66' title="bbox 1968 1027 3667 1084">
    <p class='ocr_par' dir='ltr' id='par_1_66' title="bbox 1968 1027 3667 1084">
     <span class='ocr_line' id='line_1_66' title="bbox 1968 1027 3667 1084; baseline 0.002 -3"><span class='ocrx_word' id='word_1_538' title='bbox 1968 1030 2154 1081; x_wconf 89' lang='lat' dir='ltr'>tecum</span> <span class='ocrx_word' id='word_1_539' title='bbox 2183 1027 2461 1081; x_wconf 83' lang='lat' dir='ltr'>exercitus</span> <span class='ocrx_word' id='word_1_540' title='bbox 2497 1030 2665 1083; x_wconf 91' lang='lat' dir='ltr'>Israel</span> <span class='ocrx_word' id='word_1_541' title='bbox 2704 1044 2716 1082; x_wconf 91' lang='lat'><strong>:</strong></span> <span class='ocrx_word' id='word_1_542' title='bbox 2744 1045 2859 1082; x_wconf 92' lang='lat' dir='ltr'>non</span> <span class='ocrx_word' id='word_1_543' title='bbox 2893 1034 2976 1083; x_wconf 89' lang='lat' dir='ltr'>est</span> <span class='ocrx_word' id='word_1_544' title='bbox 3023 1030 3177 1083; x_wconf 90' lang='lat' dir='ltr'>enim</span> <span class='ocrx_word' id='word_1_545' title='bbox 3230 1031 3506 1084; x_wconf 88' lang='lat' dir='ltr'>Dominus</span> <span class='ocrx_word' id='word_1_546' title='bbox 3538 1048 3667 1084; x_wconf 90' lang='lat' dir='ltr'>cum</span> 
     </span>
    </p>
   </div>
   <div class='ocr_carea' id='block_1_67' title="bbox 1971 1116 3667 1189">
    <p class='ocr_par' dir='ltr' id='par_1_67' title="bbox 1971 1116 3667 1189">
     <span class='ocr_line' id='line_1_67' title="bbox 1971 1116 3667 1189; baseline 0.002 -21"><span class='ocrx_word' id='word_1_547' title='bbox 1971 1116 2139 1168; x_wconf 88' lang='lat' dir='ltr'>Israel</span> <span class='ocrx_word' id='word_1_548' title='bbox 2181 1121 2235 1168; x_wconf 91' lang='lat' dir='ltr'>et</span> <span class='ocrx_word' id='word_1_549' title='bbox 2264 1116 2528 1169; x_wconf 91' lang='lat' dir='ltr'>omnibus</span> <span class='ocrx_word' id='word_1_550' title='bbox 2558 1117 2691 1169; x_wconf 83' lang='lat' dir='ltr'>iiliis</span> <span class='ocrx_word' id='word_1_551' title='bbox 2730 1117 2977 1187; x_wconf 88' lang='lat' dir='ltr'>Ephrem</span> <span class='ocrx_word' id='word_1_552' title='bbox 3013 1134 3025 1171; x_wconf 92' lang='lat'>:</span> <span class='ocrx_word' id='word_1_553' title='bbox 3055 1120 3330 1189; x_wconf 89' lang='lat' dir='ltr'>quoniam</span> <span class='ocrx_word' id='word_1_554' title='bbox 3361 1119 3405 1171; x_wconf 90' lang='lat' dir='ltr'>si</span> <span class='ocrx_word' id='word_1_555' title='bbox 3438 1125 3667 1188; x_wconf 90' lang='lat' dir='ltr'>putave-</span> 
     </span>
    </p>
   </div>
   <div class='ocr_carea' id='block_1_68' title="bbox 1968 1203 3665 1276">
    <p class='ocr_par' dir='ltr' id='par_1_68' title="bbox 1968 1203 3665 1276">
     <span class='ocr_line' id='line_1_68' title="bbox 1968 1203 3665 1276; baseline 0.003 -21"><span class='ocrx_word' id='word_1_556' title='bbox 1968 1203 2047 1255; x_wconf 88' lang='lat' dir='ltr'>ris</span> <span class='ocrx_word' id='word_1_557' title='bbox 2096 1204 2355 1257; x_wconf 88' lang='lat' dir='ltr'>obtinere</span> <span class='ocrx_word' id='word_1_558' title='bbox 2397 1209 2450 1257; x_wconf 90' lang='lat' dir='ltr'>te</span> <span class='ocrx_word' id='word_1_559' title='bbox 2499 1205 2556 1257; x_wconf 92' lang='lat' dir='ltr'>in</span> <span class='ocrx_word' id='word_1_560' title='bbox 2610 1205 2745 1270; x_wconf 91' lang='lat' dir='ltr'>illis,</span> <span class='ocrx_word' id='word_1_561' title='bbox 2789 1206 2847 1258; x_wconf 90' lang='lat' dir='ltr'>in</span> <span class='ocrx_word' id='word_1_562' title='bbox 2881 1206 3077 1276; x_wconf 81' lang='lat' dir='ltr'>fugam</span> <span class='ocrx_word' id='word_1_563' title='bbox 3112 1210 3405 1259; x_wconf 89' lang='lat' dir='ltr'>convertet</span> <span class='ocrx_word' id='word_1_564' title='bbox 3433 1211 3485 1258; x_wconf 88' lang='lat' dir='ltr'>te</span> <span class='ocrx_word' id='word_1_565' title='bbox 3520 1208 3665 1260; x_wconf 87' lang='lat' dir='ltr'>Deus</span> 
     </span>
    </p>
   </div>
   <div class='ocr_carea' id='block_1_69' title="bbox 1968 1291 3666 1363">
    <p class='ocr_par' dir='ltr' id='par_1_69' title="bbox 1968 1291 3666 1363">
     <span class='ocr_line' id='line_1_69' title="bbox 1968 1291 3666 1363; baseline 0.002 -20"><span class='ocrx_word' id='word_1_566' title='bbox 1968 1296 2097 1344; x_wconf 91' lang='lat' dir='ltr'>ante</span> <span class='ocrx_word' id='word_1_567' title='bbox 2130 1291 2414 1359; x_wconf 90' lang='lat' dir='ltr'>inimicos,</span> <span class='ocrx_word' id='word_1_568' title='bbox 2458 1292 2732 1361; x_wconf 88' lang='lat' dir='ltr'>quoniam</span> <span class='ocrx_word' id='word_1_569' title='bbox 2766 1298 2852 1346; x_wconf 90' lang='lat' dir='ltr'>est</span> <span class='ocrx_word' id='word_1_570' title='bbox 2891 1294 3068 1347; x_wconf 88' lang='lat' dir='ltr'>virtus</span> <span class='ocrx_word' id='word_1_571' title='bbox 3110 1295 3223 1347; x_wconf 92' lang='lat' dir='ltr'>Deo</span> <span class='ocrx_word' id='word_1_572' title='bbox 3279 1294 3365 1347; x_wconf 87' lang='lat' dir='ltr'>vel</span> <span class='ocrx_word' id='word_1_573' title='bbox 3398 1294 3666 1363; x_wconf 87' lang='lat' dir='ltr'>adjuvare</span> 
     </span>
    </p>
   </div>
   <div class='ocr_carea' id='block_1_70' title="bbox 1967 1380 3663 1453">
    <p class='ocr_par' dir='ltr' id='par_1_70' title="bbox 1967 1380 3663 1453">
     <span class='ocr_line' id='line_1_70' title="bbox 1967 1380 3663 1453; baseline 0.002 -22"><span class='ocrx_word' id='word_1_574' title='bbox 1967 1380 2053 1432; x_wconf 90' lang='lat' dir='ltr'>vel</span> <span class='ocrx_word' id='word_1_575' title='bbox 2085 1380 2144 1432; x_wconf 91' lang='lat' dir='ltr'>in</span> <span class='ocrx_word' id='word_1_576' title='bbox 2174 1380 2369 1449; x_wconf 84' lang='lat' dir='ltr'>fugam</span> <span class='ocrx_word' id='word_1_577' title='bbox 2401 1380 2659 1434; x_wconf 84' lang='lat' dir='ltr'>vertere?</span> <span class='ocrx_word' id='word_1_578' title='bbox 2687 1399 2711 1431; x_wconf 70' lang='grc' dir='ltr'><strong>η</strong></span> <span class='ocrx_word' id='word_1_579' title='bbox 2742 1382 2813 1450; x_wconf 85' lang='grc' dir='ltr'>(ΙΙ</span> <span class='ocrx_word' id='word_1_580' title='bbox 2845 1384 2976 1436; x_wconf 83' lang='lat' dir='ltr'>Par.</span> <span class='ocrx_word' id='word_1_581' title='bbox 3020 1398 3146 1444; x_wconf 86' lang='lat' dir='ltr'>xxv,</span> <span class='ocrx_word' id='word_1_582' title='bbox 3177 1386 3231 1449; x_wconf 88' lang='grc'>7,</span> <span class='ocrx_word' id='word_1_583' title='bbox 3258 1382 3333 1453; x_wconf 88' lang='lat'>8.)</span> <span class='ocrx_word' id='word_1_584' title='bbox 3366 1382 3663 1445; x_wconf 91' lang='lat' dir='ltr'>Quomodo</span> 
     </span>
    </p>
   </div>
   <div class='ocr_carea' id='block_1_71' title="bbox 1968 1468 3661 1539">
    <p class='ocr_par' dir='ltr' id='par_1_71' title="bbox 1968 1468 3661 1539">
     <span class='ocr_line' id='line_1_71' title="bbox 1968 1468 3661 1539; baseline 0.002 -20"><span class='ocrx_word' id='word_1_585' title='bbox 1968 1472 2142 1520; x_wconf 85' lang='lat' dir='ltr'>virtus</span> <span class='ocrx_word' id='word_1_586' title='bbox 2182 1468 2280 1521; x_wconf 92' lang='lat' dir='ltr'>Dei</span> <span class='ocrx_word' id='word_1_587' title='bbox 2318 1468 2458 1521; x_wconf 89' lang='lat' dir='ltr'>alios</span> <span class='ocrx_word' id='word_1_588' title='bbox 2498 1469 2727 1539; x_wconf 89' lang='lat' dir='ltr'>adjuvat</span> <span class='ocrx_word' id='word_1_589' title='bbox 2747 1469 2807 1523; x_wconf 90' lang='lat' dir='ltr'>in</span> <span class='ocrx_word' id='word_1_590' title='bbox 2838 1469 2989 1523; x_wconf 88' lang='lat' dir='ltr'>bello</span> <span class='ocrx_word' id='word_1_591' title='bbox 3017 1470 3206 1524; x_wconf 90' lang='lat' dir='ltr'>dando</span> <span class='ocrx_word' id='word_1_592' title='bbox 3234 1470 3317 1523; x_wconf 87' lang='lat' dir='ltr'>eis</span> <span class='ocrx_word' id='word_1_593' title='bbox 3369 1470 3661 1535; x_wconf 81' lang='lat' dir='ltr'>ﬁduciam,</span> 
     </span>
    </p>
   </div>
   <div class='ocr_carea' id='block_1_72' title="bbox 1967 1555 3662 1629">
    <p class='ocr_par' dir='ltr' id='par_1_72' title="bbox 1967 1555 3662 1629">
     <span class='ocr_line' id='line_1_72' title="bbox 1967 1555 3662 1629; baseline 0.002 -21"><span class='ocrx_word' id='word_1_594' title='bbox 1967 1555 2108 1609; x_wconf 89' lang='lat' dir='ltr'>alios</span> <span class='ocrx_word' id='word_1_595' title='bbox 2138 1555 2394 1609; x_wconf 89' lang='lat' dir='ltr'>immisso</span> <span class='ocrx_word' id='word_1_596' title='bbox 2443 1557 2648 1610; x_wconf 88' lang='lat' dir='ltr'>timore</span> <span class='ocrx_word' id='word_1_597' title='bbox 2680 1558 2850 1611; x_wconf 89' lang='lat' dir='ltr'>vertit</span> <span class='ocrx_word' id='word_1_598' title='bbox 2890 1559 2946 1611; x_wconf 90' lang='lat' dir='ltr'>in</span> <span class='ocrx_word' id='word_1_599' title='bbox 2996 1558 3210 1627; x_wconf 78' lang='lat' dir='ltr'>fugam,</span> <span class='ocrx_word' id='word_1_600' title='bbox 3256 1559 3361 1611; x_wconf 83' lang='lat' dir='ltr'>nisi</span> <span class='ocrx_word' id='word_1_601' title='bbox 3396 1558 3531 1629; x_wconf 89' lang='lat' dir='ltr'>quia</span> <span class='ocrx_word' id='word_1_602' title='bbox 3567 1559 3662 1611; x_wconf 90' lang='lat' dir='ltr'>ille</span> 
     </span>
    </p>
   </div>
   <div class='ocr_carea' id='block_1_73' title="bbox 1971 1644 3664 1718">
    <p class='ocr_par' dir='ltr' id='par_1_73' title="bbox 1971 1644 3664 1718">
     <span class='ocr_line' id='line_1_73' title="bbox 1971 1644 3664 1718; baseline 0.005 -25"><span class='ocrx_word' id='word_1_603' title='bbox 1971 1665 1992 1693; x_wconf 79' lang='grc' dir='ltr'>ι</span> <span class='ocrx_word' id='word_1_604' title='bbox 2030 1644 2128 1714; x_wconf 90' lang='lat' dir='ltr'>qui</span> <span class='ocrx_word' id='word_1_605' title='bbox 2161 1644 2220 1697; x_wconf 91' lang='lat' dir='ltr'>in</span> <span class='ocrx_word' id='word_1_606' title='bbox 2264 1646 2405 1698; x_wconf 66' lang='lat' dir='ltr'>caelo</span> <span class='ocrx_word' id='word_1_607' title='bbox 2438 1650 2494 1698; x_wconf 90' lang='lat' dir='ltr'>et</span> <span class='ocrx_word' id='word_1_608' title='bbox 2525 1646 2580 1699; x_wconf 92' lang='lat' dir='ltr'>in</span> <span class='ocrx_word' id='word_1_609' title='bbox 2636 1650 2789 1699; x_wconf 89' lang='lat' dir='ltr'>terra</span> <span class='ocrx_word' id='word_1_610' title='bbox 2835 1647 3030 1700; x_wconf 92' lang='lat' dir='ltr'>omnia</span> <span class='ocrx_word' id='word_1_611' title='bbox 3068 1663 3429 1718; x_wconf 79' lang='lat' dir='ltr'>quaecunque</span> <span class='ocrx_word' id='word_1_612' title='bbox 3483 1647 3664 1701; x_wconf 90' lang='lat' dir='ltr'>voluit</span> 
     </span>
    </p>
   </div>
   <div class='ocr_carea' id='block_1_74' title="bbox 1967 1732 3662 1803">
    <p class='ocr_par' dir='ltr' id='par_1_74' title="bbox 1967 1732 3662 1803">
     <span class='ocr_line' id='line_1_74' title="bbox 1967 1732 3662 1803; baseline 0.002 -18"><span class='ocrx_word' id='word_1_613' title='bbox 1967 1732 2101 1787; x_wconf 87' lang='lat' dir='ltr'>fecit</span> <span class='ocrx_word' id='word_1_614' title='bbox 2128 1732 2294 1803; x_wconf 84' lang='lat' dir='ltr'>(Psal.</span> <span class='ocrx_word' id='word_1_615' title='bbox 2337 1750 2552 1798; x_wconf 72' lang='lat' dir='ltr'>cxxxw,</span> <span class='ocrx_word' id='word_1_616' title='bbox 2580 1737 2653 1802; x_wconf 88' lang='lat'>6),</span> <span class='ocrx_word' id='word_1_617' title='bbox 2687 1755 2714 1783; x_wconf 82' lang='lat'>»</span> <span class='ocrx_word' id='word_1_618' title='bbox 2761 1734 2936 1788; x_wconf 90' lang='lat' dir='ltr'>etiam</span> <span class='ocrx_word' id='word_1_619' title='bbox 2969 1736 3028 1788; x_wconf 89' lang='lat' dir='ltr'>in</span> <span class='ocrx_word' id='word_1_620' title='bbox 3060 1735 3363 1789; x_wconf 89' lang='lat' dir='ltr'>hominum</span> <span class='ocrx_word' id='word_1_621' title='bbox 3394 1735 3662 1789; x_wconf 91' lang='lat' dir='ltr'>cordibus</span> 
     </span>
    </p>
   </div>
   <div class='ocr_carea' id='block_1_75' title="bbox 1968 1822 3659 1891">
    <p class='ocr_par' dir='ltr' id='par_1_75' title="bbox 1968 1822 3659 1891">
     <span class='ocr_line' id='line_1_75' title="bbox 1968 1822 3659 1891; baseline 0.001 -17"><span class='ocrx_word' id='word_1_622' title='bbox 1968 1824 2256 1891; x_wconf 87' lang='lat' dir='ltr'>operatur.</span> <span class='ocrx_word' id='word_1_623' title='bbox 2297 1822 2558 1889; x_wconf 82' lang='lat' dir='ltr'>Legimus</span> <span class='ocrx_word' id='word_1_624' title='bbox 2590 1822 2725 1891; x_wconf 92' lang='lat' dir='ltr'>quid</span> <span class='ocrx_word' id='word_1_625' title='bbox 2766 1822 2972 1876; x_wconf 87' lang='lat' dir='ltr'>dixerit</span> <span class='ocrx_word' id='word_1_626' title='bbox 2996 1824 3145 1889; x_wconf 81' lang='lat' dir='ltr'>Joas,</span> <span class='ocrx_word' id='word_1_627' title='bbox 3169 1839 3265 1876; x_wconf 85' lang='lat' dir='ltr'>rex</span> <span class='ocrx_word' id='word_1_628' title='bbox 3296 1823 3487 1888; x_wconf 88' lang='lat' dir='ltr'>Israel,</span> <span class='ocrx_word' id='word_1_629' title='bbox 3524 1822 3659 1876; x_wconf 90' lang='lat' dir='ltr'>mit-</span> 
     </span>
    </p>
   </div>
   <div class='ocr_carea' id='block_1_76' title="bbox 1965 1909 3661 1981">
    <p class='ocr_par' dir='ltr' id='par_1_76' title="bbox 1965 1909 3661 1981">
     <span class='ocr_line' id='line_1_76' title="bbox 1965 1909 3661 1981; baseline 0.002 -20"><span class='ocrx_word' id='word_1_630' title='bbox 1965 1913 2089 1963; x_wconf 91' lang='lat' dir='ltr'>tens</span> <span class='ocrx_word' id='word_1_631' title='bbox 2118 1909 2387 1963; x_wconf 88' lang='lat' dir='ltr'>nuntium</span> <span class='ocrx_word' id='word_1_632' title='bbox 2422 1909 2488 1963; x_wconf 90' lang='lat' dir='ltr'>ad</span> <span class='ocrx_word' id='word_1_633' title='bbox 2518 1910 2811 1963; x_wconf 80' lang='lat' dir='ltr'>Amaziam</span> <span class='ocrx_word' id='word_1_634' title='bbox 2859 1927 3053 1980; x_wconf 87' lang='lat' dir='ltr'>regem</span> <span class='ocrx_word' id='word_1_635' title='bbox 3088 1912 3373 1964; x_wconf 84' lang='lat' dir='ltr'>volentem</span> <span class='ocrx_word' id='word_1_636' title='bbox 3404 1927 3661 1981; x_wconf 90' lang='lat' dir='ltr'>pugnare</span> 
     </span>
    </p>
   </div>
   <div class='ocr_carea' id='block_1_77' title="bbox 1965 1998 3659 2069">
    <p class='ocr_par' dir='ltr' id='par_1_77' title="bbox 1965 1998 3659 2069">
     <span class='ocr_line' id='line_1_77' title="bbox 1965 1998 3659 2069; baseline 0.001 -18"><span class='ocrx_word' id='word_1_637' title='bbox 1965 2014 2093 2051; x_wconf 93' lang='lat' dir='ltr'>cum</span> <span class='ocrx_word' id='word_1_638' title='bbox 2128 1998 2249 2051; x_wconf 91' lang='lat' dir='ltr'>illo.</span> <span class='ocrx_word' id='word_1_639' title='bbox 2279 1999 2420 2052; x_wconf 88' lang='lat' dir='ltr'>Nam</span> <span class='ocrx_word' id='word_1_640' title='bbox 2447 2004 2571 2068; x_wconf 92' lang='lat' dir='ltr'>post</span> <span class='ocrx_word' id='word_1_641' title='bbox 2602 2000 2795 2069; x_wconf 89' lang='lat' dir='ltr'>aliqua</span> <span class='ocrx_word' id='word_1_642' title='bbox 2824 1999 2965 2053; x_wconf 87' lang='lat' dir='ltr'>dixit</span> <span class='ocrx_word' id='word_1_643' title='bbox 3000 2016 3011 2053; x_wconf 94' lang='lat'>:</span> <span class='ocrx_word' id='word_1_644' title='bbox 3045 2021 3072 2048; x_wconf 84' lang='lat'><strong><em>«</em></strong></span> <span class='ocrx_word' id='word_1_645' title='bbox 3108 2001 3266 2053; x_wconf 87' lang='lat' dir='ltr'>Nunc</span> <span class='ocrx_word' id='word_1_646' title='bbox 3292 2002 3424 2053; x_wconf 84' lang='lat' dir='ltr'>sede</span> <span class='ocrx_word' id='word_1_647' title='bbox 3452 2000 3511 2052; x_wconf 89' lang='lat' dir='ltr'>in</span> <span class='ocrx_word' id='word_1_648' title='bbox 3560 2000 3659 2053; x_wconf 89' lang='lat' dir='ltr'>do-</span> 
     </span>
    </p>
   </div>
   <div class='ocr_carea' id='block_1_78' title="bbox 1968 2086 3662 2157">
    <p class='ocr_par' dir='ltr' id='par_1_78' title="bbox 1968 2086 3662 2157">
     <span class='ocr_line' id='line_1_78' title="bbox 1968 2086 3662 2157; baseline 0.002 -18"><span class='ocrx_word' id='word_1_649' title='bbox 1968 2102 2060 2139; x_wconf 93' lang='lat' dir='ltr'>mo</span> <span class='ocrx_word' id='word_1_650' title='bbox 2100 2092 2219 2139; x_wconf 89' lang='lat' dir='ltr'>tua.</span> <span class='ocrx_word' id='word_1_651' title='bbox 2252 2086 2399 2149; x_wconf 89' lang='lat' dir='ltr'>Quid</span> <span class='ocrx_word' id='word_1_652' title='bbox 2432 2102 2707 2156; x_wconf 87' lang='lat' dir='ltr'>provocas</span> <span class='ocrx_word' id='word_1_653' title='bbox 2741 2086 2798 2140; x_wconf 91' lang='lat' dir='ltr'>in</span> <span class='ocrx_word' id='word_1_654' title='bbox 2836 2093 2889 2141; x_wconf 91' lang='lat' dir='ltr'>te</span> <span class='ocrx_word' id='word_1_655' title='bbox 2937 2088 3174 2153; x_wconf 90' lang='lat' dir='ltr'>malum,</span> <span class='ocrx_word' id='word_1_656' title='bbox 3212 2091 3267 2140; x_wconf 92' lang='lat' dir='ltr'>et</span> <span class='ocrx_word' id='word_1_657' title='bbox 3299 2088 3464 2141; x_wconf 90' lang='lat' dir='ltr'>cades</span> <span class='ocrx_word' id='word_1_658' title='bbox 3496 2093 3557 2157; x_wconf 86' lang='lat' dir='ltr'>tu</span> <span class='ocrx_word' id='word_1_659' title='bbox 3605 2093 3662 2142; x_wconf 91' lang='lat' dir='ltr'>et</span> 
     </span>
    </p>
   </div>
   <div class='ocr_carea' id='block_1_79' title="bbox 1964 2175 3659 2247">
    <p class='ocr_par' dir='ltr' id='par_1_79' title="bbox 1964 2175 3659 2247">
     <span class='ocr_line' id='line_1_79' title="bbox 1964 2175 3659 2247; baseline 0.001 -18"><span class='ocrx_word' id='word_1_660' title='bbox 1964 2175 2135 2229; x_wconf 84' lang='lat' dir='ltr'>Judas</span> <span class='ocrx_word' id='word_1_661' title='bbox 2162 2177 2389 2228; x_wconf 79' lang='lat' dir='ltr'>tecum?</span> <span class='ocrx_word' id='word_1_662' title='bbox 2425 2197 2452 2223; x_wconf 85' lang='grc'><strong>››</strong></span> <span class='ocrx_word' id='word_1_663' title='bbox 2478 2176 2580 2244; x_wconf 90' lang='lat' dir='ltr'>(IV</span> <span class='ocrx_word' id='word_1_664' title='bbox 2609 2178 2737 2244; x_wconf 85' lang='lat' dir='ltr'>Reg.</span> <span class='ocrx_word' id='word_1_665' title='bbox 2773 2193 2881 2242; x_wconf 77' lang='lat' dir='ltr'>xw,</span> <span class='ocrx_word' id='word_1_666' title='bbox 2906 2180 2959 2243; x_wconf 84' lang='lat'>9,</span> <span class='ocrx_word' id='word_1_667' title='bbox 2990 2176 3101 2245; x_wconf 90' lang='grc'><strong>10.)</strong></span> <span class='ocrx_word' id='word_1_668' title='bbox 3131 2177 3346 2231; x_wconf 88' lang='lat' dir='ltr'>Deinde</span> <span class='ocrx_word' id='word_1_669' title='bbox 3371 2177 3659 2247; x_wconf 88' lang='lat' dir='ltr'>Scriptura</span> 
     </span>
    </p>
   </div>
   <div class='ocr_carea' id='block_1_80' title="bbox 1964 2263 3660 2335">
    <p class='ocr_par' dir='ltr' id='par_1_80' title="bbox 1964 2263 3660 2335">
     <span class='ocr_line' id='line_1_80' title="bbox 1964 2263 3660 2335; baseline 0.001 -18"><span class='ocrx_word' id='word_1_670' title='bbox 1964 2263 2303 2334; x_wconf 84' lang='lat' dir='ltr'>subjunxit:</span> <span class='ocrx_word' id='word_1_671' title='bbox 2354 2281 2377 2315; x_wconf 76' lang='grc' dir='ltr'>α</span> <span class='ocrx_word' id='word_1_672' title='bbox 2417 2266 2483 2318; x_wconf 90' lang='lat' dir='ltr'>Et</span> <span class='ocrx_word' id='word_1_673' title='bbox 2532 2280 2647 2317; x_wconf 89' lang='lat' dir='ltr'>non</span> <span class='ocrx_word' id='word_1_674' title='bbox 2705 2265 2926 2319; x_wconf 85' lang='lat' dir='ltr'>audivit</span> <span class='ocrx_word' id='word_1_675' title='bbox 2983 2265 3266 2332; x_wconf 87' lang='lat' dir='ltr'>Amazias,</span> <span class='ocrx_word' id='word_1_676' title='bbox 3319 2266 3591 2335; x_wconf 91' lang='lat' dir='ltr'>quoniam</span> <span class='ocrx_word' id='word_1_677' title='bbox 3627 2282 3660 2318; x_wconf 91' lang='lat' dir='ltr'>a</span> 
     </span>
    </p>
   </div>
   <div class='ocr_carea' id='block_1_81' title="bbox 1966 2352 3655 2427">
    <p class='ocr_par' dir='ltr' id='par_1_81' title="bbox 1966 2352 3655 2427">
     <span class='ocr_line' id='line_1_81' title="bbox 1966 2352 3655 2427; baseline 0.001 -21"><span class='ocrx_word' id='word_1_678' title='bbox 1966 2353 2080 2406; x_wconf 90' lang='lat' dir='ltr'>Deo</span> <span class='ocrx_word' id='word_1_679' title='bbox 2112 2356 2232 2405; x_wconf 89' lang='lat' dir='ltr'>erat</span> <span class='ocrx_word' id='word_1_680' title='bbox 2262 2356 2323 2404; x_wconf 93' lang='lat' dir='ltr'>ut</span> <span class='ocrx_word' id='word_1_681' title='bbox 2352 2353 2753 2406; x_wconf 87' lang='lat' dir='ltr'>tradereturin</span> <span class='ocrx_word' id='word_1_682' title='bbox 2786 2354 3001 2407; x_wconf 91' lang='lat' dir='ltr'>malum</span> <span class='ocrx_word' id='word_1_683' title='bbox 3038 2352 3161 2424; x_wconf 81' lang='lat' dir='ltr'>[al.,</span> <span class='ocrx_word' id='word_1_684' title='bbox 3194 2353 3253 2406; x_wconf 90' lang='lat' dir='ltr'>in</span> <span class='ocrx_word' id='word_1_685' title='bbox 3288 2370 3489 2407; x_wconf 91' lang='lat' dir='ltr'>manus</span> <span class='ocrx_word' id='word_1_686' title='bbox 3510 2354 3655 2427; x_wconf 66' lang='lat' dir='ltr'>ejus]</span> 
     </span>
    </p>
   </div>
   <div class='ocr_carea' id='block_1_82' title="bbox 1963 2440 3656 2511">
    <p class='ocr_par' dir='ltr' id='par_1_82' title="bbox 1963 2440 3656 2511">
     <span class='ocr_line' id='line_1_82' title="bbox 1963 2440 3656 2511; baseline -0.001 -17"><span class='ocrx_word' id='word_1_687' title='bbox 1963 2440 2040 2510; x_wconf 92' lang='lat' dir='ltr'>(II</span> <span class='ocrx_word' id='word_1_688' title='bbox 2060 2442 2183 2494; x_wconf 79' lang='lat' dir='ltr'>Par.</span> <span class='ocrx_word' id='word_1_689' title='bbox 2213 2456 2297 2493; x_wconf 84' lang='lat' dir='ltr'>xv.</span> <span class='ocrx_word' id='word_1_690' title='bbox 2339 2444 2421 2502; x_wconf 86' lang='grc'>19,</span> <span class='ocrx_word' id='word_1_691' title='bbox 2458 2440 2566 2509; x_wconf 86' lang='lat'>&#39;20),</span> <span class='ocrx_word' id='word_1_692' title='bbox 2591 2440 2868 2511; x_wconf 91' lang='lat' dir='ltr'>quoniam</span> <span class='ocrx_word' id='word_1_693' title='bbox 2885 2442 3239 2511; x_wconf 59' lang='lat' dir='ltr'>quaesierunt</span> <span class='ocrx_word' id='word_1_694' title='bbox 3268 2442 3403 2495; x_wconf 92' lang='lat' dir='ltr'>deos</span> <span class='ocrx_word' id='word_1_695' title='bbox 3428 2443 3598 2496; x_wconf 89' lang='lat' dir='ltr'>Edon.</span> <span class='ocrx_word' id='word_1_696' title='bbox 3628 2463 3656 2493; x_wconf 66' lang='grc' dir='ltr'>υ</span> 
     </span>
    </p>
   </div>
   <div class='ocr_carea' id='block_1_83' title="bbox 1964 2529 3654 2599">
    <p class='ocr_par' dir='ltr' id='par_1_83' title="bbox 1964 2529 3654 2599">
     <span class='ocr_line' id='line_1_83' title="bbox 1964 2529 3654 2599; baseline 0.001 -17"><span class='ocrx_word' id='word_1_697' title='bbox 1964 2530 2101 2582; x_wconf 91' lang='lat' dir='ltr'>Ecce</span> <span class='ocrx_word' id='word_1_698' title='bbox 2158 2530 2305 2581; x_wconf 89' lang='lat' dir='ltr'>Deus</span> <span class='ocrx_word' id='word_1_699' title='bbox 2353 2529 2548 2581; x_wconf 90' lang='lat' dir='ltr'>volens</span> <span class='ocrx_word' id='word_1_700' title='bbox 2602 2529 2944 2582; x_wconf 66' lang='lat' dir='ltr'>idololatriae</span> <span class='ocrx_word' id='word_1_701' title='bbox 2987 2534 3286 2599; x_wconf 91' lang='lat' dir='ltr'>peccatum</span> <span class='ocrx_word' id='word_1_702' title='bbox 3346 2530 3654 2597; x_wconf 91' lang='lat' dir='ltr'>vindicare,</span> 
     </span>
    </p>
   </div>
   <div class='ocr_carea' id='block_1_84' title="bbox 1962 2616 3658 2689">
    <p class='ocr_par' dir='ltr' id='par_1_84' title="bbox 1962 2616 3658 2689">
     <span class='ocr_line' id='line_1_84' title="bbox 1962 2616 3658 2689; baseline 0.001 -18"><span class='ocrx_word' id='word_1_703' title='bbox 1962 2619 2069 2671; x_wconf 90' lang='lat' dir='ltr'>hoc</span> <span class='ocrx_word' id='word_1_704' title='bbox 2115 2622 2381 2686; x_wconf 90' lang='lat' dir='ltr'>operatus</span> <span class='ocrx_word' id='word_1_705' title='bbox 2433 2621 2517 2670; x_wconf 90' lang='lat' dir='ltr'>est</span> <span class='ocrx_word' id='word_1_706' title='bbox 2574 2616 2634 2670; x_wconf 91' lang='lat' dir='ltr'>in</span> <span class='ocrx_word' id='word_1_707' title='bbox 2682 2617 2805 2687; x_wconf 90' lang='lat' dir='ltr'>ejus</span> <span class='ocrx_word' id='word_1_708' title='bbox 2856 2618 3045 2684; x_wconf 89' lang='lat' dir='ltr'>corde,</span> <span class='ocrx_word' id='word_1_709' title='bbox 3096 2618 3187 2671; x_wconf 91' lang='lat' dir='ltr'>cui</span> <span class='ocrx_word' id='word_1_710' title='bbox 3248 2618 3445 2689; x_wconf 83' lang='lat' dir='ltr'>utique</span> <span class='ocrx_word' id='word_1_711' title='bbox 3507 2620 3658 2689; x_wconf 91' lang='lat' dir='ltr'>juste</span> 
     </span>
    </p>
   </div>
   <div class='ocr_carea' id='block_1_85' title="bbox 1962 2704 3654 2773">
    <p class='ocr_par' dir='ltr' id='par_1_85' title="bbox 1962 2704 3654 2773">
     <span class='ocr_line' id='line_1_85' title="bbox 1962 2704 3654 2773; baseline 0.001 -15"><span class='ocrx_word' id='word_1_712' title='bbox 1962 2706 2331 2771; x_wconf 89' lang='lat' dir='ltr'>irascebatur,</span> <span class='ocrx_word' id='word_1_713' title='bbox 2368 2709 2432 2758; x_wconf 91' lang='lat' dir='ltr'>ut</span> <span class='ocrx_word' id='word_1_714' title='bbox 2457 2704 2908 2758; x_wconf 87' lang='lat' dir='ltr'>admonitionem</span> <span class='ocrx_word' id='word_1_715' title='bbox 2942 2707 3227 2760; x_wconf 87' lang='lat' dir='ltr'>salubrem</span> <span class='ocrx_word' id='word_1_716' title='bbox 3260 2723 3378 2761; x_wconf 88' lang='lat' dir='ltr'>non</span> <span class='ocrx_word' id='word_1_717' title='bbox 3412 2707 3654 2773; x_wconf 89' lang='lat' dir='ltr'>audiret,</span> 
     </span>
    </p>
   </div>
   <div class='ocr_carea' id='block_1_86' title="bbox 1961 2794 3655 2862">
    <p class='ocr_par' dir='ltr' id='par_1_86' title="bbox 1961 2794 3655 2862">
     <span class='ocr_line' id='line_1_86' title="bbox 1961 2794 3655 2862; baseline 0.001 -14"><span class='ocrx_word' id='word_1_718' title='bbox 1961 2796 2057 2848; x_wconf 85' lang='lat' dir='ltr'>sed</span> <span class='ocrx_word' id='word_1_719' title='bbox 2086 2812 2151 2848; x_wconf 90' lang='lat' dir='ltr'>ea</span> <span class='ocrx_word' id='word_1_720' title='bbox 2182 2798 2510 2862; x_wconf 89' lang='lat' dir='ltr'>contempta</span> <span class='ocrx_word' id='word_1_721' title='bbox 2550 2794 2661 2848; x_wconf 87' lang='lat' dir='ltr'>iret</span> <span class='ocrx_word' id='word_1_722' title='bbox 2700 2794 2758 2847; x_wconf 93' lang='lat' dir='ltr'>in</span> <span class='ocrx_word' id='word_1_723' title='bbox 2793 2795 3028 2861; x_wconf 90' lang='lat' dir='ltr'>bellum,</span> <span class='ocrx_word' id='word_1_724' title='bbox 3063 2795 3161 2848; x_wconf 90' lang='lat' dir='ltr'>ubi</span> <span class='ocrx_word' id='word_1_725' title='bbox 3191 2811 3319 2849; x_wconf 92' lang='lat' dir='ltr'>cum</span> <span class='ocrx_word' id='word_1_726' title='bbox 3353 2813 3453 2850; x_wconf 91' lang='lat' dir='ltr'>suo</span> <span class='ocrx_word' id='word_1_727' title='bbox 3496 2813 3655 2849; x_wconf 89' lang='lat' dir='ltr'>exer-</span> 
     </span>
    </p>
   </div>
   <div class='ocr_carea' id='block_1_87' title="bbox 1960 2882 3652 2953">
    <p class='ocr_par' dir='ltr' id='par_1_87' title="bbox 1960 2882 3652 2953">
     <span class='ocr_line' id='line_1_87' title="bbox 1960 2882 3652 2953; baseline 0.001 -16"><span class='ocrx_word' id='word_1_728' title='bbox 1960 2885 2071 2938; x_wconf 91' lang='lat' dir='ltr'>citu</span> <span class='ocrx_word' id='word_1_729' title='bbox 2102 2883 2348 2937; x_wconf 89' lang='lat' dir='ltr'>caderet.</span> <span class='ocrx_word' id='word_1_730' title='bbox 2386 2884 2491 2935; x_wconf 91' lang='lat' dir='ltr'>Per</span> <span class='ocrx_word' id='word_1_731' title='bbox 2523 2882 2845 2936; x_wconf 89' lang='lat' dir='ltr'>Ezehielem</span> <span class='ocrx_word' id='word_1_732' title='bbox 2894 2884 3234 2953; x_wconf 87' lang='lat' dir='ltr'>prophetam</span> <span class='ocrx_word' id='word_1_733' title='bbox 3277 2884 3414 2938; x_wconf 92' lang='lat' dir='ltr'>dicit</span> <span class='ocrx_word' id='word_1_734' title='bbox 3456 2886 3601 2938; x_wconf 91' lang='lat' dir='ltr'>Deus</span> <span class='ocrx_word' id='word_1_735' title='bbox 3639 2902 3652 2939; x_wconf 90' lang='lat'><strong>:</strong></span> 
     </span>
    </p>
   </div>
   <div class='ocr_carea' id='block_1_88' title="bbox 1963 2971 3657 3042">
    <p class='ocr_par' dir='ltr' id='par_1_88' title="bbox 1963 2971 3657 3042">
     <span class='ocr_line' id='line_1_88' title="bbox 1963 2971 3657 3042; baseline 0.002 -19"><span class='ocrx_word' id='word_1_736' title='bbox 1963 2991 1989 3023; x_wconf 80' lang='grc' dir='ltr'>ιι</span> <span class='ocrx_word' id='word_1_737' title='bbox 2024 2973 2090 3025; x_wconf 91' lang='lat' dir='ltr'>Et</span> <span class='ocrx_word' id='word_1_738' title='bbox 2119 2971 2402 3040; x_wconf 88' lang='lat' dir='ltr'>propheta</span> <span class='ocrx_word' id='word_1_739' title='bbox 2433 2971 2479 3023; x_wconf 90' lang='lat' dir='ltr'>si</span> <span class='ocrx_word' id='word_1_740' title='bbox 2513 2971 2805 3035; x_wconf 89' lang='lat' dir='ltr'>erraverit,</span> <span class='ocrx_word' id='word_1_741' title='bbox 2848 2978 2904 3025; x_wconf 91' lang='lat' dir='ltr'>et</span> <span class='ocrx_word' id='word_1_742' title='bbox 2934 2972 3155 3025; x_wconf 92' lang='lat' dir='ltr'>locutus</span> <span class='ocrx_word' id='word_1_743' title='bbox 3178 2972 3375 3040; x_wconf 92' lang='lat' dir='ltr'>fuerit,</span> <span class='ocrx_word' id='word_1_744' title='bbox 3404 2987 3508 3042; x_wconf 82' lang='lat' dir='ltr'>ego</span> <span class='ocrx_word' id='word_1_745' title='bbox 3545 2975 3657 3027; x_wconf 90' lang='lat' dir='ltr'>Do-</span> 
     </span>
    </p>
   </div>
   <div class='ocr_carea' id='block_1_89' title="bbox 1966 3058 3653 3129">
    <p class='ocr_par' dir='ltr' id='par_1_89' title="bbox 1966 3058 3653 3129">
     <span class='ocr_line' id='line_1_89' title="bbox 1966 3058 3653 3129; baseline 0.001 -17"><span class='ocrx_word' id='word_1_746' title='bbox 1966 3060 2154 3113; x_wconf 89' lang='lat' dir='ltr'>minus</span> <span class='ocrx_word' id='word_1_747' title='bbox 2182 3058 2381 3112; x_wconf 87' lang='lat' dir='ltr'>seduxi</span> <span class='ocrx_word' id='word_1_748' title='bbox 2412 3059 2755 3129; x_wconf 90' lang='lat' dir='ltr'>prophetam</span> <span class='ocrx_word' id='word_1_749' title='bbox 2786 3060 2971 3125; x_wconf 92' lang='lat' dir='ltr'>illum,</span> <span class='ocrx_word' id='word_1_750' title='bbox 2997 3064 3051 3113; x_wconf 89' lang='lat' dir='ltr'>et</span> <span class='ocrx_word' id='word_1_751' title='bbox 3084 3060 3382 3113; x_wconf 83' lang='lat' dir='ltr'>extendam</span> <span class='ocrx_word' id='word_1_752' title='bbox 3417 3077 3653 3114; x_wconf 89' lang='lat' dir='ltr'>manum</span> 
     </span>
    </p>
   </div>
   <div class='ocr_carea' id='block_1_90' title="bbox 1965 3148 3654 3218">
    <p class='ocr_par' dir='ltr' id='par_1_90' title="bbox 1965 3148 3654 3218">
     <span class='ocr_line' id='line_1_90' title="bbox 1965 3148 3654 3218; baseline 0.001 -16"><span class='ocrx_word' id='word_1_753' title='bbox 1965 3164 2152 3203; x_wconf 90' lang='lat' dir='ltr'>meam</span> <span class='ocrx_word' id='word_1_754' title='bbox 2203 3164 2376 3218; x_wconf 91' lang='lat' dir='ltr'>super</span> <span class='ocrx_word' id='word_1_755' title='bbox 2423 3164 2576 3212; x_wconf 91' lang='lat' dir='ltr'>eum,</span> <span class='ocrx_word' id='word_1_756' title='bbox 2629 3153 2685 3201; x_wconf 87' lang='lat' dir='ltr'>et</span> <span class='ocrx_word' id='word_1_757' title='bbox 2717 3148 3110 3202; x_wconf 87' lang='lat' dir='ltr'>exterminabo</span> <span class='ocrx_word' id='word_1_758' title='bbox 3167 3164 3295 3201; x_wconf 89' lang='lat' dir='ltr'>eum</span> <span class='ocrx_word' id='word_1_759' title='bbox 3350 3148 3419 3202; x_wconf 92' lang='lat' dir='ltr'>de</span> <span class='ocrx_word' id='word_1_760' title='bbox 3464 3150 3654 3203; x_wconf 91' lang='lat' dir='ltr'>medio</span> 
     </span>
    </p>
   </div>
   <div class='ocr_carea' id='block_1_91' title="bbox 1965 3236 3655 3308">
    <p class='ocr_par' dir='ltr' id='par_1_91' title="bbox 1965 3236 3655 3308">
     <span class='ocr_line' id='line_1_91' title="bbox 1965 3236 3655 3308; baseline 0.001 -18"><span class='ocrx_word' id='word_1_761' title='bbox 1965 3237 2163 3308; x_wconf 91' lang='lat' dir='ltr'>populi</span> <span class='ocrx_word' id='word_1_762' title='bbox 2193 3236 2307 3289; x_wconf 91' lang='lat' dir='ltr'>mei</span> <span class='ocrx_word' id='word_1_763' title='bbox 2355 3236 2528 3290; x_wconf 90' lang='lat' dir='ltr'>Israel</span> <span class='ocrx_word' id='word_1_764' title='bbox 2562 3237 2771 3305; x_wconf 85' lang='lat' dir='ltr'>(Ezech.</span> <span class='ocrx_word' id='word_1_765' title='bbox 2814 3252 2923 3302; x_wconf 80' lang='lat' dir='ltr'>xiv,</span> <span class='ocrx_word' id='word_1_766' title='bbox 2973 3236 3046 3305; x_wconf 88' lang='lat'>9).</span> <span class='ocrx_word' id='word_1_767' title='bbox 3078 3257 3099 3283; x_wconf 78' lang='grc' dir='ltr'>ι</span> <span class='ocrx_word' id='word_1_768' title='bbox 3157 3238 3219 3290; x_wconf 90' lang='lat' dir='ltr'>In</span> <span class='ocrx_word' id='word_1_769' title='bbox 3248 3237 3394 3291; x_wconf 88' lang='lat' dir='ltr'>libro</span> <span class='ocrx_word' id='word_1_770' title='bbox 3455 3238 3655 3292; x_wconf 86' lang='lat' dir='ltr'>Esther</span> 
     </span>
    </p>
   </div>
   <div class='ocr_carea' id='block_1_92' title="bbox 1964 3324 3649 3397">
    <p class='ocr_par' dir='ltr' id='par_1_92' title="bbox 1964 3324 3649 3397">
     <span class='ocr_line' id='line_1_92' title="bbox 1964 3324 3649 3397; baseline 0 -18"><span class='ocrx_word' id='word_1_771' title='bbox 1964 3326 2239 3397; x_wconf 89' lang='lat' dir='ltr'>scriptum</span> <span class='ocrx_word' id='word_1_772' title='bbox 2272 3329 2355 3378; x_wconf 91' lang='lat' dir='ltr'>est</span> <span class='ocrx_word' id='word_1_773' title='bbox 2384 3324 2536 3395; x_wconf 90' lang='lat' dir='ltr'>quod</span> <span class='ocrx_word' id='word_1_774' title='bbox 2568 3325 2776 3378; x_wconf 89' lang='lat' dir='ltr'>mulier</span> <span class='ocrx_word' id='word_1_775' title='bbox 2813 3341 2877 3378; x_wconf 89' lang='lat' dir='ltr'>ex</span> <span class='ocrx_word' id='word_1_776' title='bbox 2920 3326 3131 3395; x_wconf 89' lang='lat' dir='ltr'>populo</span> <span class='ocrx_word' id='word_1_777' title='bbox 3191 3326 3363 3379; x_wconf 88' lang='lat' dir='ltr'>Israel</span> <span class='ocrx_word' id='word_1_778' title='bbox 3401 3325 3462 3379; x_wconf 90' lang='lat' dir='ltr'>in</span> <span class='ocrx_word' id='word_1_779' title='bbox 3502 3329 3649 3379; x_wconf 81' lang='lat' dir='ltr'>terra</span> 
     </span>
    </p>
   </div>
   <div class='ocr_carea' id='block_1_93' title="bbox 1963 3413 3647 3486">
    <p class='ocr_par' dir='ltr' id='par_1_93' title="bbox 1963 3413 3647 3486">
     <span class='ocr_line' id='line_1_93' title="bbox 1963 3413 3647 3486; baseline 0.001 -18"><span class='ocrx_word' id='word_1_780' title='bbox 1963 3414 2306 3485; x_wconf 88' lang='lat' dir='ltr'>captivitatis</span> <span class='ocrx_word' id='word_1_781' title='bbox 2337 3413 2484 3467; x_wconf 88' lang='lat' dir='ltr'>facta</span> <span class='ocrx_word' id='word_1_782' title='bbox 2509 3419 2630 3468; x_wconf 91' lang='lat' dir='ltr'>erat</span> <span class='ocrx_word' id='word_1_783' title='bbox 2659 3430 2802 3467; x_wconf 86' lang='lat' dir='ltr'>uxor</span> <span class='ocrx_word' id='word_1_784' title='bbox 2830 3414 3169 3484; x_wconf 70' lang='lat' dir='ltr'>alienigenae</span> <span class='ocrx_word' id='word_1_785' title='bbox 3191 3415 3341 3486; x_wconf 87' lang='lat' dir='ltr'>regis</span> <span class='ocrx_word' id='word_1_786' title='bbox 3372 3417 3601 3470; x_wconf 89' lang='lat' dir='ltr'>Assueri</span> <span class='ocrx_word' id='word_1_787' title='bbox 3636 3432 3647 3470; x_wconf 91' lang='lat'>:</span> 
     </span>
    </p>
   </div>
   <div class='ocr_carea' id='block_1_94' title="bbox 1964 3501 3651 3575">
    <p class='ocr_par' dir='ltr' id='par_1_94' title="bbox 1964 3501 3651 3575">
     <span class='ocr_line' id='line_1_94' title="bbox 1964 3501 3651 3575; baseline 0.001 -18"><span class='ocrx_word' id='word_1_788' title='bbox 1964 3519 2101 3574; x_wconf 89' lang='lat' dir='ltr'>ergo</span> <span class='ocrx_word' id='word_1_789' title='bbox 2133 3503 2191 3556; x_wconf 90' lang='lat' dir='ltr'>in</span> <span class='ocrx_word' id='word_1_790' title='bbox 2242 3503 2364 3573; x_wconf 78' lang='lat' dir='ltr'>eius</span> <span class='ocrx_word' id='word_1_791' title='bbox 2393 3501 2543 3556; x_wconf 89' lang='lat' dir='ltr'>libro</span> <span class='ocrx_word' id='word_1_792' title='bbox 2603 3503 2878 3572; x_wconf 88' lang='lat' dir='ltr'>scriptum</span> <span class='ocrx_word' id='word_1_793' title='bbox 2923 3507 3007 3557; x_wconf 89' lang='lat' dir='ltr'>est</span> <span class='ocrx_word' id='word_1_794' title='bbox 3038 3508 3177 3572; x_wconf 77' lang='lat' dir='ltr'>(cap.</span> <span class='ocrx_word' id='word_1_795' title='bbox 3229 3520 3308 3570; x_wconf 82' lang='lat' dir='ltr'>III,</span> <span class='ocrx_word' id='word_1_796' title='bbox 3362 3503 3433 3575; x_wconf 84' lang='grc' dir='ltr'>ιν)</span> <span class='ocrx_word' id='word_1_797' title='bbox 3498 3506 3651 3575; x_wconf 91' lang='lat' dir='ltr'>quod</span> 
     </span>
    </p>
   </div>
   <div class='ocr_carea' id='block_1_95' title="bbox 1962 3590 3650 3660">
    <p class='ocr_par' dir='ltr' id='par_1_95' title="bbox 1962 3590 3650 3660">
     <span class='ocr_line' id='line_1_95' title="bbox 1962 3590 3650 3660; baseline -0.001 -14"><span class='ocrx_word' id='word_1_798' title='bbox 1962 3608 2093 3646; x_wconf 90' lang='lat' dir='ltr'>cum</span> <span class='ocrx_word' id='word_1_799' title='bbox 2122 3591 2361 3645; x_wconf 90' lang='lat' dir='ltr'>haberet</span> <span class='ocrx_word' id='word_1_800' title='bbox 2389 3591 2783 3644; x_wconf 87' lang='lat' dir='ltr'>necessitatem</span> <span class='ocrx_word' id='word_1_801' title='bbox 2843 3590 3257 3645; x_wconf 88' lang='lat' dir='ltr'>interveniendi</span> <span class='ocrx_word' id='word_1_802' title='bbox 3286 3607 3391 3660; x_wconf 87' lang='lat' dir='ltr'>pro</span> <span class='ocrx_word' id='word_1_803' title='bbox 3434 3592 3650 3660; x_wconf 90' lang='lat' dir='ltr'>populo</span> 
     </span>
    </p>
   </div>
   <div class='ocr_carea' id='block_1_96' title="bbox 1961 3679 3648 3750">
    <p class='ocr_par' dir='ltr' id='par_1_96' title="bbox 1961 3679 3648 3750">
     <span class='ocr_line' id='line_1_96' title="bbox 1961 3679 3648 3750; baseline 0 -17"><span class='ocrx_word' id='word_1_804' title='bbox 1961 3698 2084 3746; x_wconf 92' lang='lat' dir='ltr'>suo,</span> <span class='ocrx_word' id='word_1_805' title='bbox 2127 3696 2297 3750; x_wconf 91' lang='lat' dir='ltr'>quem</span> <span class='ocrx_word' id='word_1_806' title='bbox 2329 3695 2426 3733; x_wconf 84' lang='lat' dir='ltr'>rex</span> <span class='ocrx_word' id='word_1_807' title='bbox 2454 3679 2783 3750; x_wconf 89' lang='lat' dir='ltr'>ubicunque</span> <span class='ocrx_word' id='word_1_808' title='bbox 2816 3680 2873 3732; x_wconf 93' lang='lat' dir='ltr'>in</span> <span class='ocrx_word' id='word_1_809' title='bbox 2930 3695 3108 3750; x_wconf 89' lang='lat' dir='ltr'>regno</span> <span class='ocrx_word' id='word_1_810' title='bbox 3156 3680 3278 3748; x_wconf 89' lang='lat' dir='ltr'>ejus</span> <span class='ocrx_word' id='word_1_811' title='bbox 3329 3683 3495 3744; x_wconf 89' lang='lat' dir='ltr'>esset,</span> <span class='ocrx_word' id='word_1_812' title='bbox 3530 3680 3648 3749; x_wconf 89' lang='lat' dir='ltr'>jus-</span> 
     </span>
    </p>
   </div>
   <div class='ocr_carea' id='block_1_97' title="bbox 1960 3758 3649 3837">
    <p class='ocr_par' dir='ltr' id='par_1_97' title="bbox 1960 3758 3649 3837">
     <span class='ocr_line' id='line_1_97' title="bbox 1960 3758 3649 3837; baseline -0.001 -14"><span class='ocrx_word' id='word_1_813' title='bbox 1960 3774 2111 3823; x_wconf 90' lang='lat' dir='ltr'>serat</span> <span class='ocrx_word' id='word_1_814' title='bbox 2139 3758 2432 3833; x_wconf 87' lang='lat' dir='ltr'>trucidari,</span> <span class='ocrx_word' id='word_1_815' title='bbox 2475 3767 2657 3821; x_wconf 88' lang='lat' dir='ltr'>oravit</span> <span class='ocrx_word' id='word_1_816' title='bbox 2689 3767 2760 3820; x_wconf 90' lang='lat' dir='ltr'>ad</span> <span class='ocrx_word' id='word_1_817' title='bbox 2797 3767 3141 3820; x_wconf 89' lang='lat' dir='ltr'>Dominum:</span> <span class='ocrx_word' id='word_1_818' title='bbox 3200 3768 3438 3837; x_wconf 88' lang='lat' dir='ltr'>cogebat</span> <span class='ocrx_word' id='word_1_819' title='bbox 3494 3768 3649 3821; x_wconf 89' lang='lat' dir='ltr'>enim</span> 
     </span>
    </p>
   </div>
   <div class='ocr_carea' id='block_1_98' title="bbox 1961 3855 3653 3926">
    <p class='ocr_par' dir='ltr' id='par_1_98' title="bbox 1961 3855 3653 3926">
     <span class='ocr_line' id='line_1_98' title="bbox 1961 3855 3653 3926; baseline -0.002 -15"><span class='ocrx_word' id='word_1_820' title='bbox 1961 3873 2085 3911; x_wconf 89' lang='lat' dir='ltr'>eam</span> <span class='ocrx_word' id='word_1_821' title='bbox 2138 3872 2349 3926; x_wconf 89' lang='lat' dir='ltr'>magna</span> <span class='ocrx_word' id='word_1_822' title='bbox 2383 3855 2707 3922; x_wconf 90' lang='lat' dir='ltr'>necessitas,</span> <span class='ocrx_word' id='word_1_823' title='bbox 2761 3860 2824 3908; x_wconf 91' lang='lat' dir='ltr'>ut</span> <span class='ocrx_word' id='word_1_824' title='bbox 2872 3860 3081 3924; x_wconf 65' lang='lat' dir='ltr'>praeter</span> <span class='ocrx_word' id='word_1_825' title='bbox 3123 3856 3343 3924; x_wconf 88' lang='lat' dir='ltr'>jussum</span> <span class='ocrx_word' id='word_1_826' title='bbox 3396 3856 3546 3925; x_wconf 87' lang='lat' dir='ltr'>regis</span> <span class='ocrx_word' id='word_1_827' title='bbox 3598 3862 3653 3909; x_wconf 88' lang='lat' dir='ltr'>et</span> 
     </span>
    </p>
   </div>
   <div class='ocr_carea' id='block_1_99' title="bbox 1960 3941 3651 4016">
    <p class='ocr_par' dir='ltr' id='par_1_99' title="bbox 1960 3941 3651 4016">
     <span class='ocr_line' id='line_1_99' title="bbox 1960 3941 3651 4016; baseline -0.002 -18"><span class='ocrx_word' id='word_1_828' title='bbox 1960 3949 2168 4016; x_wconf 66' lang='lat' dir='ltr'>praeter</span> <span class='ocrx_word' id='word_1_829' title='bbox 2196 3944 2455 3998; x_wconf 90' lang='lat' dir='ltr'>ordinem</span> <span class='ocrx_word' id='word_1_830' title='bbox 2505 3959 2673 3997; x_wconf 90' lang='lat' dir='ltr'>suum</span> <span class='ocrx_word' id='word_1_831' title='bbox 2717 3943 2786 3997; x_wconf 88' lang='lat' dir='ltr'>ad</span> <span class='ocrx_word' id='word_1_832' title='bbox 2830 3942 2995 3996; x_wconf 89' lang='lat' dir='ltr'>illum</span> <span class='ocrx_word' id='word_1_833' title='bbox 3030 3942 3267 3995; x_wconf 90' lang='lat' dir='ltr'>auderet</span> <span class='ocrx_word' id='word_1_834' title='bbox 3312 3941 3546 4005; x_wconf 88' lang='lat' dir='ltr'>intrare,</span> <span class='ocrx_word' id='word_1_835' title='bbox 3596 3948 3651 3995; x_wconf 91' lang='lat' dir='ltr'>et</span> 
     </span>
    </p>
   </div>
   <div class='ocr_carea' id='block_1_100' title="bbox 1958 4030 3648 4103">
    <p class='ocr_par' dir='ltr' id='par_1_100' title="bbox 1958 4030 3648 4103">
     <span class='ocr_line' id='line_1_100' title="bbox 1958 4030 3648 4103; baseline -0.001 -17"><span class='ocrx_word' id='word_1_836' title='bbox 1958 4033 2084 4087; x_wconf 90' lang='lat' dir='ltr'>vide</span> <span class='ocrx_word' id='word_1_837' title='bbox 2138 4032 2274 4103; x_wconf 91' lang='lat' dir='ltr'>quid</span> <span class='ocrx_word' id='word_1_838' title='bbox 2319 4031 2612 4102; x_wconf 89' lang='lat' dir='ltr'>Scriptura</span> <span class='ocrx_word' id='word_1_839' title='bbox 2662 4030 2858 4084; x_wconf 87' lang='lat' dir='ltr'>dicat:</span> <span class='ocrx_word' id='word_1_840' title='bbox 2922 4049 2949 4080; x_wconf 86' lang='lat'>«</span> <span class='ocrx_word' id='word_1_841' title='bbox 2984 4031 3063 4084; x_wconf 90' lang='lat' dir='ltr'>Et</span> <span class='ocrx_word' id='word_1_842' title='bbox 3101 4030 3342 4084; x_wconf 88' lang='lat' dir='ltr'>intuitus</span> <span class='ocrx_word' id='word_1_843' title='bbox 3390 4034 3475 4084; x_wconf 91' lang='lat' dir='ltr'>est</span> <span class='ocrx_word' id='word_1_844' title='bbox 3522 4047 3648 4085; x_wconf 91' lang='lat' dir='ltr'>eam</span> 
     </span>
    </p>
   </div>
   <div class='ocr_carea' id='block_1_101' title="bbox 1960 4117 3645 4191">
    <p class='ocr_par' dir='ltr' id='par_1_101' title="bbox 1960 4117 3645 4191">
     <span class='ocr_line' id='line_1_101' title="bbox 1960 4117 3645 4191; baseline -0.002 -17"><span class='ocrx_word' id='word_1_845' title='bbox 1960 4125 2232 4191; x_wconf 87' lang='lat' dir='ltr'>tanquam</span> <span class='ocrx_word' id='word_1_846' title='bbox 2259 4124 2459 4174; x_wconf 86' lang='lat' dir='ltr'>taurus</span> <span class='ocrx_word' id='word_1_847' title='bbox 2487 4119 2545 4172; x_wconf 90' lang='lat' dir='ltr'>in</span> <span class='ocrx_word' id='word_1_848' title='bbox 2600 4118 2822 4188; x_wconf 90' lang='lat' dir='ltr'>impetu</span> <span class='ocrx_word' id='word_1_849' title='bbox 2855 4117 3267 4187; x_wconf 90' lang='lat' dir='ltr'>indignationis</span> <span class='ocrx_word' id='word_1_850' title='bbox 3297 4133 3435 4184; x_wconf 69' lang='lat' dir='ltr'>sum,</span> <span class='ocrx_word' id='word_1_851' title='bbox 3475 4122 3531 4171; x_wconf 91' lang='lat' dir='ltr'>et</span> <span class='ocrx_word' id='word_1_852' title='bbox 3572 4119 3645 4171; x_wconf 88' lang='lat' dir='ltr'>ti-</span> 
     </span>
    </p>
   </div>
   <div class='ocr_carea' id='block_1_102' title="bbox 1957 4207 3648 4279">
    <p class='ocr_par' dir='ltr' id='par_1_102' title="bbox 1957 4207 3648 4279">
     <span class='ocr_line' id='line_1_102' title="bbox 1957 4207 3648 4279; baseline -0.002 -16"><span class='ocrx_word' id='word_1_853' title='bbox 1957 4209 2105 4263; x_wconf 90' lang='lat' dir='ltr'>muit</span> <span class='ocrx_word' id='word_1_854' title='bbox 2130 4210 2350 4279; x_wconf 89' lang='lat' dir='ltr'>regina,</span> <span class='ocrx_word' id='word_1_855' title='bbox 2382 4213 2439 4263; x_wconf 89' lang='lat' dir='ltr'>et</span> <span class='ocrx_word' id='word_1_856' title='bbox 2470 4224 2773 4262; x_wconf 91' lang='lat' dir='ltr'>conversus</span> <span class='ocrx_word' id='word_1_857' title='bbox 2800 4211 2884 4260; x_wconf 90' lang='lat' dir='ltr'>est</span> <span class='ocrx_word' id='word_1_858' title='bbox 2913 4208 3067 4261; x_wconf 91' lang='lat' dir='ltr'>color</span> <span class='ocrx_word' id='word_1_859' title='bbox 3107 4208 3229 4276; x_wconf 89' lang='lat' dir='ltr'>ejus</span> <span class='ocrx_word' id='word_1_860' title='bbox 3268 4223 3370 4276; x_wconf 90' lang='lat' dir='ltr'>per</span> <span class='ocrx_word' id='word_1_861' title='bbox 3400 4207 3648 4261; x_wconf 91' lang='lat' dir='ltr'>dissolu-</span> 
     </span>
    </p>
   </div>
   <div class='ocr_carea' id='block_1_103' title="bbox 1886 4295 3643 4373">
    <p class='ocr_par' dir='ltr' id='par_1_103' title="bbox 1886 4295 3643 4373">
     <span class='ocr_line' id='line_1_103' title="bbox 1886 4295 3643 4373; baseline -0.001 -21"><span class='ocrx_word' id='word_1_862' title='bbox 1886 4320 1928 4373; x_wconf 74' lang='grc' dir='ltr'>ι)</span> <span class='ocrx_word' id='word_1_863' title='bbox 1958 4298 2193 4364; x_wconf 88' lang='lat' dir='ltr'>tionem,</span> <span class='ocrx_word' id='word_1_864' title='bbox 2229 4303 2284 4351; x_wconf 88' lang='lat' dir='ltr'>et</span> <span class='ocrx_word' id='word_1_865' title='bbox 2340 4296 2636 4351; x_wconf 88' lang='lat' dir='ltr'>inclinavit</span> <span class='ocrx_word' id='word_1_866' title='bbox 2666 4312 2723 4350; x_wconf 92' lang='lat' dir='ltr'>se</span> <span class='ocrx_word' id='word_1_867' title='bbox 2773 4312 2944 4367; x_wconf 90' lang='lat' dir='ltr'>super</span> <span class='ocrx_word' id='word_1_868' title='bbox 2996 4300 3168 4365; x_wconf 89' lang='lat' dir='ltr'>caput</span> <span class='ocrx_word' id='word_1_869' title='bbox 3206 4295 3461 4350; x_wconf 76' lang='lat' dir='ltr'>delicatae</span> <span class='ocrx_word' id='word_1_870' title='bbox 3508 4313 3643 4357; x_wconf 73' lang='lat' dir='ltr'>suae.</span> 
     </span>
    </p>
   </div>
   <div class='ocr_carea' id='block_1_104' title="bbox 1956 4384 3647 4459">
    <p class='ocr_par' dir='ltr' id='par_1_104' title="bbox 1956 4384 3647 4459">
     <span class='ocr_line' id='line_1_104' title="bbox 1956 4384 3647 4459; baseline -0.002 -18"><span class='ocrx_word' id='word_1_871' title='bbox 1956 4403 2086 4459; x_wconf 81' lang='lat' dir='ltr'>quae</span> <span class='ocrx_word' id='word_1_872' title='bbox 2117 4386 2472 4457; x_wconf 68' lang='lat' dir='ltr'>prmcedebat</span> <span class='ocrx_word' id='word_1_873' title='bbox 2514 4402 2661 4439; x_wconf 90' lang='lat' dir='ltr'>eam.</span> <span class='ocrx_word' id='word_1_874' title='bbox 2698 4386 2764 4439; x_wconf 89' lang='lat' dir='ltr'>Et</span> <span class='ocrx_word' id='word_1_875' title='bbox 2793 4384 3075 4439; x_wconf 89' lang='lat' dir='ltr'>convertit</span> <span class='ocrx_word' id='word_1_876' title='bbox 3106 4386 3274 4450; x_wconf 89' lang='lat' dir='ltr'>Deus,</span> <span class='ocrx_word' id='word_1_877' title='bbox 3307 4390 3362 4438; x_wconf 90' lang='lat' dir='ltr'>et</span> <span class='ocrx_word' id='word_1_878' title='bbox 3390 4390 3647 4439; x_wconf 87' lang='lat' dir='ltr'>transtu-</span> 
     </span>
    </p>
   </div>
   <div class='ocr_carea' id='block_1_105' title="bbox 1954 4473 3644 4545">
    <p class='ocr_par' dir='ltr' id='par_1_105' title="bbox 1954 4473 3644 4545">
     <span class='ocr_line' id='line_1_105' title="bbox 1954 4473 3644 4545; baseline -0.002 -16"><span class='ocrx_word' id='word_1_879' title='bbox 1954 4476 2022 4529; x_wconf 91' lang='lat' dir='ltr'>lit</span> <span class='ocrx_word' id='word_1_880' title='bbox 2070 4474 2526 4545; x_wconf 88' lang='lat' dir='ltr'>indignationem</span> <span class='ocrx_word' id='word_1_881' title='bbox 2571 4474 2694 4544; x_wconf 89' lang='lat' dir='ltr'>ejus</span> <span class='ocrx_word' id='word_1_882' title='bbox 2735 4474 2797 4527; x_wconf 93' lang='lat' dir='ltr'>in</span> <span class='ocrx_word' id='word_1_883' title='bbox 2856 4473 3145 4527; x_wconf 89' lang='lat' dir='ltr'>lenitatem</span> <span class='ocrx_word' id='word_1_884' title='bbox 3179 4473 3393 4543; x_wconf 80' lang='lat' dir='ltr'>(Esther</span> <span class='ocrx_word' id='word_1_885' title='bbox 3430 4490 3482 4539; x_wconf 94' lang='lat' dir='ltr'>v,</span> <span class='ocrx_word' id='word_1_886' title='bbox 3542 4490 3644 4528; x_wconf 83' lang='lat' dir='ltr'>sec.</span> 
     </span>
    </p>
   </div>
   <div class='ocr_carea' id='block_1_106' title="bbox 1955 4562 3645 4633">
    <p class='ocr_par' dir='ltr' id='par_1_106' title="bbox 1955 4562 3645 4633">
     <span class='ocr_line' id='line_1_106' title="bbox 1955 4562 3645 4633; baseline -0.001 -15"><span class='ocrx_word' id='word_1_887' title='bbox 1955 4563 2139 4632; x_wconf 81' lang='lat' dir='ltr'>LXX).</span> <span class='ocrx_word' id='word_1_888' title='bbox 2158 4585 2184 4612; x_wconf 82' lang='grc'><strong>››</strong></span> <span class='ocrx_word' id='word_1_889' title='bbox 2204 4564 2489 4633; x_wconf 90' lang='lat' dir='ltr'>Scriptum</span> <span class='ocrx_word' id='word_1_890' title='bbox 2503 4568 2589 4617; x_wconf 88' lang='lat' dir='ltr'>est</span> <span class='ocrx_word' id='word_1_891' title='bbox 2605 4563 2732 4617; x_wconf 90' lang='lat' dir='ltr'>etin</span> <span class='ocrx_word' id='word_1_892' title='bbox 2744 4562 3070 4616; x_wconf 88' lang='lat' dir='ltr'>Proverbiis</span> <span class='ocrx_word' id='word_1_893' title='bbox 3084 4562 3407 4616; x_wconf 89' lang='lat' dir='ltr'>Salomonis</span> <span class='ocrx_word' id='word_1_894' title='bbox 3432 4578 3444 4615; x_wconf 91' lang='lat'><strong>:</strong></span> <span class='ocrx_word' id='word_1_895' title='bbox 3478 4582 3505 4611; x_wconf 75' lang='grc' dir='ltr'><strong>α</strong></span> <span class='ocrx_word' id='word_1_896' title='bbox 3529 4562 3645 4616; x_wconf 88' lang='lat' dir='ltr'>Sic-</span> 
     </span>
    </p>
   </div>
   <div class='ocr_carea' id='block_1_107' title="bbox 1953 4649 3646 4721">
    <p class='ocr_par' dir='ltr' id='par_1_107' title="bbox 1953 4649 3646 4721">
     <span class='ocr_line' id='line_1_107' title="bbox 1953 4649 3646 4721; baseline -0.002 -16"><span class='ocrx_word' id='word_1_897' title='bbox 1953 4658 2018 4705; x_wconf 91' lang='lat' dir='ltr'>ut</span> <span class='ocrx_word' id='word_1_898' title='bbox 2048 4653 2298 4721; x_wconf 89' lang='lat' dir='ltr'>impetus</span> <span class='ocrx_word' id='word_1_899' title='bbox 2328 4667 2511 4721; x_wconf 68' lang='lat' dir='ltr'>aqum,</span> <span class='ocrx_word' id='word_1_900' title='bbox 2545 4651 2623 4704; x_wconf 91' lang='lat' dir='ltr'>sic</span> <span class='ocrx_word' id='word_1_901' title='bbox 2649 4666 2743 4704; x_wconf 93' lang='lat' dir='ltr'>cor</span> <span class='ocrx_word' id='word_1_902' title='bbox 2772 4650 2923 4720; x_wconf 88' lang='lat' dir='ltr'>regis</span> <span class='ocrx_word' id='word_1_903' title='bbox 2945 4650 3002 4704; x_wconf 92' lang='lat' dir='ltr'>in</span> <span class='ocrx_word' id='word_1_904' title='bbox 3025 4665 3197 4703; x_wconf 88' lang='lat' dir='ltr'>manu</span> <span class='ocrx_word' id='word_1_905' title='bbox 3220 4649 3350 4712; x_wconf 89' lang='lat' dir='ltr'>Dei;</span> <span class='ocrx_word' id='word_1_906' title='bbox 3383 4665 3646 4719; x_wconf 86' lang='lat' dir='ltr'>quocun-</span> 
     </span>
    </p>
   </div>
   <div class='ocr_carea' id='block_1_108' title="bbox 1955 4737 3644 4810">
    <p class='ocr_par' dir='ltr' id='par_1_108' title="bbox 1955 4737 3644 4810">
     <span class='ocr_line' id='line_1_108' title="bbox 1955 4737 3644 4810; baseline -0.001 -18"><span class='ocrx_word' id='word_1_907' title='bbox 1955 4756 2067 4810; x_wconf 91' lang='lat' dir='ltr'>que</span> <span class='ocrx_word' id='word_1_908' title='bbox 2094 4739 2342 4793; x_wconf 90' lang='lat' dir='ltr'>voluerit</span> <span class='ocrx_word' id='word_1_909' title='bbox 2373 4739 2679 4793; x_wconf 87' lang='lat' dir='ltr'>declinabit</span> <span class='ocrx_word' id='word_1_910' title='bbox 2708 4739 2850 4792; x_wconf 92' lang='lat' dir='ltr'>illud</span> <span class='ocrx_word' id='word_1_911' title='bbox 2888 4741 3067 4805; x_wconf 76' lang='lat' dir='ltr'>(Prov.</span> <span class='ocrx_word' id='word_1_912' title='bbox 3106 4753 3214 4803; x_wconf 77' lang='lat' dir='ltr'>xxx,</span> <span class='ocrx_word' id='word_1_913' title='bbox 3262 4737 3334 4805; x_wconf 83' lang='grc'>4).</span> <span class='ocrx_word' id='word_1_914' title='bbox 3397 4759 3418 4786; x_wconf 75' lang='grc' dir='ltr'>ι</span> <span class='ocrx_word' id='word_1_915' title='bbox 3472 4739 3539 4791; x_wconf 90' lang='lat' dir='ltr'>Et</span> <span class='ocrx_word' id='word_1_916' title='bbox 3590 4738 3644 4791; x_wconf 89' lang='lat' dir='ltr'>in</span> 
     </span>
    </p>
   </div>
   <div class='ocr_carea' id='block_1_109' title="bbox 1953 4825 3647 4898">
    <p class='ocr_par' dir='ltr' id='par_1_109' title="bbox 1953 4825 3647 4898">
     <span class='ocr_line' id='line_1_109' title="bbox 1953 4825 3647 4898; baseline -0.001 -17"><span class='ocrx_word' id='word_1_917' title='bbox 1953 4829 2175 4898; x_wconf 90' lang='lat' dir='ltr'>psalmo</span> <span class='ocrx_word' id='word_1_918' title='bbox 2207 4845 2292 4882; x_wconf 76' lang='grc' dir='ltr'>ειν</span> <span class='ocrx_word' id='word_1_919' title='bbox 2339 4829 2549 4897; x_wconf 82' lang='lat' dir='ltr'>legitur</span> <span class='ocrx_word' id='word_1_920' title='bbox 2593 4828 2808 4882; x_wconf 89' lang='lat' dir='ltr'>dictum</span> <span class='ocrx_word' id='word_1_921' title='bbox 2857 4828 2925 4882; x_wconf 91' lang='lat' dir='ltr'>de</span> <span class='ocrx_word' id='word_1_922' title='bbox 2956 4825 3228 4896; x_wconf 66' lang='lat' dir='ltr'>Egyptiis</span> <span class='ocrx_word' id='word_1_923' title='bbox 3270 4825 3407 4895; x_wconf 89' lang='lat' dir='ltr'>quid</span> <span class='ocrx_word' id='word_1_924' title='bbox 3452 4826 3647 4881; x_wconf 86' lang='lat' dir='ltr'>fecerit</span> 
     </span>
    </p>
   </div>
   <div class='ocr_carea' id='block_1_110' title="bbox 1954 4913 3646 4985">
    <p class='ocr_par' dir='ltr' id='par_1_110' title="bbox 1954 4913 3646 4985">
     <span class='ocr_line' id='line_1_110' title="bbox 1954 4913 3646 4985; baseline -0.001 -15"><span class='ocrx_word' id='word_1_925' title='bbox 1954 4916 2035 4970; x_wconf 90' lang='lat' dir='ltr'>eis</span> <span class='ocrx_word' id='word_1_926' title='bbox 2069 4917 2217 4971; x_wconf 90' lang='lat' dir='ltr'>Deus</span> <span class='ocrx_word' id='word_1_927' title='bbox 2250 4934 2262 4971; x_wconf 94' lang='lat'>:</span> <span class='ocrx_word' id='word_1_928' title='bbox 2295 4937 2319 4968; x_wconf 80' lang='grc' dir='ltr'>α</span> <span class='ocrx_word' id='word_1_929' title='bbox 2349 4918 2413 4971; x_wconf 89' lang='lat' dir='ltr'>Et</span> <span class='ocrx_word' id='word_1_930' title='bbox 2459 4916 2739 4971; x_wconf 88' lang='lat' dir='ltr'>convertit</span> <span class='ocrx_word' id='word_1_931' title='bbox 2780 4932 2877 4969; x_wconf 90' lang='lat' dir='ltr'>cor</span> <span class='ocrx_word' id='word_1_932' title='bbox 2911 4930 3109 4968; x_wconf 92' lang='lat' dir='ltr'>eorum</span> <span class='ocrx_word' id='word_1_933' title='bbox 3160 4918 3225 4966; x_wconf 87' lang='lat' dir='ltr'>ut</span> <span class='ocrx_word' id='word_1_934' title='bbox 3268 4913 3498 4968; x_wconf 88' lang='lat' dir='ltr'>odirent</span> <span class='ocrx_word' id='word_1_935' title='bbox 3549 4931 3646 4985; x_wconf 89' lang='lat' dir='ltr'>po-</span> 
     </span>
    </p>
   </div>
   <div class='ocr_carea' id='block_1_111' title="bbox 1953 5001 3646 5077">
    <p class='ocr_par' dir='ltr' id='par_1_111' title="bbox 1953 5001 3646 5077">
     <span class='ocr_line' id='line_1_111' title="bbox 1953 5001 3646 5077; baseline -0.002 -19"><span class='ocrx_word' id='word_1_936' title='bbox 1953 5006 2156 5076; x_wconf 86' lang='lat' dir='ltr'>pulum</span> <span class='ocrx_word' id='word_1_937' title='bbox 2228 5007 2371 5077; x_wconf 85' lang='lat' dir='ltr'>ejus,</span> <span class='ocrx_word' id='word_1_938' title='bbox 2446 5010 2503 5058; x_wconf 86' lang='lat' dir='ltr'>et</span> <span class='ocrx_word' id='word_1_939' title='bbox 2561 5005 2759 5058; x_wconf 90' lang='lat' dir='ltr'>dolum</span> <span class='ocrx_word' id='word_1_940' title='bbox 2828 5004 3079 5057; x_wconf 75' lang='lat' dir='ltr'>facerent</span> <span class='ocrx_word' id='word_1_941' title='bbox 3144 5001 3206 5055; x_wconf 88' lang='lat' dir='ltr'>in</span> <span class='ocrx_word' id='word_1_942' title='bbox 3268 5018 3457 5056; x_wconf 86' lang='lat' dir='ltr'>servos</span> <span class='ocrx_word' id='word_1_943' title='bbox 3524 5005 3646 5074; x_wconf 89' lang='lat' dir='ltr'>ejus</span> 
     </span>
    </p>
   </div>
   <div class='ocr_carea' id='block_1_112' title="bbox 1954 5090 3644 5163">
    <p class='ocr_par' dir='ltr' id='par_1_112' title="bbox 1954 5090 3644 5163">
     <span class='ocr_line' id='line_1_112' title="bbox 1954 5090 3644 5163; baseline -0.001 -15"><span class='ocrx_word' id='word_1_944' title='bbox 1954 5096 2119 5163; x_wconf 88' lang='lat' dir='ltr'>(Psal.</span> <span class='ocrx_word' id='word_1_945' title='bbox 2152 5111 2256 5161; x_wconf 75' lang='grc' dir='ltr'>ειν,</span> <span class='ocrx_word' id='word_1_946' title='bbox 2306 5094 2421 5161; x_wconf 80' lang='lat'>25).</span> <span class='ocrx_word' id='word_1_947' title='bbox 2456 5112 2483 5143; x_wconf 84' lang='lat'><strong>»</strong></span> <span class='ocrx_word' id='word_1_948' title='bbox 2539 5093 2603 5145; x_wconf 89' lang='lat' dir='ltr'>In</span> <span class='ocrx_word' id='word_1_949' title='bbox 2653 5090 2855 5145; x_wconf 89' lang='lat' dir='ltr'>litteris</span> <span class='ocrx_word' id='word_1_950' title='bbox 2912 5090 3087 5144; x_wconf 91' lang='lat' dir='ltr'>etiam</span> <span class='ocrx_word' id='word_1_951' title='bbox 3146 5090 3471 5161; x_wconf 77' lang='lat' dir='ltr'>apostolicis</span> <span class='ocrx_word' id='word_1_952' title='bbox 3517 5093 3644 5146; x_wconf 90' lang='lat' dir='ltr'>vide</span> 
     </span>
    </p>
   </div>
   <div class='ocr_carea' id='block_1_113' title="bbox 1953 5179 3643 5253">
    <p class='ocr_par' dir='ltr' id='par_1_113' title="bbox 1953 5179 3643 5253">
     <span class='ocr_line' id='line_1_113' title="bbox 1953 5179 3643 5253; baseline -0.002 -17"><span class='ocrx_word' id='word_1_953' title='bbox 1953 5198 2083 5252; x_wconf 86' lang='lat' dir='ltr'>quae</span> <span class='ocrx_word' id='word_1_954' title='bbox 2127 5183 2335 5253; x_wconf 88' lang='lat' dir='ltr'>scripta</span> <span class='ocrx_word' id='word_1_955' title='bbox 2378 5185 2509 5235; x_wconf 89' lang='lat' dir='ltr'>sunt</span> <span class='ocrx_word' id='word_1_956' title='bbox 2557 5180 2616 5233; x_wconf 86' lang='lat' dir='ltr'>in</span> <span class='ocrx_word' id='word_1_957' title='bbox 2647 5179 2894 5249; x_wconf 88' lang='lat' dir='ltr'>Epistola</span> <span class='ocrx_word' id='word_1_958' title='bbox 2941 5179 3101 5233; x_wconf 87' lang='lat' dir='ltr'>Pauli</span> <span class='ocrx_word' id='word_1_959' title='bbox 3156 5180 3402 5250; x_wconf 88' lang='lat' dir='ltr'>apostoli</span> <span class='ocrx_word' id='word_1_960' title='bbox 3428 5182 3499 5235; x_wconf 89' lang='lat' dir='ltr'>ad</span> <span class='ocrx_word' id='word_1_961' title='bbox 3532 5181 3643 5235; x_wconf 82' lang='lat' dir='ltr'>Ro-</span> 
     </span>
    </p>
   </div>
   <div class='ocr_carea' id='block_1_114' title="bbox 1954 5267 3645 5338">
    <p class='ocr_par' dir='ltr' id='par_1_114' title="bbox 1954 5267 3645 5338">
     <span class='ocr_line' id='line_1_114' title="bbox 1954 5267 3645 5338; baseline -0.001 -14"><span class='ocrx_word' id='word_1_962' title='bbox 1954 5286 2156 5324; x_wconf 89' lang='lat' dir='ltr'>manos</span> <span class='ocrx_word' id='word_1_963' title='bbox 2190 5287 2201 5324; x_wconf 93' lang='lat'>:</span> <span class='ocrx_word' id='word_1_964' title='bbox 2249 5289 2277 5321; x_wconf 83' lang='lat'><strong>«</strong></span> <span class='ocrx_word' id='word_1_965' title='bbox 2312 5272 2619 5338; x_wconf 87' lang='lat' dir='ltr'>Propterea</span> <span class='ocrx_word' id='word_1_966' title='bbox 2649 5267 2889 5322; x_wconf 88' lang='lat' dir='ltr'>tradidit</span> <span class='ocrx_word' id='word_1_967' title='bbox 2918 5269 3044 5322; x_wconf 89' lang='lat' dir='ltr'>illos</span> <span class='ocrx_word' id='word_1_968' title='bbox 3077 5270 3224 5323; x_wconf 89' lang='lat' dir='ltr'>Deus</span> <span class='ocrx_word' id='word_1_969' title='bbox 3254 5269 3311 5322; x_wconf 91' lang='lat' dir='ltr'>in</span> <span class='ocrx_word' id='word_1_970' title='bbox 3361 5269 3645 5323; x_wconf 89' lang='lat' dir='ltr'>desideria</span> 
     </span>
    </p>
   </div>
   <div class='ocr_carea' id='block_1_115' title="bbox 1953 5356 3646 5429">
    <p class='ocr_par' dir='ltr' id='par_1_115' title="bbox 1953 5356 3646 5429">
     <span class='ocr_line' id='line_1_115' title="bbox 1953 5356 3646 5429; baseline -0.001 -16"><span class='ocrx_word' id='word_1_971' title='bbox 1953 5359 2141 5413; x_wconf 89' lang='lat' dir='ltr'>cordis</span> <span class='ocrx_word' id='word_1_972' title='bbox 2186 5374 2383 5412; x_wconf 90' lang='lat' dir='ltr'>eorum</span> <span class='ocrx_word' id='word_1_973' title='bbox 2434 5357 2492 5410; x_wconf 91' lang='lat' dir='ltr'>in</span> <span class='ocrx_word' id='word_1_974' title='bbox 2532 5356 2981 5412; x_wconf 90' lang='lat' dir='ltr'>immunditiam.</span> <span class='ocrx_word' id='word_1_975' title='bbox 3021 5380 3040 5406; x_wconf 69' lang='grc' dir='ltr'>ι</span> <span class='ocrx_word' id='word_1_976' title='bbox 3104 5359 3244 5412; x_wconf 92' lang='lat' dir='ltr'>Item</span> <span class='ocrx_word' id='word_1_977' title='bbox 3293 5358 3466 5428; x_wconf 92' lang='lat' dir='ltr'>paulo</span> <span class='ocrx_word' id='word_1_978' title='bbox 3518 5363 3646 5429; x_wconf 88' lang='lat' dir='ltr'>post</span> 
     </span>
    </p>
   </div>
   <div class='ocr_carea' id='block_1_116' title="bbox 1958 5446 3646 5518">
    <p class='ocr_par' dir='ltr' id='par_1_116' title="bbox 1958 5446 3646 5518">
     <span class='ocr_line' id='line_1_116' title="bbox 1958 5446 3646 5518; baseline -0.001 -17"><span class='ocrx_word' id='word_1_979' title='bbox 1958 5469 1980 5495; x_wconf 81' lang='grc' dir='ltr'>ι</span> <span class='ocrx_word' id='word_1_980' title='bbox 2019 5449 2256 5516; x_wconf 89' lang='lat' dir='ltr'>Propter</span> <span class='ocrx_word' id='word_1_981' title='bbox 2301 5447 2409 5499; x_wconf 92' lang='lat' dir='ltr'>hoc</span> <span class='ocrx_word' id='word_1_982' title='bbox 2437 5446 2671 5501; x_wconf 75' lang='lat' dir='ltr'>tradidit</span> <span class='ocrx_word' id='word_1_983' title='bbox 2708 5446 2838 5500; x_wconf 91' lang='lat' dir='ltr'>illos</span> <span class='ocrx_word' id='word_1_984' title='bbox 2872 5448 3020 5502; x_wconf 90' lang='lat' dir='ltr'>Deus</span> <span class='ocrx_word' id='word_1_985' title='bbox 3068 5447 3126 5501; x_wconf 91' lang='lat' dir='ltr'>in</span> <span class='ocrx_word' id='word_1_986' title='bbox 3157 5446 3448 5518; x_wconf 88' lang='lat' dir='ltr'>passiones</span> <span class='ocrx_word' id='word_1_987' title='bbox 3486 5447 3646 5515; x_wconf 88' lang='lat' dir='ltr'>igno-</span> 
     </span>
    </p>
   </div>
   <div class='ocr_carea' id='block_1_117' title="bbox 1954 5534 3646 5607">
    <p class='ocr_par' dir='ltr' id='par_1_117' title="bbox 1954 5534 3646 5607">
     <span class='ocr_line' id='line_1_117' title="bbox 1954 5534 3646 5607; baseline -0.001 -18"><span class='ocrx_word' id='word_1_988' title='bbox 1954 5535 2167 5589; x_wconf 86' lang='lat' dir='ltr'>miniae.</span> <span class='ocrx_word' id='word_1_989' title='bbox 2207 5557 2227 5583; x_wconf 74' lang='grc' dir='ltr'>ιι</span> <span class='ocrx_word' id='word_1_990' title='bbox 2264 5537 2403 5589; x_wconf 91' lang='lat' dir='ltr'>Item</span> <span class='ocrx_word' id='word_1_991' title='bbox 2434 5536 2606 5605; x_wconf 88' lang='lat' dir='ltr'>paulo</span> <span class='ocrx_word' id='word_1_992' title='bbox 2639 5540 2768 5607; x_wconf 90' lang='lat' dir='ltr'>post</span> <span class='ocrx_word' id='word_1_993' title='bbox 2802 5552 2813 5590; x_wconf 93' lang='lat'><strong>:</strong></span> <span class='ocrx_word' id='word_1_994' title='bbox 2851 5558 2878 5585; x_wconf 90' lang='grc'><strong>‹‹</strong></span> <span class='ocrx_word' id='word_1_995' title='bbox 2910 5537 3063 5591; x_wconf 91' lang='lat' dir='ltr'>Sicut</span> <span class='ocrx_word' id='word_1_996' title='bbox 3115 5552 3231 5589; x_wconf 89' lang='lat' dir='ltr'>non</span> <span class='ocrx_word' id='word_1_997' title='bbox 3260 5534 3646 5605; x_wconf 85' lang='lat' dir='ltr'>probaverunt</span> 
     </span>
    </p>
   </div>
   <div class='ocr_carea' id='block_1_118' title="bbox 1951 5623 3642 5691">
    <p class='ocr_par' dir='ltr' id='par_1_118' title="bbox 1951 5623 3642 5691">
     <span class='ocr_line' id='line_1_118' title="bbox 1951 5623 3642 5691; baseline -0.002 -10"><span class='ocrx_word' id='word_1_998' title='bbox 1951 5625 2162 5681; x_wconf 87' lang='lat' dir='ltr'>habere</span> <span class='ocrx_word' id='word_1_999' title='bbox 2211 5626 2392 5680; x_wconf 89' lang='lat' dir='ltr'>Deum</span> <span class='ocrx_word' id='word_1_1000' title='bbox 2450 5624 2509 5680; x_wconf 90' lang='lat' dir='ltr'>in</span> <span class='ocrx_word' id='word_1_1001' title='bbox 2555 5625 2779 5691; x_wconf 88' lang='lat' dir='ltr'>notitia,</span> <span class='ocrx_word' id='word_1_1002' title='bbox 2811 5625 3045 5681; x_wconf 86' lang='lat' dir='ltr'>tradidit</span> <span class='ocrx_word' id='word_1_1003' title='bbox 3082 5624 3210 5678; x_wconf 90' lang='lat' dir='ltr'>illos</span> <span class='ocrx_word' id='word_1_1004' title='bbox 3248 5625 3406 5679; x_wconf 88' lang='lat' dir='ltr'>Deus</span> <span class='ocrx_word' id='word_1_1005' title='bbox 3435 5623 3496 5678; x_wconf 90' lang='lat' dir='ltr'>in</span> <span class='ocrx_word' id='word_1_1006' title='bbox 3546 5639 3642 5678; x_wconf 31' lang='lat' dir='ltr'>re.-</span> 
     </span>
    </p>
   </div>
  </div>
