3920 6224
230 271 288 321 19
1369 269 1724 323 RATRAMNI
1751 269 2210 324 CORBEIENSIS
2239 269 2574 326 MONACHI.
3651 281 3718 334 20

226 401 468 472 probam
515 403 790 467 mentem,
848 404 912 454 ut
966 400 1175 454 faciant
1231 416 1361 470 quae
1411 416 1526 454 uon
1576 400 1922 455 conveniunt
1959 401 2002 453 A
2032 401 2336 456 devoratur
2370 418 2382 456 :
2427 403 2570 455 alius
2600 406 2792 457 autem
2820 404 2997 457 vitam
3017 419 3180 459 suam
3210 405 3270 459 in
3300 407 3575 461 catholica
3614 408 3727 478 pie-

228 491 397 560 (Rom.
452 507 489 556 ι,
551 489 640 557 24,
685 492 771 543 26.
807 489 919 558 28).
961 510 981 537 ι
1040 491 1103 543 Et
1156 489 1224 543 ad
1274 489 1804 543 Thessalonicenses
1863 491 1923 543 in

230 579 479 649 Epistola
516 578 766 632 secunda
798 579 878 632 ait
907 579 975 633 de
1018 579 1361 649 quibusdam
1392 595 1403 632 :
1461 601 1486 626 α
1522 582 1624 634 Pro
1674 597 1738 634 eo
1772 581 1923 651 quod

234 667 598 722 dilectionem
629 667 883 722 veritatis
908 683 1023 721 non
1050 673 1406 738 receperunt,
1440 673 1503 722 ut
1534 669 1672 722 salvi
1699 669 1922 735 ﬁerent,

234 756 360 810 ideo
395 757 584 810 mittet
604 756 717 810 illis
735 758 883 810 Deus
910 757 1310 826 operationem
1335 757 1567 823 erroris,
1602 762 1665 810 ut
1695 759 1927 811 credant

234 845 554 912 mendacio,
594 849 649 898 et
675 844 1009 914 judicentur
1038 861 1237 898 omnes
1263 846 1361 915 qui
1395 862 1508 899 non
1563 847 1928 900 crediderunt

234 931 479 998 veritati,
545 931 644 985 sed
706 937 1117 986 consenserunt
1173 933 1464 1003 iniquitati
1521 936 1592 1002 (II
1640 935 1820 988 Thess.
1868 950 1926 1000 ιι,

241 1024 323 1088 10,
363 1023 471 1091 Η).
520 1041 546 1070 ››
585 1020 680 1074 His
718 1024 774 1074 et
817 1020 1025 1074 talibus
1055 1020 1394 1074 testimoniis
1419 1022 1744 1076 divinorum
1814 1023 1928 1075 elo-

240 1110 528 1180 quiorum,
570 1125 699 1179 quae
744 1109 937 1162 omnia
970 1125 1417 1163 commemorare
1448 1110 1618 1163 nimis
1673 1111 1928 1180 longum,

241 1198 398 1266 satis,
430 1202 709 1267 quantum
743 1197 1022 1266 existimo,
1065 1198 1462 1252 manifestatur
1486 1198 1712 1268 operari
1754 1200 1930 1252 Deum

241 1286 301 1340 in
332 1285 600 1340 cordibus
629 1285 932 1340 hominum
957 1286 1023 1340 ad
1061 1286 1415 1340 inclinandas
1437 1303 1638 1340 eorum
1665 1292 1934 1341 volunta—

241 1379 324 1428 tes
357 1390 700 1444 quocunque
734 1374 999 1439 voluerit,
1035 1374 1150 1428 sive
1191 1375 1257 1428 ad
1287 1375 1438 1428 bona
1468 1391 1571 1446 pro
1603 1392 1706 1429 sua
1766 1375 1936 1428 mise-

244 1463 505 1530 ricordia,
563 1463 678 1516 sive
713 1462 781 1517 ad
829 1463 979 1515 mala
1030 1479 1134 1532 pro
1192 1464 1412 1517 meritis
1451 1480 1672 1528 eorum,
1718 1465 1934 1534 judicio

246 1552 445 1623 utique
513 1568 615 1605 suo
676 1551 984 1621 aliquando
1055 1556 1273 1622 aperto,
1334 1552 1642 1622 aliquando
1700 1553 1934 1617 occulto,

246 1656 472 1711 semper
509 1644 704 1693 tamen
743 1639 919 1709 justo.
957 1639 1156 1694 Fixum
1207 1639 1359 1693 enim
1391 1641 1557 1694 debet
1603 1657 1723 1693 esse
1755 1644 1810 1693 et
1838 1641 1939 1693 im-

248 1729 458 1783 mobile
495 1730 554 1782 in
585 1728 753 1782 corde
783 1732 970 1782 vestro
1005 1729 1140 1798 quia
1178 1750 1197 1775 α
1234 1744 1348 1781 non
1379 1733 1460 1782 est
1485 1729 1760 1799 iniquitas
1790 1730 1941 1800 apud

251 1821 431 1872 Deum
463 1818 636 1887 (Rom.
671 1833 746 1885 ιιι,
782 1817 888 1886 l4).
919 1837 946 1865 ››
997 1818 1075 1869 Ac
1121 1833 1224 1886 per
1253 1817 1358 1870 hoc
1405 1818 1633 1887 quando
1663 1817 1852 1887 legitis
1885 1819 1945 1871 in

249 1906 454 1960 litteris
483 1905 738 1959 veritatis
783 1922 815 1958 a
860 1906 975 1958 Deo
1007 1904 1200 1959 seduci
1232 1905 1519 1973 homines,
1573 1911 1669 1960 aut
1708 1907 1946 1960 obtundi

249 1996 336 2049 vel
369 1995 850 2064 obdurarijcorda
895 2010 1116 2060 eorum,
1168 1995 1346 2048 nolite
1397 1995 1659 2048 dubitare
1697 2012 1942 2066 praeces—

251 2084 388 2136 sisse
419 2085 569 2136 mala
600 2083 806 2136 merita
837 2098 1057 2150 eorum,
1080 2087 1144 2136 ut
1167 2083 1320 2153 juste
1355 2082 1461 2136 ista
1487 2088 1840 2152 paterentur,
1873 2100 1944 2139 ne

252 2170 554 2225 incurratis
594 2170 736 2225 illud
782 2171 1154 2240 proverbium
1200 2171 1562 2226 Salomonis:
1610 2193 1636 2221 «
1671 2172 1948 2243 Insipien-

254 2260 333 2314 tia
372 2260 479 2313 viri
529 2259 706 2314 violat
752 2259 871 2314 vias
910 2261 1050 2330 ejus,
1107 2261 1286 2314 Deum
1349 2263 1542 2314 autem
1589 2266 1855 2315 causatur
1887 2261 1947 2314 in

254 2349 421 2402 corde
453 2364 556 2402 suo
585 2349 763 2418 (Prov.
798 2349 908 2415 xix,
950 2352 1000 2416 3,
1024 2365 1125 2403 sec.
1151 2348 1324 2419 LXX).
1352 2369 1380 2399 »

328 2438 422 2491 His
450 2437 602 2492 beati
631 2437 939 2508 Augustini
970 2437 1158 2491 verbis
1185 2437 1647 2493 manifestissime
1675 2439 1948 2493 docemur

256 2527 631 2598 cogitationes
660 2526 960 2580 hominum
1015 2531 1072 2579 et
1110 2529 1266 2581 actus
1314 2526 1520 2579 divinae
1552 2527 1947 2596 obtemperare

257 2614 636 2685 dispositioni,
669 2615 928 2684 quamvis
979 2613 1087 2685 ipsi
1133 2613 1394 2668 homines
1438 2615 1546 2668 hoc
1583 2616 1786 2681 nolint,
1846 2633 1950 2671 nec

260 2720 456 2758 eorum
479 2702 719 2757 intentio
747 2703 869 2774 ejus
897 2703 1176 2756 voluntati
1198 2703 1514 2773 etimperio
1536 2704 1671 2758 velit
1691 2705 1945 2772 obedire,

261 2794 328 2847 de
355 2793 460 2847 hac
490 2791 863 2862 dispositione
895 2780 1086 2846 divina
1125 2791 1324 2846 beatus
1355 2793 1661 2863 Gregorius
1693 2795 1752 2847 in
1804 2794 1949 2848 libro

262 2880 560 2938 Moralium
581 2897 703 2934 xxxx
726 2885 868 2951 (cap.
905 2883 1032 2949 ult.)
1063 2881 1142 2935 ita
1172 2883 1429 2952 loquitur
1459 2899 1470 2935 :
1495 2883 1789 2953 [Ordinem
1824 2885 1948 2938 (δαειὶ

2033 495 2148 544 tate
2187 496 2566 557 consummat,
2618 491 2718 561 qui
2750 495 2907 545 ortus
2962 494 3021 545 in
3078 493 3340 562 perﬁdia,
3398 511 3528 548 cum
3590 497 3731 549 lacte

2036 579 2231 633 matris
2287 580 2554 633 hauserat
2601 580 2756 634 virus
2814 581 3045 634 erroris.
3112 582 3268 635 Alius
3336 583 3730 638 celsitudinem

2037 669 2180 722 bene
2210 668 2435 722 vivendi
2464 674 2733 738 appetere
2784 672 2841 722 et
2895 670 3045 723 volet
3076 674 3130 724 et
3177 671 3372 725 valet:
3437 672 3580 725 alius
3629 689 3733 727 nec

2035 757 2188 810 volet
2235 773 2340 810 nec
2393 757 2588 811 valet:
2658 760 2802 809 alios
2859 760 3011 811 volet
3069 763 3122 812 et
3167 775 3278 812 non
3339 761 3534 814 valet:
3593 762 3735 814 alius

2039 845 2185 899 valet
2216 849 2271 899 et
2302 862 2418 898 non
2466 847 2636 899 volet.
2690 846 2826 909 Quis
2881 862 3018 916 ergo
3071 846 3178 900 ista
3228 848 3580 916 judiciorum
3635 865 3739 904 cce-

2038 934 2202 987 lestia
2253 939 2468 988 secreta
2520 933 2822 988 discutiat?
2877 934 3014 998 Quis
3063 933 3347 1005 intelligat
3414 937 3718 992 discretam

2040 1023 2259 1075 lancem
2291 1022 2578 1092 aequitatis
2621 1023 2899 1076 occultw?
2930 1022 3014 1076 Ad
3055 1025 3482 1093 cognoscendos
3525 1027 3737 1097 quippe

2041 1110 2558 1180 istosjudiciorum
2608 1115 2958 1164 secretorum
3015 1111 3171 1165 sinus
3213 1113 3406 1166 nullus
3465 1116 3735 1170 ascendit.

2045 1199 2273 1256 Dicatur
2345 1215 2480 1268 ergo
2558 1198 2779 1252 homini
2862 1203 2926 1252 ut
3005 1215 3063 1253 se
3123 1201 3340 1254 nescire
3403 1209 3737 1272 cognoscat;

2043 1288 2391 1342 nescientem
2422 1302 2556 1340 vero
2592 1304 2650 1340 se
2684 1292 3008 1357 cognoscat,
3043 1293 3105 1342 ut
3128 1289 3326 1343 timeat
3362 1306 3374 1343 :
3406 1291 3628 1359 timeat,
3684 1297 3744 1345 ut

2044 1375 2808 1442 humilietur;humilietur,
2867 1392 2936 1430 ne
2995 1382 3308 1446 praesumat
3373 1379 3432 1432 in
3481 1396 3573 1447 se;
3629 1396 3744 1433 non

2048 1472 2360 1536 praasumat
2392 1465 2451 1517 in
2479 1480 2557 1530 se,
2593 1468 2656 1518 ut
2685 1465 3007 1518 Conditoris
3034 1466 3122 1519 sui
3153 1467 3428 1520 auxilium
3456 1469 3741 1538 requirat;

2050 1558 2105 1607 et
2143 1553 2242 1623 qui
2271 1553 2331 1606 in
2374 1569 2432 1606 se
2463 1552 2644 1606 ﬁdens
2674 1558 2936 1606 mortuus
2967 1559 3069 1620 est,
3123 1555 3372 1608 auctoris
3422 1557 3508 1610 sui
3561 1573 3741 1627 appe-

2051 1647 2174 1695 tens
2207 1641 2556 1711 adjutorium
2607 1642 2772 1695 vivat.
2806 1643 3015 1696 Audiat
3045 1643 3238 1714 itaque
3270 1643 3355 1697 vir
3404 1645 3594 1713 justus
3625 1645 3743 1715 jam

2056 1730 2284 1800 quidem
2315 1747 2371 1784 se
2393 1730 2592 1797 sciens,
2625 1730 2719 1784 sed
2751 1731 2933 1784 adhuc
2983 1747 3111 1800 qua
3143 1747 3318 1800 supra
3352 1748 3409 1786 se
3457 1737 3592 1786 sunt
3641 1749 3745 1786 ne-

2056 1819 2237 1872 sciens
2271 1835 2282 1872 :
2320 1837 2347 1869 (ί
2370 1819 2642 1888 Nunquid
2675 1819 2828 1871 nosti
2851 1819 3110 1872 ordinem
3139 1820 3286 1884 coeli,
3343 1825 3398 1874 et
3424 1837 3603 1890 pones
3653 1838 3743 1874 ra-

2055 1907 2274 1960 tionem
2333 1908 2455 1976 ejus
2493 1907 2552 1959 in
2606 1906 2801 1960 terra?
2851 1927 2872 1955 ι
2930 1908 3047 1976 (Job
3097 1924 3319 1975 xxxviii,
3383 1909 3495 1977 33.)
3553 1910 3615 1963 Id
3662 1914 3746 1963 est

2056 1995 2316 2065 nunquid
2344 1996 2592 2048 occultos
2623 1995 2852 2050 ordines
2870 1995 3225 2066 judiciorum
3247 1998 3562 2051 caelestium
3586 2015 3748 2052 com-

2055 2083 2386 2154 prehendis,
2435 2087 2533 2137 aut
2590 2084 2813 2153 aperire
2877 2085 3145 2138 humanis
3204 2085 3435 2138 auribus
3496 2085 3751 2139 sufﬁcis?

2057 2174 2258 2226 Beatus
2307 2171 2484 2242 igitur
2514 2173 2616 2227 Job
2665 2173 2732 2226 de
2779 2173 3126 2243 judiciorum
3185 2173 3749 2243 incomprehensibi-

2057 2261 2198 2315 lium
2227 2261 2668 2330 investigatione
2718 2262 3052 2330 requiritur,
3084 2278 3146 2315 ac
3177 2261 3225 2316 si
3272 2263 3325 2315 ei
3374 2269 3566 2332 aperte
3608 2265 3752 2318 diee-

2057 2355 2250 2404 retur:
2299 2350 2512 2403 Cuncta
2552 2366 2679 2420 qua:
2709 2350 2922 2419 pateris
2952 2355 3107 2404 tanto
3147 2351 3389 2404 tolerare
3439 2351 3752 2421 patientius

2059 2439 2252 2504 debes,
2287 2444 2525 2508 quanto,
2578 2442 2922 2492 secretorum
2981 2439 3294 2493 caelestium
3350 2440 3606 2510 ignarus,
3651 2457 3754 2494 cur

2057 2528 2180 2581 haec
2212 2527 2421 2598 pateris
2453 2526 2676 2599 nescis]

2134 2619 2208 2671 De
2258 2633 2371 2686 qua
2416 2617 2635 2670 occulta
2683 2621 3033 2670 secretorum
3066 2617 3416 2687 judiciorum
3452 2618 3754 2687 dispensa-

2060 2705 2214 2758 tione
2244 2705 2486 2774 loquens
2518 2709 2656 2772 (cap.
2691 2707 2780 2771 29)
2812 2708 3088 2758 monstrat
3122 2706 3418 2759 Judaicum
3467 2707 3755 2776 populum

2063 2794 2357 2863 repulsum
2391 2798 2446 2845 et
2477 2793 2750 2862 gentilem
2786 2797 3131 2863 susceptum,
3169 2794 3244 2847 ita
3275 2794 3468 2848 dicens
3500 2811 3512 2847 :
3548 2793 3638 2865 [ln
3685 2796 3756 2848 si-

2061 2882 2446 2935 militudinem
2479 2881 2685 2951 lapidis
2712 2898 2875 2952 aqua:
2894 2883 3174 2936 durantur
3194 2882 3310 2952 (Job
3332 2899 3559 2947 xxxviii,
3580 2885 3695 2952 30).
3728 2901 3751 2934 ι

263 2988 426 3026 nosse
465 2974 548 3024 est
600 2985 981 3040 supernarum
1033 2970 1477 3040 dispositionum
1512 2972 1760 3025 occultas
1812 2990 1954 3043 prag-
1992 2975 2032 3028 G
2062 2973 2252 3041 Aquas
2282 2971 2433 3023 enim
2464 2971 2711 3040 populos
2741 2970 2921 3040 accipi
2947 2971 3066 3039 jam
3109 2971 3317 3040 saepius
3344 2971 3638 3025 edocuisse
3661 2988 3755 3025 me

263 3059 671 3114 destillationes
701 3058 922 3125 videre;
960 3059 1244 3112 rationem
1291 3075 1424 3112 vero
1456 3061 1578 3130 ejus
1632 3061 1692 3114 in
1741 3066 1951 3116 terram

263 3165 498 3221 ponere,
534 3153 618 3202 est
667 3152 798 3204 ante
829 3148 1083 3202 humana
1133 3149 1300 3202 corda
1350 3149 1546 3203 talium
1602 3155 1951 3205 secretorum

265 3253 462 3290 causas
519 3235 760 3305 aperire.
824 3235 1124 3288 Rationem
1181 3235 1444 3288 videlicet
1515 3237 1641 3290 coeli
1693 3239 1751 3291 in
1804 3243 1957 3292 terra

269 3342 500 3397 ponere,
555 3328 637 3377 est
699 3339 1080 3394 supernorum
1137 3324 1483 3394 judiciorum
1547 3327 1818 3395 mysteria
1868 3329 1956 3382 vel

268 3413 682 3468 considerando
725 3412 1025 3479 discutere,
1086 3412 1171 3466 vel
1223 3413 1509 3483 loquendo
1570 3415 1953 3470 manifestare.

267 3502 429 3567 Quod
455 3502 651 3572 utique
691 3501 874 3554 facere
901 3501 962 3555 in
991 3503 1097 3556 hac
1129 3502 1240 3554 vita
1269 3502 1486 3571 positus
1521 3504 1714 3556 nullus
1746 3508 1952 3574 potest.

271 3593 340 3647 Ut
364 3591 517 3645 enim
551 3608 581 3644 a
611 3591 799 3661 parvis
831 3591 897 3645 ad
931 3591 1151 3661 majora
1181 3591 1498 3657 veniamus,
1519 3592 1644 3662 quis
1675 3591 1960 3663 intelligat

269 3696 396 3751 qua:
426 3697 546 3734 esse
580 3680 725 3733 ratio
758 3685 1106 3734 secretorum
1139 3683 1343 3750 potest,
1389 3681 1538 3750 quod
1571 3697 1719 3751 saape
1765 3681 1959 3751 virju-

268 3775 385 3823 stus
417 3786 448 3822 a
475 3768 690 3839 judicio
733 3785 846 3822 non
889 3769 1073 3822 solum
1117 3785 1233 3823 non
1263 3768 1596 3832 vindicatus,
1632 3769 1729 3823 sed
1785 3770 1956 3824 etiam

266 3858 505 3928 punitus
535 3859 761 3924 redeat;
795 3862 851 3911 et
878 3859 1109 3928 iniquus
1145 3858 1266 3926 ejus
1297 3858 1659 3911 adversarius
1690 3875 1808 3911 non
1865 3876 1956 3913 so-

268 3950 389 4002 lum
429 3964 544 4000 non
587 3947 824 4016 punitur
875 3948 969 4000 sed
1023 3946 1192 4000 etiam
1241 3947 1421 3999 victor
1471 3947 1775 4002 abscedat?
1822 3949 1958 4011 Quis

267 4035 554 4105 intelligat
593 4051 693 4088 cur
751 4034 887 4088 vivit
932 4035 1075 4088 alius
1117 4035 1394 4088 insidians
1450 4037 1732 4089 mortibus
1776 4039 1962 4106 proxi-

268 4140 518 4183 morum,
553 4128 607 4176 et
653 4123 899 4176 moritur
939 4122 1083 4176 alius
1112 4122 1211 4192 qui
1262 4123 1597 4192 profuturus
1630 4132 1778 4177 esset
1831 4126 1960 4179 vitae

271 4212 625 4267 multorum?
668 4211 828 4264 Alius
859 4211 1086 4263 culmen
1133 4211 1426 4280 rotestatis
1479 4212 1823 4281 assequitur,
1858 4214 1958 4283 qui

268 4317 385 4355 non
417 4300 526 4353 nisi
549 4299 757 4353 laedere
785 4299 992 4366 studet,
1027 4298 1172 4352 alius
1208 4301 1607 4354 tantummodo
1638 4302 1802 4354 laesos
1854 4302 1958 4356 de—

270 4389 502 4442 fendere
542 4386 908 4456 concupiscit,
943 4391 997 4439 et
1027 4390 1221 4440 tamen
1277 4386 1399 4455 ipse
1442 4403 1746 4458 Oppressus
1785 4388 1956 4457 jacet.

269 4477 428 4530 Alius
473 4491 606 4529 vero
651 4489 848 4528 vacare
895 4473 1128 4544 appetit,
1186 4473 1505 4528 innumeris
1557 4474 1800 4545 negotiis
1846 4475 1962 4528 im-

273 4565 546 4635 plicatur:
603 4562 775 4633 alius]
803 4561 1048 4633 negotiis
1107 4561 1390 4632 implicari
1422 4563 1724 4630 desiderat,
1769 4567 1824 4617 et
1861 4579 1960 4616 co-

269 4659 429 4709 actus
461 4656 639 4707 vacat.
669 4651 830 4706 Alius
862 4651 1008 4705 male
1040 4650 1315 4705 inchoans
1347 4668 1529 4723 usque
1580 4653 1646 4706 ad
1680 4653 1809 4706 vitae
1838 4668 1956 4705 suae

267 4741 580 4796 terminum
636 4741 704 4794 ad
737 4740 934 4811 pejora
980 4740 1379 4809 protrahitur:
1431 4741 1576 4794 alius
1621 4742 1768 4794 bene
1816 4741 1961 4794 inci-

268 4829 980 4901 piensperlongitudinem
998 4834 1320 4900 temporum
1338 4829 1638 4900 proﬁcitad
1653 4835 1960 4899 augmenta

268 4919 627 4973 meritorum.
671 4922 856 4990 Atque
883 4922 1113 4973 econtra
1145 4917 1288 4972 alius
1339 4917 1485 4972 male
1515 4918 1709 4971 vivens
1741 4918 1837 4971 diu
1867 4935 1957 4971 re-

269 5011 545 5076 servatur,
611 5011 674 5061 ut
727 5008 1091 5078 corrigatur:
1151 5007 1296 5061 alius
1345 5022 1480 5068 vero
1526 5005 1669 5060 bene
1724 5005 1955 5076 quidem

266 5095 735 5164 videtuﬁvivere,
769 5096 867 5150 sed
898 5096 958 5149 in
1012 5096 1118 5150 hac
1145 5096 1260 5150 vita
1289 5111 1356 5150 eo
1389 5111 1571 5166 usque
1601 5095 1768 5149 durat
1811 5111 1958 5165 quo—

266 5183 338 5237 ad
368 5198 634 5252 perversa
661 5189 1022 5253 prorumpat.
1073 5184 1232 5238 Alius
1253 5184 1314 5237 in
1372 5199 1566 5238 errore
1598 5182 1956 5236 inﬁdelitatis

267 5276 455 5336 natus,
497 5272 798 5326 inerrore
855 5272 1090 5326 deﬁcit:
1158 5273 1304 5326 alius
1359 5273 1420 5326 in
1472 5271 1764 5326 catholicae
1824 5271 1958 5325 ﬁdei

266 5359 608 5415 rectitudine
660 5359 909 5430 genitus,
952 5359 1014 5413 in
1080 5360 1390 5415 catholicas.
1425 5360 1560 5415 ﬁdei
1615 5360 1958 5414 rectitudine

266 5453 718 5504 consummatur.
762 5449 1001 5502 Econtra
1048 5464 1179 5500 vero
1211 5448 1355 5501 alius
1405 5449 1701 5504 catholicas
1760 5448 1959 5502 matris

263 5542 461 5593 ventre
492 5538 698 5603 editus,
732 5537 893 5608 juxta
921 5535 1052 5590 vitae
1083 5535 1392 5590 terminum
1433 5538 1642 5592 erroris
1683 5537 1955 5608 voragine

2065 3059 2322 3113 memini.
2355 3059 2417 3112 In
2460 3059 2649 3127 lapide
2695 3075 2829 3112 vero
2883 3076 2988 3129 pro
3028 3059 3150 3129 ipsa
3179 3059 3388 3113 duritia
3439 3059 3756 3129 aliquando

2065 3147 2306 3216 gentiles
2335 3147 2535 3216 populi
2559 3146 2950 3216 designantur.
2997 3146 3110 3216 Ipsi
3138 3146 3350 3216 quippe
3382 3146 3599 3215 lapides
3655 3163 3759 3200 co-

2065 3235 2316 3299 luerunt,
2353 3239 2410 3287 et
2447 3234 2515 3287 de
2549 3234 2629 3287 eis
2677 3250 2779 3304 per
2811 3233 3152 3303 Prophetam
3200 3233 3413 3287 dictum
3444 3238 3527 3286 est
3559 3249 3571 3286 :
3607 3252 3634 3284 ‹‹
3667 3235 3758 3288 Si-

2067 3322 2365 3376 milesillis
2398 3321 2540 3375 ﬁant
2578 3322 2676 3392 qui
2709 3322 2928 3376 faciunt
2962 3339 3043 3383 ea,
3076 3326 3133 3375 et
3173 3338 3374 3375 omnes
3423 3322 3522 3392 qui
3575 3323 3760 3376 conﬁ-

2067 3412 2213 3465 dunt
2241 3411 2299 3464 in
2339 3411 2419 3464 eis
2467 3412 2642 3476 (Psal.
2684 3427 2804 3473 xm,
2841 3412 2914 3480 8).
2949 3432 2976 3459 »
3029 3410 3190 3465 Unde
3242 3413 3489 3465 Joannes
3527 3411 3763 3465 Judazos

2066 3500 2347 3571 aspiciens
2381 3517 2437 3553 se
2487 3500 2558 3554 de
2596 3504 2896 3554 stemmate
2945 3499 3328 3569 generationis
3373 3500 3663 3567 extollere,
3702 3507 3768 3555 et

2066 3589 2310 3660 gentiles
2346 3588 2664 3658 praevidens
2703 3589 2772 3642 ad
2827 3588 3071 3642 Abrahae
3115 3588 3338 3657 prolem
3379 3589 3512 3642 ﬁdei
3547 3605 3766 3659 cogna-

2067 3679 2222 3732 tione
2278 3677 2543 3744 transire,
2593 3677 2718 3731 ait:
2753 3699 2774 3726 ι
2811 3679 2888 3731 Ne
2944 3677 3130 3731 velitis
3174 3677 3360 3731 dicere
3409 3677 3560 3731 inter
3608 3695 3710 3732 vos
3750 3697 3763 3733 :

2068 3770 2293 3821 Patrem
2349 3765 2627 3820 habemus
2685 3765 2990 3819 Abraham.
3047 3765 3182 3818 Dico
3214 3770 3370 3819 enim
3406 3767 3567 3820 vobis
3624 3769 3766 3836 quia

2068 3861 2270 3927 potens
2300 3860 2384 3908 est
2414 3856 2562 3909 Deus
2601 3854 2669 3907 de
2700 3853 2984 3922 lapidibus
3015 3853 3136 3906 istis
3158 3855 3429 3907 suscitare
3469 3854 3616 3908 ﬁlios
3643 3856 3764 3908 Ab—

2068 3945 2221 3998 rahae
2254 3945 2470 4009 (Matth.
2503 3960 2582 4007 ιιι,
2607 3945 2686 4008 9);
2722 3959 2749 3992 ››
2781 3940 2994 4010 lapides
3031 3941 3230 4012 utique
3281 3943 3453 3996 duros
3518 3942 3763 4011 perﬁdia

2071 4031 2311 4100 gentiles
2350 4047 2574 4084 vocans.
2611 4030 2756 4094 Quia
2805 4046 2909 4099 ego
2956 4029 3208 4099 primum
3237 4030 3435 4084 Judaaa
3466 4032 3578 4084 Deo
3632 4046 3763 4084 cre-

2070 4119 2235 4185 didit,
2270 4119 2588 4188 gentilitate
2633 4118 2793 4170 omni
2834 4117 2893 4171 in
2922 4119 3180 4188 perﬁdia:
3210 4135 3328 4172 suae
3373 4117 3764 4174 obstinatione

2068 4211 2419 4272 remanente,
2452 4205 2818 4276 postmodum
2860 4223 2992 4260 vero
3040 4207 3106 4261 ad
3156 4207 3325 4260 ﬁdem
3356 4207 3524 4261 corda
3573 4210 3766 4275 genti-

2073 4294 2214 4348 lium
2249 4294 2468 4348 mollita
2497 4298 2627 4347 sunt
2661 4298 2717 4347 et
2745 4294 3070 4348 Judteorum
3111 4295 3418 4348 inﬁdelitas
3461 4296 3766 4363 obdurata,

2071 4383 2215 4437 bene
2239 4383 2457 4436 dictum
2488 4387 2591 4449 est,
2623 4400 2649 4432 ‹‹
2677 4382 2737 4436 in
2770 4383 3204 4437 similitudinem
3240 4383 3445 4454 lapidis
3477 4401 3639 4454 aqua:
3671 4385 3772 4438 in—

2074 4472 2375 4525 durantur.
2418 4473 2495 4525 Ac
2523 4471 2570 4524 si
2621 4471 2835 4525 diceret
2875 4487 2888 4525 :
2923 4473 3023 4525 Illa
3072 4472 3264 4527 mollia
3294 4477 3349 4526 et
3386 4474 3771 4542 penetrabilia

2073 4560 2207 4614 ﬁdei
2268 4560 2440 4614 corda
2488 4560 2818 4615 Judaeorum
2875 4561 2934 4613 in
2966 4560 3402 4614 insensibilitate
3462 4566 3771 4616 vertuntur

2073 4648 2362 4719 gentium.
2401 4650 2539 4703 Cum
2568 4648 2723 4702 enim
2781 4648 3104 4702 misericors
3148 4650 3294 4703 Deus
3326 4654 3523 4718 gentes
3570 4651 3770 4716 traxit,

2071 4739 2249 4792 iratus
2279 4738 2531 4792 Judazam
2560 4738 2790 4808 repulit.
2825 4741 3146 4807 Actumque
3200 4741 3284 4790 est
3323 4738 3469 4791 sicut
3520 4737 3769 4802 dudum,

2069 4827 2136 4881 ad
2170 4827 2595 4898 percipiendem
2620 4826 2794 4880 ﬁdem
2817 4825 3104 4896 gentilitas
3135 4825 3318 4879 fuerat
3340 4826 3635 4891 obdurata,
3689 4827 3772 4880 ita

2069 4915 2434 4986 postmodum
2465 4915 2534 4969 ad
2564 4915 2736 4969 ﬁdem
2769 4914 3086 4985 gentilitate
3113 4919 3391 4984 suscepta,
3420 4914 3631 4969 Judzese
3665 4931 3769 4984 po-

2068 5007 2242 5075 pulus
2299 5003 2557 5073 perﬁdiae
2612 5008 2844 5073 torpore
2919 5002 3260 5056 duresceret.
3329 5003 3486 5056 Unde
3555 5004 3770 5055 Paulus

2074 5093 2365 5162 apostolus
2404 5092 2614 5145 eisdem
2645 5091 2914 5161 gentibus
2962 5089 3097 5144 dicit
3131 5106 3143 5144 :
3190 5111 3211 5140 ι
3242 5090 3400 5144 Sicut
3454 5091 3769 5160 aliquando

2071 5199 2169 5234 vos
2200 5196 2316 5234 non
2345 5179 2663 5233 credidistis
2698 5181 2831 5245 Deo,
2879 5194 3033 5232 nunc
3066 5182 3256 5232 autem
3311 5179 3767 5234 misericordiam

2070 5268 2357 5324 consecuti
2405 5267 2538 5320 estis
2585 5272 2819 5337 prepter
2848 5267 3080 5322 illorum
3129 5268 3638 5321 incredulitatem:
3686 5270 3770 5323 ita

2070 5363 2126 5412 et
2155 5358 2246 5412 isti
2273 5373 2389 5410 non
2435 5355 2804 5409 crediderunt
2834 5356 2892 5409 in
2934 5360 3116 5410 vestra
3149 5356 3561 5422 misericordia,
3617 5361 3679 5410 ut
3709 5365 3768 5413 et

2068 5447 2177 5518 ipsi
2226 5444 2682 5500 misericordiam
2750 5450 3196 5516 consequantur.
3273 5445 3559 5500 Conclusit
3608 5445 3766 5501 enim

2071 5538 2219 5592 Deus
2256 5534 2453 5589 omnia
2498 5534 2558 5588 in
2608 5532 3028 5599 incredulitate,
3083 5539 3146 5589 ut
3192 5533 3454 5588 omnium
3495 5534 3766 5588 miserea-
