3920 6224
132 355 178 403 °2l
1204 348 1294 403 DE
1340 347 2011 405 PREDESTINATIONE
2052 348 2191 403 DEI.
2233 377 2302 387 -—
2343 348 2477 403 LIB.
2519 348 2559 401 Ι.
3557 351 3622 403 ‘22

129 481 386 548 tur(Rom.
459 495 541 544 χι,
612 480 817 548 30-32).
883 500 904 526 ι
974 480 1158 543 Quam
1236 480 1577 533 sententiam
1644 494 1807 533 suam
1846 484 2117 535 Asensus
2149 478 2452 533 hominum
2507 494 2610 533 nec
2665 479 2986 551 quidquam
3030 481 3099 534 de
3148 480 3458 552 cujuslibet
3505 481 3620 535 ﬁne

129 568 287 639 primo
320 565 566 636 quidem
614 567 685 621 de
719 567 1013 621 vocatione
1043 566 1369 621 Judteorum
1394 572 1449 620 et
1479 567 1812 638 repulsione

126 655 384 727 gentium,
416 655 797 725 postmodum
829 672 961 710 vero
994 656 1063 710 de
1103 655 1399 709 vocatione
1452 656 1713 727 gentium
1756 660 1813 711 et

126 744 435 815 repulsione
465 744 826 811 Judzeornm,
865 745 1148 798 subtiliter
1191 760 1459 815 pensans,
1512 762 1686 816 seque
1716 761 1809 799 oc-

125 834 253 886 culta
284 833 386 886 Dei
416 832 641 901 judicia
673 833 1158 904 comprehendere
1199 850 1314 887 non
1345 850 1508 903 posse
1549 832 1808 887 conside-

125 938 253 987 rans,
286 921 670 975 exclamaudo
728 920 1065 991 subjunxit:
1133 939 1161 971 ι(
1192 922 1235 975 Ο
1288 922 1530 975 altitudo
1583 921 1807 975 divitia-

124 1026 228 1064 rum
264 1008 571 1078 sapientim
618 1012 677 1063 et
723 1009 974 1063 scientiae
1015 1008 1133 1075 Dei,
1159 1025 1332 1079 quam
1373 1009 1810 1080 incomprehen-

122 1096 283 1151 sibilia
313 1101 454 1150 sunt
465 1096 691 1167 judicia
722 1099 864 1167 ejus,
894 1100 951 1150 et
979 1096 1403 1167 investigabiles
1446 1099 1550 1151 viae
1590 1096 1740 1167 ejusl
1778 1116 1805 1149 ι)

127 1186 289 1255 (Ibid,
367 1186 492 1256 33.)
547 1185 706 1240 Unde
773 1186 863 1240 hic
945 1203 1176 1258 quoque
1242 1203 1370 1240 cum
1437 1187 1506 1240 dc
1589 1188 1808 1241 Judazo-

128 1290 233 1327 rum
262 1273 515 1344 perﬁdia
564 1272 838 1327 Dominus
869 1274 1081 1328 diceret
1120 1292 1133 1328 :
1182 1294 1207 1325 α
1252 1275 1317 1329 In
1364 1275 1805 1329 similitudinem

126 1362 304 1433 lapidis
337 1378 512 1432 aquae
544 1362 844 1428 durantur,
880 1383 907 1412 δ
939 1367 1003 1416 ut
1036 1362 1105 1416 de
1138 1362 1463 1432 repulsione
1494 1377 1693 1414 eorum
1719 1376 1808 1414 oc-

124 1454 253 1506 culta
274 1467 407 1504 esse
440 1468 547 1504 sua
572 1451 794 1521 judicia
824 1451 1263 1517 demonstraret,
1298 1455 1468 1522 atque
1502 1449 1753 1504 subdidit
1788 1466 1801 1503 :

126 1560 149 1589 ιι
206 1540 260 1593 Et
312 1538 655 1609 superﬁcies
701 1539 888 1609 abyssi
941 1539 1355 1609 constringitur
1414 1538 1528 1609 (Job
1577 1554 1799 1605 xxxvm,

125 1630 215 1697 30),
248 1650 265 1676 ι
326 1628 471 1699 quia
526 1628 847 1698 superjecto
900 1628 1150 1698 quodam
1201 1627 1547 1697 ignorantiae
1594 1633 1803 1681 nostrae

124 1717 407 1782 velamine,
476 1716 1130 1787 incomprehensibilitas
1204 1715 1383 1770 divini
1450 1714 1654 1785 judicii
1693 1716 1799 1768 hu-

126 1822 282 1860 manae
308 1807 528 1860 mentis
560 1807 725 1860 oculo
757 1806 1084 1859 nullatenus
1114 1808 1465 1874 penetratur.
1516 1803 1804 1874 Scriptum

122 1897 304 1967 quippe
336 1901 464 1950 est:
537 1918 558 1945 ι
624 1895 845 1950 Iudicia
910 1900 1006 1948 tua
1073 1895 1309 1964 abyssus
1373 1893 1554 1947 multa
1626 1892 1799 1963 (I’sal.

126 2001 259 2051 xxxv,
290 1985 371 2054 7).
407 2006 435 2035 η
470 1985 648 2039 Nemo
704 1999 839 2055 ergo
892 1983 1240 2054 perscrutari
1262 1986 1497 2052 appetat
1539 1997 1640 2035 cur
1673 1996 1803 2034 cum

124 2074 245 2125 alius
269 2072 598 2143 repellitur,
658 2072 803 2125 alius
852 2072 1126 2142 eligatur;
1188 2072 1271 2124 vel
1327 2085 1428 2123 cur
1474 2084 1604 2123 cum
1659 2070 1803 2124 alius

126 2162 348 2231 eligitur,
402 2161 553 2215 alius
609 2162 964 2231 repellatur:
1025 2160 1161 2230 quia
1231 2158 1561 2229 superﬁcies
1617 2158 1804 2229 abyssi

124 2250 539 2319 constringitur,
582 2254 659 2316 et,
713 2253 1015 2303 attestante
1074 2248 1272 2315 Paulo,
1335 2268 1355 2295 ι
1411 2246 1804 2301 inscrutabilia

128 2344 237 2394 sunt
258 2338 480 2410 judicia
511 2340 653 2410 ejus,
688 2344 744 2393 et
773 2337 1200 2408 iuvestigabiles
1228 2337 1335 2391 viae
1365 2336 1532 2407 ejus.]
1560 2356 1588 2387 π

185 2429 393 2483 ltemin
427 2428 631 2482 eodem
662 2427 809 2481 libro
870 2427 1013 2497 (cap.
1069 2427 1129 2496 9)
1176 2425 1246 2480 de
1304 2424 1505 2479 eadem
1559 2424 1802 2495 disposi-

129 2516 257 2569 tione
285 2532 419 2570 cum
456 2521 727 2570 tractaret
759 2515 1097 2569 sententiam
1140 2513 1293 2568 beati
1320 2513 1423 2568 Job
1454 2529 1569 2584 qua
1597 2512 1805 2567 dicitur

129 2606 169 2658 ei
196 2622 221 2659 a
249 2606 494 2660 Domino
533 2622 546 2659 :
586 2628 606 2653 ι
646 2605 839 2659 Indica
887 2603 1026 2657 mihi
1054 2603 1102 2656 si
1137 2603 1288 2657 nosti
1327 2601 1561 2655 omnia:
1597 2601 1654 2655 in
1690 2618 1804 2672 qua

132 2695 204 2746 via
223 2694 439 2747 habitet
499 2695 615 2759 lux,
649 2698 706 2747 et
761 2693 1128 2747 tenebrarum
1185 2691 1313 2762 quis
1367 2691 1523 2744 locus
1570 2689 1643 2744 sit
1687 2690 1802 2761 (Job

129 2798 318 2846 xxxviii,
354 2785 445 2846 l8,
488 2782 599 2852 19).
634 2801 661 2833 n
697 2782 795 2852 [Ac
819 2781 867 2835 si
898 2781 1120 2835 dicatur
1144 2780 1195 2834 ei
1231 2796 1243 2833 :
1271 2779 1330 2834 Si
1359 2779 1593 2850 plenam
1622 2784 1674 2832 te
1693 2778 1801 2833 ha-

129 2870 236 2924 bere
263 2871 564 2924 scientiam
592 2870 922 2940 suspicaris,
955 2868 1047 2923 dic
1075 2869 1161 2922 vel
1202 2868 1261 2921 in
1306 2868 1468 2938 cujus
1512 2868 1681 2922 corde
1713 2885 1799 2933 ea,

131 2976 231 3029 qua:
269 2976 423 3013 nunc
476 2960 659 3025 deest,
720 2958 1053 3013 innocentia
1117 2957 1328 3024 veniat,
1383 2957 1471 3011 vel
1528 2958 1590 3011 in
1636 2957 1800 3025 cujus

1922 568 2305 639 cognoscitur,
2336 567 2469 638 quia
2502 566 2827 621 divinorum
2855 568 3205 639 judiciorum
3239 570 3471 641 abyssus
3510 571 3619 623 hu-

1923 674 2107 711 manae
2138 657 2343 711 mentis
2368 657 2532 710 oculo
2587 657 2915 710 nullatenus
2958 663 3309 727 penetratur.
3363 658 3618 713 Vidimus

1920 762 2169 816 namque
2193 745 2346 817 quod
2378 746 2474 799 illa
2508 746 2620 798 Deo
2650 760 2845 798 aversa
2883 746 3172 814 gentilitas
3201 746 3439 817 justitias
3487 748 3613 801 luce

1919 835 2146 906 perfusa
2202 840 2306 903 est,
2362 838 2418 888 et
2472 834 2672 888 Judtea
2728 834 2948 888 dudum
3009 835 3215 890 dilecta
3248 835 3503 906 perﬁdiae
3531 842 3616 890 est

1918 928 2080 977 nocte
2111 931 2337 977 caecata.
2378 922 2600 977 Scimus
2656 922 2826 976 etiam
2873 924 3024 994 quod
3072 925 3217 977 latro
3258 925 3327 979 de
3359 924 3613 994 patibulo

1916 1012 2178 1067 transivit
2206 1013 2277 1067 ad
2306 1028 2571 1083 regnum,
2593 1011 2766 1066 Judas
2801 1011 2869 1065 de
2913 1013 3263 1083 apostolatus
3308 1012 3494 1082 gloria
3530 1018 3614 1066 est

1915 1102 2108 1174 lapsus
2159 1102 2217 1156 in
2261 1106 2560 1156 tartarum.
2621 1101 2984 1171 Rursumque
3073 1100 3208 1171 quia
3262 1106 3443 1155 sortes
3506 1102 3611 1154 ali-

1916 1191 2144 1262 quando
2176 1207 2303 1261 qua:
2344 1189 2622 1259 cceperint
2677 1204 2790 1242 non
2850 1192 3168 1255 mutantur,
3215 1193 3271 1243 et
3326 1189 3611 1243 latronem

1915 1279 2180 1333 novimus
2209 1279 2387 1332 alium
2416 1277 2742 1349 pervenisse
2775 1278 2842 1330 ad
2884 1277 3247 1347 supplicium,
3293 1282 3345 1331 et
3386 1282 3609 1347 aposto-

1915 1368 1998 1420 los
2028 1366 2239 1420 scimus
2277 1366 2594 1436 percepisse
2642 1365 2998 1434 propositum
3044 1364 3200 1436 quod
3252 1364 3611 1420 desiderave-

1917 1458 2044 1509 rant
2074 1456 2355 1525 Regnum.
2385 1453 2523 1517 Quis
2568 1469 2705 1524 ergo
2736 1452 3006 1507 discutiat
3053 1453 3113 1506 in
3167 1469 3280 1524 qua
3326 1453 3417 1506 via
3446 1454 3608 1508 habi-

1913 1548 1993 1598 tet
2020 1543 2115 1597 lux
2146 1547 2201 1597 et
2226 1542 2592 1595 tenebrarum
2623 1542 2749 1611 quis
2780 1541 2935 1594 locus
2966 1541 3057 1607 sit,
3092 1546 3156 1594 ut
3202 1541 3370 1595 ducat
3401 1558 3608 1596 unum-

1913 1631 2182 1702 quodque
2208 1631 2277 1684 ad
2307 1629 2585 1683 terminos
2619 1645 2768 1694 suos,
2802 1634 2858 1681 et
2903 1628 3189 1699 intelligat
3229 1629 3459 1683 semitas
3504 1630 3607 1685 do-

1914 1736 2043 1774 mus
2072 1719 2231 1790 ejus?
2260 1718 2435 1772 Video
2470 1719 2709 1771 Paulum
2738 1732 2807 1771 ex
2834 1716 2931 1771 illa
2952 1718 3361 1787 persecutionis
3392 1718 3609 1773 smvitia

1917 1811 1983 1864 ad
2014 1809 2259 1880 gratiam
2291 1806 2639 1877 apostolatus
2682 1811 2943 1860 vocatum
3002 1807 3140 1872 (Act.
3180 1822 3255 1871 ix,
3300 1808 3374 1876 l),
3427 1812 3482 1861 et
3521 1812 3606 1861 ta-

1915 1914 2045 1952 men
2076 1897 2152 1950 sic
2180 1896 2330 1950 inter
2372 1896 2586 1965 judicia
2615 1895 2837 1948 occulta
2883 1894 3173 1961 formidat,
3216 1899 3277 1949 ut
3306 1896 3605 1965 reprobari

1912 2003 1971 2040 se
2002 1986 2174 2040 etiam
2233 1990 2539 2055 postquam
2586 1987 2818 2037 vocatus
2858 1987 2945 2036 est
2993 1983 3211 2037 timeat.
3271 1983 3367 2037 Ait
3396 1984 3551 2040 enim
3586 2003 3598 2040 :

1918 2096 1939 2123 ¢
1976 2072 2199 2143 Castigo
2229 2087 2435 2141 corpus
2469 2085 2663 2124 meum
2694 2074 2753 2124 et
2778 2069 3037 2123 servituti
3062 2069 3299 2139 subjicio
3331 2087 3344 2125 :
3380 2072 3604 2128 neforte

1913 2161 2038 2216 aliis
2070 2160 2386 2231 praedicans
2417 2159 2538 2228 ipse
2572 2158 2852 2229 reprobus
2883 2157 3098 2212 efﬁciar
3127 2158 3177 2227 (Ι
3196 2160 3314 2215 Cor.
3341 2176 3414 2225 1x,
3437 2163 3547 2227 27).
3572 2182 3599 2211 η

1915 2252 1977 2305 Et
2006 2265 2201 2303 rursus
2232 2265 2245 2302 :
2273 2266 2299 2299 ς(
2333 2249 2450 2317 Ego
2477 2263 2569 2301 me
2618 2262 2733 2300 non
2765 2246 3012 2300 arbitror
3065 2248 3600 2317 comprehendisse;

1914 2353 2091 2391 unum
2150 2343 2338 2391 autem
2391 2352 2519 2406 quas
2573 2340 2725 2389 retro
2789 2334 3021 2401 oblitus,
3057 2335 3117 2389 in
3169 2351 3235 2388 ea
3286 2352 3416 2405 quas
3471 2341 3606 2390 sunt

1911 2426 2103 2496 priora
2133 2425 2442 2479 extendens
2470 2440 2581 2490 me,
2617 2424 2685 2478 ad
2715 2423 3063 2478 destinatum
3105 2439 3336 2495 sequor,
3389 2424 3458 2479 ad
3490 2426 3605 2495 pal-

1911 2531 2064 2569 mam
2099 2530 2361 2584 supernae
2390 2511 2706 2566 vocationis
2743 2511 2839 2566 Dei
2866 2511 2925 2565 in
2947 2511 3169 2567 Christo
3194 2513 3342 2566 Jesu.
3385 2512 3607 2583 Sequor

1912 2609 2103 2659 autem
2136 2603 2180 2656 si
2212 2601 2727 2671 comprehendam,
2776 2600 2836 2654 in
2866 2616 2979 2671 quo
3040 2606 3098 2654 et
3156 2600 3605 2671 comprehensus

1912 2692 2229 2763 sum(Phil.
2264 2706 2347 2757 In,
2402 2692 2485 2756 l3,
2524 2690 2628 2757 l4).
2666 2713 2691 2735 ι»
2725 2690 2794 2743 Et
2833 2694 2985 2743 certe
3036 2688 3155 2759 jam
3208 2689 3279 2744 de
3338 2689 3435 2743 illo
3470 2705 3605 2743 voce

1914 2781 2207 2836 Dominica
2238 2779 2448 2833 dictum
2503 2778 2686 2831 fuerat
2718 2793 2731 2831 :
2767 2795 2795 2827 α
2836 2779 2940 2830 Vas
2997 2776 3292 2831 electionis
3350 2777 3493 2831 mihi
3524 2783 3607 2832 est

1913 2871 2064 2939 (Act.
2121 2885 2197 2934 1x,
2262 2871 2347 2933 15,
2382 2886 2410 2918 ι)
2471 2871 2529 2920 et
2573 2871 2767 2920 tamen
2822 2866 3007 2919 adhuc
3063 2865 3348 2936 castigans
3396 2882 3603 2937 corpus

1911 2973 2077 3012 suum
2112 2956 2316 3010 metuit
2336 2971 2407 3009 ne
2438 2955 2793 3025 reprobetur.
2842 2955 2935 3008 Vm
2991 2954 3212 3008 miseris
3277 2954 3459 3022 nobis,
3504 2955 3604 3027 qui

130 3047 265 3100 corde
290 3064 373 3113 ea,
408 3064 545 3119 qua;
577 3062 729 3100 nunc
760 3053 863 3113 est,
900 3046 1120 3100 malitia
1150 3048 1494 3115 perseveret.
1532 3044 1646 3097 «In
1681 3059 1795 3113 qua
1833 3046 1873 3100 ω
1910 3047 1979 3100 de
2022 3045 2299 3099 electione
2358 3049 2549 3098 nostra
2599 3043 2818 3097 nullam
2867 3042 3053 3097 adhuc
3110 3043 3212 3098 Dei
3265 3060 3458 3099 vocem
3508 3061 3604 3099 co-

130 3134 199 3187 via
224 3136 436 3190 habitet
468 3137 585 3198 lux,
622 3157 644 3183 ι
694 3134 753 3188 id
811 3138 896 3188 est
943 3134 1106 3204 cujus
1144 3137 1399 3186 mentem
1446 3132 1682 3185 veniens
1704 3131 1800 3201 ju-

129 3223 253 3277 stitia
279 3224 544 3295 impleat.
583 3244 611 3273 c
643 3225 708 3278 Et
735 3224 1101 3278 tenebrarum
1125 3222 1255 3293 quis
1276 3222 1436 3275 locus
1458 3221 1550 3284 sit,
1585 3241 1612 3268 »
1638 3220 1695 3273 id
1718 3225 1803 3273 est

132 3312 175 3364 in
200 3329 299 3383 quo
327 3313 612 3384 iniquitas
648 3329 797 3367 cmca
825 3313 1119 3383 perduret.
1159 3332 1180 3359 ι
1242 3312 1311 3365 Ut
1359 3310 1532 3363 ducas
1583 3324 1802 3362 unum—

130 3402 359 3473 quodque
386 3403 463 3456 ad
498 3402 781 3456 terminos
801 3419 955 3467 suos,
982 3422 1001 3448 ι
1026 3401 1079 3454 id
1104 3406 1208 3466 est,
1241 3404 1303 3454 ut
1328 3400 1605 3470 dijudices
1635 3399 1682 3452 si
1711 3397 1799 3452 vel

130 3488 166 3540 is
216 3492 305 3559 qui
370 3507 533 3545 nunc
582 3490 818 3561 iniquus
860 3490 1133 3555 cernitur,
1165 3489 1226 3543 in
1270 3488 1573 3558 iniquitate
1621 3486 1800 3540 vitam

131 3576 286 3645 ﬁniat;
318 3580 405 3633 vel
444 3579 497 3632 is
528 3579 832 3649 quijustus
872 3577 1145 3643 cernitur,
1191 3577 1613 3631 extremitatem
1664 3574 1798 3628 vitm

133 3680 219 3717 suae
244 3682 366 3719 cum
396 3666 643 3736 justitiaz
674 3665 1026 3736 perfectione
1058 3665 1382 3718 concludat.
1417 3686 1443 3713 ‹‹
1480 3666 1542 3718 Et
1586 3664 1797 3718 intelli-

134 3754 447 3819 gassemitas
484 3754 695 3807 domus
752 3754 896 3824 ejus,
931 3774 957 3803 »
998 3752 1055 3807 id
1108 3758 1193 3807 est
1247 3753 1572 3807 consideres
1623 3758 1797 3822 atque

133 3841 380 3895 discernas
419 3843 515 3895 vel
544 3842 640 3895 cui
686 3841 838 3895 bona
892 3842 1039 3895 actio
1092 3857 1464 3911 perseverans
1521 3845 1796 3895 aeternam

133 3930 449 3985 mansionem
500 3935 733 4001 praestet
783 3931 843 3984 in
883 3946 1085 3999 regno,
1120 3932 1207 3984 vel
1264 3946 1437 4000 quem
1493 3946 1674 4001 usque
1724 3930 1796 3985 ad

130 4019 405 4073 terminum
431 4035 605 4073 suum
637 4019 786 4073 actio
806 4035 982 4089 prava
1007 4018 1407 4089 constringens
1432 4018 1493 4071 in
1516 4023 1794 4072 aeternum

134 4106 324 4162 damnet
380 4108 758 4178 supplicium.
820 4108 1035 4162 Domus
1092 4108 1307 4178 quippe
1359 4124 1462 4177 pro
1497 4107 1795 4161 mansione

133 4198 338 4263 ponitur,
376 4196 591 4250 semita
629 4212 735 4266 pro
794 4196 1033 4250 actione.
1092 4195 1303 4251 Semita
1362 4196 1539 4265 igitur
1584 4196 1653 4249 ad
1695 4195 1793 4249 do-

134 4296 256 4337 mum
312 4284 496 4349 ducit,
552 4284 690 4354 quia
746 4283 891 4339 actio
959 4284 1029 4337 ad
1081 4284 1438 4338 mansionem
1488 4283 1786 4353 pertrahit.

132 4368 210 4423 Sed
236 4372 355 4441 quis
398 4370 711 4424 hominum
770 4370 879 4424 ista
936 4370 1219 4424 discussus
1278 4370 1476 4424 dicat?
1507 4370 1635 4441 quis
1682 4369 1790 4423 ista

133 4460 289 4512 saltem
318 4459 754 4531 imperterritus
778 4459 1016 4513 audiat?
1067 4459 1270 4513 Multos
1320 4459 1475 4513 enim
1536 4458 1796 4513 videmus

133 4547 344 4614 quotidie
375 4549 483 4619 qui
509 4547 754 4618 justitim
793 4548 922 4601 luce
972 4547 1356 4617 resplendent,
1390 4552 1446 4602 et
1497 4552 1691 4601 tamen
1725 4546 1795 4600 ad

134 4634 267 4689 ﬁnem
312 4653 489 4691 suum
554 4636 832 4707 nequitiae
877 4636 1223 4690 obscuritate
1275 4636 1668 4690 tenebrantur.
1732 4636 1797 4688 Et

135 4724 300 4779 multos
329 4725 634 4780 cernimus
668 4730 1037 4795 peccatorum
1084 4724 1334 4779 tenebris
1385 4725 1709 4793 obvolutos,
1741 4730 1798 4778 et

134 4816 472 4883 tamenjuxta
507 4814 641 4867 vitae
680 4829 797 4867 suae
823 4813 1139 4868 terminum
1191 4818 1425 4883 repente
1459 4813 1622 4867 reddi
1670 4814 1796 4867 luce

132 4898 320 4965 jnstitia:
350 4903 595 4957 liberos.
642 4903 847 4957 Multos
878 4903 1053 4957 etiam
1081 4902 1343 4956 novimus
1372 4904 1546 4956 semel
1587 4902 1794 4956 inven-

131 4991 216 5041 tam
241 4990 380 5044 viam
407 4990 662 5061 justitiae
684 4990 904 5044 illibate
934 5006 1114 5061 usque
1145 4990 1216 5044 ad
1247 4990 1469 5044 obitum
1520 4991 1793 5056 tenuisse,

133 5080 171 5126 et
189 5076 479 5150 plerosque
537 5079 942 5149 conspeximus
988 5094 1172 5149 usque
1225 5080 1297 5133 ad
1342 5079 1561 5134 exitum
1612 5084 1797 5148 coepta

135 5166 540 5221 semelcrimina
600 5167 724 5220 sine
772 5167 1089 5221 cessatione
1128 5168 1469 5221 cumulasse.
1500 5166 1635 5232 Quis
1661 5183 1794 5222 vero

136 5250 242 5306 inter
266 5255 369 5310 ista
402 5256 771 5310 occultorum
791 5256 1145 5327 judiciorum
1175 5256 1401 5311 nubilas
1440 5257 1648 5311 mentis
1678 5272 1795 5311 sum

137 5341 309 5397 radium
359 5346 584 5410 mittat,
643 5348 706 5397 ut
759 5344 952 5415 aliqua
995 5345 1455 5399 consideratione
1510 5345 1796 5400 discernat

137 5428 197 5480 vel
229 5434 343 5501 quis
385 5432 675 5503 perduret
725 5433 786 5485 in
845 5433 1017 5500 malo,
1066 5434 1154 5487 vel
1208 5433 1338 5504 quis
1384 5438 1711 5503 perseveret
1736 5434 1793 5488 in

137 5512 263 5584 bono,
292 5522 375 5575 vel
407 5522 550 5593 quis
580 5521 652 5575 ab
682 5520 898 5575 inﬁmis
927 5526 1292 5579 convertatur
1323 5521 1393 5576 ad
1420 5538 1664 5587 summa,
1707 5524 1794 5576 vel

142 5609 229 5673 quis
259 5626 288 5663 a
314 5610 568 5667 summis
616 5613 935 5665 revertatur
979 5610 1051 5665 ab
1092 5610 1325 5666 inﬁma?
1394 5612 1591 5665 Latent
1673 5612 1795 5667 haec

1912 3134 2232 3206 gnovimus,
2268 3137 2326 3187 et
2347 3133 2466 3204 jam
2518 3133 2578 3186 in
2635 3132 2753 3186 otio
2803 3132 2965 3203 quasi
3016 3132 3085 3186 de
3134 3131 3435 3187 securitate
3488 3137 3599 3187 tor-

1911 3222 2159 3295 pemus.)

1980 3311 2125 3375 Quid
2156 3310 2309 3365 enim
2336 3310 2427 3364 his
2459 3310 2810 3363 occultorum
2841 3309 3205 3380 tjudiciorum
3235 3308 3438 3363 abditis
3463 3326 3595 3364 san-

1908 3404 2031 3453 ctus
2060 3398 2366 3471 Gregorius
2399 3414 2501 3452 nos
2532 3399 2746 3465 edocet,
2782 3397 2890 3451 nisi
2940 3398 3095 3468 quod
3149 3398 3601 3469 uniuscujusque

1909 3492 2064 3541 actus
2096 3492 2151 3542 et
2176 3487 2309 3542 ﬁnis
2342 3487 2535 3541 divina
2574 3487 2966 3541 moderatione
3015 3486 3361 3555 disponitur,
3410 3492 3467 3541 et
3495 3487 3598 3541 hu-

1907 3592 2106 3630 manas
2135 3575 2367 3647 quidem
2399 3580 2618 3629 mentes
2648 3576 2855 3629 erroris
2887 3576 3086 3629 nubila
3116 3576 3494 3643 confundunt,
3530 3592 3599 3630 no

1906 3666 1995 3719 vel
2024 3665 2092 3719 de
2125 3680 2202 3731 se,
2237 3665 2323 3718 vel
2350 3665 2418 3719 de
2446 3664 2572 3718 aliis
2604 3664 2746 3718 scire
2777 3669 3019 3734 possunt
3069 3664 3204 3734 quid
3247 3666 3395 3735 apud
3448 3680 3509 3719 se
3538 3665 3595 3719 in

1898 3752 2128 3824 judiciis
2159 3751 2390 3805 secretis
2420 3757 2621 3822 agatur
2650 3768 2663 3805 :
2699 3768 2829 3804 cum
2862 3757 3053 3805 tamen
3085 3752 3228 3805 scire
3262 3752 3597 3808 omnimodo

1904 3842 2115 3897 debent
2158 3840 2370 3895 caelesti
2409 3840 2827 3910 dispensatione
2870 3840 3065 3893 omnia
3113 3841 3255 3909 geri,
3304 3846 3361 3894 et
3391 3840 3593 3911 singu-

1905 3932 2092 3986 lorum
2117 3933 2274 3983 actus
2314 3928 2385 3982 ad
2436 3929 2629 3996 ﬁnem,
2680 3944 2791 3998 quo
2828 3927 3070 3982 cmlestis
3115 3928 3395 3998 sapientia
3437 3929 3595 3999 judi-

1904 4018 2134 4085 caverit,
2167 4017 2419 4089 perduci.
2466 4019 2604 4071 Item
2635 4017 2695 4072 in
2737 4018 2881 4072 libro
2910 4034 3016 4071 xxx
3046 4017 3189 4088 (cap.
3240 4021 3312 4087 5),
3363 4034 3598 4072 sumens

1904 4108 2294 4163 testimonium
2327 4107 2530 4179 psalmi
2558 4124 2647 4161 XLI
2678 4124 2691 4161 :
2728 4107 3072 4177 «Ingrediar
3101 4107 3161 4161 in
3186 4108 3375 4161 locum
3407 4108 3598 4162 taber-

1903 4197 2096 4252 naculi
2125 4196 2479 4251 admirabilis
2509 4212 2689 4267 usque
2748 4196 2817 4250 ad
2874 4197 3109 4250 domum
3159 4196 3279 4265 Dei,
3336 4196 3396 4250 in
3457 4212 3594 4251 voce

1905 4285 2299 4341 exsultatiouis
2329 4288 2385 4338 et
2416 4284 2785 4339 confessionis
2832 4301 3004 4339 sonus
3058 4284 3363 4355 epulantis.
3404 4307 3425 4333 ι
3464 4285 3592 4356 [Qui

1906 4375 2083 4446 igitur
2110 4375 2263 4427 intus
2293 4389 2425 4427 voce
2457 4373 2853 4427 exsultationis
2885 4376 2942 4427 et
2971 4373 3345 4428 confessionis
3393 4390 3457 4428 ac
3502 4391 3592 4428 so-

1906 4479 2044 4517 num
2069 4462 2313 4515 civitatis
2364 4462 2651 4532 epulantis
2699 4462 2983 4530 audierat,
3050 4462 3189 4533 quid
3220 4462 3382 4516 illum
3437 4461 3592 4516 aliud

1907 4552 2014 4606 nisi
2043 4552 2169 4605 coeli
2201 4556 2509 4605 concentus
2555 4550 2858 4605 excitavit?
2888 4550 2997 4615 Qui
3047 4555 3243 4606 tamen
3286 4556 3595 4605 concentus

1906 4640 2161 4711 reprobis
2204 4639 2440 4705 dormit,
2492 4639 2627 4710 quia
2653 4655 2854 4693 eorum
2908 4639 3175 4694 cordibus
3230 4656 3593 4710 nequaquam

1905 4744 2008 4800 per
2039 4745 2234 4782 vocem
2265 4728 2727 4798 compunctionis
2753 4728 3076 4782 innotescit.
3121 4729 3244 4782 Non
3274 4729 3429 4782 enim
3457 4744 3592 4782 con-

1905 4818 2153 4871 siderare
2184 4817 2339 4871 illam
2374 4816 2809 4871 desiderabilem
2840 4831 3217 4887 supernorum
3239 4815 3449 4869 civium
3481 4815 3592 4869 frc-

1904 4906 2200 4977 quentiam
2234 4905 2481 4973 student,
2513 4906 2670 4959 nullo
2719 4904 2939 4959 ardoris
2967 4904 3127 4957 radio
3177 4904 3275 4956 illa
3320 4903 3593 4957 solemni-

1903 4994 2037 5048 tatis
2067 4993 2309 5047 internae
2338 4993 2484 5046 festa
2518 4992 2898 5061 conspiciunt,
2931 4992 3088 5046 nulla
3125 4990 3184 5044 in
3215 4989 3434 5044 intimis
3460 5007 3592 5045 con-

1902 5082 2292 5152 templationis
2332 5096 2519 5152 penna
2551 5082 2939 5135 sublevantur.
2992 5079 3134 5134 Solis
3174 5095 3422 5150 namque
3458 5080 3592 5133 visi-

1904 5171 2116 5225 bilibus
2159 5170 2431 5237 serviunt,
2502 5174 2558 5224 et
2619 5169 2830 5223 idcirco
2882 5168 3027 5223 nihil
3083 5184 3349 5240 supernae
3406 5169 3593 5222 suavi-

1904 5259 2035 5314 tatis
2114 5259 2461 5313 intrinsecus
2544 5256 2833 5312 audiunt:
2948 5257 3085 5328 quia
3144 5273 3259 5323 eos,
3332 5256 3475 5309 sicut
3540 5259 3595 5308 et

1905 5347 2167 5418 superius
2217 5347 2485 5413 diximus,
2536 5346 2595 5400 in
2643 5361 2781 5400 aure
2829 5345 3015 5400 cordis
3056 5360 3324 5400 curarum
3363 5343 3595 5397 saecula-

1904 5436 2055 5491 rium
2090 5435 2249 5489 surdi
2288 5437 2569 5490 tumultus
2615 5433 2935 5506 premunt.)
2977 5434 3122 5500 Quia
3164 5432 3341 5504 igitur
3390 5430 3595 5485 occulti

1903 5523 2332 5593 dispensatione
2353 5523 2556 5592 judicii
2589 5523 2741 5594 quod
2774 5523 2901 5577 aliis
2934 5522 3210 5593 aperitur,
3240 5520 3365 5575 aliis
3386 5517 3594 5573 claudi-

1903 5616 2019 5681 tur,
2053 5612 2203 5683 quod
2257 5609 2385 5665 aliis
2438 5611 2746 5681 detegitur,
2810 5611 2934 5666 aliis
2990 5611 3328 5675 occultatur,
3386 5605 3594 5661 dicitur
