3920 6224
264 244 328 294 23
1428 237 1784 292 RATRAMNI
1817 236 2283 292 CORBEIENSIS
2325 236 2634 291 MONACHI
3732 239 3795 290 ἓξ

268 376 421 425 recte
452 388 464 426 :
494 392 514 419 ι
541 370 678 435 Quis
710 368 966 423 narrabit
994 370 1269 422 caelorum
1295 367 1707 434 narrationem,
1740 372 1797 421 et
1824 383 1958 421 con-
2001 370 2044 423 A
2075 368 2136 421 In
2185 373 2348 438 pacto
2402 384 2652 439 namque
2711 369 3163 425 discordantium
3210 371 3463 442 partium
3518 372 3794 426 voluntas

274 464 506 514 centum
539 457 664 513 caeli
699 458 828 529 quis
870 456 1126 512 dormire
1160 456 1369 511 faciet?
1404 479 1424 504 ιι
1459 456 1576 527 (Job
1605 473 1821 523 xxxvu,
1856 454 1971 525 37.)

276 549 435 613 Quod
493 548 615 602 haec
676 563 779 601 vox
831 545 1227 600 exsultatiouis
1291 551 1350 599 et
1390 545 1767 599 confessionis
1831 546 1971 599 alio-

274 654 406 691 rum
448 636 718 690 cordibus
775 636 1021 697 insonet,
1079 635 1327 688 aliorum
1384 650 1517 687 vero
1565 633 1970 702 abscondatur,

275 726 480 780 occulti
508 724 936 795 dispensatione
960 722 1165 793 judicii
1204 722 1531 776 manifestat
1560 722 1685 776 ﬁeri
1729 723 1970 775 demon-

275 819 461 868 strans
522 812 792 867 universa
836 812 1098 881 supernis
1142 810 1620 881 dispositionibus
1664 810 1968 864 moderari.

275 905 419 957 Item
446 901 509 955 in
542 901 745 956 eodem
776 900 923 954 libro
956 908 1092 968 (cap.
1144 903 1195 967 6)
1233 917 1244 954 :
1280 919 1306 949 ‹‹
1344 900 1582 963 Quando
1627 899 1974 953 fundebatur

274 989 550 1062 pulvis‘in
611 993 765 1043 terra
818 992 873 1042 et
930 988 1110 1058 glebae
1159 987 1695 1057 compingebantur.
1753 1006 1781 1037 ι)
1813 989 1891 1041 Ac
1926 987 1974 1040 si

276 1078 491 1132 diceret
526 1094 538 1131 :
576 1078 717 1131 Cum
762 1076 950 1146 primo
983 1076 1103 1145 [al..
1158 1080 1294 1128 tunc
1345 1073 1617 1146 primum]
1680 1074 1973 1128 vocatione

277 1172 333 1220 et
363 1165 702 1220 discretione
762 1163 1087 1231 manifesta,
1145 1169 1365 1217 secreta
1421 1162 1699 1233 spiritalia
1754 1168 1809 1217 et
1860 1179 1974 1216 non

277 1256 399 1309 sine
441 1254 833 1308 misericordia
884 1252 1009 1306 aliis
1056 1252 1277 1322 aperui,
1320 1256 1375 1305 et
1422 1267 1539 1305 non
1589 1252 1711 1305 sine
1753 1252 1975 1322 justitia

283 1343 410 1397 aliis
438 1342 637 1408 clausi,
676 1358 806 1395 cum
849 1342 991 1395 alios
1039 1357 1366 1411 respuerem
1415 1344 1469 1394 et
1500 1341 1642 1394 alios
1687 1341 1839 1394 intra
1870 1343 1974 1394 Ec-

281 1432 513 1485 clesiam
548 1430 849 1485 concordia
883 1430 1175 1484 charitatis
1213 1430 1551 1483 adunarem.
1599 1430 1661 1483 Et
1700 1429 1793 1483 hic
1824 1429 1973 1498 quod

281 1520 382 1577 alii
412 1524 784 1590 respuuntur,
815 1523 873 1574 et
901 1519 998 1573 alii
1026 1518 1403 1588 recipiuntur,
1431 1518 1608 1571 divini
1656 1518 1817 1572 docet
1853 1534 1974 1572 esse

284 1609 769 1679 dispensationem
797 1608 1018 1678 judicii.
1044 1609 1185 1661 Item
1227 1607 1286 1660 in
1318 1607 1413 1660 lib.
1460 1623 1611 1660 xxxu
1659 1607 1762 1661 sub
1798 1608 1971 1662 Behe-

285 1699 449 1759 moth
478 1714 721 1767 persona
760 1698 828 1751 de
859 1696 1184 1751 adversario
1222 1695 1523 1749 hominum
1555 1696 1819 1765 loquens,
1851 1696 1976 1766 ejus

288 1786 566 1841 saevitiam
599 1786 790 1839 divina
819 1786 983 1839 docet
1025 1785 1416 1839 moderatione
1468 1783 1703 1852 frenari,
1750 1801 1821 1838 ne
1848 1800 1976 1838 am-

286 1877 438 1948 plius
469 1880 672 1930 noceat
701 1890 873 1945 quam
927 1889 1176 1944 superna
1227 1873 1525 1942 dispositio
1562 1874 1865 1943 permittit,
1898 1875 1977 1927 ita

286 1965 527 2019 dicens:
564 1986 591 2013 «
636 1964 744 2027 Qui
800 1963 933 2018 fecit
985 1979 1138 2028 eum,
1195 1962 1500 2032 applicavit
1546 1962 1803 2033 gladium
1854 1964 1978 2033 ejus

285 2054 414 2123 (Job
474 2069 559 2119 XL,
624 2052 729 2123 14).
786 2074 806 2100 ι
871 2052 1103 2106 Gladius
1160 2051 1374 2122 quippe
1434 2051 1742 2106 Behemoth
1816 2052 1978 2105 istius

285 2141 409 2210 ipsa
440 2140 683 2195 nocendi
725 2140 946 2194 malitia
994 2144 1097 2194 est.
1131 2140 1240 2194 Sed
1292 2140 1363 2194 ab
1420 2156 1486 2193 eo
1546 2157 1579 2194 a
1625 2156 1738 2210 quo
1794 2140 1980 2194 bonus

284 2245 388 2299 per
419 2233 683 2283 naturam
710 2227 888 2282 factus
918 2232 1019 2295 est,
1052 2228 1172 2298 ejus
1201 2227 1423 2297 gladius
1463 2228 1802 2299 applicatur,
1843 2228 1980 2299 quia

285 2317 408 2387 ejus
453 2316 671 2371 malitia
724 2316 917 2370 divina
975 2316 1403 2386 dispensatione
1462 2316 1847 2387 restringitur,
1908 2334 1979 2371 ne

284 2406 454 2460 ferire
486 2410 707 2460 tantum
727 2411 947 2459 mentes
974 2405 1279 2459 hominum
1301 2409 1581 2476 quantum
1600 2406 1820 2475 appetit
1849 2421 1978 2475 per-

289 2495 567 2549 mittatur.
604 2495 769 2558 Qnod
801 2510 935 2563 ergo
968 2494 1146 2547 hostis
1178 2499 1373 2547 noster
1402 2499 1459 2547 et
1487 2495 1733 2547 multum
1770 2498 1977 2563 potest,

287 2588 343 2637 et
382 2584 569 2636 minus
616 2582 886 2652 percutit,
949 2582 1070 2650 ejus
1114 2582 1369 2651 gladium
1424 2582 1607 2653 pietas
1659 2582 1981 2637 Conditoris

288 2670 571 2740 astringit,
620 2674 683 2723 ut
732 2670 1039 2739 replicatus
1087 2668 1239 2722 intra
1294 2669 1418 2738 ejus
1465 2670 1871 2724 conscientiam
1898 2669 1979 2723 la-

288 2762 424 2825 teat,
459 2764 516 2812 et
543 2758 693 2811 ultra
729 2772 904 2826 quam
935 2757 1183 2825 desuper
1224 2758 1376 2827 juste
1422 2757 1748 2828 disponitur
1769 2775 1891 2813 sese
1922 2759 1981 2813 in

290 2852 506 2901 mortes
530 2845 835 2899 hominum
886 2847 1008 2915 ejus
1066 2846 1285 2899 malitia
1338 2862 1455 2899 non
1506 2847 1787 2901 extendat.
1818 2847 1981 2912 Quod

2080 455 2375 525 impletur,
2409 459 2472 509 ut
2515 455 2587 508 ad
2644 459 2842 510 votum
2872 473 3040 511 suum
3096 474 3342 529 quaeque
3396 460 3712 530 perveniat
3743 465 3795 512 et

2074 544 2269 613 jurgia
2314 543 2633 597 desiderato
2682 544 2797 599 ﬁne
2855 546 3172 601 concludat.
3236 548 3526 619 Antiquus
3584 549 3794 618 itaque

2081 633 2261 687 hostis
2290 650 2322 685 a
2352 632 2675 686 sinceritate
2709 633 2918 688 divinae
2976 634 3318 690 innocentiae
3374 637 3612 691 malitiae
3674 654 3795 690 sua:

2081 737 2383 775 succensus
2408 721 2527 775 face
2578 721 2884 789 discordat,
2917 724 3013 777 sed
3044 725 3114 778 ah
3172 725 3293 795 ejus
3336 726 3553 795 judicio
3605 726 3793 779 etiam

2080 810 2461 864 discordando
2495 826 2611 864 non
2644 810 2945 882 discrepat.
2976 813 3118 866 Nam
3150 813 3302 867 viros
3325 816 3506 883 justos
3552 831 3795 884 semper

2081 900 2358 952 malevole
2390 902 2607 953 tentare
2662 900 2900 970 appetit,
2946 901 3046 955 sed
3086 906 3282 955 tamen
3332 903 3613 957 Dominus
3684 904 3795 957 hoc

2081 989 2168 1042 vel
2201 988 2648 1043 misericorditer
2669 988 2792 1043 ﬁeri
2824 990 2910 1043 vel
2930 989 3083 1059 juste
3133 992 3433 1061 permittit.
3478 994 3609 1047 Haec
3668 992 3795 1061 ipsa

2082 1093 2217 1146 ergo
2249 1077 2576 1131 tentationis
2624 1078 2857 1132 licentia
2884 1083 3149 1149 pacatum
3189 1087 3438 1145 vocatur,
3477 1080 3535 1134 in
3581 1097 3709 1151 qua
3742 1085 3797 1133 et

2082 1164 2430 1218 desiderium
2454 1164 2749 1217 tentatoris
2788 1165 2996 1235 agitur,
3027 1172 3084 1220 et
3106 1170 3301 1220 tamen
3340 1182 3441 1237 per
3473 1184 3601 1220 eam
3641 1168 3795 1221 miro

2085 1254 2257 1306 modo
2288 1253 2545 1306 voluntas
2574 1252 2716 1321 justi
2764 1253 3173 1324 dispensatoris
3236 1256 3578 1325 completur.
3646 1257 3793 1309 Eru-

2084 1340 2324 1395 diendos
2355 1341 2510 1395 enim
2550 1342 2754 1396 electos
2804 1358 2937 1395 suos
2989 1343 3266 1397 Dominus
3312 1360 3461 1414 saepe
3508 1344 3795 1398 tentatori

2084 1429 2331 1499 subjicit,
2410 1430 2557 1483 sicut
2609 1435 2737 1499 post
2786 1430 3037 1499 paradisi
3093 1432 3355 1484 claustra.
3446 1438 3575 1501 post
3627 1432 3793 1485 tertii

2084 1518 2211 1571 coeli
2259 1522 2497 1587 secreta,
2545 1534 2616 1571 ne
2665 1518 3083 1573 revelationum
3130 1520 3526 1590 magnitudine
3569 1522 3795 1574 Paulus

2085 1606 2714 1676 extollipotuisset,[ei
2762 1606 2988 1661 Satanae
3045 1608 3285 1678 angelus
3342 1608 3505 1661 datus
3560 1612 3649 1662 est
3714 1611 3793 1674 (Il

2087 1695 2205 1751 Cor.
2229 1712 2326 1762 xu,
2358 1696 2439 1763 7).
2469 1694 2596 1760 Sed,
2628 1699 2693 1749 ut
2726 1695 2947 1765 praefati
2992 1712 3210 1761 sumus,
3257 1696 3383 1766 ipsa
3440 1697 3545 1749 hac
3592 1700 3789 1750 tenta-

2086 1785 2244 1838 tione
2278 1783 2603 1854 disponitur
2630 1787 2691 1838 ut
2718 1784 2818 1855 qui
2851 1785 2985 1837 elati
3017 1785 3202 1854 perire
3247 1788 3530 1854 poterant,
3582 1785 3788 1838 humi-

2086 1873 2258 1927 liatia
2288 1872 2610 1942 perditione
2659 1878 2974 1926 serventur.
3017 1873 3243 1927 Secreto
3304 1888 3439 1942 ergo
3481 1874 3792 1943 dispensa-

2087 1962 2490 2029 tionisordine,
2527 1962 2674 2015 unde
2704 1961 2904 2015 saevire
2951 1962 3302 2031 permittitur
3350 1962 3624 2032 iniquitas
3660 1963 3792 2015 dia-

2085 2049 2225 2117 boli,
2259 2049 2393 2103 inde
2422 2049 2516 2119 pie
2555 2048 2849 2118 perﬁcitur
2883 2048 3208 2117 benignitas
3258 2049 3375 2102 Dei.
3412 2051 3479 2103 Et
3521 2050 3671 2103 bene
3720 2066 3791 2103 ex

2086 2140 2196 2192 hoc
2219 2143 2383 2209 pacto
2414 2138 2566 2207 quod
2617 2153 2747 2191 cum
2796 2138 3036 2191 Domino
3085 2138 3256 2192 ferire
3303 2138 3532 2205 dicitur,
3585 2156 3792 2193 servus

2088 2226 2266 2296 accipi
2310 2225 2667 2295 perhibetur,
2745 2226 2883 2295 quia
2927 2225 3059 2280 inde
3118 2226 3477 2296 obtemperat
3547 2227 3794 2281 nutibus

2087 2330 2351 2385 supernae
2382 2314 2582 2383 gratiae
2613 2314 2762 2368 unde
2806 2320 3031 2368 exercet
3076 2315 3221 2369 iram
3272 2315 3641 2385 nequissimae
3690 2333 3794 2369 vo-

2091 2403 2324 2457 luntatis
2355 2419 2491 2457 suae.
2530 2403 2736 2457 Servus
2769 2419 2904 2473 ergo
2937 2420 3002 2456 ex
3036 2408 3200 2474 pacto
3249 2408 3353 2469 est,
3388 2404 3487 2473 qui
3519 2403 3657 2457 dum
3693 2421 3795 2457 vo-

2088 2492 2370 2546 luntatem
2400 2508 2560 2545 suam
2585 2492 2824 2562 implere
2856 2492 3232 2561 permittitur,
3285 2510 3318 2546 a
3366 2492 3600 2562 superni
3644 2509 3799 2545 con—

2091 2580 2205 2634 silii
2236 2582 2524 2634 voluntate
2556 2581 2787 2651 ligatur,
2818 2586 2881 2634 ut
2901 2581 3107 2634 electos
3136 2580 3254 2648 Dei,
3282 2580 3426 2634 sicut
3448 2581 3665 2635 dictum
3683 2587 3795 2645 est,

2091 2671 2287 2723 volens
2319 2673 2519 2736 tentet,
2550 2670 2609 2722 in
2631 2670 2903 2723 tentando
2930 2670 3187 2724 nesciens
3242 2670 3460 2738 probet.

2164 2758 2310 2822 Quid
2358 2774 2494 2828 ergo
2528 2758 2633 2811 hac
2676 2758 2958 2812 sententia
3017 2758 3310 2821 docemur,
3365 2757 3477 2811 nisi
3503 2758 3663 2827 quod
3688 2775 3793 2811 an-

2092 2846 2239 2917 tiqui
2265 2847 2445 2900 hostis
2475 2850 2850 2911 tentamenta,
2900 2846 3037 2900 dum
3092 2861 3294 2899 nocere
3336 2847 3543 2899 sanctis
3574 2862 3794 2916 prope-

287 2935 469 3005 igitur
493 2934 562 2988 ad
594 2934 777 2987 multa
827 2933 1048 2986 fortiter
1082 2935 1374 3004 praevalet,
1436 2934 1542 2988 hoc
1584 2935 1653 2988 de
1698 2935 1981 3007 principio
2022 2927 2063 2983 C
2093 2939 2241 3000 rant,
2267 2936 2416 2988 unde
2448 2935 2530 2987 eis
2576 2950 2779 2988 nocere
2823 2934 3062 2988 callidus
3119 2934 3296 2987 hostis
3348 2935 3586 3004 appetit,
3650 2935 3793 2988 inde

290 3038 515 3093 magnae
547 3021 892 3076 conditionis
912 3026 1132 3091 potest;
1179 3022 1337 3091 quod
1384 3038 1516 3077 vero
1569 3039 1602 3075 a
1638 3022 1979 3093 quibusdam

287 3111 556 3179 vincitur,
590 3111 714 3179 ejus
755 3110 1030 3163 nimirum
1083 3109 1309 3179 gladius
1358 3110 1429 3164 ab
1485 3115 1717 3164 auctore
1750 3112 1984 3180 replica-

290 3206 401 3255 tur.
446 3201 556 3253 lste
585 3213 833 3270 namque
859 3198 1194 3260 Behemoth,
1246 3198 1379 3267 Quia
1415 3218 1443 3249 (ι
1476 3199 1823 3269 principium
1872 3201 1981 3254 via-

290 3305 419 3343 rum
448 3287 546 3342 Dei
584 3292 689 3354 est,
721 3308 749 3336 ››
783 3303 912 3340 cum
944 3290 1138 3340 contra
1164 3293 1428 3341 sanctum
1465 3287 1651 3340 virum
1696 3287 1983 3341 licentiam

290 3377 622 3432 tentationis
672 3375 907 3445 accepit,
966 3380 1164 3445 gentes
1212 3376 1408 3441 movit,
1467 3392 1670 3446 greges
1729 3377 1982 3443 abstulit,

290 3466 485 3536 ignem
517 3466 586 3520 de
619 3465 759 3520 caelo
785 3464 1069 3534 deposuit,
1112 3464 1442 3535 perturbato
1473 3481 1604 3519 aere
1648 3470 1844 3519 ventos
1885 3482 1983 3519 ex—

290 3555 500 3619 citavit,
533 3554 770 3608 donium
800 3553 1132 3608 concutiens
1154 3553 1399 3618 subruit,
1433 3553 1794 3608 convivautes
1837 3554 1985 3608 filios

291 3642 582 3707 exstinxit,
610 3643 806 3697 uxoris
843 3648 1095 3696 mentem
1144 3642 1203 3696 in
1255 3642 1387 3696 dolo
1430 3659 1621 3717 pravae
1651 3645 1983 3714 persuasio-

220 3728 223 3732 ’
291 3732 380 3786 nis
412 3732 683 3799 exercuit,
717 3732 906 3786 mariti
938 3749 1169 3786 carnem
1209 3732 1442 3786 inﬂictis
1475 3732 1806 3786 vulneribus
1840 3748 1983 3786 con~

291 3821 466 3887 fodit;
510 3822 608 3876 sed
640 3822 763 3891 ejus
793 3821 1047 3892 gladium
1081 3840 1113 3875 a
1146 3821 1449 3877 Conditore
1488 3822 1817 3892 replicatur,
1852 3837 1985 3875 cum

292 3909 503 3964 dicitur
536 3928 552 3961 :
589 3909 901 3962 «Animam
924 3909 1081 3963 illius
1098 3909 1394 3977 serva(Job
1428 3926 1486 3973 ιι,
1512 3910 1584 3979 6).
1624 3930 1649 3959 υ
1672 3909 1779 3973 Qui
1808 3910 1983 3979 repli-

291 4002 415 4052 cato
435 3997 626 4067 gladio
640 3997 1235 4067 quantaainﬁrmitatis
1256 3997 1345 4064 sit,
1364 3998 1668 4068 Evangelio
1682 4002 1983 4052 attestante

292 4084 676 4141 describitur:
740 4086 877 4154 quia
918 4100 1023 4139 nec
1078 4101 1313 4139 manere
1371 4085 1432 4138 in
1477 4086 1704 4139 obsesso
1747 4086 1983 4140 homine

291 4175 504 4244 potuit,
538 4189 642 4226 nec
668 4188 864 4226 rursus
900 4173 1168 4227 invadere
1212 4174 1384 4227 bruta
1411 4173 1682 4227 animalia
1716 4190 1831 4228 non
1856 4176 1981 4245 jus-

293 4279 389 4317 sus
410 4261 781 4331 praesumpsit
805 4260 1000 4315 dicens
1030 4277 1043 4315 :
1079 4282 1106 4311 «
1139 4262 1198 4315 Si
1230 4262 1388 4331 ejicis
1428 4278 1549 4329 nos,
1587 4266 1749 4317 mitte
1788 4280 1894 4318 nos
1923 4264 1982 4318 in

294 4366 526 4422 gregem
556 4365 859 4419 porcorum
888 4351 1119 4415 (Matth.
1142 4367 1261 4416 vni,
1291 4352 1402 4419 3t).
1435 4369 1463 4402 ››
1496 4351 1719 4405 Malitiaa
1770 4353 1985 4423 quippe

294 4440 417 4509 ejus
452 4438 678 4508 gladius
729 4452 901 4508 quam
956 4438 1030 4491 sit
1069 4438 1375 4507 replicatus
1420 4439 1761 4509 ostenditur,
1818 4440 1909 4494 cui
1940 4440 1988 4494 si

295 4532 545 4599 potestas
577 4541 694 4580 suae
721 4525 957 4579 malitiae
998 4541 1114 4579 non
1150 4525 1459 4596 praebetur,
1498 4527 1745 4597 grassari
1796 4545 1901 4583 nec
1927 4529 1986 4583 in

295 4632 496 4688 porcos
528 4615 695 4669 valet.
743 4613 982 4678 Quando
1041 4629 1178 4683 ergo
1228 4615 1334 4668 iste
1376 4631 1479 4668 sua
1520 4622 1725 4685 sponte
1782 4633 1986 4672 nocere

293 4705 455 4759 factis
487 4704 557 4758 ad
582 4703 682 4758 Dei
730 4702 1045 4773 imaginem
1097 4702 1431 4757 hominibus
1490 4704 1715 4772 audeat,
1747 4706 1816 4759 de
1874 4722 1987 4775 quo

296 4794 571 4848 nimirum
604 4796 827 4846 constat
872 4792 1026 4862 quod
1080 4807 1201 4846 non
1252 4792 1447 4862 jussus
1496 4793 1830 4863 contingere
1883 4811 1988 4849 nec

296 4897 497 4952 porcos
526 4884 851 4952 praesumat.
885 4881 1025 4934 Item
1055 4879 1116 4934 in
1168 4879 1268 4934 lib.
1310 4895 1484 4934 xxxui
1514 4882 1656 4949 (cap.
1712 4882 1817 4950 13),
1853 4898 1988 4952 qua-

295 4971 425 5025 liter
491 4969 714 5039 antiqui
763 4968 944 5023 hostis
993 4969 1252 5041 nequitia
1297 4985 1663 5041 nequaquam
1714 4986 1747 5023 a
1793 4970 1986 5026 divino

290 5054 506 5129 judicio
536 5057 912 5112 discordando
957 5057 1260 5128 discrepet,
1284 5058 1659 5126 demonstrat,
1710 5074 1840 5113 cum
1862 5077 1985 5115 sen-

297 5145 536 5200 tentiam
571 5149 843 5199 tractaret
870 5161 999 5214 quae
1035 5146 1174 5201 dicit
1205 5147 1275 5201 de
1332 5162 1400 5201 eo
1436 5162 1450 5200 :
1504 5146 1773 5217 Nunquid
1824 5146 1989 5202 feriet

296 5238 487 5289 tecum
517 5237 770 5305 pactum,
784 5236 841 5287 et
852 5233 1095 5304 accipies
1108 5249 1175 5289 eu
1185 5251 1242 5289 m
1253 5251 1481 5289 servum
1494 5234 1909 5305 sempiternum
1922 5236 1983 5287 ?»

295 5323 416 5395 (Job
456 5338 544 5390 xL,
574 5323 689 5391 23.)
745 5320 1030 5376 Subaudis
1074 5326 1139 5376 ut
1193 5339 1316 5394 ego.
1367 5324 1476 5380 Sed
1536 5323 1697 5377 valde
1752 5323 1989 5377 solerter

296 5409 642 5463 intuendum
672 5411 756 5462 est
782 5408 937 5478 quod
967 5414 1197 5476 pactum
1238 5426 1369 5463 cum
1403 5410 1648 5464 Domino
1678 5410 1987 5464 Leviathan

297 5497 402 5552 iste
434 5496 619 5564 feriat,
679 5500 737 5552 ut
787 5495 1173 5566 sempiternus
1210 5496 1282 5552 ah
1330 5512 1397 5551 eo
1446 5514 1640 5553 servus
1691 5499 1985 5555 habeatur.

2091 3023 2430 3093 disponente
2456 3039 2707 3093 superna
2732 3024 2914 3093 gratia
2940 3039 3139 3076 eorum
3162 3022 3367 3076 merita
3402 3022 3793 3092 multiplicat?

2092 3113 2319 3165 Secreto
2378 3127 2515 3181 ergo
2570 3110 3015 3181 dispensationis
3073 3110 3278 3164 ordine
3331 3116 3387 3164 et
3429 3110 3630 3164 saevire
3658 3128 3795 3181 per-

2093 3200 2340 3254 mittitur
2368 3200 2647 3267 diabolus,
2681 3204 2738 3253 et
2766 3206 2959 3254 tamen
2986 3216 3052 3253 ex
3081 3199 3205 3268 ejus
3235 3205 3465 3269 accepta
3506 3205 3791 3268 potestate

2092 3289 2229 3343 dum
2258 3288 2455 3342 ﬁdeles
2484 3289 2820 3358 probantur,
2852 3287 3175 3357 benignitas
3203 3288 3304 3341 Dei
3325 3288 3789 3354 commendatur,

2094 3382 2151 3431 et
2176 3376 2308 3430 inde
2342 3376 2516 3430 servit
2546 3376 2779 3441 invitus,
2816 3376 2965 3430 unde
3009 3376 3291 3429 malitiose
3332 3376 3536 3429 nititur
3587 3377 3790 3446 Oppri-

2094 3481 2251 3519 mere
2308 3464 2407 3519 Dei
2461 3480 2672 3518 servos.
2729 3465 3010 3529 Quoniam
3066 3470 3314 3535 potestas
3378 3463 3596 3517 inimici
3644 3466 3793 3519 nihil

2094 3553 2264 3617 valet,
2301 3553 2410 3607 nisi
2468 3558 2747 3623 quantum
2801 3570 3049 3624 superna
3106 3558 3357 3625 potestas
3423 3554 3790 3607 concesserit.

2097 3645 2253 3698 Unde
2283 3643 2543 3697 voluntas
2593 3642 2815 3697 inimici
2845 3648 2929 3697 est
2975 3643 3220 3714 iniqua:
3290 3643 3387 3697 sed
3426 3644 3563 3697 dum
3613 3645 3799 3697 servit

2092 3731 2329 3803 superni
2344 3732 2554 3802 judicis
2587 3732 2965 3802 dispositioni,
2991 3733 3146 3802 justa
3189 3733 3619 3802 comprobatur.
3647 3734 3795 3786 Item

2094 3822 2154 3876 in
2184 3821 2330 3876 libro
2357 3838 2432 3875 xu
2462 3820 2603 3891 (cap.
2637 3824 2712 3886 2).
2764 3821 2929 3874 Nulla
2981 3836 3112 3891 quae
3164 3820 3226 3874 in
3283 3821 3393 3874 hoc
3447 3821 3666 3875 mundo
3691 3822 3798 3875 ho-

2096 3911 2345 3965 minibus
2370 3910 2536 3975 iiunt,
2565 3908 2780 3979 absque
2810 3908 3225 3979 omnipotentis
3267 3908 3367 3962 Dei
3415 3909 3654 3963 consilio
3698 3928 3794 3964 oc-

2094 4002 2247 4053 culto
2278 3998 2530 4053 veniunt.
2567 3998 2709 4053 Nam
2732 4003 2937 4052 cuncta
2973 3999 3119 4052 Deus
3150 4004 3417 4051 secutura
3457 3998 3793 4069 praesciens,

2094 4093 2225 4142 ante
2256 4088 2462 4142 saecula
2490 4087 2739 4140 decrevit
2779 4086 3025 4157 qualiter
3049 4103 3154 4157 per
3208 4087 3415 4140 saecula
3474 4086 3793 4156 disponan-

2096 4180 2207 4229 tur.
2240 4176 2525 4229 Statutum
2558 4173 2772 4245 quippe
2801 4176 2923 4244 jam
2973 4175 3197 4229 homini
3244 4179 3329 4228 est
3360 4176 3445 4228 vel
3504 4184 3791 4245 quantum

2098 4265 2250 4317 hunc
2276 4262 2477 4316 mundi
2506 4262 2856 4331 prosperitas
2897 4267 3188 4333 sequatur,
3238 4264 3325 4316 vel
3358 4268 3638 4332 quantum
3691 4265 3795 4317 ad-

2097 4351 2331 4405 versitas
2360 4350 2547 4418 feriat,
2582 4366 2653 4404 ne
2689 4351 2898 4405 electos
2946 4352 3069 4422 ejus
3097 4355 3196 4404 aut
3248 4350 3629 4405 immoderata
3660 4367 3797 4421 pro—

2095 4439 2338 4510 speritas
2370 4439 2570 4506 elevet,
2604 4445 2703 4492 aut
2731 4439 2910 4492 nimia
2959 4439 3267 4493 adversitas
3317 4445 3531 4509 gravet.
3595 4439 3796 4494 Statu—

2096 4533 2220 4582 tum
2246 4544 2474 4598 quoque
2504 4532 2590 4581 est
2613 4533 2897 4597 quantum
2927 4527 2989 4580 in
3037 4528 3163 4595 ipsa
3208 4526 3324 4580 vita
3370 4526 3600 4581 mortali
3647 4536 3794 4582 tem-

2096 4616 2372 4687 poraliter
2401 4615 2641 4669 vivatur.
2676 4617 2818 4669 Nam
2851 4615 2957 4668 etsi
2978 4631 3161 4669 annos
3190 4615 3522 4685 quindecim
3542 4615 3796 4670 Ezechiae

2094 4703 2219 4773 regi
2250 4705 2319 4758 ad
2346 4704 2521 4758 vitam
2588 4704 2814 4757 addidit
2878 4704 3247 4772 omnipotens
3307 4704 3455 4757 Deus
3489 4703 3593 4772 (IV
3659 4706 3792 4772 Reg.

2094 4810 2189 4858 xx,
2220 4792 2292 4862 l),
2325 4808 2455 4846 cum
2488 4808 2617 4846 eum
2650 4793 2799 4846 mori
2842 4793 3122 4862 permisit,
3167 4798 3304 4846 tunc
3335 4809 3467 4847 eum
3508 4792 3798 4862 praescivit

2098 4898 2217 4935 esse
2248 4882 2611 4935 moriturum.
2646 4882 2769 4946 Qua
2798 4880 2857 4934 in
2890 4897 2953 4935 re
2983 4881 3225 4951 quaestio
3255 4880 3460 4946 oritur,
3502 4882 3796 4948 quomodo

2097 4970 2150 5025 ei
2180 4985 2284 5041 per
2332 4969 2672 5040 prophetam
2734 4969 2999 5024 dicatur:
3038 4992 3058 5017 α
3098 4971 3345 5039 Dispone
3401 4969 3601 5023 domui
3658 4974 3795 5033 tum,

2096 5060 2235 5129 quia
2265 5058 2527 5113 morieris
2552 5065 2635 5126 tu,
2668 5062 2723 5112 et
2751 5075 2868 5112 non
2898 5058 3086 5125 vives;
3125 5080 3147 5108 ι
3176 5058 3266 5112 cui
3292 5074 3423 5112 cum
3448 5057 3650 5112 mortis
3670 5074 3798 5112 sen-

2095 5144 2274 5199 tentia
2303 5144 2451 5198 dicta
2483 5150 2586 5205 est,
2623 5145 2888 5214 protinus
2934 5147 3002 5199 ad
3046 5147 3170 5216 ejus
3218 5148 3498 5215 lacrymas
3554 5149 3637 5199 est
3676 5146 3797 5201 vita

2096 5233 2305 5287 addita.
2339 5232 2446 5287 Sed
2473 5248 2577 5303 per
2601 5233 2942 5303 prophetam
2973 5234 3251 5288 Dominus
3291 5234 3433 5287 dixit
3476 5251 3589 5305 quo
3648 5239 3796 5288 tem-

2095 5338 2233 5391 pore
2260 5320 2411 5375 mori
2438 5320 2561 5391 ipse
2618 5322 2976 5388 merebatur;
3011 5340 3113 5394 per
3141 5323 3465 5393 largitatem
3520 5338 3653 5376 vero
3684 5327 3791 5377 mi-

2095 5410 2416 5464 sericordiae
2468 5409 2566 5463 illo
2628 5426 2762 5464 eum
2814 5416 3074 5482 tempore
3128 5414 3197 5467 ad
3241 5417 3485 5466 mortem
3547 5413 3792 5479 distulit,

2096 5499 2249 5570 quod
2285 5504 2414 5553 ante
2443 5499 2651 5553 saecula
2701 5499 2823 5570 ipse
2873 5500 3177 5571 praescivit.
3212 5502 3324 5555 Nec
3355 5501 3638 5573 propheta
3691 5502 3791 5573 igi-
