3920 6224
119 318 175 369 '25

114 454 191 502 tur
212 446 389 513 fallax,
424 444 562 516 quia
592 450 823 515 tempus
853 444 1054 499 mortis
1085 445 1355 513 innotuit,
1389 462 1504 516 quo
1542 446 1628 500 vir
1670 446 1767 501 ille

118 536 236 589 mori
283 533 664 587 merebatur:
723 550 826 587 nec
879 533 1175 587 Dominica
1227 537 1438 587 statuta
1508 535 1777 587 convulsa

113 629 240 689 sunt,
262 622 411 693 quia,
437 626 498 675 ut
531 638 599 676 ex
633 622 897 691 largitate
929 622 1029 675 Dei
1065 622 1203 675 anni
1255 622 1383 677 vitae
1432 627 1771 689 crescerent,

114 715 203 766 hoc
230 726 448 781 quoque
479 715 613 764 ante
649 711 854 765 saecula
893 711 1192 780 praeﬁxum
1243 710 1379 777 fuit;
1431 722 1601 781 atque
1654 728 1777 781 spa-

114 806 235 853 tium
264 800 383 851 vitae
425 799 580 868 quod
630 798 921 869 in0pinate
976 800 1111 852 toris
1167 804 1253 853 est
1316 799 1597 867 additum,
1652 800 1774 854 sine

111 893 385 957 augmento
406 887 790 957 praescientiae
819 888 929 941 fuit
958 888 1111 940 intus
1144 892 1438 941 statutum.
1464 889 1611 941 Bene
1635 904 1772 955 ergo

110 978 283 1029 dicitur
314 993 326 1028 :
358 998 385 1023 ι(
419 976 776 1030 Constituisti
808 977 1082 1030 terminos
1139 977 1282 1045 ejus,
1337 976 1435 1047 qui
1486 977 1770 1046 praeteriri

110 1082 204 1118 non
233 1069 511 1134 poterunt.
553 1086 573 1112 ι
610 1065 771 1128 Quod
801 1070 990 1118 tamen
1012 1064 1618 1133 intelligietiamjuxta
1649 1066 1772 1134 δρίο-

111 1155 257 1205 ritum
288 1152 445 1213 valet,
474 1152 614 1221 quia
638 1168 1054 1223 nonnunquam
1080 1153 1137 1205 in
1164 1153 1467 1207 virtutibus
1492 1155 1769 1221 prolicere

108 1257 367 1305 conamur,
398 1248 455 1294 et
487 1241 755 1311 quaedam
776 1241 926 1295 dona
961 1241 1329 1311 percipimus,
1361 1258 1391 1293 a
1426 1242 1767 1312 quibusdam

110 1346 218 1382 vero
246 1330 453 1398 repulsi
486 1329 550 1382 in
579 1329 995 1398 imisjacemus.
1030 1330 1209 1383 Nemo
1238 1330 1392 1383 enim
1415 1335 1499 1383 est
1519 1331 1618 1400 qui
1642 1337 1766 1384 tan-

107 1424 207 1471 tum
232 1419 456 1471 virtutes
506 1418 901 1488 apprehendat
953 1425 1234 1488 quantum
1283 1419 1587 1479 desiderat.
1631 1420 1766 1489 quia

109 1506 435 1575 omnipotens
472 1507 646 1574 Deus,
671 1506 946 1560 interiora
970 1507 1318 1572 discernens,
1355 1508 1492 1577 ipsis
1539 1506 1762 1578 spirita-

112 1594 234 1649 libus
259 1594 603 1664 profectibus
662 1596 895 1649 modum
927 1596 1130 1665 ponit:
1198 1600 1261 1649 ut
1317 1612 1382 1650 ex
1429 1596 1539 1649 hoc
1591 1596 1763 1650 homo

110 1683 236 1753 quod
266 1682 693 1753 apprehendere
717 1688 973 1750 conatur,
1007 1692 1063 1737 et
1092 1700 1209 1737 non
1250 1685 1417 1751 valet,
1475 1684 1535 1737 in
1566 1685 1675 1738 illis
1704 1702 1761 1739 se

110 1787 202 1825 non
228 1772 400 1825 elevet
430 1788 565 1842 quae
625 1774 787 1826 valet.
841 1774 996 1825 Unde
1056 1773 1151 1827 ille
1209 1789 1439 1843 quoque
1497 1774 1763 1844 egregius

110 1860 417 1929 praedicator,
453 1862 554 1931 qui
588 1868 784 1930 raptus
809 1862 882 1915 ad
906 1861 1139 1915 tertium
1180 1863 1384 1916 caelum
1428 1862 1633 1928 fuerat,
1670 1881 1764 1933 pa'

112 1948 254 2001 radisi
277 1964 479 2002 arcana
532 1954 956 2018 penetraverat,
1003 1966 1125 2003 esse
1180 1955 1309 2019 post
1355 1950 1765 2005 revelationem

111 2036 411 2107 tranquillus
473 2044 648 2109 atque
699 2039 1016 2093 intentatus
1078 2056 1193 2093 non
1253 2040 1474 2093 valebat
1519 2042 1590 2108 (ΙΙ
1640 2043 1759 2096 Cor.

113 2141 187 2189 xu,
223 2131 283 2191 t).
316 2126 421 2179 Sed
455 2127 595 2197 quia
640 2126 1005 2196 omnipotens
1040 2128 1190 2181 Deus
1249 2128 1520 2181 terminos
1550 2130 1762 2182 consti-

110 2216 197 2267 tuit
229 2213 459 2279 homini,
493 2215 595 2285 qui
659 2216 943 2285 praeteriri
1003 2233 1118 2269 non
1175 2222 1469 2285 poterunt,
1524 2218 1764 2272 elevavit

111 2303 231 2355 hunc
259 2303 322 2356 ad
350 2305 814 2373 cognoscendum
856 2305 1144 2372 sublimia,
1189 2310 1242 2358 et
1290 2306 1513 2359 reduxit
1553 2306 1762 2361 iterum

109 2390 163 2444 ad
186 2390 395 2445 inﬁrma
447 2393 771 2458 toleranda,
823 2397 885 2447 ut
940 2394 1093 2447 modi
1143 2394 1229 2447 sui
1279 2410 1576 2449 mensuras
1608 2397 1763 2466 aspi-

113 2479 237 2531 ciens
254 2480 381 2532 dum
413 2481 783 2535 securitatem
825 2482 1313 2551 comprehendere
1368 2489 1676 2538 conaretur
1703 2490 1761 2538 et

107 2583 194 2620 non
216 2573 411 2636 posset,
451 2585 526 2622 ne
559 2586 660 2639 per
689 2570 999 2624 elationem
1028 2576 1184 2624 extra
1234 2588 1291 2624 se
1343 2572 1469 2637 iret,
1516 2589 1619 2642 per
1652 2573 1758 2627 hu-

110 2655 364 2710 militatem
395 2663 702 2728 cogeretur
731 2660 882 2712 intra
907 2675 1041 2712 suos
1089 2675 1315 2729 semper
1349 2661 1624 2714 terminos
1669 2677 1757 2715 re-

109 2742 218 2798 dire.
262 2745 476 2809 Quibus
525 2747 712 2800 verbis
753 2747 951 2801 beatus
1003 2748 1307 2818 Gregorius
1339 2765 1454 2801 non
1484 2750 1666 2802 solum
1698 2749 1760 2803 in

109 2833 175 2884 his
197 2850 308 2902 quae
334 2824 657 2888 secundum
690 2852 897 2905 corpus
935 2836 1199 2890 homines
1246 2837 1561 2907 patiuntur,
1617 2838 1759 2892 divi-

112 2936 211 2973 nam
237 2922 713 2992 dispensationem
760 2924 1200 2979 moderatricem
1249 2926 1515 2993 ostendit,
1560 2936 1757 2980 verum

110 3010 318 3063 etiamin
347 3011 710 3079 spiritalibus
745 3012 1093 3081 profectibus
1124 3013 1328 3067 divina:
1373 3015 1764 3084 dispositionis

114 3112 392 3151 mensuram
428 3116 558 3153 esse
591 3100 986 3155 demonstrat:
1037 3107 1100 3156 ut
1146 3103 1409 3157 universa
1462 3120 1593 3174 quin
1645 3104 1762 3157 sive

110 3185 377 3239 secundum
406 3202 643 3255 corpus,
676 3187 793 3241 sive
836 3188 1151 3243 secundum
1193 3190 1446 3244 animam
1489 3196 1760 3261 aguntur,

109 3272 270 3325 divinae
310 3274 733 3328 moderationis
771 3277 1083 3331 constituta
1142 3295 1508 3349 nequaquam
1577 3284 1763 3333 trans-

111 3361 231 3427 gredi
265 3362 731 3432 comprobentur.
764 3364 903 3417 Item
936 3365 994 3418 in
1034 3366 1235 3420 eodem
1291 3367 1434 3421 libro
1474 3368 1613 3437 (cap.
1650 3367 1759 3438 52).

114 3447 288 3501 Praetixi
312 3450 431 3503 dies
464 3451 713 3520 singulis
742 3454 811 3506 ab
840 3453 1065 3507 interna
1093 3454 1192 3508 Dei
1239 3456 1616 3524 praescientia,
1662 3470 1763 3509 nec

112 3538 261 3605 augeri
286 3545 527 3607 possunt
556 3556 660 3593 nec
692 3541 899 3607 minui,
927 3542 1038 3595 nisi
1069 3544 1364 3614 contingat
1408 3549 1473 3598 ut
1504 3546 1583 3597 ita
1607 3560 1761 3613 pra:-

113 3626 332 3692 sciantur,
368 3634 432 3681 ut
461 3634 565 3682 aut
588 3645 720 3683 cum
754 3631 990 3700 optimis
1013 3633 1283 3701 operibus
1304 3633 1595 3704 longiores
1624 3634 1758 3700 sint,

113 3718 180 3765 aut
203 3730 314 3768 cum
345 3715 616 3786 pessimis
643 3718 951 3774 breviores.
1004 3720 1156 3774 Sicut
1194 3722 1457 3776 Ezechias
1488 3738 1760 3792 augmen-

113 3806 199 3854 tum
222 3803 434 3858 dierum
470 3808 688 3860 meruit
713 3807 1074 3878 impensione
1095 3810 1479 3881 lacrymarum
1512 3814 1553 3881 (1
1568 3813 1608 3866 γ
1627 3814 1754 3878 Reg.

112 3902 173 3951 ιι,
200 3891 269 3958 6);
294 3898 348 3945 et
375 3893 528 3947 sicut
558 3894 629 3947 de
679 3897 958 3963 perversis
990 3898 1263 3968 scriptum
1295 3902 1416 3953 est:
1460 3920 1489 3948 ‹‹
1524 3900 1758 3953 lndisci-

114 3976 289 4039 plmatis
314 3980 512 4034 obviat
542 3997 698 4035 mors
747 3986 924 4048 (Prov.
957 4002 1105 4053 nix,
1143 3988 1215 4056 l).
1253 4009 1273 4035 ι
1303 3988 1412 4042 Sed
1460 4005 1609 4058 saepe
1640 3989 1758 4041 iiii-

113 4076 235 4129 qus,
262 4069 525 4137 quamvis
574 4070 635 4122 in
673 4074 892 4126 occulta
915 4074 1014 4127 Dei
1044 4075 1403 4143 praescientia
1425 4077 1595 4146 longa
1626 4077 1757 4130 vita;

113 4150 199 4216 ejus
245 4160 504 4225 tempora
558 4173 675 4212 non
725 4160 837 4213 sint
896 4162 1325 4232 praedestinata,
1392 4164 1512 4235 ipse
1566 4170 1756 4219 tamen

113 4238 209 4303 quia
251 4243 557 4297 carnaliter
604 4244 792 4299 vivere
830 4249 1069 4317 appetit,
1122 4250 1325 4320 longos
1387 4253 1581 4305 animo
1636 4252 1755 4306 dies

113 4330 338 4395 proponit.
392 4332 461 4385 Et
519 4333 657 4401 quia
704 4335 773 4388 ad
813 4334 955 4389 illud
1007 4342 1235 4408 tempus
1301 4340 1600 4409 pervenire
1644 4357 1757 4395 non

113 4415 219 4504 silet
265 4420 413 4488 quod
491 4428 805 4492 exspectat,
864 4426 1028 4495 quasi
1084 4432 1397 4498 antequam
1455 4429 1576 4483 dies
1604 4429 1759 4483 illius

112 4503 403 4571 Imple-antur
435 4510 613 4579 perit.
650 4512 712 4564 Et
737 4512 830 4565 hic
864 4513 1003 4567 dum
1049 4514 1171 4569 dies
1200 4518 1471 4572 humanae
1500 4518 1629 4572 vitae
1662 4519 1759 4572 do-

114 4599 173 4644 cet
206 4612 260 4649 ex
312 4599 514 4654 divina
570 4602 1076 4671 praedestinatione
1141 4607 1429 4673 deﬁnitos,
1477 4614 1759 4664 monstrat

114 4685 223 4735 actus
264 4686 539 4742 humana:
586 4689 716 4744 vitae
752 4691 944 4747 divina
993 4694 1419 4765 dispensatione
1448 4698 1754 4753 deservire.

117 4768 283 4827 ltemin
327 4778 479 4830 libro
535 4793 627 4831 xvr
684 4783 821 4848 (cap.
863 4783 967 4849 10),
1028 4798 1161 4837 cum
1211 4789 1479 4839 tractaret
1522 4792 1757 4841 senten-

115 4858 209 4913 tiain
230 4879 328 4933 qua
356 4866 428 4920 de
460 4866 686 4937 iniquis
717 4868 927 4922 dicitur
959 4887 971 4924 :
1010 4892 1037 4919 «
1066 4872 1173 4935 Qui
1204 4872 1413 4926 sublati
1446 4880 1577 4927 sunt
1623 4878 1756 4928 ante

116 4950 280 5017 tempus
336 4969 539 5020 suum,
620 4959 679 5008 et
754 4955 961 5011 ﬂuvius
1039 4958 1318 5013 subvertit
1381 4960 1757 5015 fundamenta

119 5048 258 5093 eorum
285 5043 420 5107 (Job.
481 5059 623 5111 xxn,
674 5046 777 5111 l6),
818 5066 839 5094 ι
883 5046 1005 5100 haec
1052 5048 1387 5104 subsecutus
1443 5055 1529 5104 est
1565 5067 1577 5105 :
1616 5052 1756 5106 Cum

118 5128 280 5194 tempus
331 5132 466 5185 vitae
501 5148 535 5185 a
587 5132 783 5187 divina
839 5136 1203 5205 praescientia
1261 5140 1423 5193 nobis
1454 5140 1527 5193 sit
1556 5142 1755 5209 procul

122 5209 237 5268 dubio
260 5220 589 5287 praeﬁxum,
637 5223 1017 5291 quaerendum
1054 5226 1215 5281 valde
1245 5233 1331 5281 est
1378 5244 1493 5298 qua
1539 5229 1755 5283 ratione

121 5313 219 5356 nunc
266 5306 397 5361 dicit
447 5308 613 5377 quod
669 5309 857 5380 iniqui
911 5328 977 5365 ex
1032 5316 1307 5382 praesenti
1363 5317 1573 5371 saeculo
1622 5322 1755 5372 ante

120 5392 279 5474 tempus
314 5396 626 5466 pr0prium
688 5397 1117 5455 subtrahantur.
1163 5403 1539 5474 Omnipotens
1600 5406 1753 5459 enim

121 5473 231 5543 licus,
254 5484 348 5537 etsi
393 5486 753 5556 plerumque
806 5492 988 5543 mutat
1030 5473 1399 5558 sententiam,
1449 5494 1753 5547 consilium

122 5574 365 5637 nunquam.
416 5573 497 5627 Eo
546 5588 691 5643 ergo
749 5576 1009 5644 tempore
1063 5592 1132 5631 ex
1185 5577 1292 5632 hac
1346 5577 1461 5633 vita
1510 5580 1753 5650 quisque

1184 312 1275 368 DE
1318 312 1980 370 PREDESTINATIONE
2024 313 2160 368 DEI.
2203 344 2271 353 —
2309 312 2438 368 LIB.
2484 313 2524 366 Ι.

3508 317 3575 367 ‘26

1805 446 1853 501 Α
1887 446 2265 514 subtrahitur,
2293 462 2407 516 quo
2458 462 2526 499 ex
2586 446 2779 501 divina
2813 444 3068 516 potentia
3132 450 3265 499 ante
3318 450 3577 515 tempora

1886 536 2200 605 przescitur.
2247 535 2353 590 Sed
2405 535 2707 588 sciendum
2764 535 2899 605 quia
2948 552 3147 589 creans
3205 540 3262 588 et
3305 534 3576 588 ordinans

1882 642 1987 679 nos
2004 624 2370 695 omnipotens
2394 625 2561 687 Deus,
2582 624 2745 693 juxta
2772 625 3128 693 singulorum
3163 622 3370 677 merita
3390 624 3577 692 dispo-

1884 713 1969 766 nit
2002 716 2057 765 et
2088 712 2438 765 terminum:
2503 718 2563 765 ut
2592 713 2679 765 vel
2734 713 2915 765 malus
2958 713 3053 766 ille
3104 712 3352 766 breviter
3403 711 3571 775 vivat,

1882 817 1952 854 ne
1987 801 2179 853 multis
2212 801 2355 855 bene
2391 801 2691 869 agentibus
2713 806 2931 867 noceat,
2966 802 3051 854 vel
3080 801 3260 854 bonus
3306 800 3410 853 iste
3442 800 3573 853 diu-

1880 890 1991 943 tius
2018 889 2076 942 in
2099 889 2203 943 hac
2234 889 2347 942 vita
2378 890 2666 955 subsistat,
2703 896 2765 942 ut
2796 889 2990 943 multis
3028 888 3165 943 boni
3197 889 3384 958 operis
3416 888 3574 959 adju-

1882 983 1971 1031 tor
2000 979 2241 1038 existat;
2272 978 2357 1031 vel
2392 994 2617 1031 rursum
2676 980 2858 1031 malus
2910 978 3136 1047 longius
3176 978 3470 1031 ditferatur
3512 977 3573 1029 in

1879 1067 2012 1131 vita,
2050 1070 2110 1119 ut
2140 1082 2312 1135 prava
2344 1066 2527 1120 adhuc
2555 1083 2729 1136 opera
2761 1070 2987 1135 augeat,
3034 1083 3099 1119 ex
3153 1082 3401 1136 quorum
3449 1071 3569 1118 ton-

1877 1154 2092 1207 tatione
2124 1155 2351 1224 purgati
2377 1156 2563 1224 justus
2597 1155 2784 1208 verius
2816 1157 3030 1223 vivant,
3068 1156 3149 1208 vel
3179 1155 3363 1207 bonus
3404 1154 3573 1207 citius

1875 1243 2262 1308 subtrahatur,
2299 1260 2389 1307 ne,
2427 1244 2473 1296 si
2506 1244 2594 1297 hic
2626 1243 2724 1297 diu
2754 1244 2974 1305 vixerit,
3010 1244 3131 1313 ejus
3170 1243 3563 1297 innocentiam

1876 1331 2093 1384 malitia
2120 1339 2470 1401 corrumpat.
2505 1333 2816 1388 Sciendum
2848 1338 3035 1387 tamen
3071 1333 3204 1402 quia
3249 1332 3571 1401 benignitas

1876 1420 1974 1473 Dei
2027 1424 2111 1473 est
2168 1422 2560 1490 peccatoribus
2611 1422 2861 1491 spatium
2921 1420 3270 1491 poenitentiae
3339 1420 3567 1489 largiri;

1872 1508 1970 1561 sed
2001 1508 2134 1578 quia
2174 1515 2401 1578 accepta
2436 1516 2693 1578 tempora
2736 1526 2850 1562 non
2883 1510 2950 1563 ad
3000 1509 3249 1562 fructum
3296 1508 3574 1578 poeniten-

1874 1597 1991 1663 tiae,
2028 1598 2098 1651 ad
2132 1614 2301 1653 usum
2331 1614 2462 1651 vero
2497 1598 2822 1668 iniquitatis
2852 1604 3100 1663 vertunt,
3130 1598 3281 1668 quod
3313 1615 3346 1651 a
3375 1596 3569 1651 divina

1874 1686 2263 1740 misericordia
2332 1688 2536 1741 mereri
2598 1693 2880 1757 poterant,
2942 1687 3231 1741 amittunt.
3304 1685 3569 1749 Quamvis

1880 1775 2242 1845 omnipotens
2304 1777 2449 1829 Deus
2505 1776 2647 1831 illud
2709 1781 2939 1846 tempus
2996 1775 3447 1845 uniuscujusque
3496 1774 3565 1827 ad

1880 1866 2124 1917 mortem
2156 1865 2412 1935 preasciat
2448 1881 2561 1935 quo
2593 1866 2714 1934 ejus
2742 1865 2854 1917 vita
2901 1865 3262 1929 terminatur,
3317 1879 3420 1916 nec
3458 1862 3568 1915 alio

1876 1949 1938 2004 in
1964 1954 2219 2021 tempore
2249 1952 2553 2023 quisquam
2584 1951 2730 2005 mori
2762 1952 2969 2022 potuit,
3000 1952 3108 2005 nisi
3140 1953 3262 2022 ipso
3297 1966 3410 2021 quo
3444 1967 3564 2003 mo-

1875 2039 2037 2093 ritur.
2070 2042 2210 2094 Nam
2242 2057 2289 2093 δι
2320 2040 2573 2094 Ezechias
2604 2040 2738 2094 anni
2769 2041 2951 2095 additi
2995 2040 3063 2094 ad
3098 2039 3271 2093 vitam
3323 2036 3566 2108 quinde-

1875 2129 1984 2180 cim
2018 2135 2428 2194 memorantur,
2464 2134 2688 2199 tempus
2719 2130 2955 2200 quidem
2998 2131 3124 2185 vitae
3155 2128 3331 2181 crevit
3360 2128 3434 2179 ab
3466 2126 3564 2179 illo

1876 2217 2119 2269 termino
2149 2233 2264 2287 quo
2296 2218 2442 2271 mori
2466 2218 2585 2287 ipse
2618 2219 2963 2272 merebatur.
3000 2219 3136 2271 Nam
3166 2218 3357 2270 divina
3384 2215 3567 2285 dispo-

1873 2302 2004 2357 sitio
2035 2305 2156 2374 ejus
2186 2312 2413 2375 tempus
2441 2312 2575 2360 tunc
2604 2308 2871 2376 praesciit,
2903 2307 3054 2377 quod
3107 2307 3260 2359 hunc
3306 2309 3568 2374 postmo-
3636 2324 3659 2331 -

1874 2393 2011 2447 dum
2044 2410 2111 2447 ex
2141 2396 2411 2464 praesenti
2458 2396 2570 2449 vita
2620 2396 2916 2449 subtraxit.
2972 2397 3112 2449 Cum
3167 2410 3302 2463 ergo
3336 2393 3416 2445 ita
3471 2392 3563 2458 sit,

1872 2481 2011 2551 quid
2043 2488 2129 2536 est
2161 2484 2315 2553 quod
2356 2484 2585 2549 dicitur,
2613 2508 2637 2530 ‹‹
2669 2485 2801 2555 quia
2831 2484 3017 2554 iniqui
3043 2482 3248 2537 sublati
3278 2487 3409 2534 sunt
3437 2486 3566 2534 ante

1871 2575 2097 2641 tempus
2122 2572 2330 2625 suum?
2371 2593 2397 2620 ››
2429 2573 2545 2626 Nisi
2603 2573 2755 2643 quod
2818 2588 3018 2626 omnes
3067 2571 3165 2642 qui
3225 2576 3565 2640 praesentem

1870 2659 2044 2712 vitam
2074 2660 2342 2731 diligunt,
2376 2662 2641 2732 longiora
2677 2660 2784 2715 sibi
2815 2661 3073 2730 ejusdem
3102 2659 3233 2713 vita:
3247 2659 3568 2729 spatiapro-

1872 2748 2128 2803 mittunt.
2162 2750 2268 2805 Sed
2303 2766 2434 2804 cum
2466 2767 2563 2804 eos
2594 2766 2748 2803 mors
2780 2749 3185 2820 superveniens
3214 2764 3247 2801 a
3296 2747 3565 2817 praesenti

1873 2837 1984 2890 vita
2015 2838 2321 2905 subtrahit,
2356 2855 2560 2893 eorum
2595 2840 2722 2892 vitae
2764 2840 2964 2910 spatia,
2998 2854 3127 2909 quas
3160 2837 3270 2892 sibi
3300 2836 3565 2907 longiora

1870 2926 2034 2995 quasi
2079 2927 2137 2980 in
2172 2927 2517 2998 cogitatione
2569 2929 2801 2982 tendere
2851 2931 3285 2993 consueverant,
3327 2925 3562 2978 interci-

1803 3013 1974 3072 Cdit.
2001 3016 2143 3069 Item
2194 3015 2250 3069 in
2314 3016 2513 3071 eodem
2577 3016 2723 3070 libro
2782 3020 2921 3085 (cap.
2961 3018 3048 3081 37,
3101 3018 3213 3083 38),
3273 3030 3401 3067 cum
3457 3018 3566 3066 tra-

1874 3107 2053 3157 ctaret
2108 3105 2447 3159 sententiam
2498 3105 2648 3159 beati
2695 3105 2799 3160 Job
2844 3104 3131 3158 dicentis:
3195 3125 3216 3150 α
3291 3103 3354 3156 Et
3393 3118 3563 3155 nemo

1874 3200 2128 3245 avertere
2168 3198 2353 3263 potest
2377 3193 2785 3263 cogitationem
2827 3194 2950 3262 ejus
2996 3192 3145 3260 (Job.
3184 3208 3341 3259 xxni,
3388 3193 3495 3259 t3),
3538 3212 3558 3239 ο

1874 3279 1996 3333 haec
2026 3280 2323 3350 subjungit
2359 3298 2370 3334 :
2407 3280 2583 3352 [Sicut
2614 3283 2769 3335 enim
2795 3280 3173 3335 immutabilis
3204 3285 3424 3333 naturae
3456 3284 3556 3342 est,

1872 3366 1951 3421 ita
1980 3368 2354 3423 immutabilis
2393 3371 2716 3425 voluntatis.
2750 3370 3170 3439 Cogitatiooem
3195 3368 3407 3439 quippe
3439 3367 3562 3436 ejus

1872 3457 2065 3510 nullus
2102 3459 2327 3525 avertit,
2369 3460 2505 3529 quia
2538 3475 2706 3513 nemo
2740 3459 3003 3512 resistere
3039 3456 3275 3511 occultis
3311 3456 3435 3525 ejus
3459 3455 3560 3524 ju-

1872 3544 2034 3598 diciis
2066 3549 2354 3615 praevalet.
2393 3549 2533 3601 Nam
2567 3548 2669 3601 etsi
2730 3548 2962 3601 fuerunt
3017 3546 3250 3617 quidam
3300 3544 3401 3614 qui
3456 3544 3555 3597 de-

1870 3635 2299 3703 precationibus
2319 3637 2437 3689 suis
2467 3636 2589 3705 ejus
2636 3637 3039 3706 cogitationem
3085 3634 3355 3687 avertisse
3406 3632 3556 3687 vide-

1869 3730 2089 3785 rentur,
2122 3724 2202 3777 ita
2240 3724 2345 3777 fuit
2376 3724 2498 3793 ejus
2529 3724 2758 3778 interna
2788 3724 3077 3793 cogitatio,
3114 3728 3173 3776 ut
3218 3722 3554 3775 sententiam

1868 3810 2023 3864 illius
2054 3817 2308 3865 avertere
2338 3812 2694 3881 deprecando
2745 3812 3085 3880 potuissent,
3115 3816 3170 3863 et
3209 3810 3277 3863 ab
3318 3810 3439 3879 ipso
3475 3824 3560 3861 ac-

1868 3905 2144 3968 ceperunt
2204 3900 2356 3970 quod
2409 3906 2644 3970 agerent
2697 3900 2848 3970 apud
2890 3901 3098 3969 ipsum.
3160 3899 3318 3954 Dicat
3372 3913 3555 3967 ergo:

1872 4007 1898 4038 α
1934 3988 1997 4041 Et
2024 4003 2196 4041 nemo
2230 3994 2481 4043 avertere
2516 3994 2705 4059 potest
2750 3989 3156 4059 cogitationem
3189 3988 3331 4057 ejus,
3360 4009 3387 4036 »
3424 3986 3558 4057 quia

1865 4078 2043 4130 semel
2068 4077 2179 4130 lixa
2201 4077 2419 4147 judicia
2446 4078 2653 4132 mutari
2693 4094 3060 4149 nequaquam
3090 4081 3327 4149 possunt
3362 4092 3375 4131 :
3402 4075 3558 4130 Unde

1866 4164 2138 4235 scriptum
2170 4173 2255 4220 est
2289 4183 2301 4220 :
2340 4186 2368 4217 α
2400 4168 2750 4237 Praeceptum
2782 4168 2992 4236 posuit,
3019 4172 3073 4220 et
3104 4182 3217 4220 non
3244 4164 3563 4236 praeteribit

1797 4293 1841 4347 Β
1870 4252 2034 4323 (Psal.
2069 4270 2287 4321 CXLVIII,
2322 4258 2408 4322 6);
2464 4279 2489 4301 ››
2534 4260 2589 4309 et
2630 4272 2860 4309 rursum
2892 4272 2905 4310 :
2940 4276 2966 4305 ‹‹
3031 4256 3246 4310 Caelum
3301 4259 3357 4307 et
3410 4258 3562 4307 terra

1869 4342 2215 4409 transibunt,
2243 4344 2413 4398 verba
2441 4348 2635 4398 autem
2683 4360 2810 4397 mea
2860 4360 2974 4397 non
3025 4342 3348 4397 transibunt
3400 4342 3556 4410 (Luc.

1866 4446 1980 4495 nt,
2012 4430 2129 4501 33);
2171 4452 2192 4479 ι
2221 4436 2275 4483 et
2309 4448 2534 4486 rursum
2573 4448 2585 4485 :
2622 4452 2650 4483 α
2684 4432 2807 4486 Non
2830 4432 2986 4485 enim
3015 4430 3390 4500 cogitationes
3417 4446 3561 4483 mete

1869 4518 2014 4572 sicut
2040 4519 2414 4589 cogitationes
2442 4525 2662 4586 vestrm,
2686 4536 2873 4591 neque
2898 4520 3002 4573 vim
3021 4536 3184 4585 meae,
3204 4527 3403 4573 vestras
3428 4520 3557 4587 (Isa.

1867 4623 1955 4673 Lv,
1987 4607 2061 4677 8).
2100 4628 2126 4658 ιο
2157 4609 2297 4663 Cum
2330 4625 2466 4679 ergo
2498 4608 2748 4663 exterius
2780 4608 2993 4662 mutari
3013 4609 3234 4663 videtur
3255 4608 3557 4671 sententia,

1864 4696 2106 4750 interius
2136 4698 2439 4751 consilium
2472 4714 2589 4753 non
2619 4703 2893 4761 mutatur,
2945 4698 3079 4766 quia
3109 4698 3179 4750 de
3215 4711 3559 4765 unaquaque

1868 4801 1927 4838 re
1966 4785 2402 4840 immutabiliter
2448 4786 2602 4840 intus
2644 4786 3035 4851 constituitur,
3079 4784 3356 4853 quidquid
3407 4784 3559 4836 foras

1866 4874 2222 4928 mutabiliter
2249 4876 2461 4943 agitur.
2496 4876 2767 4946 Sequitur
2797 4892 2808 4928 :
2852 4896 2871 4922 α
2912 4876 2969 4928 Et
3008 4874 3198 4926 anima
3227 4872 3349 4942 ejus
3382 4873 3563 4942 quod-

1865 4977 2093 5032 cunque
2136 4964 2340 5029 voluit,
2390 4963 2542 5017 fecit.
2583 4982 2610 5013 ii
2649 4966 2789 5018 Cum
2838 4962 2910 5014 sit
2950 4961 3167 5014 cunctis
3222 4962 3560 5031 corporibus

1867 5051 2134 5118 exterior,
2164 5051 2380 5105 cunctis
2412 5051 2700 5105 mentibus
2730 5051 2969 5103 interior
2999 5051 3166 5115 Deus,
3211 5066 3277 5105 ea
3324 5050 3448 5120 ipsa
3478 5051 3559 5103 vis

1866 5138 2007 5208 ejus,
2034 5156 2146 5209 qua
2188 5140 2381 5193 omnia
2437 5144 2714 5209 penetrat,
2779 5145 2984 5191 cuncta
3034 5138 3308 5209 disponit,
3368 5139 3561 5193 anima

1863 5227 2020 5281 illius
2062 5229 2400 5297 appellatur.
2453 5228 2625 5297 Cujus
2676 5226 2943 5281 videlicet
2994 5228 3267 5281 voluntati
3328 5244 3429 5281 nec
3462 5228 3559 5281 illa

1865 5315 2150 5370 obsistunt
2180 5332 2309 5385 quas
2354 5322 2551 5370 contra
2583 5315 2937 5370 voluntatem
2990 5318 3144 5370 illius
3193 5316 3318 5370 tieri
3366 5316 3558 5369 viden~

1864 5408 1979 5469 tur,
2035 5403 2171 5474 quia
2225 5405 2332 5458 hoc
2380 5420 2800 5475 nonnunquam
2854 5405 3136 5475 permittit
3190 5404 3317 5458 ﬁeri
3382 5404 3555 5457 etiam

1866 5494 2017 5563 quod
2047 5508 2162 5545 non
2182 5494 2464 5564 prmcipit,
2492 5500 2556 5548 ut
2586 5511 2688 5565 per
2716 5496 2826 5549 hoc
2856 5495 2995 5548 illud
3020 5494 3228 5547 certius
3250 5493 3559 5563 impleatur

1863 5581 2016 5651 quod
2031 5579 2213 5649 jubet.
2241 5585 2529 5652 Apostatae
2562 5584 2776 5654 quippe
2808 5582 2997 5653 angeli
3047 5597 3311 5652 perversa
3357 5581 3553 5634 volun-
