3920 6224
308 337 376 387 27
1466 326 1829 386 RATRAMNI
1861 328 2329 387 CORBEIENSIS
2368 330 2676 387 MONACHI
3760 328 3816 378 28

302 448 393 519 tas
422 470 527 531 est,
556 465 652 518 sed
684 468 875 517 tamen
907 462 1049 517 adeo
1074 461 1417 516 mirabiliter
1436 462 1753 528 ordinatur,
1780 461 1999 530 utipsaa
2040 464 2081 517 A
2117 460 2339 515 minum
2365 461 2443 515 ita
2477 466 2532 515 et
2554 475 2796 530 corpora
2834 458 3046 513 creavit
3083 464 3139 512 et
3186 457 3441 527 spiritus,
3493 461 3556 510 ut
3604 461 3806 525 praeter

306 571 537 627 quoque
569 554 691 624 ejus
721 552 949 607 insidias
980 552 1215 606 utilitati
1239 552 1524 606 bonorum
1557 552 1825 618 serviant,
1851 567 1998 619 quos

308 648 558 715 purgant
588 643 724 697 dum
755 646 995 696 tentant.
1030 641 1119 696 Sic
1166 642 1360 711 itaque
1403 641 1527 711 ejus
1565 629 1758 695 anima
1807 641 2000 712 quod—

305 747 527 802 cunque
558 730 738 785 voluit
768 731 877 784 hoc
925 729 1076 794 fecit,
1110 734 1175 783 ut
1200 728 1335 783 inde
1368 745 1597 799 quoque
1646 730 1997 782 voluntatem

308 832 468 871 suam
499 817 760 886 impleat,
789 818 944 871 unde
972 818 1251 871 voluntati
1280 817 1432 871 illius
1482 834 1802 888 repugnare
1847 817 2001 871 vide-

307 906 519 976 batur.)

380 996 444 1048 In
475 996 744 1048 omnibus
774 994 897 1048 istis
941 994 1242 1048 sententiis
1273 993 1424 1047 beati
1465 993 1742 1064 Gregorii,
1792 993 2003 1047 interni

310 1083 614 1153 dispositio
645 1082 845 1137 secreti
876 1082 1211 1136 mirabiliter
1248 1081 1590 1145 insinuatur,
1632 1085 1694 1135 ut
1733 1096 2003 1152 quascun-

309 1189 421 1243 que
455 1172 547 1242 agi
579 1171 838 1226 videntur
872 1172 930 1224 in
962 1176 1223 1240 tempore
1267 1171 1414 1223 circa
1435 1171 1665 1235 electos,
1690 1170 1811 1239 ejus
1834 1176 2003 1223 aeter—

311 1261 509 1315 nitatis
542 1261 780 1314 consilio
812 1260 960 1331 apud
1012 1276 1141 1313 eum
1193 1259 1430 1312 definita
1478 1259 1835 1312 consistant:
1886 1275 1999 1312 non

310 1350 498 1403 solum
530 1350 782 1403 actiones
817 1354 1046 1413 sanctae,
1082 1364 1223 1419 quas
1254 1348 1374 1418 ejus
1406 1362 1645 1402 munere
1676 1347 2003 1417 percipiunt

309 1438 493 1504 electi,
529 1438 624 1492 sed
679 1443 734 1491 et
788 1442 1145 1492 tentamento
1194 1436 1528 1505 adversarii,
1575 1436 1783 1507 quibus
1837 1436 2000 1490 electi

309 1527 642 1597 probantur,
715 1526 924 1580 divintc
973 1526 1359 1597 dispositionis
1408 1525 1796 1579 moderamine
1855 1525 2001 1579 diri-

309 1618 543 1685 guntur,
576 1619 640 1668 ut
664 1614 930 1668 adversus
961 1623 1186 1668 sanctos
1226 1630 1341 1668 non
1373 1614 1529 1667 aliud
1568 1612 1789 1683 possint
1822 1613 2002 1667 hostis

306 1703 530 1758 insidias
565 1720 738 1775 quam
770 1704 923 1774 quod
963 1704 1209 1757 decrevit
1258 1703 1543 1757 sententia
1592 1702 1994 1757 Dominatoris.
2040 1744 2082 1798 Β

310 1792 375 1844 Et
400 1807 730 1861 quanquam
758 1806 946 1860 prava:
967 1790 1343 1861 cogitationes
1373 1795 1430 1843 et
1459 1789 1658 1860 iniqua
1688 1793 2003 1843 tentamen-

309 1883 366 1933 ta
405 1879 520 1933 sive
552 1879 874 1946 hominum,
900 1879 1013 1932 sive
1038 1880 1384 1943 dazmonum,
1414 1879 1594 1932 multa
1623 1878 1800 1932 velint
1819 1878 2001 1931 facere

312 1972 510 2021 contra
539 1968 890 2022 voluntatem
928 1968 1047 2033 Dei,
1067 1985 1131 2021 ex
1151 1968 1230 2021 eis
1262 1984 1487 2038 semper
1518 1973 1711 2021 tamen
1741 1968 2002 2021 voluntas

303 2056 458 2109 illius
488 2056 850 2126 completur:
906 2057 1039 2128 quia
1086 2057 1191 2111 etsi
1237 2058 1557 2110 voluntates
1603 2072 1887 2125 perversae
1933 2073 1997 2110 ex

308 2144 613 2215 iniquitate
644 2146 876 2199 veniant
916 2146 1207 2199 rationalis
1248 2150 1523 2199 creaturae
1557 2162 1589 2198 a
1622 2146 1736 2199 Deo
1766 2149 1996 2215 aposta-

309 2233 498 2299 tantis,
545 2234 797 2288 actiones
830 2238 1017 2288 tamen
1052 2234 1304 2288 serviunt
1350 2233 1563 2288 caelesti
1610 2233 1997 2304 dispositioni;

312 2323 468 2394 quia,
537 2323 681 2377 sicut
738 2324 814 2376 ait
902 2324 1101 2378 beatus
1160 2323 1516 2394 Gregorius:
1582 2322 1817 2394 [Anima
1878 2322 2000 2393 ejus

310 2411 698 2483 quodcunque
723 2412 908 2466 voluit
934 2412 1041 2466 hoc
1073 2412 1223 2480 fecit,
1267 2412 1544 2483 quoniam
1574 2410 1709 2465 inde
1734 2412 1999 2465 volunta-

307 2503 423 2552 tem
464 2516 626 2553 suam
678 2500 901 2570 implet,
942 2501 1098 2554 unde
1148 2505 1383 2570 putatur
1416 2500 1539 2569 ejus
1571 2498 1853 2552 voluntati
1910 2515 2001 2551 re-

310 2585 605 2658 pugnari.]
631 2587 792 2651 Quod
827 2587 961 2641 adeo
988 2603 1186 2641 verum
1236 2604 1355 2641 esse
1399 2587 1550 2641 idem
1602 2592 1829 2641 sanctus
1865 2588 1999 2641 Gre-

312 2675 507 2743 gorius
538 2676 841 2729 confirmat
869 2692 881 2729 :
922 2682 983 2730 ut
1004 2692 1364 2747 quaecunque
1397 2676 1575 2729 sancti
1626 2675 1729 2728 viri
1787 2675 2001 2729 orando

308 2768 604 2817 merentur
646 2763 929 2831 obtinere,
988 2764 1045 2818 in
1104 2764 1610 2835 praedestinatione
1642 2770 1774 2818 ante
1825 2764 1999 2818 fuisse

311 2851 460 2905 dicat
492 2852 811 2907 Divinitatis
841 2858 903 2907 ut
932 2854 1053 2907 haec
1084 2854 1301 2907 orando
1332 2853 1715 2923 perciperent.
1756 2854 1866 2908 Nec
1889 2853 2002 2907 alia

308 2945 550 3008 possunt
578 2957 609 2993 a
642 2941 755 2994 Deo
778 2940 1042 3010 precibus
1073 2942 1411 3011 promereri,
1456 2941 1569 2995 nisi
1615 2958 1741 3011 quae
1792 2941 2002 2995 Divini-

308 3027 437 3081 tatis
466 3028 703 3082 consilio
747 3029 962 3083 fuerint
1018 3030 1426 3099 praedestinata
1474 3034 1538 3083 ut
1584 3030 2001 3085 obtinerentur.

309 3118 373 3170 In
409 3116 641 3187 Dialogo
682 3133 930 3187 namque
980 3134 1081 3171 suo
1134 3122 1279 3187 (cap.
1315 3121 1368 3184 8)
1402 3118 1480 3171 ita
1530 3118 1658 3172 ait:
1715 3116 2003 3189 [Obtinere

310 3221 682 3276 nequaquam
715 3212 974 3276 possunt,
1008 3206 1285 3261 nimirum
1316 3206 1513 3273 sancti,
1544 3223 1670 3275 quae
1703 3208 2002 3277 praedesti-

310 3301 447 3349 nata
478 3311 597 3349 non
628 3296 886 3361 fuerunt;
913 3296 1009 3350 sed
1042 3312 1105 3350 ea
1140 3312 1269 3366 quas
1303 3296 1483 3349 sancti
1513 3296 1619 3349 viri
1647 3296 1866 3350 orando
1922 3297 2003 3350 ef.

310 3383 532 3450 ﬁciunt,
563 3384 644 3438 ita
684 3384 1086 3453 prmdestinata
1127 3389 1262 3438 sunt
1295 3388 1357 3438 ut
1404 3384 1667 3454 precibus
1709 3385 2007 3439 obtinean-

309 3478 423 3528 tur.
462 3474 603 3527 Nam
637 3474 761 3544 ipsa
792 3490 1020 3545 quoque
1042 3474 1313 3545 perennis
1339 3474 1503 3543 regni
1551 3474 2001 3544 prasdestinatio,

311 3564 390 3617 ita
420 3566 504 3615 est
536 3562 605 3616 ab
634 3562 1029 3633 omnipotente
1058 3564 1173 3619 Deo
1204 3563 1496 3633 disposita,
1528 3567 1591 3616 ut
1610 3565 1680 3616 ad
1702 3563 1809 3617 hoc
1840 3564 2006 3617 electi

312 3666 378 3705 ex
405 3650 600 3704 labore
631 3651 987 3722 perveniant,
1022 3658 1308 3724 quatenus
1355 3652 1699 3722 postulando
1749 3668 2003 3706 merean-

309 3744 404 3794 tur
432 3739 686 3811 accipere
719 3740 872 3811 quod
903 3741 984 3794 eis
1032 3740 1400 3812 omnipotens
1425 3742 1574 3795 Deus
1631 3744 1764 3794 ante
1798 3740 2004 3794 saecula

311 3828 589 3898 disposuit
620 3827 875 3901 donare.]

380 3918 458 3971 De
491 3919 595 3971 hac
646 3919 855 3972 iterum
902 3917 1330 3987 dispensatione
1385 3917 1712 3971 divinorum
1760 3933 2003 3986 operum

308 4007 555 4074 Prosper
607 4005 669 4058 in
726 4005 873 4058 libro
930 4005 998 4058 de
1060 4006 1363 4059 Vocatione
1432 4006 1694 4075 gentium
1751 4006 1895 4074 (Lib.
1962 4023 1999 4072 Ι,

310 4107 430 4161 cap.
470 4091 555 4161 15)
587 4091 665 4144 ita
709 4090 961 4159 loquitur
997 4106 1009 4144 :
1051 4089 1241 4159 [Multa
1279 4091 1432 4144 enim
1484 4097 1617 4145 sunt
1665 4092 1725 4145 in
1772 4092 1999 4162 dispen-

313 4182 527 4235 satione
553 4179 882 4233 divinorum
912 4195 1175 4249 operum,
1211 4196 1455 4250 quorum
1485 4180 1671 4234 causis
1692 4181 2002 4235 latentibus

309 4269 415 4324 soli
446 4271 838 4322 monstrantur
868 4268 1119 4328 effectus,
1154 4272 1216 4321 ut
1245 4284 1375 4321 cum
1414 4273 1604 4337 pateat
1644 4270 1796 4339 quod
1846 4269 2003 4339 geri-

306 4364 419 4425 tur,
446 4374 560 4412 non
595 4361 787 4427 pateat
817 4371 918 4409 cur
950 4362 1199 4426 geratur,
1236 4356 1469 4426 negotio
1521 4358 1580 4411 in
1628 4358 1883 4411 medium
1913 4358 2005 4410 de-

312 4448 498 4511 ducto,
536 4449 592 4499 et
618 4445 679 4498 in
705 4444 992 4498 occultum
1022 4444 1243 4497 ratione
1285 4444 1585 4511 subducta,
1613 4450 1677 4499 ut
1707 4446 1766 4499 in
1805 4445 2005 4500 eadem

310 4552 370 4589 re
392 4540 448 4589 et
469 4535 538 4589 de
560 4532 1024 4587 inscrutabilibus
1040 4532 1414 4602 praesumptio
1431 4534 1914 4602 comprimaturet
1936 4535 2005 4587 de

313 4621 628 4678 manifestis
706 4621 923 4675 falsitas
981 4621 1279 4675 refutetur.
1312 4622 1505 4691 Neque
1535 4622 1687 4675 enim
1738 4622 1784 4675 si
1813 4624 2005 4676 nescio

308 4728 409 4767 cur
435 4711 529 4766 ille
561 4712 789 4765 Graecus
840 4713 1084 4775 creetur,
1119 4709 1209 4762 hic
1246 4710 1554 4777 barbarus;
1616 4711 1723 4765 iste
1755 4711 1815 4764 in
1868 4712 2006 4765 divi-

310 4801 424 4867 tiis,
451 4800 548 4855 ille
582 4799 642 4853 in
690 4802 941 4871 egestate
998 4803 1293 4867 nascatur;
1346 4799 1497 4852 hunc
1549 4799 1736 4852 valida
1784 4801 2007 4870 proceri

311 4888 566 4959 corporis
594 4888 961 4959 pulchritudo
994 4886 1287 4953 sublimet,
1322 4886 1483 4940 illum
1512 4887 1787 4941 debilium
1820 4905 2007 4942 mem-

311 4978 552 5032 brorum
585 4977 806 5031 exilitas
826 4981 1119 5047 contracta
1149 4975 1458 5045 deformet;
1495 4974 1601 5029 iste
1633 4991 1666 5027 a
1713 4974 2004 5028 catholicis

312 5066 499 5121 editus
530 5067 590 5120 in
619 5067 870 5121 veritatis
899 5066 1202 5121 cunabulis
1232 5064 1535 5128 nutriatur,
1563 5064 1657 5116 ille
1708 5062 2005 5117 haeretico-

311 5170 441 5209 rum
472 5156 778 5226 progenies
803 5171 933 5209 cum
979 5155 1102 5226 ipso
1158 5155 1301 5209 lacte
1332 5153 1529 5207 matris
1578 5152 1805 5206 hauriat
1852 5151 2006 5205 virus

314 5247 553 5313 erroris;
588 5246 634 5300 si
666 5247 911 5318 denique
945 5246 1101 5299 mille
1132 5246 1272 5300 alias
1320 5243 1671 5300 differentias
1700 5243 1760 5297 in
1806 5243 2003 5297 habitu

312 5348 640 5405 corporum,
672 5333 731 5388 in
770 5334 1143 5405 qualitatibus
1186 5333 1534 5400 animorum,
1573 5332 1629 5385 in
1678 5331 2005 5386 conditione

314 5428 662 5494 temporum,
708 5423 766 5475 in
815 5437 974 5475 more
1020 5422 1320 5491 regionum
1358 5421 1672 5491 dijudicare
1728 5436 1842 5474 non
1882 5436 2007 5490 pos-

314 5528 461 5578 sum,
490 5511 618 5565 ideo
650 5512 804 5583 quod
836 5510 1099 5565 omnium
1149 5510 1358 5563 horum
1418 5512 1565 5565 Deus
1622 5509 1696 5564 sit
1745 5509 2007 5564 conditor

310 5605 483 5674 atque
521 5601 813 5656 ordinator
841 5600 1083 5671 ignoro;
1125 5598 1226 5670 qui
1263 5598 1465 5671 utique
1498 5600 1857 5671 singulorum
1911 5599 2008 5654 ho-

2116 550 2271 603 illam
2298 554 2624 603 secuturam
2646 564 2710 601 ex
2742 547 3201 616 uniuscujusque
3223 545 3412 599 studio
3436 543 3816 599 voluntariam

2115 638 2501 692 diversitatem
2549 637 2696 708 ipsa
2734 635 3090 690 conditionis
3153 633 3389 686 exordio
3434 631 3818 686 dissimillima

2114 728 2524 781 numerositate
2583 725 2848 780 variaret.
2912 724 3233 778 Turbarent
3262 728 3454 776 autem
3504 738 3608 774 nos
3663 721 3815 773 etin

2111 816 2401 870 diversum
2433 815 2818 870 distraherent
2852 816 3047 868 multae
3080 812 3530 883 vaniloquorum
3586 809 3817 880 opinio-

2111 921 2234 972 nes,
2265 906 2363 976 qui
2386 905 2454 958 de
2482 903 3023 974 incognoscibilibus
3054 902 3296 956 delinire
3342 898 3818 954 inconvenientia

2112 998 2623 1065 prmsumpserunt,
2655 997 2711 1046 et
2750 993 2851 1045 has
2877 990 3186 1061 originales
3204 988 3629 1059 inaequalitates
3660 985 3813 1047 fatis,

2109 1099 2239 1153 qua:
2269 1083 2428 1137 nulla
2478 1086 2630 1150 sunt,
2685 1086 2742 1135 et
2792 1080 3078 1134 sideribus
3132 1080 3503 1148 deputarunt,
3557 1074 3671 1128 nisi
3702 1090 3815 1128 cer-

2110 1172 2331 1226 tissima
2360 1171 2562 1225 notitia
2610 1177 2938 1225 teneremus
2993 1170 3171 1222 Deum
3227 1172 3545 1220 creatorem
3591 1164 3663 1218 de
3705 1164 3813 1217 cle-

2112 1260 2318 1315 mentis
2356 1258 2754 1330 originalibus,
2785 1262 2958 1328 prout
3004 1258 3142 1323 vult,
3198 1272 3293 1308 vas
3353 1252 3813 1323 unumquodque

2110 1352 2372 1414 formare,
2401 1353 2456 1403 et
2489 1364 2665 1402 unam
2689 1351 2952 1401 naturam
2975 1344 3322 1411 animarum,
3353 1358 3528 1396 unam
3549 1345 3814 1395 naturam

2111 1455 2413 1510 corporum
2471 1437 2695 1508 placitis
2753 1436 2861 1489 sibi
2920 1439 3240 1503 temperare
3311 1430 3615 1485 mensuris.
3676 1430 3815 1494 Quae

2114 1530 2309 1599 utique
2332 1544 2507 1599 opera
2533 1527 2630 1581 Dei
2660 1527 2925 1580 humana:
2973 1522 3371 1592 intelligentia:
3428 1536 3543 1573 non
3591 1520 3815 1573 subtra-

2110 1619 2406 1682 herentur,
2440 1616 2486 1668 si
2516 1616 2874 1669 innotescere
2914 1612 3263 1673 debuissent,
3307 1616 3363 1664 et
3410 1608 3813 1663 manifestare-

2111 1711 2205 1761 tur
2233 1722 2335 1759 cur
2365 1706 2442 1759 ita
2474 1705 2727 1775 quidque
2754 1704 2937 1769 fieret,
2974 1702 3085 1756 nisi
3131 1701 3285 1771 quod
3334 1700 3411 1753 ita
3460 1700 3627 1752 fieret
3668 1697 3815 1751 scire

2112 1795 2418 1849 sufficeret.
2456 1793 2599 1847 Dicit
2630 1792 2906 1846 Dominus
2963 1791 3031 1845 ad
3078 1791 3308 1860 Moysen
3345 1805 3357 1842 :
3391 1808 3416 1840 ι
3454 1788 3589 1851 Quis
3655 1786 3815 1841 dedit

2111 1901 2170 1938 os
2202 1883 2446 1949 homini,
2481 1888 2536 1937 et
2567 1882 2693 1952 quis
2742 1881 2874 1935 fecit
2905 1884 3133 1933 mutum
3181 1885 3237 1932 et
3284 1894 3403 1932 non
3453 1876 3813 1940 audientem,

2112 1973 2402 2027 videntem
2451 1975 2505 2024 et
2563 1969 2825 2024 caecum?
2888 1971 3087 2023 Nonne
3156 1984 3262 2038 ego
3323 1966 3602 2021 Dominus
3670 1966 3819 2018 Deus

2112 2062 2310 2132 (Exod.
2347 2077 2421 2129 1v,
2454 2062 2556 2128 ll).
2600 2080 2627 2111 ι)
2696 2061 2758 2113 Et
2806 2075 2911 2129 per
2948 2057 3152 2111 Isaiam
3184 2073 3196 2110 :
3234 2078 3260 2105 ‹‹
3305 2056 3503 2109 Nonne
3544 2070 3677 2108 ecce
3707 2070 3817 2124 ego

2110 2151 2410 2206 fecundam
2472 2154 2530 2203 et
2584 2148 2838 2202 sterilem
2890 2148 3036 2201 feci?
3079 2146 3221 2200 dixit
3276 2146 3425 2199 Deus
3480 2144 3609 2213 (Isa.
3669 2155 3815 2210 LIVI,

2109 2241 2184 2309 9).
2226 2261 2248 2288 ι
2277 2241 2340 2293 In
2362 2239 2509 2293 libro
2546 2236 2929 2292 Ecclesiastico
2970 2236 3223 2305 legitur:
3277 2252 3304 2284 ((
3338 2236 3495 2289 Bona
3534 2239 3591 2286 et
3637 2233 3816 2293 mala,

2110 2329 2224 2383 vita
2279 2333 2337 2381 et
2394 2344 2563 2393 mors,
2610 2330 2917 2396 paupertas
2965 2330 3022 2378 et
3078 2324 3348 2377 honestas
3408 2339 3438 2375 a
3507 2322 3621 2375 Deo
3679 2325 3820 2373 sunt

2112 2417 2314 2482 (Eccli.
2353 2432 2428 2481 xI,
2474 2415 2578 2484 14).
2614 2435 2641 2462 »
2680 2413 2864 2467 EtJob
2898 2412 3037 2466 dicit
3069 2428 3081 2465 :
3118 2432 3144 2460 ‹‹
3180 2410 3488 2464 Abundant
3540 2408 3817 2462 taberna-

2110 2505 2235 2559 cula
2268 2504 2628 2575 prmdonum,
2669 2507 2725 2556 et
2776 2501 3046 2555 audacter
3090 2505 3402 2572 provocant
3442 2500 3643 2563 Deum,
3680 2513 3816 2551 cum

2108 2594 2230 2663 ipse
2260 2592 2483 2647 dederit
2512 2591 2707 2645 omnia
2736 2590 2797 2643 in
2821 2589 3083 2643 manibus
3132 2604 3330 2642 eorum
3367 2586 3490 2657 (Job
3520 2602 3617 2651 xu,
3668 2585 3754 2651 6).
3787 2606 3813 2632 »

2112 2684 2176 2737 Et
2230 2682 2376 2735 idem
2412 2682 2481 2735 de
2542 2679 2800 2733 omnium
2859 2694 3052 2732 rerum
3113 2678 3497 2731 humanarum
3549 2674 3816 2744 profectu

2111 2776 2166 2825 et
2196 2770 2417 2825 defectu
2469 2769 2786 2838 disputans,
2839 2782 3153 2836 omnesque
3194 2764 3538 2819 mutationes
3582 2763 3651 2817 ad
3714 2763 3819 2815 Dei

2104 2859 2321 2930 judicia
2361 2858 2610 2911 referens
2646 2872 2659 2910 :
2695 2875 2723 2907 «
2748 2856 2912 2925 Apud
2941 2855 3139 2925 ipsum
3181 2860 3284 2919 est,
3323 2875 3343 2901 ι
3394 2852 3603 2923 inquit,
3650 2873 3671 2899 ι
3725 2868 3819 2904 sa-

2110 2948 2328 3018 pientia
2358 2952 2415 3001 et
2443 2945 2717 3000 fortitudo
2752 2960 2763 3000 :
2802 2946 2923 3015 ipse
2954 2942 3128 2997 habet
3150 2942 3454 2996 consilium
3488 2945 3545 2994 et
3594 2940 3820 2993 intelli-

2045 3023 2085 3077 C
2115 3036 2415 3107 gentiam:
2473 3035 2519 3087 si
2573 3032 2939 3097 destruxerit,
2989 3048 3160 3085 nemo
3217 3035 3302 3084 est
3357 3029 3473 3099 Tqui
3532 3028 3819 3093 aedificet;

2114 3126 2161 3178 si
2194 3124 2487 3178 incluserit
2544 3122 2863 3187 hominem,
2923 3122 3116 3173 nullus
3172 3125 3257 3173 est
3320 3119 3421 3188 qui
3478 3117 3737 3188 aperiat;
3777 3119 3823 3170 si

2112 3211 2460 3266 continuerit
2508 3226 2704 3280 aquas,
2758 3208 2955 3263 omnia
3029 3208 3434 3271 siccabuntur;
3490 3206 3538 3259 si
3604 3206 3822 3260 emise-

2113 3299 2189 3353 rit
2216 3315 2329 3367 eas,
2392 3299 2723 3352 subvertant
2773 3302 3005 3350 terram.
3057 3297 3225 3366 Apud
3272 3296 3460 3366 ipsum
3512 3299 3597 3348 est
3653 3295 3821 3348 forti-

2112 3388 2268 3454 tudo,
2298 3392 2354 3441 et
2385 3387 2667 3458 sapientia
2703 3401 2714 3440 :
2748 3386 2873 3456 ipse
2905 3387 3062 3438 novit
3091 3390 3147 3438 et
3178 3385 3558 3454 decipientem
3591 3387 3649 3435 et
3680 3400 3824 3437 eum

2112 3477 2213 3548 qui
2245 3476 2571 3546 decipitur:
2637 3475 2868 3529 adducit
2924 3474 3279 3527 consiliarios
3336 3474 3397 3526 in
3450 3473 3693 3525 stultum
3758 3474 3827 3525 1i-

2114 3581 2243 3619 nem
2275 3571 2331 3620 et
2350 3565 2570 3635 judices
2603 3563 2662 3617 in
2695 3568 3011 3633 stuporem.
3050 3563 3304 3615 Balteum
3347 3576 3549 3630 regum
3604 3560 3823 3613 dissol-

2110 3655 2209 3723 vit,
2240 3653 2615 3725 etprsecingit
2645 3653 2782 3706 fune
2844 3668 3010 3705 renes
3061 3665 3261 3703 eorum
3306 3649 3479 3714 (Ibid.
3551 3651 3742 3703 l3-l8.
3797 3668 3823 3700 ι

2117 3768 2137 3793 α
2176 3744 2340 3799 Ducit
2370 3742 2689 3797 sacerdotes
2721 3741 3018 3811 inglorios,
3045 3744 3099 3793 et
3121 3739 3427 3809 optimates
3456 3738 3823 3808 supplantat:

2111 3836 2473 3888 commutans
2508 3831 2723 3886 labium
2778 3830 3091 3893 veracium,
3124 3834 3180 3881 et
3234 3826 3556 3881 doctrinam
3607 3841 3825 3880 senum

2110 3922 2403 3988 auferens;
2437 3919 2737 3975 effundens
2770 3917 3193 3988 despectionem
3223 3932 3397 3986 super
3419 3914 3729 3985 principes,
3769 3923 3828 3970 et

2113 4027 2208 4063 eos
2240 4013 2338 4080 qui
2377 4008 2638 4079 oppressi
2668 4007 2895 4061 fuerant
2952 4006 3208 4059 revelans
3244 4021 3258 4059 :
3309 4005 3406 4075 qui
3440 4004 3650 4057 revelat
3678 4019 3825 4073 pro—

2112 4098 2286 4152 funda
2318 4098 2385 4151 de
2445 4096 2696 4150 tenebris
2761 4100 2817 4149 et
2866 4095 3130 4165 producit
3188 4093 3247 4147 in
3304 4093 3493 4145 lucem
3547 4091 3828 4146 umbram

2113 4185 2349 4238 mortis:
2409 4184 2509 4254 qui
2562 4182 2906 4252 multiplicat
2957 4186 3177 4252 gentes,
3239 4185 3294 4233 et
3348 4178 3553 4249 perdet
3601 4194 3719 4244 eas,
3769 4184 3831 4233 et

2045 4304 2087 4358 Β
2116 4274 2414 4328 subversas
2456 4273 2515 4326 in
2554 4272 2843 4343 integrum
2895 4272 3197 4325 restituet:
3261 4269 3361 4340 qui
3409 4269 3680 4322 immutat
3720 4283 3832 4323 cor

2118 4362 2443 4433 principum
2493 4366 2682 4428 terrae,
2711 4366 2767 4415 et
2810 4361 3025 4431 decipit
3070 4376 3185 4427 eos,
3213 4364 3273 4412 ut
3303 4358 3511 4412 frustra
3544 4357 3835 4412 incedant

2116 4467 2218 4522 per
2249 4451 2466 4504 invium
2502 4466 2514 4504 :
2547 4451 2863 4522 palpabunt
2890 4450 3051 4520 quasi
3088 4449 3148 4502 in
3186 4447 3460 4513 tenebris,
3494 4451 3550 4500 et
3601 4462 3723 4499 non
3755 4447 3827 4501 in

2115 4542 2259 4605 luce,
2289 4545 2344 4593 et
2390 4556 2579 4593 errare
2632 4556 2730 4592 eos
2785 4539 2953 4592 faciet
3001 4536 3164 4608 quasi
3219 4536 3406 4591 ebrios
3466 4534 3657 4603 (Ibid,
3717 4538 3831 4589 l9-

2115 4629 2224 4698 25).
2255 4650 2275 4675 »
2310 4630 2374 4682 Et
2404 4628 2615 4681 iterum
2640 4628 2791 4681 idem
2824 4626 3017 4680 dicens
3047 4626 3400 4679 voluntatem
3430 4624 3548 4693 .Dei
3590 4623 3827 4679 irritam

2115 4734 2237 4771 esse
2281 4733 2396 4771 non
2444 4732 2654 4786 posse:
2705 4738 2725 4763 ι
2776 4718 2896 4786 Ipse
2944 4714 3122 4781 enim,
3165 4714 3374 4784 inquit,
3435 4714 3591 4765 solus
3646 4718 3735 4765 est
3764 4720 3830 4768 et

2115 4822 2287 4860 nemo
2320 4810 2582 4859 avertere
2620 4810 2813 4875 potest
2855 4803 3265 4873 cogitationem
3313 4801 3467 4871 ejus;
3512 4805 3567 4854 et
3620 4802 3829 4856 anima

2115 4895 2239 4964 ejus
2269 4894 2653 4964 quodcunque
2686 4892 2949 4959 voluerit,
2980 4892 3087 4945 hoc
3118 4891 3234 4945 fiet.
3272 4890 3327 4962 »]

2187 4984 2325 5036 Item
2348 4983 2643 5036 Salvianus
2675 4981 2975 5051 episcopus
2996 4980 3055 5033 in
3082 4980 3227 5033 libro
3259 4979 3427 5033 tertio
3476 4979 3613 5048 (sub.
3668 4982 3827 5049 init.)

2114 5072 2182 5125 de
2212 5070 2634 5124 Gubernatione
2666 5070 2767 5123 Dei
2799 5069 2995 5122 omnia
3026 5085 3155 5139 qua:
3183 5068 3240 5121 in
3273 5069 3489 5122 mundo
3509 5074 3825 5138 geruntur,

2115 5172 2251 5210 cura
2280 5161 2335 5210 et
2364 5157 2754 5226 gubernaculo
2786 5160 2842 5209 et
2869 5156 3087 5226 judicio
3122 5156 3219 5211 Dei
3267 5157 3555 5211 moderari
3602 5156 3829 5211 talibus

2114 5244 2302 5297 verbis
2335 5249 2702 5314 protestatur.
2740 5243 3049 5315 [Quaeritur
3076 5245 3268 5315 itaque
3293 5244 3339 5298 si
3360 5250 3542 5299 totum
3575 5246 3736 5314 quod
3764 5247 3828 5301 in

2115 5334 2223 5387 hoc
2247 5332 2460 5386 mundo
2490 5336 2590 5394 est,
2642 5348 2779 5384 cura
2822 5336 2878 5385 et
2912 5331 3300 5401 gubernaculo
3330 5333 3396 5386 'et
3445 5332 3664 5402 judicio
3719 5336 3828 5389 Dei

2115 5421 2324 5491 agitur,
2358 5436 2459 5474 cur
2488 5420 2696 5474 melior
2743 5420 2927 5474 multo
2985 5421 3059 5474 sit
3101 5422 3475 5475 barbarorum
3535 5421 3823 5489 conditio,

2115 5525 2288 5581 quam
2322 5509 2554 5563 nostra?
2587 5525 2689 5563 cur
2746 5510 2896 5564 inter
2936 5524 3033 5564 eos
3074 5526 3307 5582 quoque
3356 5510 3509 5581 ipsos
3558 5526 3681 5564 sors
3712 5511 3825 5567 bo-

2115 5614 2324 5653 norum
2357 5597 2556 5653 durior
2595 5615 2771 5671 quam
2815 5599 3134 5665 malorum;
3190 5615 3293 5654 cur
3350 5600 3515 5671 probi
3555 5599 3823 5671 jaceant,
