3920 6224
64 350 120 403 29
1130 356 1219 410 DE
1263 354 1932 411 PREDESTINATIONE
1974 354 2113 409 DEI.
2155 384 2221 394 -—
2262 354 2391 409 LIB.
2434 354 2474 408 Ι.
3498 356 3565 408 30

59 482 293 553 improbi
335 485 775 551 convalescant;
825 500 926 539 cur
972 484 1187 557 iniquis
1240 487 1327 539 vel
1367 485 1614 541 maxime
1644 502 1745 557 po-
1786 489 1829 541 A
1862 486 2096 555 placuit,
2127 502 2256 556 quas
2290 484 2552 540 brevitati
2607 485 2895 541 sufﬁciant
2946 491 3003 542 et
3033 487 3286 542 divinam
3315 488 3557 559 gratiam

60 572 350 626 testatibus
390 573 669 627 universa
706 573 1123 629 succumbunt?
1156 575 1374 628 Possim
1406 574 1641 645 quidem
1672 591 1755 629 ra-

62 660 407 714 tionabiliter
448 666 505 715 et
554 661 693 715 satis
743 665 1066 716 constanter
1111 662 1319 729 dicere,
1373 663 1572 718 Nescio
1612 680 1623 717 :
1661 679 1755 716 se-

62 756 266 803 cretum
331 750 492 804 enim
550 751 855 805 consilium
897 751 1217 805 Divinitatis
1256 752 1482 821 ignoro.
1536 752 1757 807 Sufﬁcit

62 840 193 893 mihi
223 839 296 892 ad
328 855 519 894 causae
550 840 726 911 hujus
758 841 1157 911 probationem
1189 840 1322 894 dicti
1355 841 1598 895 caelestis
1628 857 1755 894 ora-

62 928 262 982 culum.
299 928 457 981 Deus
483 944 517 982 a
564 944 647 994 se,
698 933 762 982 ut
799 928 1002 983 libellis
1034 928 1427 998 superioribus
1482 929 1756 1000 probavi-

63 1033 199 1080 mus,
222 1016 429 1069 omnia
462 1015 602 1070 dicit
633 1016 827 1086 aspici,
877 1017 1071 1071 omnia
1120 1017 1265 1088 regi,
1297 1018 1495 1071 omnia
1532 1016 1755 1087 judica-

63 1105 125 1159 ri.
164 1104 220 1158 Si
270 1104 422 1157 scire
484 1105 566 1157 vis
620 1105 760 1175 quid
814 1106 1127 1159 tenendum
1181 1105 1254 1159 sit
1302 1106 1477 1159 hach
1537 1106 1757 1159 litteras

63 1209 256 1247 sacras.
318 1192 582 1247 Perfecta
630 1193 773 1247 ratio
828 1198 912 1247 est
943 1194 1051 1247 hoc
1082 1197 1272 1247 tenere
1316 1194 1477 1263 quod
1530 1195 1753 1265 legeris.

63 1285 174 1347 Qua
202 1298 378 1335 causa
408 1286 610 1335 autem
644 1282 788 1336 Deus
826 1282 948 1336 haec
978 1283 1047 1337 de
1077 1282 1285 1353 quibus
1318 1282 1629 1354 loquimur,
1680 1284 1759 1338 ita

66 1372 235 1431 faciat,
269 1371 409 1423 nolo
461 1386 497 1423 a
541 1386 633 1424 me
666 1370 926 1441 requiras
961 1386 973 1424 :
1028 1371 1198 1424 homo
1234 1387 1383 1439 sum,
1419 1388 1532 1425 non
1582 1372 1759 1427 intel-

64 1462 195 1529 ligo;
244 1462 472 1512 secreta
535 1459 635 1512 Dei
688 1458 1030 1529 investigare
1085 1476 1201 1513 nou
1252 1460 1455 1523 audeo,
1512 1465 1569 1515 et
1626 1460 1753 1515 ideo

65 1550 225 1601 etiam
256 1550 545 1601 attentare
591 1548 877 1602 formido:
911 1549 1045 1619 quia
1076 1564 1143 1602 ex
1189 1548 1295 1602 hoc
1342 1549 1532 1618 ipsum
1577 1566 1759 1620 genus

67 1637 220 1710 quasi
250 1637 554 1707 sacrilegas
594 1637 929 1691 temeritatis
988 1644 1092 1703 est,
1127 1638 1174 1691 si
1204 1639 1333 1708 plus
1391 1639 1534 1693 scire
1565 1638 1760 1709 cupias

68 1740 230 1795 quam
258 1724 495 1779 sinaris.
520 1723 779 1779 Sufﬁciat
800 1724 904 1778 tibi
935 1724 1091 1794 quod
1123 1727 1268 1779 Deus
1294 1741 1326 1779 a
1358 1741 1416 1778 se
1441 1726 1534 1797 agi
1561 1742 1627 1780 ac
1651 1728 1758 1780 dis-

70 1814 291 1884 pensari
320 1818 535 1868 cuncta
582 1817 841 1867 testatur.
876 1814 1020 1877 Quid
1058 1829 1151 1868 me
1207 1813 1547 1885 interrogas,
1582 1830 1759 1885 quare

70 1904 204 1956 alter
227 1902 301 1955 sit
335 1902 542 1971 major,
577 1903 722 1955 alter
766 1901 981 1967 minor;
1016 1903 1159 1955 alter
1207 1902 1403 1967 miser,
1438 1905 1582 1957 alter
1632 1904 1763 1957 hea-

72 1996 187 2055 tus;
211 1991 357 2044 alter
396 1990 587 2052 fortis,
624 1991 767 2043 alter
796 1988 1094 2043 inﬁrmus?
1136 1991 1258 2054 Qua
1298 2007 1468 2045 causa
1529 1992 1761 2062 quidem

69 2080 184 2133 haec
212 2080 363 2133 Deus
384 2079 554 2132 faciat
584 2095 703 2132 non
730 2078 1009 2149 intelligo,
1037 2079 1133 2133 sed
1157 2080 1229 2134 ad
1257 2080 1649 2150 plenissimam
1672 2097 1763 2135 ra-

71 2168 276 2220 tionem
309 2167 542 2221 abunde
590 2167 804 2221 sufﬁcit
831 2168 977 2237 quod
1013 2184 1044 2221 a
1084 2169 1199 2222 Deo
1229 2169 1319 2238 agi
1367 2170 1477 2223 ista
1523 2171 1764 2224 demon-

69 2260 200 2309 stro.
233 2255 394 2310 Sicut
425 2255 584 2309 enim
624 2257 755 2325 plus
785 2262 871 2309 est
910 2257 1056 2310 Deus
1086 2274 1260 2328 quam
1294 2258 1483 2311 omnis
1513 2259 1767 2313 humana

72 2342 225 2407 ratio,
256 2341 339 2395 sic
367 2342 498 2412 plus
531 2343 675 2396 mihi
722 2343 889 2398 debet
912 2359 1032 2399 esse
1090 2360 1263 2415 quam
1316 2344 1484 2410 ratio,
1522 2346 1675 2416 quod
1733 2363 1766 2400 a

73 2432 183 2485 Deo
206 2431 301 2501 agi
332 2436 536 2485 cuncta
579 2447 880 2501 cognosco.
919 2433 1067 2487 Nihil
1098 2449 1232 2503 ergo
1286 2433 1345 2487 in
1377 2434 1484 2487 hac
1514 2450 1573 2488 re
1624 2451 1768 2507 opus

74 2525 155 2573 est
182 2535 396 2573 novum
428 2518 650 2590 aliquid
684 2520 906 2584 audire,
938 2520 1070 2573 satis
1100 2521 1173 2574 sit
1203 2537 1307 2590 pro
1339 2522 1622 2576 universis
1676 2539 1767 2576 ra-

78 2607 323 2661 tionibus
353 2613 555 2661 auctor
583 2609 753 2663 Deus.
799 2609 911 2662 Nec
940 2609 1071 2664 licet
1092 2613 1155 2663 ut
1192 2611 1261 2665 de
1284 2610 1374 2664 his
1407 2627 1537 2682 quas
1571 2611 1766 2665 divino

78 2701 318 2767 aguntur
345 2695 591 2750 arbitrio
624 2696 780 2751 aliud
812 2696 965 2752 dicas
989 2699 1228 2769 justum,
1259 2700 1413 2753 aliud
1454 2699 1764 2769 injustum;

81 2785 205 2855 quia
231 2784 525 2856 quidquid
555 2802 589 2838 a
631 2786 746 2839 Deo
777 2784 871 2856 agi
899 2785 1056 2839 vides
1079 2790 1246 2856 atque
1263 2786 1637 2855 convinceris,
1667 2805 1769 2842 ne-

82 2888 226 2926 cesse
260 2878 349 2926 est
366 2874 499 2943 plus
527 2890 702 2943 quam
724 2874 945 2943 justum
971 2889 1090 2927 esse
1118 2873 1363 2928 fatearis.
1400 2876 1512 2929 Nec
1534 2891 1670 2946 ergo
1701 2877 1770 2930 de

83 2961 462 3031 gubernaculo
492 2962 594 3016 Dei
617 2967 789 3032 atque
800 2962 1016 3031 judicio
1038 2962 1460 3033 expeditissime
1483 2980 1546 3017 ac
1576 2964 1769 3018 fortis-

1861 574 2288 640 commendent,
2313 578 2368 628 et
2401 574 2920 643 prmdestinationis
2951 576 3253 631 consilium
3284 592 3399 630 non
3437 576 3557 630 abs-

1863 663 2128 717 condant.
2158 663 2320 728 Quod
2350 662 2491 717 tides
2520 664 2738 718 donum
2776 664 2871 717 Dei
2918 665 3010 730 sit,
3036 670 3091 719 et
3120 666 3310 721 nullus
3358 670 3558 735 pereat

1862 752 2423 820 praedestinatorum,
2460 753 2659 805 beatus
2688 755 3040 821 Augustinus
3101 755 3158 808 in
3207 754 3560 825 expositione

1864 841 2161 909 Evangelii
2188 841 2422 896 Joannis
2454 842 2840 910 (Tractmxxu)
2865 843 2938 896 ita
2969 844 3305 897 conﬁrmat:
3352 843 3372 915 [
3398 846 3563 898 «Cre-

1865 930 2043 997 denti,
2075 930 2280 1001 inquit,
2316 930 2375 984 in
2407 947 2539 984 eum
2570 930 2669 1000 qui
2701 931 2977 1001 justiﬁcat
3006 931 3271 1003 impium,
3311 932 3554 1001 deputa-

1865 1024 1960 1073 tur
1988 1019 2127 1073 ﬁdes
2165 1019 2287 1089 ejus
2328 1019 2395 1073 ad
2431 1019 2719 1088 justitiam
2771 1020 2953 1089 (Rom.
3013 1035 3088 1087 1v,
3136 1018 3207 1089 5).
3244 1041 3264 1067 ι
3342 1021 3402 1073 lu
3454 1020 3562 1073 hoc

1865 1122 2034 1176 opere
2056 1106 2330 1160 faciamus
2362 1122 2536 1176 opera
2574 1106 2800 1174 Christi,
2837 1107 2972 1178 quia
3005 1113 3061 1161 ct
3113 1107 3301 1175 ipsum
3333 1108 3561 1161 credere

1864 1195 1925 1248 in
1953 1195 2194 1261 Christo,
2226 1211 2370 1265 opus
2402 1201 2487 1249 est
2536 1196 2769 1250 Christi.
2824 1197 2941 1249 Hoc
2980 1200 3250 1266 operatur
3307 1196 3364 1248 in
3401 1196 3565 1249 nobis

1865 1300 1983 1337 non
2017 1285 2214 1355 utique
2244 1283 2366 1337 sine
2404 1283 2584 1338 nobis.
2616 1284 2759 1339 Audi
2808 1300 2944 1354 ergo
2994 1284 3115 1354 jam
3154 1289 3209 1338 et
3256 1284 3511 1355 intelligo
3546 1302 3558 1338 :

1868 1391 1896 1425 tt
1921 1373 2025 1436 Qui
2057 1374 2236 1427 credit
2262 1372 2320 1426 iu
2346 1389 2454 1440 me,
2506 1389 2679 1444 opera
2711 1389 2840 1444 quae
2870 1373 2977 1444 ego
3033 1374 3175 1427 facio
3209 1379 3266 1427 et
3314 1373 3433 1444 ipse
3473 1374 3563 1428 fa-

1866 1462 1977 1516 ciet
2004 1463 2189 1533 (Joan.
2222 1478 2335 1527 xiv,
2393 1462 2515 1531 12)?
2546 1482 2573 1510 »
2610 1463 2772 1516 Prius
2816 1478 2923 1533 ego
2982 1461 3149 1531 facio,
3181 1461 3386 1515 deinde
3440 1461 3565 1530 ipse

1870 1551 2064 1619 faciet;
2098 1551 2231 1621 quia
2261 1550 2403 1604 facio
2437 1556 2499 1604 ut
2556 1550 2743 1605 faciat.
2790 1550 2924 1615 Qum
2981 1566 3178 1619 opera,
3213 1549 3322 1603 nisi
3365 1555 3429 1604 ut
3497 1565 3562 1603 ex

1868 1638 2253 1709 impiojustus
2294 1638 2427 1692 ﬁat?
2464 1642 2531 1693 Et
2561 1640 2774 1708 majora
2823 1640 3013 1692 horum
3040 1641 3227 1704 faciet.
3284 1638 3559 1703 Quorum,

1868 1726 2144 1782 obsecro?
2170 1726 2575 1798 Nunquidnam
2608 1726 2867 1780 omnium
2898 1741 3139 1794 operum
3179 1724 3381 1779 Christi
3442 1740 3563 1777 ma-

1866 1816 1993 1886 jora
2024 1815 2209 1881 faciet,
2243 1814 2342 1885 qui
2374 1830 2500 1867 cum
2536 1815 2741 1867 timore
2773 1818 2829 1868 et
2867 1818 3117 1867 tremore
3168 1829 3327 1866 suam
3386 1812 3565 1883 ipsius

1872 1906 2111 1957 salutem
2143 1908 2443 1974 operatur;
2477 1902 2626 1972 quod
2667 1902 2868 1972 utique
2894 1903 2951 1954 in
2977 1903 3097 1969 illo,
3151 1902 3249 1955 sed
3281 1917 3396 1954 non
3445 1900 3565 1953 sine

1872 1993 1974 2048 illo
2008 1992 2261 2047 Christus
2288 1990 2591 2062 operatur?
2624 1992 2847 2061 (Philip.
2882 2007 2939 2056 ιι,
2982 1991 3088 2061 t2.)
3114 1992 3351 2045 Prorsus
3382 1990 3566 2060 majus

1872 2083 1980 2136 hoc
1999 2098 2120 2135 esse
2152 2080 2409 2147 dixerim,
2448 2095 2620 2149 quam
2653 2083 2738 2132 est
2777 2080 2981 2133 coelum
3013 2084 3069 2132 et
3098 2083 3268 2145 terra,
3320 2082 3375 2131 et
3415 2093 3568 2148 qum-

1874 2185 2101 2241 cunque
2140 2174 2453 2222 cernuntur
2483 2169 2541 2221 in
2572 2167 2713 2222 coelo
2762 2173 2819 2221 et
2847 2167 2906 2220 in
2948 2173 3115 2221 terra.
3164 2167 3379 2221 Coelum
3411 2166 3566 2220 enim

1876 2266 1933 2314 et
1970 2265 2121 2313 terra
2160 2257 2517 2313 transibunt:
2562 2255 3100 2327 praedestinatorum
3126 2260 3340 2317 autem,
3385 2254 3443 2308 id
3483 2258 3571 2309 est

1876 2364 2073 2405 eorum
2106 2362 2250 2418 quos
2281 2345 2526 2417 pra‘scit,
2587 2345 2737 2398 salus
2794 2349 2849 2397 et
2888 2343 3223 2413 justiﬁcatio
3260 2358 3565 2413 permane-

1876 2438 2039 2492 bunt.
2067 2439 2130 2490 In
2186 2435 2298 2489 illis
2343 2438 2567 2489 tantum
2597 2450 2773 2504 opera
2828 2432 2946 2499 Dei,
2982 2432 3041 2486 in
3091 2432 3177 2486 his
3244 2436 3437 2485 autem
3484 2434 3572 2485 est

1876 2527 2047 2581 etiam
2070 2526 2259 2594 imago
2290 2522 2595 2595 Dei.]Item
2615 2522 2769 2593 quod
2800 2537 2973 2592 opera
3003 2526 3331 2575 sanctorum
3354 2521 3569 2574 donum

1880 2615 1980 2669 Dei
2010 2614 2102 2681 sit,
2134 2614 2213 2667 sic
2250 2612 2404 2666 idem
2426 2612 2625 2666 doctor
2656 2610 2716 2663 in
2738 2610 2939 2664 eodem
2972 2610 3118 2664 libro
3150 2612 3353 2673 (Tract.
3389 2610 3569 2674 Lxxx1)

1878 2703 2181 2757 conﬁrmat
2220 2718 2233 2755 :
2264 2722 2291 2750 ι(
2324 2699 2480 2756 Sicut
2503 2700 2724 2769 palmes
2756 2715 2870 2752 non
2902 2704 3091 2769 potest
3140 2699 3289 2753 ferre
3320 2699 3572 2752 fructum

1878 2808 1911 2846 a
1942 2792 2274 2863 semetipso,
2307 2789 2416 2843 nisi
2449 2787 2725 2841 manserit
2766 2786 2824 2841 in
2859 2787 2971 2840 vite
2998 2802 3012 2841 :
3041 2786 3120 2840 sic
3149 2802 3254 2840 nec
3291 2804 3412 2855 vos,
3460 2786 3574 2839 nisi

1880 2881 1941 2935 in
1996 2895 2089 2933 me
2146 2877 2470 2933 manseritis
2518 2878 2707 2945 (Joan.
2753 2892 2842 2941 xv,
2902 2876 2981 2946 4).
3026 2898 3052 2925 ››
3114 2876 3314 2946 Magna
3374 2876 3573 2947 gratias

1880 2964 2321 3031 commendatio,
2346 2964 2548 3018 fratres
2588 2962 2698 3016 mei
2732 2978 2744 3016 :
2775 2963 2946 3017 corda
2983 2964 3213 3017 instruit
3242 2964 3573 3030 humilium,

82 3051 216 3103 sime
243 3050 359 3104 dici
398 3054 647 3120 possunt
673 3066 686 3103 :
712 3065 900 3120 neque
932 3050 1086 3103 enim
1125 3066 1354 3105 necesse
1388 3056 1472 3105 est
1500 3057 1563 3106 ut
1595 3069 1769 3124 argu-
1810 3059 1851 3113 C
1880 3070 1978 3109 ora
2008 3054 2254 3107 obstruit
2284 3053 2683 3123 superborum.
2712 3051 2851 3105 Ecce
2881 3052 2971 3105 cui
2996 3052 3040 3104 si
3071 3052 3287 3107 audent
3336 3068 3573 3123 respon-

84 3138 278 3192 mentis
292 3156 323 3192 a
347 3154 441 3192 me
454 3138 739 3208 probetur
758 3139 912 3209 quod
934 3140 1040 3193 hoc
1058 3139 1180 3208 ipso
1199 3140 1334 3210 quia
1356 3157 1389 3194 a
1410 3141 1527 3195 Deo
1541 3142 1769 3208 dicitur,

80 3227 499 3297 comprobatur.
560 3227 763 3298 Itaque
815 3242 944 3281 cum
1003 3228 1245 3297 legimus
1299 3228 1517 3283 dictum
1576 3248 1608 3285 a
1661 3232 1773 3284 Deo

80 3317 207 3384 quia
232 3315 477 3387 aspiciat
512 3316 733 3386 jugiter
762 3332 990 3370 omnem
1033 3321 1267 3382 terram,
1316 3318 1425 3371 hoc
1454 3317 1579 3390 ipso
1636 3335 1771 3390 pro-

84 3405 273 3458 bamus
330 3404 489 3475 quod
551 3405 771 3475 aspicit,
818 3404 953 3475 quia
1010 3404 1263 3474 aspicere
1312 3422 1371 3460 se
1415 3406 1571 3462 dicit.
1632 3408 1773 3463 Cum

82 3493 315 3561 legimus
358 3492 522 3563 quod
563 3498 727 3562 regat
762 3498 963 3546 cuncta
993 3509 1122 3564 qua:
1164 3493 1314 3560 fecit,
1370 3496 1478 3549 hoc
1506 3496 1631 3565 ipso
1669 3512 1776 3566 ap-

86 3581 387 3649 probamus
422 3583 574 3651 quod
603 3582 772 3651 regit,
828 3582 965 3652 quia
994 3599 1051 3635 se
1084 3598 1282 3653 regere
1339 3587 1598 3638 testatur.
1632 3585 1774 3639 Cum

88 3671 314 3737 legimus
354 3670 515 3741 quod
566 3670 836 3741 praesenti
886 3670 1099 3741 judicio
1139 3671 1403 3726 universa
1463 3672 1772 3744 dispenset,

89 3757 183 3809 hoc
212 3758 333 3828 ipso
367 3758 609 3812 evidens
647 3761 733 3812 est
778 3759 929 3828 quod
974 3759 1211 3829 judicat,
1245 3760 1382 3830 quia
1414 3776 1473 3815 se
1515 3761 1775 3831 judicare

87 3846 392 3901 conﬁrmat.
448 3846 577 3901 Alia
631 3847 786 3901 enim
820 3847 1031 3915 omnia,
1088 3848 1146 3902 id
1176 3853 1263 3902 est
1292 3848 1548 3904 humana
1602 3850 1772 3919 dicta,

92 3934 435 4003 argumentis
465 3951 530 3988 ac
556 3934 797 3989 testibus
827 3940 1024 4005 egent;
1063 3936 1157 3990 Dei
1188 3942 1383 3991 autem
1427 3954 1615 3994 sermo
1654 3939 1775 4010 ipse

90 4021 185 4074 sibi
204 4024 366 4076 testis
387 4027 478 4077 est
502 4040 515 4078 :
539 4023 677 4094 quia
694 4039 923 4079 necesse
937 4029 1023 4078 est
1044 4025 1322 4096 quidquid
1336 4026 1777 4097 incorruptave-

92 4112 211 4163 ritas
236 4112 522 4183 loquitur,
542 4113 942 4182 incorruptum
964 4114 1037 4168 sit
1054 4114 1448 4169 testimonium
1474 4114 1773 4187 veritatis.]

152 4199 331 4254 Multis
392 4200 572 4271 igitur
628 4200 1044 4256 catholicorum
1113 4203 1410 4258 doctorum
1479 4204 1777 4259 sententiis

92 4287 373 4343 credimus
422 4290 808 4359 approbatum
853 4291 1154 4358 mundum,
1211 4297 1268 4346 et
1324 4293 1591 4347 universa
1647 4310 1776 4365 qum

93 4381 329 4443 aguntur
388 4378 450 4431 in
507 4377 748 4443 mundo,
805 4378 1000 4433 divina
1048 4379 1470 4449 dispensatione
1526 4382 1670 4453 regi,
1724 4386 1779 4437 et

88 4462 431 4529 judiciorum
484 4466 608 4536 ejus
668 4470 880 4521 statera
956 4467 1231 4536 appendi,
1287 4469 1600 4523 secundum
1679 4487 1780 4524 vo-

94 4551 309 4608 luntatis
354 4555 485 4625 ejus
522 4554 827 4610 consilium
877 4555 1177 4610 moderari.
1221 4555 1381 4620 Quod
1437 4558 1485 4611 si
1527 4557 1608 4612 ita
1672 4566 1776 4626 est,

94 4640 194 4693 imo
221 4644 362 4712 quia
397 4642 477 4696 ita
511 4648 616 4702 est,
657 4643 785 4713 quis
811 4660 1026 4715 negare
1066 4649 1255 4715 potest
1280 4650 1336 4699 et
1364 4646 1679 4701 electorum
1724 4652 1780 4703 et

92 4732 460 4798 reproborum
494 4732 672 4786 ﬁnem
703 4749 735 4785 a
777 4734 888 4786 Deo
922 4734 1098 4795 nosci,
1140 4738 1197 4787 et
1227 4734 1380 4805 quod
1430 4734 1499 4788 de
1539 4736 1780 4807 singulis

94 4834 268 4874 eorum
295 4820 602 4891 agendum
647 4820 734 4885 sit,
773 4820 960 4875 divino
986 4822 1107 4892 jam
1140 4823 1398 4876 examine
1426 4822 1778 4878 determina-

96 4914 194 4959 tum
227 4909 472 4963 haberi?
498 4909 654 4963 Sicut
680 4909 834 4963 enim
865 4910 1023 4963 novit
1050 4925 1227 4980 opera
1276 4910 1658 4981 singulorum,
1723 4912 1780 4967 id

97 5004 163 5048 est
184 4998 507 5051 electorum
530 5001 590 5050 et
626 4996 1027 5066 reproborum,
1064 4996 1144 5051 sic
1173 5013 1402 5069 quoque
1437 5014 1542 5052 nec
1577 5015 1775 5053 nume-

100 5099 201 5138 rum
229 5102 441 5140 eorum
486 5085 739 5156 ignorat.
773 5084 1136 5155 Quapropter
1187 5085 1237 5139 is
1274 5086 1375 5157 qui
1420 5086 1779 5157 singulorum

104 5180 230 5228 actus
300 5176 596 5241 intuetur,
672 5174 774 5244 qui
842 5172 1018 5228 ﬁnem
1075 5174 1277 5243 aspicit
1357 5174 1777 5243 universorum,

106 5264 183 5329 qui
222 5267 388 5319 novit
448 5263 597 5335 quid
649 5263 890 5333 singulis
948 5262 1247 5331 retribuat,
1300 5264 1418 5334 jam
1496 5264 1647 5334 apud
1720 5280 1780 5318 se

105 5354 560 5419 pradestinatum
606 5351 781 5406 habet
845 5350 986 5423 quid
1035 5367 1101 5406 ex
1166 5351 1247 5406 eis
1312 5353 1386 5407 sit
1444 5356 1671 5406 acturus
1725 5355 1783 5407 et

107 5442 259 5508 quiin
302 5444 428 5498 ﬁne
468 5440 665 5513 gloria
696 5440 861 5510 regni
892 5441 1200 5510 donentur,
1230 5441 1315 5495 vel
1346 5441 1447 5513 qui
1478 5457 1779 5511 poenarum

106 5532 351 5603 supplicio
385 5530 700 5586 ferientur.
739 5530 809 5584 Ut
830 5533 1023 5583 autem
1037 5529 1159 5585 haec
1189 5529 1582 5585 manifestiora
1616 5530 1776 5598 ﬁant,

110 5618 163 5672 de
199 5619 718 5690 predestinatione
771 5623 1097 5673 sanctorum
1168 5619 1431 5690 quaedam
1500 5618 1780 5690 subjicere

1883 3143 2072 3207 deant,
2105 3141 2205 3211 qui
2232 3157 2260 3191 ‹‹
2294 3140 2625 3211 ignorantes
2680 3141 2780 3194 Dei
2818 3140 3122 3209 justitiam,
3171 3145 3229 3194 et
3267 3156 3427 3193 suam
3470 3156 3575 3193 vo-

1883 3231 2064 3285 lentes
2106 3229 2475 3295 constituere,
2525 3228 2763 3299 justitiae
2825 3228 2923 3282 Dei
2978 3244 3097 3281 non
3149 3233 3281 3281 sunt
3334 3227 3577 3297 subjecti

1884 3320 2055 3391 (Rom.
2080 3334 2136 3385 x,
2161 3317 2233 3389 3).
2266 3337 2293 3366 n
2329 3319 2466 3371 Ecce
2498 3318 2589 3371 cui
2620 3316 3002 3387 respondeant
3048 3316 3154 3370 sibi
3185 3318 3494 3387 placentes,
3522 3320 3578 3369 et

1884 3412 1953 3464 ad
1974 3409 2127 3463 bona
2165 3422 2339 3477 opera
2375 3406 2637 3460 facienda
2672 3407 2850 3459 Deum
2891 3404 2998 3458 sibi
3031 3405 3414 3459 necessarium
3463 3419 3577 3458 non

1883 3502 2171 3569 putantes.
2229 3495 2429 3549 Nonne
2494 3494 2628 3548 huic
2683 3495 2956 3549 resistunt
3020 3494 3243 3548 veritati
3313 3494 3578 3548 homines

1886 3589 2075 3640 mente
2105 3583 2383 3653 corrupti,
2426 3586 2482 3637 et
2532 3583 2760 3653 reprobi
2790 3582 2937 3636 circa
2968 3582 3160 3647 ﬁdem,
3193 3582 3293 3653 qui
3339 3598 3579 3652 respou-

1886 3674 2042 3740 dent,
2071 3677 2128 3726 et
2160 3673 2475 3742 loquuntur
2501 3670 2889 3741 iniquitatem,
2926 3671 3179 3724 dicentes
3207 3686 3219 3722 :
3252 3673 3297 3723 Α
3332 3671 3444 3723 Deo
3470 3670 3578 3723 ha-

1882 3761 2105 3828 bemus,
2139 3760 2295 3831 quod
2351 3759 2614 3813 homines
2662 3775 2877 3824 sumus,
2912 3774 2945 3810 a
2991 3758 3154 3811 nobis
3201 3757 3339 3827 ipsis
3386 3762 3576 3811 autem

1890 3850 2044 3921 quod
2074 3847 2220 3919 justi
2251 3864 2466 3902 sumus.
2511 3847 2655 3912 Quid
2686 3846 2912 3900 dicitis?
2942 3846 3079 3916 quid
3110 3861 3210 3899 vos
3240 3845 3391 3915 ipsos
3418 3845 3575 3899 deci-

1883 3937 2053 4009 pitis?
2084 3952 2197 3990 non
2230 3940 2535 3990 assertores
2564 3935 2662 3989 sed
2712 3934 3159 4005 praecipitatores
3190 3933 3354 3988 liberi
3420 3933 3578 3987 arbi-

1885 4026 2000 4091 trii,
2036 4041 2103 4079 ex
2134 4026 2247 4079 alto
2282 4022 2566 4089 elationis,
2624 4039 2728 4094 per
2782 4022 2976 4076 inania
3001 4021 3471 4091 praesumptionis
3518 4022 3578 4075 in

1885 4114 2169 4187 profunda
2197 4112 2627 4166 submersionis.
2660 4113 2875 4181 Nempe
2916 4126 3024 4164 vox
3059 4114 3242 4163 vestra
3287 4115 3391 4177 est,
3426 4111 3576 4181 quod

1886 4205 2061 4258 homo
2093 4218 2157 4256 ex
2199 4200 2505 4271 semetipso
2558 4200 2692 4255 facit
2727 4199 3057 4269 justitiam:
3101 4198 3209 4253 hoc
3260 4204 3347 4253 est
3401 4199 3577 4253 altum

1889 4291 2154 4347 elationis
2206 4295 2435 4356 vestras;
2485 4290 2583 4343 sed
2640 4289 2846 4343 veritas
2876 4288 3212 4343 contradicit
3243 4304 3256 4342 :
3294 4309 3323 4337 «
3358 4288 3579 4342 Palmes

1891 4397 2009 4435 non
2035 4383 2223 4451 potest
2258 4380 2407 4434 ferre
2447 4380 2693 4432 fructum
2729 4394 2760 4431 a
2789 4378 3117 4448 semetipso,
3149 4377 3260 4431 nisi
3310 4377 3583 4431 manserit

1887 4470 1950 4523 in
1981 4471 2091 4523 vite
2123 4468 2300 4537 (Joan.
2335 4484 2421 4531 xv,
2474 4466 2548 4537 4).
2585 4485 2612 4516 ››
2647 4467 2726 4520 Ite
2767 4481 2919 4519 nunc
2947 4482 3049 4535 per
3079 4466 3340 4536 abrupta,
3378 4469 3436 4520 et
3465 4480 3580 4519 non

1886 4558 2161 4612 habentes
2194 4556 2289 4611 ubi
2309 4555 2592 4626 ﬁgamiui,
2628 4560 2865 4609 ventosa
2891 4555 3237 4624 loquacitate
3258 4554 3574 4625 jactamini.

1892 4648 2018 4700 Haec
2043 4651 2177 4699 sunt
2206 4644 2401 4698 inania
2428 4641 2898 4713 praesumptionis
2930 4647 3150 4707 vestrm,
3184 4642 3282 4696 sed
3315 4643 3451 4713 quid
3484 4659 3579 4696 vos

1889 4740 2161 4805 sequatur
2194 4733 2401 4799 videte,
2432 4736 2489 4785 et
2518 4731 2567 4785 si
2601 4736 2686 4785 est
2713 4731 2772 4784 in
2802 4730 2963 4784 vobis
2995 4730 3145 4783 ullus
3177 4745 3395 4796 sensus,
3445 4731 3579 4783 hor-

1888 4828 2025 4877 rete.
2086 4820 2195 4886 Qui
2240 4820 2397 4875 enim
2457 4837 2488 4873 a
2540 4818 2847 4889 semetipso
2889 4834 2947 4872 se
3000 4817 3250 4870 fructum
3292 4815 3599 4870 existimat

1887 4911 2055 4978 ferre,
2084 4910 2145 4963 in
2176 4909 2290 4963 vite
2330 4922 2444 4961 non
2476 4912 2587 4971 est;
2620 4906 2720 4976 qui
2749 4906 2806 4958 in
2830 4904 2941 4957 vite
2978 4918 3088 4956 non
3129 4907 3231 4969 est,
3256 4903 3316 4957 in
3356 4903 3579 4958 Christo

1888 5015 2006 5053 non
2035 5004 2146 5065 est;
2178 4997 2279 5066 qui
2304 4996 2362 5049 in
2394 4994 2613 5048 Christo
2644 5007 2761 5045 non
2791 4996 2895 5054 est,
2924 4989 3280 5044 Christianus
3310 5008 3424 5046 non
3474 4998 3576 5046 est.

1889 5090 2018 5144 Haec
2035 5091 2167 5141 sunt
2198 5083 2481 5156 profunda
2509 5078 2917 5133 submersionis
2939 5081 3159 5131 vestras.
3185 5080 3369 5135 Etiam
3409 5085 3581 5151 atque

1888 5176 2061 5230 etiam
2094 5172 2449 5227 considerate
2482 5167 2621 5237 quid
2676 5166 2860 5219 adhuc
2896 5166 3112 5218 Veritas
3169 5168 3462 5239 adjungat,
3525 5173 3581 5222 et

1890 5264 2069 5319 dicat:
2108 5283 2135 5311 ‹‹
2172 5263 2284 5331 Ego
2324 5273 2470 5319 sum,
2522 5253 2728 5324 inquit,
2785 5252 2934 5317 vitis,
2990 5269 3087 5306 vos
3139 5257 3436 5323 palmites;
3477 5256 3578 5327 qui

1888 5355 2083 5408 manet
2111 5349 2171 5402 in
2200 5363 2309 5413 me,
2339 5350 2396 5399 et
2412 5358 2516 5412 ego
2546 5342 2605 5394 in
2655 5357 2744 5407 eo,
2769 5341 2860 5395 hic
2883 5341 2991 5394 fert
3015 5341 3265 5398 fructum
3291 5345 3570 5398 multum:

1890 5440 2023 5510 quia
2062 5437 2182 5489 sine
2229 5449 2320 5487 me
2360 5429 2503 5484 nihil
2552 5427 2793 5497 potestis
2822 5427 3007 5481 facere
3048 5428 3235 5496 (Ibid.,
3288 5432 3360 5500 5).
3412 5450 3439 5478 »
3497 5430 3578 5482 Ne

1888 5526 2190 5598 quisquam
2214 5522 2457 5592 putaret,
2493 5516 2698 5570 saltem
2737 5532 2977 5586 parvum
3018 5515 3271 5585 aliquem
3330 5518 3573 5570 fructum

1888 5629 2055 5687 posse
2104 5627 2137 5664 a
2183 5606 2486 5677 semetipso
2540 5604 2837 5674 palmitem
2886 5603 3055 5669 ferre,
3099 5617 3232 5657 cum
3293 5603 3573 5657 dixisset:
