3920 6224
342 280 399 333 3l
1483 275 1847 331 ltATRAMNI
1871 275 2337 332 CORBEIENSIS
2371 274 2682 332 MONACHI
3782 284 3826 335 3'2

345 432 370 460 ιι
397 410 498 466 Hic
530 411 640 465 fert
685 410 931 463 fructum
984 407 1254 475 multum,
1297 424 1415 462 non
1454 408 1554 474 ait,
1594 408 1731 478 quia
1776 408 1897 462 sine
1942 424 2034 462 me
2071 410 2116 463 Α
2145 413 2203 463 et
2250 409 2463 479 posuit,
2498 413 2563 463 ut
2610 424 2808 463 eamus
2853 413 2912 464 et
2959 410 3210 464 fructum
3255 411 3583 465 efferamus.
3619 411 3827 465 Nullum

339 516 545 571 parum
567 498 798 570 potestis
817 498 1020 559 facere,
1056 498 1153 552 scd
1176 497 1319 551 nihil
1350 497 1584 567 potestis
1615 498 1817 551 facere.
1859 519 1879 545 ι
1907 497 2033 552 Sive

338 606 475 659 ergo
489 604 713 658 parum,
731 588 843 641 sive
870 586 1524 653 multum,sineilloﬁeri
1538 602 1651 640 non
1676 591 1884 656 potest,
1908 586 2030 640 sine

340 694 454 747 quo
477 676 618 730 nihil
638 675 760 729 ﬁeri
789 680 992 745 potest.
1012 674 1220 744 Siergo
1236 674 1377 728 nihil
1392 674 1517 728 ﬁeri
1540 680 1729 745 potest
1750 676 1883 729 boni
1910 675 2032 729 sine

342 765 527 835 gratia
569 764 687 829 Dei,
721 780 891 817 omne
914 780 1057 833 opus
1077 763 1297 817 bonum
1315 762 1679 816 referendum
1708 768 1791 816 est
1821 763 1890 817 ad
1914 779 2036 833 gra-

341 853 475 907 tiam
506 852 625 906 Dei.
654 853 794 906 Item
832 852 987 921 quod
1016 867 1116 905 nos
1145 866 1261 904 non
1291 850 1570 921 elegimus
1601 852 1911 915 Christum,
1935 851 2033 905 sed

342 941 594 996 Christus
620 957 725 993 nos
747 940 968 1010 primus
1002 939 1194 1010 elegit,
1223 944 1277 993 et
1313 955 1444 993 cum
1495 955 1748 993 essemus
1779 940 1916 994 mali
1964 940 2033 993 de

342 1030 507 1084 malis
537 1029 727 1083 eﬁecit
756 1029 956 1095 bonos,
977 1028 1035 1082 in
1054 1029 1255 1083 eodem
1289 1027 1433 1082 libro
1456 1028 1663 1097 (Tract.
1695 1032 1907 1094 LXXXVI)
1931 1029 2031 1081 do-

340 1123 460 1172 ctor
487 1118 757 1187 praefatus
780 1134 882 1171 nos
904 1117 1135 1171 instruit
1167 1134 1178 1171 :
1210 1138 1237 1165 «
1271 1118 1394 1170 Non
1418 1133 1511 1170 vos
1544 1133 1631 1169 me
1661 1117 1929 1187 elegistis,
1952 1116 2035 1170 in-

340 1207 485 1278 quit,
521 1206 618 1259 svd
651 1222 756 1275 ego
786 1206 932 1276 elegi
966 1222 1062 1258 vos
1094 1208 1276 1275 (Joan.
1313 1221 1401 1271 xv,
1437 1208 1535 1274 16).
1574 1224 1601 1257 »
1640 1203 1793 1276 [Haec
1816 1210 1901 1258 est
1938 1205 2035 1258 illa

340 1295 649 1350 ineﬁabilis
679 1296 880 1365 gratia.
931 1295 1077 1359 Quid
1123 1294 1277 1347 enim
1317 1310 1545 1347 eramus
1603 1294 1830 1364 quando
1871 1294 2031 1348 Chri-

341 1390 493 1438 stum
525 1385 785 1438 nondum
818 1385 1195 1454 elegeramus,
1228 1388 1283 1437 et
1310 1382 1441 1436 ideo
1472 1399 1585 1436 non
1613 1382 2033 1451 diligebamus?

342 1474 480 1526 Nam
512 1473 611 1542 qui
644 1489 775 1525 eum
806 1489 922 1526 non
955 1473 1149 1541 elegit,
1191 1473 1480 1542 quomodo
1510 1471 1733 1540 diligit?
1765 1472 2035 1541 Nunquid

336 1562 458 1631 jam
493 1560 555 1614 in
585 1560 748 1615 nobis
779 1567 918 1628 erat,
964 1561 1119 1631 quod
1159 1561 1217 1613 in
1267 1562 1488 1629 psalmo
1519 1559 1743 1613 canitur
1777 1576 1790 1613 :
1828 1581 1847 1606 ι
1880 1560 2034 1631 Elegi

342 1649 593 1717 abjectus
625 1665 744 1703 esse
776 1649 832 1702 in
853 1648 1025 1703 domo
1056 1648 1281 1703 Domini
1300 1648 1415 1701 mei
1447 1648 1647 1717 magis,
1674 1664 1847 1717 quam
1868 1648 2031 1702 habi-

345 1742 464 1790 tare
504 1737 563 1790 in
619 1737 998 1791 tabernaculis
1055 1736 1454 1807 peccatorum?
1485 1759 1510 1784 ιι
1552 1736 1731 1806 (Ρεαι.
1793 1751 2027 1801 Lxxxm,

348 1826 453 1894 ll.)
511 1827 635 1879 Non
691 1826 910 1895 utique.
967 1826 1112 1889 Quid
1171 1842 1307 1895 ergo
1366 1841 1614 1889 eramus,
1681 1823 1792 1877 nisi
1844 1823 2032 1894 iniqui

342 1919 399 1968 et
427 1914 674 1984 perditi?
704 1915 896 1985 Neque
927 1915 1078 1967 enim
1104 1915 1227 1983 jam
1279 1913 1703 1967 credideramus
1750 1912 1811 1965 in
1873 1929 2027 1980 eum,

343 2006 405 2055 ut
450 2002 687 2072 eligeret
742 2020 869 2057 nos.
948 2005 1086 2057 Nam
1146 2003 1193 2057 si
1262 2003 1382 2072 jam
1461 2004 1755 2057 credentes
1835 2001 2028 2071 elegit,

343 2092 548 2146 electos
596 2092 788 2163 elegit.
844 2094 957 2147 Cur
1004 2108 1141 2162 ergo
1192 2092 1404 2146 diceret
1445 2108 1457 2144 :
1526 2111 1553 2141 «
1600 2093 1724 2145 Non
1791 2107 1885 2144 vos
1940 2107 2030 2144 me

342 2181 614 2251 elegistis,
656 2203 677 2230 ι
730 2181 839 2235 nisi
889 2181 1025 2252 quia
1058 2198 1070 2234 :
1127 2201 1155 2229 «
1189 2180 1571 2236 Misericordia
1601 2181 1724 2251 ejus
1755 2180 2033 2250 praevenit

340 2270 484 2325 nos?
516 2292 544 2319 »
601 2272 765 2337 (Psal.
825 2287 979 2335 xvm,
1030 2271 1138 2338 tl.)
1190 2270 1288 2324 llic
1334 2274 1485 2324 certe
1515 2275 1671 2323 vacat
1700 2285 1846 2323 vana
1894 2269 2032 2322 illo-

339 2375 465 2412 rum
516 2360 889 2423 ratiocinatio,
935 2358 1031 2429 qui
1090 2359 1507 2427 przescientiam
1568 2358 1665 2411 Dei
1717 2358 2034 2412 defendunt

338 2452 540 2501 contra
569 2448 811 2518 gratiam
844 2447 963 2514 Dei,
1005 2451 1061 2500 et
1090 2447 1217 2501 ideo
1261 2447 1458 2500 dicunt
1514 2462 1616 2499 nos
1661 2446 1868 2500 electos
1901 2450 2031 2499 ante

341 2535 545 2589 mundi
582 2536 1053 2589 constitutionem
1101 2536 1274 2604 (Eph.
1337 2552 1376 2599 ι,
1437 2534 1511 2603 4),
1564 2534 1701 2604 quia
1750 2533 2033 2604 praescivit

341 2639 444 2676 nos
474 2624 623 2676 Deus
676 2623 899 2676 futuros
955 2624 1155 2689 bonos,
1211 2638 1329 2675 non
1389 2623 1642 2691 seipsum
1695 2638 1800 2674 nos
1857 2622 2033 2675 factu-

340 2727 469 2765 rum
499 2712 695 2766 bonos.
731 2713 855 2765 Non
883 2712 991 2766 hoc
1034 2712 1194 2780 dicit,
1250 2712 1350 2782 qui
1383 2712 1539 2767 dicit.
1570 2734 1589 2761 ι
1647 2714 1771 2766 Non
1812 2729 1908 2766 vos
1941 2728 2033 2767 me

341 2800 625 2869 elegistis;
653 2820 680 2848 »
712 2800 983 2871 quoniam
1013 2801 1059 2854 si
1090 2806 1393 2870 propterea
1432 2816 1549 2854 non
1580 2801 1862 2870 elegisset,
1897 2800 2034 2871 quia

337 2887 517 2941 bonos
561 2887 783 2941 futuros
830 2904 951 2942 esse
1006 2889 1388 2959 prazsciverat,
1444 2889 1617 2943 simul
1661 2890 1835 2942 etiam
1883 2905 2029 2958 prae-

2144 498 2337 568 itaque
2403 499 2651 552 fructum
2705 498 2859 552 unde
2908 515 3011 552 nos
3068 499 3243 569 elegit
3288 500 3668 553 habebamus.
3716 522 3745 546 ‹‹
3785 502 3829 553 [Tt

2144 588 2309 653 eatis,
2345 588 2553 658 inquit,
2580 591 2637 641 et
2651 587 2905 643 fructum
2931 588 3201 642 efferatis.
3221 607 3247 639 ι)
3267 590 3495 641 lmusut
3516 589 3827 645 efferamus.

2148 682 2205 730 et
2233 678 2355 745 ipse
2381 683 2465 730 est
2491 678 2580 730 via
2609 693 2721 747 qua
2764 676 2934 741 imus,
2979 678 3037 730 in
3071 693 3184 747 qua
3242 693 3347 730 nos
3384 678 3599 747 posuit,
3658 682 3722 730 ut
3760 693 3827 730 ea-

2144 782 2292 819 mus.
2328 765 2571 819 Proinde
2599 765 2993 819 misericordia
3023 766 3150 835 ejus
3176 766 3235 818 in
3266 766 3533 819 omnibus
3565 766 3830 834 praevenit

2144 871 2264 908 nos.
2301 854 2359 909 Si
2408 855 2468 907 in
2520 854 2803 917 omnibus,
2868 854 3124 925 profecto
3165 871 3279 908 non
3319 855 3502 908 solum
3554 856 3613 907 in
3664 855 3827 921 factis,

2145 960 2344 998 verum
2372 948 2435 997 ut
2456 948 2512 997 et
2534 944 2707 998 ﬁdem
2760 943 3095 1009 habeamus,
3122 949 3178 997 et
3226 949 3290 997 ut
3321 946 3679 997 voluntatem
3712 942 3828 995 boui

2145 1034 2269 1103 ejus
2321 1032 2709 1087 misericordia
2768 1032 3159 1103 praeveniente
3226 1047 3674 1102 consequamur.
3742 1033 3829 1085 Nec

2145 1122 2395 1192 cogitare
2435 1121 2590 1175 enim
2621 1121 2855 1187 bonum,
2905 1136 3008 1174 nec
3054 1122 3217 1188 velle,
3270 1137 3371 1175 nec
3427 1121 3688 1185 credere,
3742 1121 3830 1173 nisi

2145 1208 2539 1264 misericordia
2558 1208 2945 1279 praeveniente
2967 1225 3306 1279 possumus;
3330 1208 3462 1279 quia
3484 1209 3541 1262 in
3574 1208 3830 1261 omnibus

2145 1297 2533 1351 misericordia
2565 1296 2661 1350 Dei
2687 1297 2965 1365 praevenit
2989 1297 3139 1365 nos]
3173 1297 3315 1350 ltem
3344 1297 3479 1367 quia
3507 1299 3578 1349 de
3627 1297 3829 1349 mundo

2145 1386 2412 1440 damnato
2434 1385 2669 1455 eligitur
2694 1385 2944 1439 mundus
2975 1385 3074 1455 qui
3103 1386 3371 1451 salvetur,
3403 1385 3479 1437 sic
3529 1385 3691 1437 idem
3754 1384 3831 1437 do-

2146 1478 2265 1526 ctor
2312 1472 2371 1525 in
2406 1473 2607 1525 eodem
2662 1472 2805 1525 libro
2859 1472 3065 1539 (Tract.
3119 1474 3369 1539 Lxxxvu)
3411 1472 3668 1524 astruit:
3736 1492 3761 1521 α
3791 1472 3831 1525 Si

2146 1561 2213 1615 de
2246 1561 2485 1625 mundo,
2516 1560 2725 1631 inquit,
2751 1561 2968 1625 essetis,
3007 1561 3252 1613 mundus
3283 1560 3440 1630 quod
3490 1576 3666 1613 suum
3733 1566 3832 1613 erat

2148 1649 2413 1718 diligeret
2444 1651 2615 1716 (Joan.
2642 1664 2736 1715 xv,
2770 1651 2920 1718 19).»
2969 1649 3255 1702 llniversm
3297 1648 3494 1718 utique
3542 1649 3655 1701 hoc.
3714 1648 3833 1701 dicit

2144 1735 2423 1805 Ecclesiae,
2455 1752 2629 1806 quam
2670 1736 3011 1806 plerumque
3041 1737 3214 1789 etiam
3260 1737 3443 1807 ipsam
3492 1736 3705 1790 mundi
3748 1752 3833 1788 no-

2143 1825 2297 1878 mine
2333 1826 2613 1894 appellat;
2635 1825 2780 1878 sicut
2800 1830 2885 1878 est
2912 1825 3053 1878 illud
3085 1841 3097 1877 :
3127 1826 3318 1878 «Deus
3349 1829 3471 1877 erat
3500 1824 3559 1877 in
3591 1824 3833 1891 Christo,

2145 1914 2423 1967 mundum
2455 1913 2832 1966 reconcilians
2863 1914 2968 1967 sibi
2997 1916 3071 1979 (ΙΙ
3097 1916 3226 1967 Cor.
3266 1929 3318 1979 v,
3361 1916 3471 1981 19).
3520 1934 3541 1961 ι
3578 1914 3833 1982 Itemque

2141 2002 2281 2056 illud
2323 2019 2335 2055 :
2378 2024 2397 2050 ι
2437 2002 2560 2055 Non
2603 2003 2758 2073 venit
2804 2002 2956 2055 ﬁlius
3006 2002 3259 2055 hominis
3292 2008 3355 2055 ut
3396 2002 3620 2071 judicet
3677 2018 3833 2055 mun-

2142 2091 2301 2157 dum,
2332 2091 2430 2144 sed
2463 2096 2523 2143 ut
2552 2091 2800 2143 salvetur
2834 2091 3083 2144 mundus
3133 2107 3234 2160 per
3278 2092 3467 2160 ipsum
3516 2091 3706 2156 (Joan.
3769 2107 3833 2151 ιιι,

2146 2184 2251 2245 l7).
2282 2200 2308 2227 n
2345 2180 2408 2233 Et
2455 2179 2513 2232 in
2542 2178 2796 2248 Epistola
2837 2196 2936 2231 sua
2976 2181 3222 2233 Joannes
3262 2179 3343 2232 ait
3375 2195 3387 2232 :
3426 2200 3453 2227 «
3488 2178 3835 2232 Advocatum

2142 2268 2420 2322 habemus
2443 2268 2511 2322 ad
2547 2270 2770 2321 Patrem
2797 2269 2989 2322 Jesum
3016 2267 3301 2323 Christum
3330 2268 3573 2337 justum,
3621 2271 3683 2320 et
3726 2268 3834 2337 ipse

2142 2356 2483 2428 propitiator
2513 2362 2597 2410 est
2643 2362 3003 2427 peccatorum
3058 2362 3408 2422 nostrorum,
3440 2372 3557 2409 non
3611 2362 3833 2409 tantum

2142 2451 2490 2510 nostrorum,
2523 2446 2621 2499 sed
2643 2447 2815 2499 etiam
2843 2446 3017 2499 totius
3057 2446 3257 2499 mundi
3287 2446 3474 2513 (Joan.
3518 2462 3576 2511 ιι,
3611 2448 3665 2507 l,
3706 2446 3786 2513 2).
3818 2466 3835 2491 ξ

2142 2536 2314 2588 Totus
2355 2550 2492 2603 ergo
2536 2534 2783 2588 mundus
2827 2533 3067 2587 Ecclesia
3119 2538 3221 2599 est,
3275 2540 3331 2586 et
3381 2538 3531 2586 totus
3591 2532 3837 2586 mundus

2141 2623 2259 2677 odit
2290 2622 2614 2677 Ecclesiam.
2660 2623 2901 2676 Mundus
2922 2622 3101 2691 igitur
3125 2622 3246 2675 odit
3276 2622 3582 2686 mundum,
3640 2620 3835 2674 inimi-

2143 2729 2241 2766 cus
2275 2712 2727 2778 reconciliatum,
2781 2711 3083 2765 damnatus
3151 2711 3449 2773 salvatum,
3504 2709 3837 2779 inquinatus

2142 2802 2486 2855 mandatum
2519 2817 2531 2853 :
2567 2801 2664 2854 sed
2698 2801 2805 2854 iste
2834 2800 3103 2866 mundus,
3138 2816 3310 2870 quem
3342 2801 3488 2853 Deus
3518 2798 3578 2852 in
3618 2798 3836 2852 Christo

2144 2889 2473 2943 reconciliat
2498 2889 2624 2955 sibi,
2660 2894 2715 2941 et
2737 2888 2835 2958 qui
2856 2904 2959 2957 per
2996 2888 3282 2941 Christum
3311 2888 3578 2953 salvetur,
3634 2894 3694 2940 et
3758 2885 3837 2940 cui

342 2976 539 3029 scisset
577 2977 728 3047 quod
760 2993 892 3031 eum
925 2993 1028 3031 nos
1056 2978 1364 3032 fuissemus
1407 2978 1565 3048 prius
1597 2978 1850 3032 eiecturi.
1909 2978 2031 3031 Non
2064 2968 2110 3030 ,Ο
2141 2994 2246 3048 per
2288 2978 2573 3032 Christum
2622 2982 2916 3048 peccatum
2952 2992 3122 3030 omne
3164 2977 3431 3039 donatur,
3487 2976 3556 3029 de
3621 2976 3836 3029 mundo

343 3064 498 3117 enim
526 3064 692 3118 aliter
718 3080 840 3118 esse
888 3082 1185 3135 possemus
1220 3066 1355 3119 boni
1390 3083 1402 3119 :
1442 3066 1553 3120 nisi
1584 3066 1731 3121 forte
1762 3066 2033 3120 dicendus

339 3158 422 3207 est
450 3153 658 3222 bonus,
691 3153 790 3223 qui
811 3170 927 3207 non
956 3155 1131 3224 elegit
1164 3155 1399 3209 bonum.
1431 3155 1577 3218 Quid
1598 3171 1735 3224 ergo
1768 3154 1926 3224 eligit
1972 3154 2034 3208 in

341 3258 460 3295 non
494 3242 687 3308 bonis;
715 3258 825 3296 non
860 3242 1012 3296 enim
1048 3244 1212 3297 electi
1241 3250 1391 3311 sunt,
1416 3244 1552 3314 quia
1592 3244 1726 3297 boni
1778 3243 2031 3308 fuerunt,

342 3332 442 3402 qui
483 3331 619 3385 boni
650 3348 768 3386 non
822 3337 1011 3385 essent
1056 3332 1167 3386 nisi
1210 3333 1377 3386 electi
1407 3337 1592 3386 essent
1645 3349 1657 3386 :
1692 3352 1720 3381 ‹‹
1761 3332 2034 3401 Alioquin

341 3418 525 3488 gratia
554 3419 674 3488 jam
696 3436 813 3473 non
851 3426 933 3474 est
963 3421 1145 3491 gratia
1177 3424 1350 3486 (Rom.
1391 3438 1465 3487 x1,
1499 3424 1572 3489 6),
1607 3441 1634 3469 ι)
1695 3421 1742 3474 si
1790 3436 2032 3490 praeces-

341 3506 478 3560 sisse
509 3510 911 3564 contendimus
942 3511 1165 3564 merita.
1199 3511 1328 3564 Haec
1368 3511 1579 3581 quippe
1611 3510 1811 3564 electio
1854 3510 2037 3577 gratia

343 3601 445 3659 est,
478 3596 548 3651 de
597 3614 707 3668 qua
763 3598 900 3653 dicit
928 3600 1227 3670 Apostolus
1273 3601 1441 3666 (Rom.
1499 3616 1575 3667 xi,
1628 3604 1681 3668 5,
1722 3598 1820 3669 6):
1879 3621 1906 3647 ‹‹
1946 3598 2035 3653 Sic

340 3700 478 3755 ergo
503 3686 639 3740 etin
669 3688 775 3741 hoc
808 3693 1064 3759 tempore
1088 3689 1346 3759 reliquiae
1377 3705 1480 3759 per
1518 3688 1856 3743 electionem
1903 3704 2034 3759 gra-

342 3773 436 3827 tiae
476 3776 644 3828 salva:
664 3776 823 3830 factae
854 3781 1004 3831 sunt.
1047 3796 1074 3827 »
1119 3777 1277 3832 Unde
1317 3777 1614 3847 subjungit
1645 3792 1705 3831 :«
1755 3776 1812 3831 Si
1840 3780 2033 3831 autem

343 3862 547 3931 gratia,
602 3864 720 3932 jam
752 3882 869 3919 non
921 3882 988 3919 ex
1046 3866 1339 3933 operibus,
1386 3866 1642 3936 alioquin
1698 3865 1879 3934 gratia
1912 3865 2029 3934 jam

343 3965 459 4003 non
482 3957 565 4004 est
596 3952 800 4021 gratia.
836 3974 855 4001 ι
892 3954 1061 4018 Audi,
1084 3956 1332 4023 ingrate,
1371 3954 1507 4007 audi
1541 3970 1554 4007 :
1581 3975 1609 4003 α
1637 3955 1763 4006 Non
1788 3969 1886 4005 vos
1941 3968 2033 4006 me

343 4037 613 4107 elegistis,
637 4040 736 4093 sed
767 4056 872 4109 ego
900 4057 996 4095 vos
1031 4042 1172 4111 elegi
1217 4043 1407 4109 (-loan.
1440 4057 1532 4107 xv,
1571 4041 1680 4109 l6).
1715 4062 1742 4089 ι
1788 4042 1914 4094 Non
1950 4044 2035 4094 est

344 4132 406 4180 ut
427 4126 601 4191 dicas,
635 4127 766 4181 ideo
799 4129 1011 4182 electus
1054 4144 1203 4193 sum,
1260 4129 1397 4198 quia
1441 4128 1561 4197 jam
1620 4128 1940 4182 credebam.
1977 4128 2035 4182 Si

2142 3068 2355 3121 electus
2408 3072 2493 3120 est
2538 3065 2790 3129 inimico,
2846 3066 3135 3129 damnato,
3176 3064 3580 3118 contaminato.
3648 3066 3727 3118 Ex
3784 3080 3836 3115 ea

2141 3155 2357 3227 quippe
2380 3170 2564 3208 massa
2591 3170 2719 3224 quae
2748 3158 2864 3208 tota
2896 3153 2957 3206 in
2995 3154 3175 3207 Adam
3218 3153 3412 3222 periit,
3456 3152 3606 3206 ﬁunt
3646 3174 3667 3200 ι
3716 3168 3837 3204 vasa

2141 3243 2621 3308 misericordiae,»
2664 3243 2723 3296 in
2766 3242 2974 3313 quibus
3008 3247 3092 3295 est
3121 3242 3370 3295 mundus
3422 3242 3726 3310 pertinens
3777 3240 3836 3294 ad

2142 3331 2705 3387 reconciliationem:
2774 3347 2943 3401 quem
3008 3330 3255 3384 mundus
3303 3330 3443 3396 odit,
3501 3347 3567 3383 ex
3640 3330 3837 3384 eadem

2141 3437 2326 3475 massa
2358 3421 2647 3490 pertinens
2673 3420 2743 3473 ad
2780 3442 2799 3467 cr
2835 3435 2966 3472 vasa
2996 3420 3117 3485 iraa,
3152 3435 3281 3489 quae
3313 3418 3563 3488 perfecta
3593 3423 3737 3472 sunt
3777 3418 3836 3471 ad

2142 3509 2527 3581 perditionem
2562 3511 2731 3577 (Rom.
2764 3524 2837 3573 1x,
2868 3510 2959 3569 22,
2991 3511 3098 3572 '23).
3130 3528 3158 3556 »
3195 3507 3451 3576 Denique
3498 3522 3630 3559 cum
3668 3508 3835 3560 dixis-

2142 3604 2244 3661 set,
2282 3620 2309 3647 ‹‹
2333 3598 2389 3652 Si
2421 3597 2490 3652 de
2521 3598 2739 3652 mundo
2771 3597 2987 3665 essetis,
3023 3596 3270 3650 mundus
3313 3596 3468 3666 quod
3507 3612 3679 3649 suum
3726 3602 3838 3650 erat

2141 3688 2425 3758 diligeret,
2454 3707 2481 3735 η
2522 3686 2797 3740 continuo
2831 3686 3074 3755 subjecit
3106 3702 3118 3739 :
3146 3706 3171 3733 ιι
3202 3684 3344 3748 Quia
3375 3700 3508 3738 vero
3531 3685 3599 3738 de
3622 3686 3838 3739 mundo

2141 3792 2259 3831 non
2289 3776 2445 3840 estis,
2476 3775 2573 3829 sed
2594 3791 2699 3844 ego
2720 3775 2866 3844 elegi
2892 3790 2987 3827 vos
3000 3774 3069 3827 de
3098 3774 3344 3839 mundo;
3376 3777 3685 3843 propterea
3728 3773 3841 3827 odit

2140 3882 2241 3919 vos
2270 3864 2541 3918 mundus.
2577 3885 2603 3912 ››
2638 3865 2782 3934 Ergo
2806 3870 2863 3916 et
2908 3862 3017 3934 ipsi
3048 3862 3181 3916 inde
3211 3869 3393 3928 erant,
3446 3861 3597 3916 unde
3631 3867 3701 3916 ut
3732 3878 3840 3915 non

2142 3959 2347 4019 essent,
2377 3954 2540 4007 electi
2572 3959 2706 4007 sunt
2734 3953 2889 4019 inde,
2951 3969 3069 4006 non
3121 3952 3343 4006 meritis
3394 3952 3531 4017 suis,
3593 3966 3841 4020 quorum

2141 4044 2299 4096 nulla
2321 4047 2729 4111 praecesserant
2753 4043 2905 4095 bona
2926 4058 3119 4111 opera,
3156 4057 3271 4094 non
3301 4045 3528 4107 natura,
3562 4055 3695 4110 quae
3730 4046 3842 4094 tota

2142 4131 2327 4185 fuerat
2342 4146 2443 4200 per
2472 4130 2716 4184 liberum
2743 4130 3046 4183 arbitrium
3079 4130 3136 4182 in
3188 4130 3314 4199 ipsa
3344 4128 3533 4182 radice
3590 4128 3799 4181 vitiata
3828 4144 3837 4179 :

342 4214 499 4269 enim
528 4215 800 4269 credebas
830 4216 889 4269 in
916 4217 1204 4286 eum,jam
1236 4218 1491 4287 elegeras
1529 4232 1683 4269 eum.
1717 4216 1821 4271 Sed
1854 4216 2025 4270 audi:
2068 4245 2117 4299 D
2144 4220 2244 4275 sed
2276 4218 2547 4290 gratuita,
2571 4219 2680 4272 hoc
2706 4223 2789 4272 est
2823 4235 2951 4272 vera
2982 4218 3184 4288 gratia.
3219 4218 3326 4282 Qui
3365 4216 3521 4271 enim
3561 4217 3629 4270 de
3671 4234 3840 4271 mun-

348 4326 374 4353 ‹‹
409 4304 533 4357 Non
552 4320 647 4357 vos
680 4320 771 4358 me
803 4305 1066 4375 elegistis.
1094 4326 1121 4353 ››
1145 4307 1269 4359 Non
1299 4310 1384 4358 est
1405 4310 1468 4359 ut
1496 4305 1650 4359 dicas
1675 4321 1686 4357 :
1712 4308 2031 4375 Antequam

344 4392 635 4446 crederem
660 4394 776 4462 jam
802 4393 954 4447 bona
977 4394 1275 4464 operabar,
1317 4393 1445 4447 ideo
1468 4394 1679 4447 electus
1706 4409 1853 4446 sum.
1884 4393 2031 4456 Quid

342 4481 497 4534 enim
527 4487 614 4534 est
639 4481 779 4535 boni
810 4483 1000 4551 operis
1038 4487 1170 4535 ante
1200 4482 1371 4536 ﬁdem
1390 4481 1416 4533 ?
1445 4497 1575 4535 cum
1603 4481 1752 4535 dicat
1790 4484 2035 4551 Aposto-

342 4570 475 4623 lus:
540 4570 779 4624 «Omne
830 4572 981 4641 quod
1024 4587 1137 4624 non
1185 4575 1268 4624 est
1307 4587 1369 4624 ex
1419 4570 1551 4636 ﬁde,
1604 4574 1899 4640 peccatum
1950 4576 2036 4625 est

344 4660 517 4724 (Rom.
546 4673 657 4724 xxv,
680 4661 789 4725 23).
829 4679 857 4711 ››
876 4658 1023 4722 Quid
1052 4674 1188 4729 ergo
1226 4658 1432 4711 dicturi
1471 4673 1670 4711 sumus
1700 4658 1986 4713 audiendo
2015 4675 2028 4712 :

345 4766 375 4797 α
410 4748 537 4801 Non
565 4764 659 4800 vos
710 4763 801 4801 me
835 4747 1107 4817 elegistis,
1141 4769 1167 4795 η
1208 4746 1319 4799 nisi
1366 4746 1503 4816 quia
1539 4746 1674 4799 mali
1705 4762 1955 4815 eramus,
1980 4750 2037 4800 et

342 4836 507 4889 electi
538 4852 757 4904 sumus,
790 4842 852 4891 ut
880 4836 1015 4890 boni
1047 4851 1148 4905 per
1186 4833 1426 4904 gratiam
1461 4850 1564 4887 nos
1580 4834 1843 4904 eligentis
1883 4851 2033 4888 esse-

342 4940 491 4979 mus.
546 4926 665 4979 Non
703 4931 787 4979 est
816 4926 970 4979 enim
1012 4923 1215 4992 gratia,
1248 4922 1295 4976 si
1339 4928 1747 4993 praecesserant
1785 4923 2031 4976 merita:

344 5019 429 5068 est
453 5017 648 5067 autem
687 5014 892 5083 gratia.
928 5014 1058 5066 Haec
1088 5012 1263 5082 igitur
1306 5028 1419 5066 non
1448 5011 1685 5078 invenit,
1736 5011 1833 5065 sed
1864 5010 2036 5065 efﬁcit

344 5101 569 5155 merita.
633 5102 695 5155 Et
751 5101 959 5165 videte,
1010 5100 1350 5162 charissimi,
1398 5099 1886 5170 quemadmodum
1920 5115 2037 5152 non

345 5191 520 5260 eligat
550 5190 752 5254 bonos,
788 5189 883 5242 sed
915 5205 1056 5259 quos
1080 5189 1243 5259 eligit
1270 5189 1438 5243 faciat
1458 5188 1659 5243 bonos.
1696 5206 1723 5237 α
1762 5188 1899 5257 Ego,
1940 5187 2033 5240 in-

344 5282 491 5350 quit,
532 5278 680 5347 elegi
709 5294 807 5331 vos
822 5283 892 5331 et
920 5277 1087 5346 posui
1114 5294 1210 5332 vos
1244 5283 1306 5332 ut
1335 5278 1497 5343 eatis,
1533 5281 1589 5330 et
1616 5278 1865 5331 fructum
1897 5276 2034 5330 aﬁ‘e-

345 5369 500 5435 ratis,
560 5373 616 5422 et
673 5367 890 5421 fructus
940 5372 1126 5421 vester
1178 5374 1410 5422 maneat
1452 5369 1630 5437 (Joan.
1688 5383 1780 5433 xv,
1831 5368 1941 5433 16).
2008 5387 2027 5414 ι

347 5459 549 5512 Nonne
577 5458 684 5511 iste
715 5462 800 5510 est
826 5456 1064 5521 fructus,
1097 5456 1168 5509 de
1198 5472 1313 5526 quo
1356 5455 1477 5525 jam
1515 5456 1774 5511 dixerat:
1831 5475 1859 5507 α
1901 5454 2034 5509 Sine

347 5563 439 5602 me
470 5546 613 5602 nihil
660 5546 894 5618 potestis
942 5545 1165 5600 facere?
1198 5564 1224 5596 ι)
1286 5546 1475 5615 (Ibid.,
1526 5546 1604 5614 5.)
1666 5544 1848 5615 Elegit
1899 5560 2035 5615 ergo

2144 4309 2216 4363 d0
2248 4308 2527 4363 mundum
2549 4307 2741 4376 elegit,
2777 4306 2909 4361 fecit
2955 4306 3107 4375 quod
3138 4306 3395 4376 eligeret,
3427 4321 3544 4358 non
3587 4304 3837 4367 invenit;

2145 4399 2297 4470 quia,
2340 4420 2359 4445 α
2406 4396 2663 4467 reliquiae
2700 4413 2804 4466 per
2851 4396 3190 4450 electionem
3223 4394 3422 4464 gratiae
3466 4392 3633 4447 salva:
3681 4394 3841 4448 facta:

2144 4492 2294 4540 sunt.
2326 4486 2381 4540 Si
2413 4492 2630 4551 autem,
2673 4484 2882 4555 inquit,
2930 4484 3132 4553 gratia,
3162 4484 3285 4553 jam
3314 4498 3433 4539 non
3459 4498 3524 4535 ex
3545 4482 3841 4551 operibus,

2146 4574 2400 4644 alioquin
2432 4573 2615 4643 gratia
2641 4572 2762 4641 jam
2791 4587 2905 4625 non
2927 4575 3012 4624 est
3042 4570 3226 4639 gratia
3265 4570 3447 4633 (Rom.
3479 4585 3551 4635 ιι,
3592 4572 3644 4635 5,
3705 4571 3785 4638 6).
3820 4590 3840 4613 n

2146 4663 2247 4717 Hic
2289 4666 2642 4716 monstratur
2698 4665 2757 4713 et
2785 4676 2883 4713 eos
2926 4660 3025 4729 qui
3068 4673 3185 4710 non
3220 4658 3512 4711 salvantur
3550 4658 3611 4709 in
3649 4659 3843 4727 perdi-

2144 4751 2317 4805 tionis
2348 4766 2536 4803 massa
2577 4748 2845 4818 relinqui,
2874 4752 2929 4801 et
2972 4762 3069 4800 eos
3100 4746 3199 4817 qui
3247 4745 3558 4812 salvantur,
3596 4745 3666 4798 de
3725 4748 3844 4817 ipsa

2145 4838 2489 4909 perditionis
2519 4853 2705 4890 massa
2726 4835 2982 4900 liberari,
3015 4850 3129 4887 non
3165 4849 3267 4887 suo
3294 4832 3522 4897 merito,
3556 4832 3652 4886 sed
3718 4849 3844 4902 gra-

2145 4927 2224 4981 tia
2256 4925 2657 4995 Christi;quia
2695 4926 2743 4977 si
2773 4922 3169 4977 consideretur
3193 4922 3487 4988 meritum,
3529 4921 3672 4974 tales
3731 4924 3845 4976 fue-

2146 5021 2284 5069 runt
2322 5015 2421 5084 qui
2451 5015 2739 5067 salvantur
2788 5012 2987 5082 quales
3027 5016 3084 5064 et
3125 5010 3208 5063 illi
3255 5010 3351 5080 qui
3392 5011 3574 5063 salute
3621 5009 3846 5081 indigni

2145 5103 2448 5158 habentur.
2493 5103 2703 5156 Omnes
2725 5100 2878 5154 enim
2900 5104 3064 5153 erant
3095 5118 3121 5150 α
3154 5098 3257 5152 ﬁlii
3288 5099 3385 5151 ira?
3419 5118 3445 5145 »
3480 5097 3578 5151 sed
3610 5099 3713 5167 qui
3749 5101 3847 5153 sal-

2147 5196 2355 5245 vantur
2383 5189 2531 5243 ﬁunt
2557 5189 2626 5241 de
2656 5188 2789 5241 ﬁliis
2818 5188 2943 5249 irae,
2977 5187 3082 5241 ﬁlii
3114 5186 3333 5257 gratim.
3363 5187 3503 5239 item
3531 5186 3590 5239 in
3641 5190 3845 5241 eodem

2147 5278 2294 5332 libro
2328 5278 2530 5341 (Tract.
2568 5275 2695 5343 ειν),
2745 5290 2875 5328 cum
2930 5275 3266 5345 loqueretur
3314 5273 3383 5327 de
3414 5290 3481 5326 eo
3541 5275 3694 5345 quod
3773 5277 3847 5330 ait

2148 5367 2321 5422 Filius
2380 5364 2451 5418 ad
2500 5366 2771 5418 Patrem:
2843 5385 2869 5412 ‹‹
2926 5364 3112 5429 Pater,
3171 5362 3328 5416 venit
3374 5363 3537 5430 hora,
3596 5364 3845 5419 clariﬁca

2147 5454 2356 5510 Filium
2394 5459 2559 5506 tuum
2618 5455 2789 5517 (Joan.
2849 5468 2985 5517 xvn,
3042 5454 3115 5520 l).
3168 5473 3196 5501 ››
3251 5451 3357 5505 hoc
3403 5452 3840 5523 interponitur:

2144 5544 2505 5615 Quapropter
2534 5542 2641 5597 hoc
2670 5541 2825 5614 quod
2868 5541 2970 5612 ait,
3004 5562 3031 5590 ‹‹
3062 5543 3250 5611 Pater,
3280 5540 3437 5595 venit
3463 5541 3629 5611 hora,
3670 5543 3845 5598 clari-
