3920 6224
103 350 162 400 33
1173 351 1262 405 DE
1305 350 1651 406 ΡΗᾸΞΟΕΞἮ

2044 351 2152 406 )ΕΙ.
2194 381 2261 390 —
2292 351 2423 406 LIB.
2468 352 2508 404 Ι.
3526 357 3592 410 34

98 484 191 537 ﬁca
216 482 429 536 Filium
485 486 677 545 tuum,
713 504 741 532 »
775 481 1022 538 ostendit
1066 498 1237 536 omne
1268 488 1516 553 tempus,
1569 489 1625 538 et
1653 483 1789 554 quid
1829 486 1869 538 A
1900 483 2030 547 cati,
2073 487 2491 553 consequenter
2555 483 2733 537 electi.
2787 484 2875 537 Illi
2922 499 3057 555 ergo
3105 484 3289 553 electi,
3332 490 3397 538 ut
3442 503 3593 557 saepe

98 570 309 643 quando
355 571 597 636 faceret,
630 572 715 625 vel
752 572 876 625 ﬁeri
906 572 1134 635 sineret,
1166 571 1233 624 ab
1264 572 1360 625 illo
1394 588 1515 625 esse
1545 572 1788 641 disposi-

96 667 222 723 tum,
277 659 382 729 qui
434 660 687 730 tempori
734 660 991 713 subditus
1039 676 1151 713 non
1181 671 1283 725 est,
1330 661 1603 731 quoniam
1661 677 1789 731 quas

96 748 271 801 futura
317 747 561 801 fuerant
590 764 693 818 per
737 749 961 817 singula
991 754 1251 818 tempora
1279 749 1338 801 in
1376 750 1473 803 Dei
1513 750 1791 819 sapientia

95 848 272 886 causas
305 834 630 889 efﬁcientes
660 837 893 896 habent,
929 837 989 889 in
1019 852 1129 905 qua
1161 837 1319 889 nulla
1349 842 1479 890 sunt
1509 842 1785 907 tempora.

92 922 294 983 Quibus
329 924 529 977 verbis
574 924 850 977 docemur
880 924 1159 995 quidquid
1207 925 1333 978 Iieri
1366 925 1604 978 diversis
1644 931 1787 979 tem-

96 1011 316 1081 poribus
376 1013 665 1079 videmus,
729 1014 813 1067 vel
857 1019 1008 1067 certe
1060 1014 1321 1068 facienda
1371 1021 1525 1080 sunt,
1578 1017 1635 1068 in
1692 1016 1791 1069 Dei

95 1100 599 1169 predestinatione
649 1117 866 1167 causas,
920 1118 1021 1155 cur
1052 1103 1195 1155 ﬁant
1237 1103 1455 1169 haberi,
1490 1110 1545 1157 et
1590 1120 1788 1157 secun-

98 1188 218 1241 dum
242 1189 410 1258 quod
441 1189 565 1258 ipse
598 1190 696 1261 qui
731 1190 1026 1244 ordinator
1055 1196 1139 1244 est
1162 1196 1486 1262 temporum
1511 1193 1787 1262 disponit,

98 1277 356 1331 universa
406 1279 556 1332 ﬁeri.
594 1279 749 1333 Unde
796 1278 969 1332 etiam
1020 1284 1077 1333 et
1108 1279 1167 1332 in
1198 1280 1682 1349 consequentibus
1713 1281 1793 1333 ait

100 1368 288 1433 (Tract.
320 1366 465 1433 eod.)
501 1384 515 1420 :
547 1367 654 1430 Qui
685 1367 838 1420 enim
869 1368 1036 1421 certis
1083 1373 1137 1421 et
1166 1369 1626 1422 immutabilibus
1664 1384 1793 1422 cau-

97 1454 167 1507 sis
189 1456 387 1508 omnia
414 1456 611 1509 futura
645 1455 1097 1526 praedestinavit,
1131 1457 1285 1526 quod
1315 1458 1570 1511 facturus
1600 1464 1681 1511 est
1715 1458 1793 1511 fe-

97 1544 185 1595 cit.
222 1544 367 1597 Nam
401 1550 460 1597 et
488 1560 595 1613 per
623 1545 963 1614 prophetam
997 1546 1065 1598 de
1096 1544 1192 1599 illo
1217 1545 1431 1599 dictum
1466 1550 1549 1599 est
1583 1561 1594 1599 :
1626 1567 1652 1593 ‹‹
1683 1546 1791 1609 Qui

99 1630 218 1684 fecit
248 1648 383 1701 quae
432 1634 631 1686 futura
656 1638 788 1686 sunt
816 1636 947 1699 (Isa.
980 1649 1101 1698 XLV,
1141 1636 1250 1703 Η).
1285 1654 1312 1684 ))
1343 1634 1400 1688 Si
1432 1650 1567 1704 ergo
1596 1635 1788 1688 omnia

96 1732 215 1785 quae
245 1717 508 1771 facturus
539 1725 624 1772 est
656 1721 821 1787 Deus,
870 1721 925 1773 in
958 1722 1457 1790 przedestinatione
1482 1723 1602 1791 jam
1636 1723 1786 1789 fecit,

96 1806 343 1873 profecto
375 1808 590 1876 quibus
620 1808 933 1877 largiturus
976 1815 1058 1863 est
1088 1826 1349 1880 regnum,
1386 1811 1445 1863 in
1490 1812 1788 1881 praedesti-

100 1894 320 1948 natione
345 1896 472 1962 jam
502 1896 693 1959 dedit;
720 1901 775 1948 et
805 1913 950 1966 quos
973 1897 1332 1965 judicaturus
1355 1900 1421 1951 ad
1456 1915 1706 1969 poenam,
1732 1900 1791 1952 in

99 1982 603 2051 praedestinatione
629 1985 750 2053 jam
775 1984 1071 2054 judicavit.

168 2072 304 2123 Item
333 2072 492 2141 quod
528 2074 694 2125 electi
722 2074 1034 2127 secundum
1066 2074 1163 2127 Dei
1191 2075 1545 2144 propositum
1578 2075 1793 2145 praede-

102 2160 305 2223 stinati,
340 2168 399 2213 et
448 2161 633 2213 vocati
662 2167 811 2226 sunt,
861 2162 1013 2215 idem
1052 2162 1251 2216 doctor
1294 2164 1354 2216 in
1388 2164 1529 2217 libro
1560 2165 1629 2217 de
1658 2180 1791 2234 gra-

101 2248 174 2300 tia
198 2255 253 2301 et
281 2250 647 2319 correptione
669 2250 815 2319 (cap.
852 2254 882 2303 6
913 2257 962 2303 et
991 2252 1041 2317 7)
1069 2252 1147 2304 sic
1169 2252 1424 2322 loquitur
1455 2252 1505 2323 ε]
1533 2253 1677 2317 Quid
1706 2258 1793 2306 est

102 2336 267 2389 etiam
301 2337 457 2402 quod
507 2337 571 2390 in
603 2339 992 2407 apostolorum
1023 2340 1252 2393 Actibus
1299 2341 1542 2408 legimus
1571 2357 1583 2395 :
1622 2363 1647 2389 «
1678 2344 1789 2395 Au-

102 2424 313 2477 dientes
360 2432 558 2479 autem
609 2430 806 2495 gentes
870 2427 1078 2497 gavisae
1131 2434 1284 2495 sunt,
1336 2434 1390 2481 et
1445 2435 1795 2499 exceperunt

103 2512 330 2566 verbum
363 2513 615 2577 Domini,
649 2519 706 2568 et
742 2515 1108 2568 crediderunt
1139 2522 1423 2586 quotquot
1454 2523 1616 2571 erant
1644 2534 1793 2586 pra»

103 2600 341 2654 ordinati
374 2602 439 2654 in
484 2603 657 2655 vitam
710 2608 985 2657 aeternam
1040 2605 1187 2671 (Act.
1233 2621 1354 2671 xm,
1410 2606 1519 2675 48).
1578 2625 1606 2656 n
1657 2606 1795 2669 Quis

102 2698 363 2759 operatus
411 2696 499 2743 est
546 2708 642 2744 eos
675 2691 732 2744 in
789 2694 961 2746 vitam
1013 2704 1310 2761 aeternam,
1358 2694 1469 2747 nisi
1509 2696 1610 2765 qui
1665 2712 1795 2749 vasa

103 2779 508 2833 misericordia:
542 2788 810 2849 operatus
842 2788 925 2835 est
954 2784 1091 2836 eos?
1117 2783 1213 2852 qui
1242 2786 1298 2835 et
1327 2805 1348 2831 ι
1386 2784 1557 2853 elegit
1577 2784 1704 2838 illos
1734 2785 1792 2837 in

105 2866 235 2920 Filio
265 2883 373 2920 suo
404 2874 541 2921 ante
593 2869 1055 2922 constitutionem
1102 2871 1304 2924 mundi
1336 2872 1572 2939 (Ephes.
1604 2888 1642 2941 ῐ,
1677 2875 1729 2943 4)
1769 2894 1788 2920 ι

103 2969 200 3021 per
242 2955 590 3009 electionem
624 2958 841 3026 gratiae.
880 2978 907 3009 (ι
940 2959 995 3012 Si
1029 2963 1222 3012 autem
1272 2960 1472 3029 gratia,
1519 2962 1642 3029 jam
1680 2978 1793 3015 non

1903 571 2116 625 dictum
2174 577 2277 638 est,
2335 571 2431 641 qui
2490 571 2801 624 secundum
2848 574 3208 641 propositum
3250 575 3451 639 vocati,
3493 574 3592 644 qui

1903 659 2072 712 etiam
2121 659 2515 729 praedestinati
2566 664 2737 729 atque
2786 662 3049 729 praesciti.
3100 664 3312 716 Horum
3359 663 3404 715 si
3436 663 3592 733 quis-

1900 764 2073 818 quam
2121 748 2289 818 perit,
2324 748 2542 800 fallitur
2595 748 2773 812 Deus;
2842 750 2939 802 sed
2988 766 3155 803 nemo
3185 767 3388 805 eorum
3429 752 3597 821 perit,

1900 836 2035 905 quia
2081 852 2197 889 non
2242 836 2459 890 fallitur
2508 838 2672 889 Deus.
2734 837 2947 889 Horum
2980 837 3026 889 si
3075 837 3380 907 quisquam
3420 839 3590 907 perit,

1900 924 2035 976 vitio
2065 924 2317 977 humano
2350 924 2593 977 vincitur
2627 925 2771 977 Deus
2806 941 2819 976 :
2855 928 2949 977 sed
2986 941 3153 978 nemo
3188 941 3386 979 eorum
3423 927 3594 994 perit,

1900 1011 2035 1082 quia
2082 1014 2240 1066 nulla
2301 1029 2359 1065 re
2402 1013 2646 1066 vincitur
2687 1014 2853 1066 Deus.
2926 1013 3103 1067 Electi
3143 1015 3297 1067 enim
3348 1015 3593 1068 sunt'ad

1898 1102 2253 1171 regnandum
2286 1118 2415 1155 cum
2445 1102 2684 1168 Christo,
2722 1118 2833 1155 non
2867 1104 3158 1172 quomodo
3183 1103 3397 1155 electus
3421 1103 3593 1156 Iudas

1898 1190 1969 1242 ad
2000 1206 2144 1259 opus
2177 1191 2268 1242 cui
2314 1190 2680 1258 congruebat.
2716 1190 2799 1243 Ab
2850 1189 2948 1243 illo
2992 1189 3206 1260 quippe
3241 1192 3451 1243 electus
3481 1194 3586 1253 est,

1900 1278 2000 1348 qui
2032 1278 2189 1331 novit
2226 1278 2369 1331 bene
2403 1279 2483 1331 uti
2529 1278 2700 1331 etiam
2752 1278 2936 1342 malis,
2971 1284 3034 1330 ut
3065 1282 3121 1330 et
3152 1294 3255 1347 per
3299 1293 3440 1347 opus
3470 1277 3595 1347 ejus

1900 1365 2246 1433 damnabile,
2278 1366 2419 1420 illud
2452 1372 2687 1437 propter
2715 1367 2867 1436 quod
2895 1368 3017 1436 ipse
3047 1372 3300 1433 venerat,
3337 1383 3481 1436 opus
3501 1381 3595 1418 ve-

1902 1455 2154 1508 nerabile
2181 1457 2578 1525 compleretur.
2610 1458 2749 1510 Cum
2779 1455 2973 1526 itaque
3000 1456 3267 1509 audimus
3299 1472 3311 1508 :
3346 1477 3371 1505 ‹‹
3398 1456 3596 1509 Nonne

1900 1560 2005 1614 ego
2039 1560 2137 1597 vos
2168 1545 2469 1598 duodecim
2501 1545 2668 1613 elegi,
2700 1549 2755 1598 et
2780 1561 2930 1598 unus
2962 1561 3027 1597 ex
3054 1545 3211 1598 vobis
3232 1544 3492 1598 diabolus
3515 1549 3599 1597 est

1900 1634 2073 1703 (Joan.
2112 1651 2185 1698 γι,
2230 1637 2342 1698 7t),
2379 1633 2509 1685 illos
2552 1634 2825 1686 debemus
2878 1633 3200 1703 intelligere
3233 1634 3443 1686 electos
3496 1648 3597 1703 per

1905 1722 2376 1790 misericordiam,
2410 1722 2575 1775 illum
2607 1738 2712 1790 per
2736 1722 3048 1791 judicium;
3082 1722 3211 1775 illos
3242 1723 3306 1775 ad
3340 1722 3599 1776 obtinen-

1905 1811 2039 1865 dum
2069 1827 2309 1881 regnum
2343 1827 2534 1875 suum,
2566 1811 2731 1863 illum
2763 1810 2829 1863 ad
2863 1810 3221 1864 fundendum
3256 1809 3595 1879 sanguinem

1903 1897 2119 1970 suum.]
2158 1901 2222 1953 Et
2254 1899 2310 1952 in
2357 1900 2461 1953 hac
2512 1899 2798 1952 sententia
2845 1899 3130 1968 duplicem
3183 1898 3436 1951 ostendit
3483 1900 3594 1951 ele-

1901 1988 2173 2054 ctionem,
2208 1989 2360 2059 quod
2392 1988 2490 2042 alii
2518 1988 2733 2042 scilicet
2763 1988 3049 2058 eligantur
3091 2004 3202 2041 non
3236 1985 3597 2056 permansuri

1901 2078 1958 2130 in
1992 2078 2265 2147 operibus
2302 2077 2563 2147 justitize,
2600 2078 2670 2131 de
2704 2078 2911 2148 quibus
2958 2078 3165 2131 dicitur
3197 2093 3209 2130 :
3243 2096 3268 2125 ‹‹
3308 2076 3463 2129 Multi
3505 2092 3599 2127 vo-

1901 2165 2049 2233 cati;
2089 2185 2116 2215 »
2164 2166 2261 2218 alii
2301 2182 2433 2218 vero
2488 2166 2565 2218 sic
2614 2165 2930 2232 eliguntur,
2977 2168 3039 2216 ut
3081 2168 3479 2231 permaneant,
3529 2163 3598 2217 de

1901 2253 2110 2323 quibus
2160 2254 2239 2306 ait
2270 2254 2571 2322 Apostolus
2601 2269 2613 2305 :
2652 2275 2671 2301 ε
2710 2252 2859 2315 Quos
2905 2252 3354 2321 praedestinavit,
3384 2253 3513 2305 illos
3544 2256 3599 2304 et

1901 2341 2121 2394 vocavit
2161 2341 2332 2411 (Rom.
2367 2357 2485 2405 vm,
2516 2340 2631 2408 29).
2672 2361 2691 2387 ι
2730 2341 2805 2394 Ex
2854 2340 2976 2392 istis
3007 2344 3200 2392 autem
3247 2340 3436 2393 nullus
3469 2356 3597 2410 per-

1903 2429 1985 2483 ire
2015 2435 2205 2500 potest
2234 2446 2247 2483 :
2282 2446 2413 2482 nam
2446 2434 2502 2482 et
2531 2429 2737 2483 Iudam
2770 2428 2907 2481 dicit
2941 2428 3207 2492 electum,
3243 2428 3336 2481 sed
3371 2443 3485 2481 non
3531 2428 3597 2481 ad

1901 2535 2168 2587 regnum,
2215 2518 2309 2571 sed
2341 2518 2407 2571 ad
2448 2519 2796 2587 apostolatus
2849 2518 3150 2570 honorem.
3200 2516 3357 2580 Quod
3405 2520 3597 2569 autem

1902 2608 2065 2661 illum
2098 2607 2235 2660 dicit
2264 2607 2505 2659 electum
2540 2607 2609 2659 ad
2641 2606 2997 2659 fundendum
3029 2606 3369 2675 sanguinem
3406 2621 3598 2667 suum,

1904 2700 2137 2766 propter
2160 2695 2320 2748 illum
2349 2697 2583 2748 occultas
2608 2693 3132 2763 przedestinatiouis
3155 2693 3416 2746 ordinem
3444 2693 3597 2759 dicit,

1905 2800 2018 2854 qua
2049 2784 2448 2836 universorum
2479 2787 2656 2847 actus,
2686 2782 2743 2835 id
2769 2787 2853 2835 est
2870 2782 3179 2847 bonorum,
3209 2786 3263 2834 et
3293 2782 3598 2846 malorum,

1905 2873 2125 2926 occulto
2148 2872 2366 2941 judicio
2396 2871 2661 2941 disponit.
2701 2872 2845 2935 Quia
2875 2870 2978 2923 etsi
3013 2870 3162 2923 bona
3193 2886 3386 2940 opera,
3422 2874 3478 2922 et
3507 2885 3603 2921 co-

1907 2962 2209 3031 gitationes
2242 2960 2407 3014 bonae
2437 2977 2470 3013 a
2499 2961 2614 3014 Deo
2651 2964 2781 3012 sunt
2812 2963 3059 3021 tantum,
3096 2959 3259 3012 mala!
3294 2963 3483 3011 autem
3517 2974 3605 3010 co-

105 3058 167 3094 ex
206 3042 502 3112 operibus,
570 3045 828 3115 alioquin
889 3046 1072 3116 gratia
1125 3048 1245 3116 jam
1296 3064 1413 3101 non
1480 3054 1565 3102 est
1612 3050 1794 3119 gratia
1831 3053 1868 3107 C
1905 3048 2210 3119 gitationes
2270 3064 2335 3101 ex
2405 3047 2864 3117 concupiscentia
2928 3046 3226 3099 rationalis
3292 3051 3599 3110 creaturae,

111 3133 264 3191 (Rom.
308 3148 386 3198 x1,
453 3136 528 3194 6).
581 3154 609 3181 »
642 3134 765 3187 Non
800 3134 951 3187 enim
998 3135 1076 3188 sic
1140 3140 1273 3189 sunt
1334 3137 1536 3199 vocati,
1588 3142 1652 3190 ut
1680 3154 1799 3191 non

107 3225 286 3273 essent
314 3220 515 3287 electi;
540 3225 779 3291 propter
803 3222 953 3292 quod
985 3223 1199 3276 dictum
1223 3228 1304 3276 est
1340 3240 1351 3276 :
1393 3243 1417 3274 α
1453 3225 1611 3279 Multi
1642 3224 1795 3278 enim

111 3308 298 3372 vocati,
332 3309 505 3378 pauci
536 3324 670 3362 vero
715 3310 875 3363 electi
915 3310 1138 3379 (Matth.
1175 3326 1267 3375 xx,
1312 3314 1420 3381 16).
1456 3331 1482 3363 ››
1515 3313 1623 3367 Sed
1653 3330 1794 3384 quo-

111 3396 255 3449 niam
304 3396 625 3451 secnndum
658 3399 1016 3468 propositum
1047 3399 1228 3453 vocati
1275 3405 1425 3468 sunt,
1461 3402 1712 3471 profecto
1742 3406 1799 3456 et

115 3485 262 3538 electi
310 3490 447 3539 sunt
492 3502 598 3555 per
649 3487 1010 3553 electionem,
1057 3495 1121 3542 ut
1156 3489 1370 3542 dictum
1420 3496 1521 3555 est,
1572 3491 1795 3561 gratiae,

116 3588 217 3625 non
259 3574 713 3643 praecedentium
743 3576 1081 3629 meritorum
1133 3592 1365 3630 suorum
1394 3594 1406 3643 ;
1449 3578 1586 3648 quia
1616 3579 1797 3649 gratia

114 3661 217 3713 illis
239 3666 319 3715 est
364 3678 542 3716 omne
575 3663 867 3717 meritum.
910 3664 987 3717 De
1037 3664 1246 3717 talibus
1281 3665 1416 3718 dicit
1447 3668 1749 3733 Apostolus
1782 3684 1795 3722 :

118 3768 143 3797 ει
171 3750 381 3803 Scimus
416 3752 694 3821 quoniam
733 3752 1108 3823 diligentibus
1156 3756 1332 3807 Deum
1364 3756 1557 3807 omnia
1588 3771 1800 3825 coope-

116 3845 301 3891 rantur
324 3840 383 3892 in
416 3840 636 3893 bonum
670 3840 777 3907 his,
809 3842 909 3911 qui
944 3841 1256 3894 secundum
1289 3843 1654 3912 propositum
1698 3860 1796 3897 vo-

114 3928 224 3978 cati
251 3933 371 3980 sunt
402 3944 417 3981 :
450 3927 727 3997 quoniam
778 3945 922 3999 quos
960 3935 1090 3983 ante
1141 3931 1444 3999 praescivit,
1481 3937 1537 3985 et
1578 3933 1796 4001 praede-

116 4015 331 4069 stinavit
395 4017 722 4070 conformes
774 4017 1043 4087 imaginis
1112 4019 1232 4072 Filii
1281 4019 1390 4083 sui,
1438 4025 1499 4073 ut
1538 4021 1611 4074 sit
1676 4021 1798 4090 ipse

115 4103 526 4173 primogenitus
560 4104 619 4157 in
652 4106 848 4159 multis
891 4105 1161 4159 fratribus
1195 4124 1206 4160 :
1243 4123 1388 4177 quos
1427 4114 1619 4162 autem
1649 4125 1798 4179 prae-

115 4192 422 4253 destinavit,
481 4194 614 4247 illos
670 4200 725 4247 et
789 4193 1043 4260 vocavit;
1112 4212 1256 4266 quos
1321 4199 1513 4249 autem
1559 4197 1797 4263 vocavit,

118 4278 263 4348 ipsos
293 4288 343 4334 et
367 4282 740 4351 justiﬁcavit;
776 4299 920 4353 quos
951 4289 1139 4337 autem
1166 4284 1520 4353 justiticavit,
1565 4286 1719 4356 ipsos
1744 4290 1801 4340 et

120 4369 438 4437 gloriﬁcavit
475 4371 655 4440 (Rom.
688 4386 807 4438 vni,
838 4372 1046 4441 28-30).
1084 4392 1112 4423 ν
1146 4374 1222 4426 Ex
1252 4373 1374 4426 istis
1407 4375 1598 4427 nullus
1628 4375 1794 4445 perit,

121 4458 246 4525 quia
271 4474 467 4511 omnes
510 4460 675 4513 electi
725 4463 874 4514 sunt.
910 4461 1084 4514 Electi
1112 4464 1245 4514 sunt
1273 4467 1489 4528 autem,
1524 4463 1656 4533 quia
1705 4480 1798 4517 se—

122 4546 353 4600 cundum
385 4547 754 4617 propositum
791 4548 969 4602 vocati
1000 4554 1135 4602 sunt
1168 4565 1180 4602 :
1214 4550 1574 4619 propositum
1608 4555 1796 4605 autem

122 4649 227 4686 non
253 4650 434 4700 suum,
470 4635 572 4689 sed
610 4634 755 4706 Dei._|
786 4638 924 4690 Item
953 4638 1105 4708 quod
1134 4639 1327 4693 nullus
1357 4639 1670 4693 electorum
1701 4640 1800 4711 qui

124 4723 492 4790 praedestinati
540 4728 695 4790 sunt,
745 4726 931 4795 perire
981 4730 1187 4796 potest,
1240 4731 1297 4781 et
1337 4728 1405 4781 de
1452 4728 1614 4790 Juda,
1649 4730 1798 4798 quod

125 4810 312 4883 electus
339 4812 398 4865 in
443 4814 800 4882 apostolatus
831 4814 1107 4867 honorem
1142 4830 1246 4882 per
1272 4814 1574 4883 judicium,
1606 4815 1696 4868 vel
1730 4816 1799 4869 ad

127 4898 514 4955 effundendum
584 4901 925 4969 sanguinem
994 4902 1221 4965 Christi,
1280 4918 1409 4956 cum
1468 4908 1803 4973 loqueretur

126 4988 370 5053 praefatus
413 4988 619 5042 doctor
646 4989 706 5042 in
753 4990 950 5043 eodem
981 4990 1127 5043 libro
1176 4990 1315 5061 (cap.
1360 4992 1416 5059 7)
1450 4991 1518 5043 de
1552 4990 1801 5060 capitulo

129 5078 360 5141 apostoli,
408 5078 468 5131 in
524 5092 639 5146 quo
689 5076 767 5130 ait
800 5092 813 5131 :
849 5095 875 5128 α
915 5078 1068 5141 Quos
1116 5082 1305 5131 autem
1354 5079 1798 5148 praedestinavit,

132 5160 235 5215 illos
263 5172 309 5219 et
336 5166 590 5231 vocavit,
629 5184 658 5215 ia
688 5166 767 5219 ita
797 5166 1092 5235 subjunxit
1124 5182 1138 5220 :
1173 5165 1303 5237 [Eos
1334 5166 1529 5238 itaque
1558 5168 1681 5221 vult
1714 5168 1801 5221 in-

138 5254 303 5325 telligi,
349 5271 500 5326 quos
537 5275 565 5302 α
619 5255 932 5307 secundum
982 5256 1344 5325 propositum
1396 5255 1632 5323 vocavit,
1666 5277 1693 5303 »
1729 5272 1799 5310 ne

137 5345 365 5407 putentur
396 5345 456 5397 in
493 5342 582 5397 eis
615 5342 795 5412 aliqui
823 5358 942 5396 esse
972 5343 1178 5409 vocati,
1212 5348 1269 5397 et
1299 5358 1417 5396 non
1450 5344 1636 5409 electi,
1669 5360 1801 5413 pro-

140 5433 235 5495 pter
268 5433 420 5486 illam
467 5429 835 5486 Dominicam
868 5431 1208 5485 sententiam
1242 5448 1256 5485 :
1289 5450 1316 5482 α
1367 5430 1525 5485 Multi
1571 5432 1799 5497 vocati.,

140 5522 267 5583 pauci
291 5521 450 5576 electi
478 5519 708 5591 (Matth.
738 5533 828 5583 xx,
865 5521 969 5584 I6).
1004 5538 1032 5567 ι)
1065 5519 1401 5589 Quicunque
1433 5520 1587 5573 enim
1614 5520 1798 5588 electi,

146 5602 233 5658 sine
268 5608 431 5662 dubio
467 5606 654 5663 etiam
689 5606 869 5659 vocati
906 5623 919 5660 :
956 5622 1073 5661 non
1111 5612 1303 5662 autem
1338 5608 1666 5679 quicunque
1711 5624 1802 5661 vo-

1908 3138 2053 3191 sicut
2079 3143 2135 3191 et
2166 3138 2314 3190 mala
2346 3152 2520 3207 Opera
2551 3153 2618 3190 ex
2648 3136 2799 3189 mala
2828 3134 3314 3204 concupiscentia,
3351 3150 3467 3189 non
3499 3150 3601 3187 au-

1907 3231 2022 3280 tem
2052 3243 2083 3278 a
2118 3226 2258 3280 Deo.
2299 3226 2561 3278 Attamen
2590 3224 2799 3279 divinae
2828 3224 3217 3293 dispositionis
3246 3223 3446 3276 ordine
3479 3239 3602 3277 mo-

1907 3313 2179 3367 derantur
2211 3330 2223 3368 :
2258 3313 2391 3383 quia
2421 3313 2481 3366 in
2512 3312 2616 3366 hac
2658 3312 2971 3383 republica,
3006 3328 3132 3382 quae
3178 3317 3260 3365 est
3306 3311 3604 3365 universus

1898 3402 2180 3469 mundus,
2216 3403 2582 3473 omnipotens
2608 3403 2773 3464 Deus,
2803 3401 2946 3455 sicut
2976 3406 3031 3454 et
3060 3406 3265 3467 rector,
3298 3401 3377 3454 ita
3408 3406 3465 3454 et
3492 3400 3605 3454 dis-

1909 3490 2127 3561 positor
2169 3496 2275 3556 est,
2309 3496 2366 3545 et
2425 3491 2620 3544 omnia
2652 3506 2781 3561 quae
2815 3490 2983 3556 ﬁunt,
3026 3489 3182 3543 illius
3244 3488 3603 3559 dispositioni

1907 3579 2180 3632 serviunt.
2218 3579 2360 3632 Nam
2383 3578 2640 3647 quamvis
2670 3578 2852 3631 multa
2884 3577 3043 3642 ﬁant,
3071 3593 3200 3646 quae
3227 3584 3419 3629 contra
3449 3576 3605 3629 illius

1909 3667 2261 3720 voluntatem
2294 3665 2418 3720 ﬁeri
2448 3666 2771 3733 videantur,
2805 3665 2958 3719 unde
2992 3670 3184 3718 tamen
3216 3664 3370 3717 illius
3399 3664 3602 3716 volun-

1905 3756 2011 3808 tati
2043 3770 2364 3825 repugnare
2396 3754 2681 3817 videntur,
2727 3754 2857 3807 inde
2889 3754 3059 3806 etiam
3089 3753 3210 3821 ejus
3241 3751 3601 3821 dispositioni

1912 3844 2181 3899 serviunt.
2216 3844 2355 3896 Item
2390 3843 2543 3912 quod
2584 3843 2682 3912 qui
2715 3846 2976 3912 pereunt,
3022 3841 3087 3894 de
3118 3854 3360 3892 numero
3394 3839 3605 3891 electo-

1911 3949 2037 3986 rum
2070 3948 2186 3986 non
2218 3938 2372 3996 sunt;
2409 3932 2467 3984 in
2500 3931 2699 3984 eodem
2749 3931 2895 3983 libro
2921 3931 3066 3998 (cap.
3100 3928 3153 3995 7)
3184 3927 3262 3980 sic
3288 3927 3559 3980 docemur
3588 3944 3600 3979 :

1916 4023 2171 4089 (Horum,
2204 4020 2412 4090 inquit,
2445 4019 2585 4072 ﬁdes
2615 4035 2741 4089 quae
2772 4034 2875 4088 per
2915 4018 3278 4071 dilectionem
3311 4022 3600 4087 operatur,

1911 4110 2162 4181 profecto
2190 4113 2289 4162 aut
2319 4107 2554 4161 omnino
2587 4123 2706 4161 non
2738 4106 2948 4175 deﬁcit,
2980 4110 3079 4159 aut
3107 4106 3151 4157 si
3185 4105 3284 4175 qui
3314 4104 3429 4158 sint
3459 4121 3600 4175 quo-

1914 4214 2042 4252 rum
2074 4197 2284 4263 deﬁcit,
2334 4200 2634 4267 reparatur
2686 4200 2993 4265 antequam
3038 4194 3151 4247 ista
3194 4194 3309 4247 vita
3350 4193 3602 4258 ﬁniatur,

1911 4291 1968 4339 et
1998 4285 2182 4338 deleta
2213 4300 2338 4355 quae
2371 4284 2850 4338 intercucurrerat
2875 4282 3198 4353 iniquitate,
3233 4299 3415 4353 usque
3446 4282 3505 4336 in
3532 4282 3604 4335 ﬁ-

1912 4390 2041 4428 nem
2070 4374 2506 4444 perseverantia:
2537 4373 2860 4443 deputatur.
2895 4371 3003 4436 Qui
3033 4387 3159 4425 vero
3186 4369 3603 4441 perseveraturi

1910 4478 2028 4516 non
2073 4466 2225 4528 sunt,
2276 4477 2340 4515 ac
2373 4462 2451 4515 sic
2480 4478 2513 4515 a
2564 4462 2673 4515 ﬁde
2713 4461 3031 4516 Christiana
3080 4464 3136 4513 et
3172 4458 3603 4513 conversatione

1908 4550 2126 4620 lapsuri
2155 4556 2309 4616 sunt,
2357 4555 2421 4603 ut
2466 4551 2610 4603 tales
2640 4565 2738 4604 eos
2765 4549 2893 4603 vita:
2940 4549 3112 4619 hujus
3152 4548 3285 4602 ﬁnis
3328 4546 3601 4613 inveniat,

1910 4640 2105 4710 procul
2138 4638 2311 4692 dubio
2344 4654 2447 4692 nec
2483 4638 2584 4693 illo
2626 4642 2908 4709 tempore,
2942 4654 3056 4708 quo
3087 4637 3230 4690 bene
3274 4636 3485 4705 pieque
3519 4633 3602 4686 vi-

1910 4732 2070 4794 vunt,
2102 4727 2163 4780 in
2186 4726 2425 4781 istorum
2454 4743 2695 4781 numero
2716 4724 3086 4795 computandi
3116 4730 3266 4777 sunt.
3297 4725 3421 4776 Non
3452 4721 3603 4775 enim

1911 4822 2043 4869 sunt
2074 4832 2104 4867 a
2136 4830 2320 4868 massa
2346 4816 2444 4868 illa
2472 4815 2810 4886 perditionis
2840 4811 3200 4883 praescientia
3242 4810 3339 4863 Dei
3371 4814 3425 4863 et
3455 4825 3605 4880 prae—

1910 4902 2293 4957 destinatione
2325 4903 2573 4970 discreti,
2616 4908 2671 4957 et
2698 4904 2826 4956 ideo
2857 4916 2960 4954 nec
2992 4898 3307 4954 secundum
3339 4896 3603 4968 proposi-

1910 4998 2032 5045 tum
2065 4991 2269 5057 vocati,
2320 5008 2384 5045 ac
2414 5006 2515 5058 per
2542 4991 2651 5043 hoc
2684 5006 2787 5043 nec
2831 4988 3014 5053 electi,
3047 4988 3144 5041 sed
3196 4986 3257 5040 in
3290 4987 3373 5040 eis
3420 4986 3605 5039 vocati

1912 5084 2063 5143 sunt,
2108 5079 2177 5133 de
2209 5079 2417 5149 quibus
2447 5078 2657 5131 dictum
2691 5082 2776 5131 est
2824 5076 3040 5145 (Matth.
3081 5091 3170 5140 xx,
3210 5078 3293 5142 I6)
3332 5091 3344 5129 :
3384 5094 3411 5126 α
3444 5073 3603 5129 Multi

1910 5167 2114 5235 vocati,
2184 5173 2241 5220 et
2268 5182 2384 5220 non
2415 5166 2473 5219 in
2524 5164 2605 5217 eis
2666 5165 2734 5218 de
2768 5163 2978 5233 quibus
3026 5162 3240 5217 dictum
3291 5168 3398 5230 est,
3437 5161 3604 5233 pauci

1910 5271 2043 5307 vero
2090 5253 2275 5307 electi.
2315 5274 2335 5301 ι
2373 5254 2437 5307 Et
2486 5256 2677 5305 tamen
2726 5251 2952 5321 quieos
3004 5256 3175 5322 neget
3221 5252 3428 5306 electos
3475 5265 3603 5304 cum

1912 5342 2169 5408 credunt,
2235 5346 2290 5394 et
2351 5339 2731 5409 baptizantur,
2793 5344 2848 5393 et
2902 5340 3214 5394 secundum
3277 5339 3456 5392 lteum
3512 5338 3602 5391 vi—

1911 5429 2100 5483 vunt?
2150 5428 2323 5482 Plane
2380 5428 2648 5482 dicuntur
2700 5428 2866 5483 electi
2922 5445 2954 5482 a
3009 5427 3393 5483 nescientibus
3467 5427 3601 5496 quid

1912 5517 2092 5573 futuri
2131 5520 2280 5584 sunt,
2331 5532 2450 5570 non
2496 5517 2706 5572 abillo
2771 5518 2873 5590 qni
2935 5534 3031 5572 eos
3096 5516 3254 5571 novit
3319 5531 3435 5569 non
3502 5516 3603 5568 ha-

1911 5608 2048 5662 bere
2101 5606 2581 5677 perseverantiam
2637 5624 2765 5678 quae
2814 5607 2885 5661 ad
2948 5607 3171 5659 beatam
3237 5604 3408 5657 vitam
3474 5618 3607 5672 per-
