  <div class='ocr_page' id='page_1' title='image "/cluster/home/n/w/nwhite01/storage/ocr_20150623/121/uva.x000827051/025.png"; bbox 0 0 3920 6224; ppageno 0'>
   <div class='ocr_carea' id='block_1_1' title="bbox 364 271 3843 336">
    <p class='ocr_par' dir='ltr' id='par_1_1' title="bbox 364 271 3843 336">
     <span class='ocr_line' id='line_1_1' title="bbox 364 271 3843 336; baseline -0.002 -1"><span class='ocrx_word' id='word_1_1' title='bbox 364 282 431 336; x_wconf 85' lang='grc'>35</span> <span class='ocrx_word' id='word_1_2' title='bbox 1493 273 1854 330; x_wconf 78' lang='lat' dir='ltr'>RATRAMNI</span> <span class='ocrx_word' id='word_1_3' title='bbox 1893 271 2357 329; x_wconf 83' lang='lat' dir='ltr'>CORBEIENSIS</span> <span class='ocrx_word' id='word_1_4' title='bbox 2390 272 2699 328; x_wconf 80' lang='lat' dir='ltr'>MONACHI</span> <span class='ocrx_word' id='word_1_5' title='bbox 3804 278 3843 328; x_wconf 73' lang='lat'>36‘</span> 
     </span>
    </p>
   </div>
   <div class='ocr_carea' id='block_1_2' title="bbox 361 403 3845 480">
    <p class='ocr_par' dir='ltr' id='par_1_2' title="bbox 361 403 3845 480">
     <span class='ocr_line' id='line_1_2' title="bbox 361 403 3845 480; baseline -0.001 -13"><span class='ocrx_word' id='word_1_6' title='bbox 361 411 519 466; x_wconf 81' lang='lat' dir='ltr'>ducit</span> <span class='ocrx_word' id='word_1_7' title='bbox 566 412 791 475; x_wconf 88' lang='lat' dir='ltr'>electos,</span> <span class='ocrx_word' id='word_1_8' title='bbox 861 408 1083 478; x_wconf 84' lang='lat' dir='ltr'>scitque</span> <span class='ocrx_word' id='word_1_9' title='bbox 1129 405 1262 461; x_wconf 82' lang='lat' dir='ltr'>illos</span> <span class='ocrx_word' id='word_1_10' title='bbox 1321 405 1399 459; x_wconf 92' lang='lat' dir='ltr'>ita</span> <span class='ocrx_word' id='word_1_11' title='bbox 1439 409 1608 471; x_wconf 88' lang='lat' dir='ltr'>stare,</span> <span class='ocrx_word' id='word_1_12' title='bbox 1675 411 1739 459; x_wconf 90' lang='lat' dir='ltr'>ut</span> <span class='ocrx_word' id='word_1_13' title='bbox 1800 403 2065 475; x_wconf 60' lang='lat' dir='ltr'>praescie-</span> <span class='ocrx_word' id='word_1_14' title='bbox 2104 409 2145 461; x_wconf 77' lang='grc' dir='ltr'><strong>Α</strong></span> <span class='ocrx_word' id='word_1_15' title='bbox 2178 421 2312 459; x_wconf 88' lang='lat' dir='ltr'>vero</span> <span class='ocrx_word' id='word_1_16' title='bbox 2359 406 2592 460; x_wconf 85' lang='lat' dir='ltr'>venient</span> <span class='ocrx_word' id='word_1_17' title='bbox 2653 405 2719 460; x_wconf 85' lang='lat' dir='ltr'>ad</span> <span class='ocrx_word' id='word_1_18' title='bbox 2761 405 3070 475; x_wconf 85' lang='lat' dir='ltr'>Christum,</span> <span class='ocrx_word' id='word_1_19' title='bbox 3129 406 3264 478; x_wconf 85' lang='lat' dir='ltr'>quia</span> <span class='ocrx_word' id='word_1_20' title='bbox 3325 407 3407 462; x_wconf 87' lang='lat' dir='ltr'>ita</span> <span class='ocrx_word' id='word_1_21' title='bbox 3435 407 3687 463; x_wconf 83' lang='lat' dir='ltr'>veniunt</span> <span class='ocrx_word' id='word_1_22' title='bbox 3742 423 3845 480; x_wconf 44' lang='lat' dir='ltr'>quo.</span> 
     </span>
    </p>
   </div>
   <div class='ocr_carea' id='block_1_3' title="bbox 363 494 2061 566">
    <p class='ocr_par' dir='ltr' id='par_1_3' title="bbox 363 494 2061 566">
     <span class='ocr_line' id='line_1_3' title="bbox 363 494 2061 566; baseline -0.005 -13"><span class='ocrx_word' id='word_1_23' title='bbox 363 499 439 554; x_wconf 90' lang='lat' dir='ltr'>rit</span> <span class='ocrx_word' id='word_1_24' title='bbox 468 517 587 554; x_wconf 85' lang='lat' dir='ltr'>esse</span> <span class='ocrx_word' id='word_1_25' title='bbox 620 514 848 553; x_wconf 91' lang='lat' dir='ltr'>casuros</span> <span class='ocrx_word' id='word_1_26' title='bbox 884 496 1075 566; x_wconf 84' lang='lat' dir='ltr'>(Ibid.,</span> <span class='ocrx_word' id='word_1_27' title='bbox 1125 510 1171 548; x_wconf 92' lang='lat' dir='ltr'>c.</span> <span class='ocrx_word' id='word_1_28' title='bbox 1207 494 1279 563; x_wconf 90' lang='lat'>8).</span> <span class='ocrx_word' id='word_1_29' title='bbox 1313 494 1413 548; x_wconf 86' lang='lat' dir='ltr'>Hic</span> <span class='ocrx_word' id='word_1_30' title='bbox 1440 494 1488 546; x_wconf 89' lang='lat' dir='ltr'>si</span> <span class='ocrx_word' id='word_1_31' title='bbox 1533 511 1561 546; x_wconf 90' lang='lat' dir='ltr'>a</span> <span class='ocrx_word' id='word_1_32' title='bbox 1607 509 1698 547; x_wconf 92' lang='lat' dir='ltr'>me</span> <span class='ocrx_word' id='word_1_33' title='bbox 1748 498 2061 563; x_wconf 71' lang='lat' dir='ltr'>quaeratur,</span> 
     </span>
    </p>
   </div>
   <div class='ocr_carea' id='block_1_4' title="bbox 364 581 2064 657">
    <p class='ocr_par' dir='ltr' id='par_1_4' title="bbox 364 581 2064 657">
     <span class='ocr_line' id='line_1_4' title="bbox 364 581 2064 657; baseline -0.004 -16"><span class='ocrx_word' id='word_1_34' title='bbox 364 605 465 642; x_wconf 87' lang='lat' dir='ltr'>cur</span> <span class='ocrx_word' id='word_1_35' title='bbox 494 589 573 642; x_wconf 90' lang='lat' dir='ltr'>eis</span> <span class='ocrx_word' id='word_1_36' title='bbox 606 589 753 642; x_wconf 86' lang='lat' dir='ltr'>Deus</span> <span class='ocrx_word' id='word_1_37' title='bbox 799 582 1287 657; x_wconf 89' lang='lat' dir='ltr'>perseverantiam</span> <span class='ocrx_word' id='word_1_38' title='bbox 1339 598 1451 635; x_wconf 89' lang='lat' dir='ltr'>non</span> <span class='ocrx_word' id='word_1_39' title='bbox 1490 581 1733 651; x_wconf 78' lang='lat' dir='ltr'>dederit,</span> <span class='ocrx_word' id='word_1_40' title='bbox 1785 581 1883 651; x_wconf 89' lang='lat' dir='ltr'>qui</span> <span class='ocrx_word' id='word_1_41' title='bbox 1914 597 2064 649; x_wconf 89' lang='lat' dir='ltr'>eam,</span> 
     </span>
    </p>
   </div>
   <div class='ocr_carea' id='block_1_5' title="bbox 365 670 2067 747">
    <p class='ocr_par' dir='ltr' id='par_1_5' title="bbox 365 670 2067 747">
     <span class='ocr_line' id='line_1_5' title="bbox 365 670 2067 747; baseline -0.005 -16"><span class='ocrx_word' id='word_1_42' title='bbox 365 693 478 747; x_wconf 89' lang='lat' dir='ltr'>qua</span> <span class='ocrx_word' id='word_1_43' title='bbox 508 676 826 731; x_wconf 84' lang='lat' dir='ltr'>Christiane</span> <span class='ocrx_word' id='word_1_44' title='bbox 856 674 1129 737; x_wconf 84' lang='lat' dir='ltr'>viverent,</span> <span class='ocrx_word' id='word_1_45' title='bbox 1171 670 1539 725; x_wconf 84' lang='lat' dir='ltr'>dilectionem</span> <span class='ocrx_word' id='word_1_46' title='bbox 1575 670 1751 736; x_wconf 85' lang='lat' dir='ltr'>dedit,</span> <span class='ocrx_word' id='word_1_47' title='bbox 1786 686 1875 723; x_wconf 89' lang='lat' dir='ltr'>me</span> <span class='ocrx_word' id='word_1_48' title='bbox 1906 670 2067 740; x_wconf 87' lang='lat' dir='ltr'>igno-</span> 
     </span>
    </p>
   </div>
   <div class='ocr_carea' id='block_1_6' title="bbox 364 759 2067 835">
    <p class='ocr_par' dir='ltr' id='par_1_6' title="bbox 364 759 2067 835">
     <span class='ocr_line' id='line_1_6' title="bbox 364 759 2067 835; baseline -0.006 -17"><span class='ocrx_word' id='word_1_49' title='bbox 364 781 492 818; x_wconf 91' lang='lat' dir='ltr'>rare</span> <span class='ocrx_word' id='word_1_50' title='bbox 523 764 867 835; x_wconf 83' lang='lat' dir='ltr'>respondeo.</span> <span class='ocrx_word' id='word_1_51' title='bbox 906 762 1029 815; x_wconf 87' lang='lat' dir='ltr'>Non</span> <span class='ocrx_word' id='word_1_52' title='bbox 1056 759 1209 814; x_wconf 91' lang='lat' dir='ltr'>enim</span> <span class='ocrx_word' id='word_1_53' title='bbox 1240 764 1597 829; x_wconf 82' lang='lat' dir='ltr'>arroganter,</span> <span class='ocrx_word' id='word_1_54' title='bbox 1628 759 1725 812; x_wconf 91' lang='lat' dir='ltr'>sed</span> <span class='ocrx_word' id='word_1_55' title='bbox 1748 774 2067 827; x_wconf 78' lang='lat' dir='ltr'>agnoscens</span> 
     </span>
    </p>
   </div>
   <div class='ocr_carea' id='block_1_7' title="bbox 365 847 2064 916">
    <p class='ocr_par' dir='ltr' id='par_1_7' title="bbox 365 847 2064 916">
     <span class='ocr_line' id='line_1_7' title="bbox 365 847 2064 916; baseline -0.005 -9"><span class='ocrx_word' id='word_1_56' title='bbox 365 853 666 907; x_wconf 83' lang='lat' dir='ltr'>modulum</span> <span class='ocrx_word' id='word_1_57' title='bbox 713 866 923 915; x_wconf 89' lang='lat' dir='ltr'>meum,</span> <span class='ocrx_word' id='word_1_58' title='bbox 973 848 1143 903; x_wconf 89' lang='lat' dir='ltr'>audio</span> <span class='ocrx_word' id='word_1_59' title='bbox 1186 847 1470 901; x_wconf 88' lang='lat' dir='ltr'>dicentem</span> <span class='ocrx_word' id='word_1_60' title='bbox 1521 847 1861 916; x_wconf 86' lang='lat' dir='ltr'>Apostolum</span> <span class='ocrx_word' id='word_1_61' title='bbox 1906 863 1918 901; x_wconf 93' lang='lat'><strong>:</strong></span> <span class='ocrx_word' id='word_1_62' title='bbox 1961 867 1984 893; x_wconf 84' lang='lat'><strong>«</strong></span> <span class='ocrx_word' id='word_1_63' title='bbox 2024 848 2064 899; x_wconf 82' lang='grc' dir='ltr'>Ο</span> 
     </span>
    </p>
   </div>
   <div class='ocr_carea' id='block_1_8' title="bbox 365 934 2067 1011">
    <p class='ocr_par' dir='ltr' id='par_1_8' title="bbox 365 934 2067 1011">
     <span class='ocr_line' id='line_1_8' title="bbox 365 934 2067 1011; baseline -0.005 -15"><span class='ocrx_word' id='word_1_64' title='bbox 365 942 559 1006; x_wconf 85' lang='lat' dir='ltr'>homo,</span> <span class='ocrx_word' id='word_1_65' title='bbox 580 947 637 995; x_wconf 91' lang='lat' dir='ltr'>tu</span> <span class='ocrx_word' id='word_1_66' title='bbox 671 941 801 1011; x_wconf 88' lang='lat' dir='ltr'>quis</span> <span class='ocrx_word' id='word_1_67' title='bbox 821 955 900 1008; x_wconf 90' lang='lat' dir='ltr'>es,</span> <span class='ocrx_word' id='word_1_68' title='bbox 930 938 1031 1009; x_wconf 88' lang='lat' dir='ltr'>qui</span> <span class='ocrx_word' id='word_1_69' title='bbox 1052 937 1401 1007; x_wconf 85' lang='lat' dir='ltr'>respondeas</span> <span class='ocrx_word' id='word_1_70' title='bbox 1420 934 1574 990; x_wconf 83' lang='lat' dir='ltr'>Deo?</span> <span class='ocrx_word' id='word_1_71' title='bbox 1604 956 1627 985; x_wconf 74' lang='grc' dir='ltr'><strong>ι</strong></span> <span class='ocrx_word' id='word_1_72' title='bbox 1656 936 1827 1006; x_wconf 83' lang='lat' dir='ltr'>(Rom.</span> <span class='ocrx_word' id='word_1_73' title='bbox 1857 951 1930 1001; x_wconf 80' lang='lat' dir='ltr'>ix,</span> <span class='ocrx_word' id='word_1_74' title='bbox 1953 935 2067 1005; x_wconf 81' lang='lat'>20.)</span> 
     </span>
    </p>
   </div>
   <div class='ocr_carea' id='block_1_9' title="bbox 372 1023 2064 1095">
    <p class='ocr_par' dir='ltr' id='par_1_9' title="bbox 372 1023 2064 1095">
     <span class='ocr_line' id='line_1_9' title="bbox 372 1023 2064 1095; baseline -0.004 -11"><span class='ocrx_word' id='word_1_75' title='bbox 372 1031 433 1084; x_wconf 86' lang='lat' dir='ltr'>Et</span> <span class='ocrx_word' id='word_1_76' title='bbox 459 1046 471 1084; x_wconf 89' lang='lat'>:</span> <span class='ocrx_word' id='word_1_77' title='bbox 494 1048 521 1080; x_wconf 87' lang='lat'>«</span> <span class='ocrx_word' id='word_1_78' title='bbox 551 1031 593 1084; x_wconf 91' lang='lat'>0</span> <span class='ocrx_word' id='word_1_79' title='bbox 617 1028 858 1082; x_wconf 72' lang='lat' dir='ltr'>altitudo</span> <span class='ocrx_word' id='word_1_80' title='bbox 885 1026 1214 1081; x_wconf 87' lang='lat' dir='ltr'>divitiarum</span> <span class='ocrx_word' id='word_1_81' title='bbox 1248 1024 1540 1095; x_wconf 55' lang='lat' dir='ltr'>sapientia).</span> <span class='ocrx_word' id='word_1_82' title='bbox 1571 1028 1626 1078; x_wconf 92' lang='lat' dir='ltr'>et</span> <span class='ocrx_word' id='word_1_83' title='bbox 1650 1024 1903 1078; x_wconf 71' lang='lat' dir='ltr'>scientiae</span> <span class='ocrx_word' id='word_1_84' title='bbox 1934 1023 2064 1078; x_wconf 90' lang='lat' dir='ltr'>Deil</span> 
     </span>
    </p>
   </div>
   <div class='ocr_carea' id='block_1_10' title="bbox 371 1113 2071 1189">
    <p class='ocr_par' dir='ltr' id='par_1_10' title="bbox 371 1113 2071 1189">
     <span class='ocr_line' id='line_1_10' title="bbox 371 1113 2071 1189; baseline -0.002 -18"><span class='ocrx_word' id='word_1_85' title='bbox 371 1135 545 1189; x_wconf 89' lang='lat' dir='ltr'>quam</span> <span class='ocrx_word' id='word_1_86' title='bbox 598 1116 992 1172; x_wconf 87' lang='lat' dir='ltr'>inscrutabilia</span> <span class='ocrx_word' id='word_1_87' title='bbox 1045 1120 1177 1170; x_wconf 90' lang='lat' dir='ltr'>sunt</span> <span class='ocrx_word' id='word_1_88' title='bbox 1215 1114 1434 1185; x_wconf 91' lang='lat' dir='ltr'>judicia</span> <span class='ocrx_word' id='word_1_89' title='bbox 1480 1115 1623 1185; x_wconf 88' lang='lat' dir='ltr'>ejus,</span> <span class='ocrx_word' id='word_1_90' title='bbox 1673 1118 1730 1168; x_wconf 91' lang='lat' dir='ltr'>et</span> <span class='ocrx_word' id='word_1_91' title='bbox 1769 1113 2071 1183; x_wconf 87' lang='lat' dir='ltr'>investiga-</span> 
     </span>
    </p>
   </div>
   <div class='ocr_carea' id='block_1_11' title="bbox 367 1201 2069 1276">
    <p class='ocr_par' dir='ltr' id='par_1_11' title="bbox 367 1201 2069 1276">
     <span class='ocr_line' id='line_1_11' title="bbox 367 1201 2069 1276; baseline -0.004 -15"><span class='ocrx_word' id='word_1_92' title='bbox 367 1208 510 1261; x_wconf 88' lang='lat' dir='ltr'>biles</span> <span class='ocrx_word' id='word_1_93' title='bbox 541 1208 642 1261; x_wconf 60' lang='lat' dir='ltr'>vite</span> <span class='ocrx_word' id='word_1_94' title='bbox 671 1205 825 1276; x_wconf 82' lang='lat' dir='ltr'>ejus!</span> <span class='ocrx_word' id='word_1_95' title='bbox 864 1226 890 1256; x_wconf 76' lang='grc' dir='ltr'>ι)</span> <span class='ocrx_word' id='word_1_96' title='bbox 924 1209 1094 1270; x_wconf 82' lang='lat' dir='ltr'>(Rom.</span> <span class='ocrx_word' id='word_1_97' title='bbox 1126 1220 1201 1270; x_wconf 77' lang='lat' dir='ltr'>x1,</span> <span class='ocrx_word' id='word_1_98' title='bbox 1237 1202 1348 1274; x_wconf 88' lang='lat'>33.)</span> <span class='ocrx_word' id='word_1_99' title='bbox 1371 1202 1657 1267; x_wconf 90' lang='lat' dir='ltr'>Quantum</span> <span class='ocrx_word' id='word_1_100' title='bbox 1688 1203 1880 1274; x_wconf 88' lang='lat' dir='ltr'>itaque</span> <span class='ocrx_word' id='word_1_101' title='bbox 1903 1201 2069 1256; x_wconf 90' lang='lat' dir='ltr'>nobis</span> 
     </span>
    </p>
   </div>
   <div class='ocr_carea' id='block_1_12' title="bbox 364 1292 2066 1366">
    <p class='ocr_par' dir='ltr' id='par_1_12' title="bbox 364 1292 2066 1366">
     <span class='ocr_line' id='line_1_12' title="bbox 364 1292 2066 1366; baseline -0.004 -16"><span class='ocrx_word' id='word_1_102' title='bbox 364 1296 583 1366; x_wconf 86' lang='lat' dir='ltr'>judicia</span> <span class='ocrx_word' id='word_1_103' title='bbox 630 1313 732 1349; x_wconf 90' lang='lat' dir='ltr'>sua</span> <span class='ocrx_word' id='word_1_104' title='bbox 780 1294 1145 1349; x_wconf 82' lang='lat' dir='ltr'>manifestare</span> <span class='ocrx_word' id='word_1_105' title='bbox 1192 1292 1481 1363; x_wconf 81' lang='lat' dir='ltr'>dignatur,</span> <span class='ocrx_word' id='word_1_106' title='bbox 1528 1292 1739 1361; x_wconf 88' lang='lat' dir='ltr'>gratias</span> <span class='ocrx_word' id='word_1_107' title='bbox 1778 1307 2066 1362; x_wconf 84' lang='lat' dir='ltr'>agamus:</span> 
     </span>
    </p>
   </div>
   <div class='ocr_carea' id='block_1_13' title="bbox 370 1379 2071 1455">
    <p class='ocr_par' dir='ltr' id='par_1_13' title="bbox 370 1379 2071 1455">
     <span class='ocr_line' id='line_1_13' title="bbox 370 1379 2071 1455; baseline -0.003 -17"><span class='ocrx_word' id='word_1_108' title='bbox 370 1389 651 1455; x_wconf 88' lang='lat' dir='ltr'>quantum</span> <span class='ocrx_word' id='word_1_109' title='bbox 686 1400 818 1437; x_wconf 87' lang='lat' dir='ltr'>vero</span> <span class='ocrx_word' id='word_1_110' title='bbox 871 1382 1239 1448; x_wconf 88' lang='lat' dir='ltr'>abscondere,</span> <span class='ocrx_word' id='word_1_111' title='bbox 1271 1396 1387 1435; x_wconf 92' lang='lat' dir='ltr'>non</span> <span class='ocrx_word' id='word_1_112' title='bbox 1430 1380 1699 1434; x_wconf 90' lang='lat' dir='ltr'>adversus</span> <span class='ocrx_word' id='word_1_113' title='bbox 1733 1381 1854 1451; x_wconf 89' lang='lat' dir='ltr'>ejus</span> <span class='ocrx_word' id='word_1_114' title='bbox 1884 1379 2071 1433; x_wconf 90' lang='lat' dir='ltr'>consi-</span> 
     </span>
    </p>
   </div>
   <div class='ocr_carea' id='block_1_14' title="bbox 369 1467 2071 1539">
    <p class='ocr_par' dir='ltr' id='par_1_14' title="bbox 369 1467 2071 1539">
     <span class='ocr_line' id='line_1_14' title="bbox 369 1467 2071 1539; baseline -0.004 -13"><span class='ocrx_word' id='word_1_115' title='bbox 369 1474 509 1526; x_wconf 89' lang='lat' dir='ltr'>lium</span> <span class='ocrx_word' id='word_1_116' title='bbox 544 1471 1017 1539; x_wconf 80' lang='lat' dir='ltr'>mnrmuremus.)</span> <span class='ocrx_word' id='word_1_117' title='bbox 1051 1470 1117 1523; x_wconf 84' lang='lat' dir='ltr'>Et</span> <span class='ocrx_word' id='word_1_118' title='bbox 1148 1469 1238 1523; x_wconf 89' lang='lat' dir='ltr'>hic</span> <span class='ocrx_word' id='word_1_119' title='bbox 1271 1468 1562 1539; x_wconf 88' lang='lat' dir='ltr'>geminam</span> <span class='ocrx_word' id='word_1_120' title='bbox 1604 1467 1940 1522; x_wconf 87' lang='lat' dir='ltr'>electionem</span> <span class='ocrx_word' id='word_1_121' title='bbox 1978 1484 2071 1521; x_wconf 89' lang='lat' dir='ltr'>ex-</span> 
     </span>
    </p>
   </div>
   <div class='ocr_carea' id='block_1_15' title="bbox 369 1557 2067 1632">
    <p class='ocr_par' dir='ltr' id='par_1_15' title="bbox 369 1557 2067 1632">
     <span class='ocr_line' id='line_1_15' title="bbox 369 1557 2067 1632; baseline -0.004 -17"><span class='ocrx_word' id='word_1_122' title='bbox 369 1578 587 1632; x_wconf 88' lang='lat' dir='ltr'>ponens</span> <span class='ocrx_word' id='word_1_123' title='bbox 637 1562 775 1614; x_wconf 89' lang='lat' dir='ltr'>alios</span> <span class='ocrx_word' id='word_1_124' title='bbox 804 1561 884 1614; x_wconf 90' lang='lat' dir='ltr'>sic</span> <span class='ocrx_word' id='word_1_125' title='bbox 933 1560 1070 1614; x_wconf 91' lang='lat' dir='ltr'>dicit</span> <span class='ocrx_word' id='word_1_126' title='bbox 1115 1559 1340 1621; x_wconf 91' lang='lat' dir='ltr'>electos,</span> <span class='ocrx_word' id='word_1_127' title='bbox 1373 1557 1513 1611; x_wconf 90' lang='lat' dir='ltr'>alios</span> <span class='ocrx_word' id='word_1_128' title='bbox 1562 1573 1695 1610; x_wconf 78' lang='lat' dir='ltr'>vero</span> <span class='ocrx_word' id='word_1_129' title='bbox 1741 1557 1805 1611; x_wconf 88' lang='lat' dir='ltr'>ad</span> <span class='ocrx_word' id='word_1_130' title='bbox 1840 1563 2067 1627; x_wconf 89' lang='lat' dir='ltr'>tempus</span> 
     </span>
    </p>
   </div>
   <div class='ocr_carea' id='block_1_16' title="bbox 358 1646 2148 1738">
    <p class='ocr_par' dir='ltr' id='par_1_16' title="bbox 358 1646 2148 1738">
     <span class='ocr_line' id='line_1_16' title="bbox 358 1646 2148 1738; baseline -0.003 -34"><span class='ocrx_word' id='word_1_131' title='bbox 358 1652 598 1714; x_wconf 58' lang='lat' dir='ltr'>‘electos,</span> <span class='ocrx_word' id='word_1_132' title='bbox 629 1651 724 1704; x_wconf 91' lang='lat' dir='ltr'>sed</span> <span class='ocrx_word' id='word_1_133' title='bbox 759 1666 875 1703; x_wconf 92' lang='lat' dir='ltr'>non</span> <span class='ocrx_word' id='word_1_134' title='bbox 907 1664 1087 1718; x_wconf 84' lang='lat' dir='ltr'>usque</span> <span class='ocrx_word' id='word_1_135' title='bbox 1118 1648 1177 1700; x_wconf 92' lang='lat' dir='ltr'>in</span> <span class='ocrx_word' id='word_1_136' title='bbox 1212 1648 1382 1700; x_wconf 89' lang='lat' dir='ltr'>ﬁnem</span> <span class='ocrx_word' id='word_1_137' title='bbox 1417 1662 1843 1715; x_wconf 85' lang='lat' dir='ltr'>permansuros.</span> <span class='ocrx_word' id='word_1_138' title='bbox 1880 1646 2065 1709; x_wconf 87' lang='lat' dir='ltr'>Quare</span> <span class='ocrx_word' id='word_1_139' title='bbox 2107 1684 2148 1738; x_wconf 75' lang='grc' dir='ltr'><strong>Β</strong></span> 
     </span>
    </p>
   </div>
   <div class='ocr_carea' id='block_1_17' title="bbox 371 1734 2067 1807">
    <p class='ocr_par' dir='ltr' id='par_1_17' title="bbox 371 1734 2067 1807">
     <span class='ocr_line' id='line_1_17' title="bbox 371 1734 2067 1807; baseline -0.003 -15"><span class='ocrx_word' id='word_1_140' title='bbox 371 1744 564 1793; x_wconf 89' lang='lat' dir='ltr'>autem</span> <span class='ocrx_word' id='word_1_141' title='bbox 596 1739 678 1791; x_wconf 90' lang='lat' dir='ltr'>illi</span> <span class='ocrx_word' id='word_1_142' title='bbox 727 1738 807 1791; x_wconf 90' lang='lat' dir='ltr'>sic</span> <span class='ocrx_word' id='word_1_143' title='bbox 837 1738 1146 1807; x_wconf 88' lang='lat' dir='ltr'>eligantur,</span> <span class='ocrx_word' id='word_1_144' title='bbox 1179 1740 1237 1788; x_wconf 91' lang='lat' dir='ltr'>et</span> <span class='ocrx_word' id='word_1_145' title='bbox 1266 1735 1359 1789; x_wconf 82' lang='lat' dir='ltr'>isti</span> <span class='ocrx_word' id='word_1_146' title='bbox 1392 1735 1491 1803; x_wconf 90' lang='lat' dir='ltr'>sic,</span> <span class='ocrx_word' id='word_1_147' title='bbox 1526 1734 1672 1788; x_wconf 89' lang='lat' dir='ltr'>sicut</span> <span class='ocrx_word' id='word_1_148' title='bbox 1705 1734 2007 1804; x_wconf 86' lang='lat' dir='ltr'>ignoratur</span> <span class='ocrx_word' id='word_1_149' title='bbox 2037 1751 2067 1787; x_wconf 93' lang='lat' dir='ltr'>a</span> 
     </span>
    </p>
   </div>
   <div class='ocr_carea' id='block_1_18' title="bbox 373 1822 2072 1895">
    <p class='ocr_par' dir='ltr' id='par_1_18' title="bbox 373 1822 2072 1895">
     <span class='ocr_line' id='line_1_18' title="bbox 373 1822 2072 1895; baseline -0.003 -14"><span class='ocrx_word' id='word_1_150' title='bbox 373 1828 557 1895; x_wconf 86' lang='lat' dir='ltr'>nobis,</span> <span class='ocrx_word' id='word_1_151' title='bbox 590 1828 666 1881; x_wconf 90' lang='lat' dir='ltr'>ita</span> <span class='ocrx_word' id='word_1_152' title='bbox 715 1843 821 1880; x_wconf 89' lang='lat' dir='ltr'>nec</span> <span class='ocrx_word' id='word_1_153' title='bbox 851 1825 1293 1880; x_wconf 84' lang='lat' dir='ltr'>discutiendum.</span> <span class='ocrx_word' id='word_1_154' title='bbox 1331 1826 1468 1877; x_wconf 92' lang='lat' dir='ltr'>Item</span> <span class='ocrx_word' id='word_1_155' title='bbox 1510 1823 1664 1895; x_wconf 91' lang='lat' dir='ltr'>quod</span> <span class='ocrx_word' id='word_1_156' title='bbox 1710 1824 1843 1876; x_wconf 91' lang='lat' dir='ltr'>ﬁliis</span> <span class='ocrx_word' id='word_1_157' title='bbox 1874 1822 2072 1877; x_wconf 87' lang='lat' dir='ltr'>intide-</span> 
     </span>
    </p>
   </div>
   <div class='ocr_carea' id='block_1_19' title="bbox 375 1912 2070 1985">
    <p class='ocr_par' dir='ltr' id='par_1_19' title="bbox 375 1912 2070 1985">
     <span class='ocr_line' id='line_1_19' title="bbox 375 1912 2070 1985; baseline -0.004 -14"><span class='ocrx_word' id='word_1_158' title='bbox 375 1917 514 1971; x_wconf 89' lang='lat' dir='ltr'>lium</span> <span class='ocrx_word' id='word_1_159' title='bbox 565 1917 662 1970; x_wconf 88' lang='lat' dir='ltr'>dat</span> <span class='ocrx_word' id='word_1_160' title='bbox 713 1917 860 1969; x_wconf 91' lang='lat' dir='ltr'>Deus</span> <span class='ocrx_word' id='word_1_161' title='bbox 910 1913 1416 1985; x_wconf 88' lang='lat' dir='ltr'>perseverantiam,</span> <span class='ocrx_word' id='word_1_162' title='bbox 1463 1917 1519 1966; x_wconf 89' lang='lat' dir='ltr'>et</span> <span class='ocrx_word' id='word_1_163' title='bbox 1567 1912 1701 1966; x_wconf 90' lang='lat' dir='ltr'>ﬁliis</span> <span class='ocrx_word' id='word_1_164' title='bbox 1749 1912 2070 1966; x_wconf 91' lang='lat' dir='ltr'>inﬁdelium</span> 
     </span>
    </p>
   </div>
   <div class='ocr_carea' id='block_1_20' title="bbox 375 1998 2072 2069">
    <p class='ocr_par' dir='ltr' id='par_1_20' title="bbox 375 1998 2072 2069">
     <span class='ocr_line' id='line_1_20' title="bbox 375 1998 2072 2069; baseline -0.004 -11"><span class='ocrx_word' id='word_1_165' title='bbox 375 2020 490 2058; x_wconf 93' lang='lat' dir='ltr'>non</span> <span class='ocrx_word' id='word_1_166' title='bbox 523 2004 640 2067; x_wconf 92' lang='lat' dir='ltr'>dat,</span> <span class='ocrx_word' id='word_1_167' title='bbox 695 2000 1085 2055; x_wconf 89' lang='lat' dir='ltr'>inscrutabilia</span> <span class='ocrx_word' id='word_1_168' title='bbox 1130 2015 1250 2054; x_wconf 89' lang='lat' dir='ltr'>esse</span> <span class='ocrx_word' id='word_1_169' title='bbox 1292 1999 1512 2069; x_wconf 86' lang='lat' dir='ltr'>judicia</span> <span class='ocrx_word' id='word_1_170' title='bbox 1560 1998 1660 2053; x_wconf 89' lang='lat' dir='ltr'>Dei</span> <span class='ocrx_word' id='word_1_171' title='bbox 1688 1998 1841 2052; x_wconf 91' lang='lat' dir='ltr'>idem</span> <span class='ocrx_word' id='word_1_172' title='bbox 1872 1999 2072 2053; x_wconf 90' lang='lat' dir='ltr'>doctor</span> 
     </span>
    </p>
   </div>
   <div class='ocr_carea' id='block_1_21' title="bbox 373 2086 2071 2157">
    <p class='ocr_par' dir='ltr' id='par_1_21' title="bbox 373 2086 2071 2157">
     <span class='ocr_line' id='line_1_21' title="bbox 373 2086 2071 2157; baseline -0.004 -10"><span class='ocrx_word' id='word_1_173' title='bbox 373 2093 619 2147; x_wconf 86' lang='lat' dir='ltr'>ostendit</span> <span class='ocrx_word' id='word_1_174' title='bbox 685 2090 745 2144; x_wconf 91' lang='lat' dir='ltr'>in</span> <span class='ocrx_word' id='word_1_175' title='bbox 802 2090 1005 2143; x_wconf 88' lang='lat' dir='ltr'>eodem</span> <span class='ocrx_word' id='word_1_176' title='bbox 1063 2088 1207 2141; x_wconf 89' lang='lat' dir='ltr'>libro</span> <span class='ocrx_word' id='word_1_177' title='bbox 1260 2087 1395 2157; x_wconf 87' lang='lat' dir='ltr'>(cap.</span> <span class='ocrx_word' id='word_1_178' title='bbox 1468 2087 1519 2157; x_wconf 92' lang='lat'>8)</span> <span class='ocrx_word' id='word_1_179' title='bbox 1560 2086 1802 2141; x_wconf 89' lang='lat' dir='ltr'>dicens:</span> <span class='ocrx_word' id='word_1_180' title='bbox 1841 2087 2071 2157; x_wconf 84' lang='lat' dir='ltr'>[Miran-</span> 
     </span>
    </p>
   </div>
   <div class='ocr_carea' id='block_1_22' title="bbox 374 2174 2071 2250">
    <p class='ocr_par' dir='ltr' id='par_1_22' title="bbox 374 2174 2071 2250">
     <span class='ocr_line' id='line_1_22' title="bbox 374 2174 2071 2250; baseline -0.004 -15"><span class='ocrx_word' id='word_1_181' title='bbox 374 2181 510 2235; x_wconf 91' lang='lat' dir='ltr'>dum</span> <span class='ocrx_word' id='word_1_182' title='bbox 542 2186 625 2235; x_wconf 87' lang='lat' dir='ltr'>est</span> <span class='ocrx_word' id='word_1_183' title='bbox 657 2179 912 2250; x_wconf 88' lang='lat' dir='ltr'>quidem,</span> <span class='ocrx_word' id='word_1_184' title='bbox 960 2177 1322 2247; x_wconf 90' lang='lat' dir='ltr'>multumque</span> <span class='ocrx_word' id='word_1_185' title='bbox 1355 2175 1701 2242; x_wconf 89' lang='lat' dir='ltr'>mirandum,</span> <span class='ocrx_word' id='word_1_186' title='bbox 1753 2175 1906 2245; x_wconf 91' lang='lat' dir='ltr'>quod</span> <span class='ocrx_word' id='word_1_187' title='bbox 1937 2174 2071 2229; x_wconf 91' lang='lat' dir='ltr'>ﬁliis</span> 
     </span>
    </p>
   </div>
   <div class='ocr_carea' id='block_1_23' title="bbox 370 2262 2067 2339">
    <p class='ocr_par' dir='ltr' id='par_1_23' title="bbox 370 2262 2067 2339">
     <span class='ocr_line' id='line_1_23' title="bbox 370 2262 2067 2339; baseline -0.004 -17"><span class='ocrx_word' id='word_1_188' title='bbox 370 2269 486 2322; x_wconf 89' lang='lat' dir='ltr'>suis</span> <span class='ocrx_word' id='word_1_189' title='bbox 539 2268 877 2339; x_wconf 87' lang='lat' dir='ltr'>quibusdam</span> <span class='ocrx_word' id='word_1_190' title='bbox 929 2267 1098 2331; x_wconf 89' lang='lat' dir='ltr'>Deus,</span> <span class='ocrx_word' id='word_1_191' title='bbox 1133 2281 1277 2335; x_wconf 89' lang='lat' dir='ltr'>quos</span> <span class='ocrx_word' id='word_1_192' title='bbox 1324 2263 1683 2333; x_wconf 89' lang='lat' dir='ltr'>regeneravit</span> <span class='ocrx_word' id='word_1_193' title='bbox 1726 2262 1787 2316; x_wconf 90' lang='lat' dir='ltr'>in</span> <span class='ocrx_word' id='word_1_194' title='bbox 1829 2262 2067 2330; x_wconf 86' lang='lat' dir='ltr'>Christo,</span> 
     </span>
    </p>
   </div>
   <div class='ocr_carea' id='block_1_24' title="bbox 370 2351 2073 2428">
    <p class='ocr_par' dir='ltr' id='par_1_24' title="bbox 370 2351 2073 2428">
     <span class='ocr_line' id='line_1_24' title="bbox 370 2351 2073 2428; baseline -0.004 -17"><span class='ocrx_word' id='word_1_195' title='bbox 370 2358 576 2428; x_wconf 89' lang='lat' dir='ltr'>quibus</span> <span class='ocrx_word' id='word_1_196' title='bbox 614 2357 804 2421; x_wconf 89' lang='lat' dir='ltr'>ﬁdem,</span> <span class='ocrx_word' id='word_1_197' title='bbox 848 2371 1030 2424; x_wconf 83' lang='lat' dir='ltr'>spem,</span> <span class='ocrx_word' id='word_1_198' title='bbox 1061 2353 1430 2407; x_wconf 85' lang='lat' dir='ltr'>dilectionem</span> <span class='ocrx_word' id='word_1_199' title='bbox 1464 2351 1640 2417; x_wconf 92' lang='lat' dir='ltr'>dedit,</span> <span class='ocrx_word' id='word_1_200' title='bbox 1671 2366 1789 2404; x_wconf 93' lang='lat' dir='ltr'>non</span> <span class='ocrx_word' id='word_1_201' title='bbox 1822 2351 1922 2405; x_wconf 88' lang='lat' dir='ltr'>dat</span> <span class='ocrx_word' id='word_1_202' title='bbox 1951 2367 2073 2422; x_wconf 88' lang='lat' dir='ltr'>per-</span> 
     </span>
    </p>
   </div>
   <div class='ocr_carea' id='block_1_25' title="bbox 372 2438 2069 2508">
    <p class='ocr_par' dir='ltr' id='par_1_25' title="bbox 372 2438 2069 2508">
     <span class='ocr_line' id='line_1_25' title="bbox 372 2438 2069 2508; baseline -0.004 -10"><span class='ocrx_word' id='word_1_203' title='bbox 372 2445 772 2508; x_wconf 89' lang='lat' dir='ltr'>severantiam,</span> <span class='ocrx_word' id='word_1_204' title='bbox 822 2458 952 2497; x_wconf 92' lang='lat' dir='ltr'>cum</span> <span class='ocrx_word' id='word_1_205' title='bbox 1002 2440 1137 2495; x_wconf 85' lang='lat' dir='ltr'>ﬁliis</span> <span class='ocrx_word' id='word_1_206' title='bbox 1185 2440 1387 2494; x_wconf 89' lang='lat' dir='ltr'>alienis</span> <span class='ocrx_word' id='word_1_207' title='bbox 1420 2440 1632 2493; x_wconf 91' lang='lat' dir='ltr'>scelera</span> <span class='ocrx_word' id='word_1_208' title='bbox 1667 2443 1823 2493; x_wconf 90' lang='lat' dir='ltr'>tanta</span> <span class='ocrx_word' id='word_1_209' title='bbox 1871 2438 2069 2493; x_wconf 90' lang='lat' dir='ltr'>dimit-</span> 
     </span>
    </p>
   </div>
   <div class='ocr_carea' id='block_1_26' title="bbox 370 2526 2072 2601">
    <p class='ocr_par' dir='ltr' id='par_1_26' title="bbox 370 2526 2072 2601">
     <span class='ocr_line' id='line_1_26' title="bbox 370 2526 2072 2601; baseline -0.004 -15"><span class='ocrx_word' id='word_1_210' title='bbox 370 2537 472 2600; x_wconf 88' lang='lat' dir='ltr'>tat,</span> <span class='ocrx_word' id='word_1_211' title='bbox 506 2536 676 2601; x_wconf 90' lang='lat' dir='ltr'>atque</span> <span class='ocrx_word' id='word_1_212' title='bbox 726 2529 1019 2601; x_wconf 88' lang='lat' dir='ltr'>impertita</span> <span class='ocrx_word' id='word_1_213' title='bbox 1084 2528 1268 2598; x_wconf 88' lang='lat' dir='ltr'>gratia</span> <span class='ocrx_word' id='word_1_214' title='bbox 1307 2544 1441 2581; x_wconf 90' lang='lat' dir='ltr'>suos</span> <span class='ocrx_word' id='word_1_215' title='bbox 1487 2528 1658 2581; x_wconf 90' lang='lat' dir='ltr'>faciat</span> <span class='ocrx_word' id='word_1_216' title='bbox 1717 2526 1885 2580; x_wconf 88' lang='lat' dir='ltr'>ﬁlios.</span> <span class='ocrx_word' id='word_1_217' title='bbox 1934 2526 2072 2590; x_wconf 87' lang='lat' dir='ltr'>Quis</span> 
     </span>
    </p>
   </div>
   <div class='ocr_carea' id='block_1_27' title="bbox 372 2615 2073 2687">
    <p class='ocr_par' dir='ltr' id='par_1_27' title="bbox 372 2615 2073 2687">
     <span class='ocr_line' id='line_1_27' title="bbox 372 2615 2073 2687; baseline -0.002 -14"><span class='ocrx_word' id='word_1_218' title='bbox 372 2619 479 2674; x_wconf 92' lang='lat' dir='ltr'>hoc</span> <span class='ocrx_word' id='word_1_219' title='bbox 510 2636 628 2673; x_wconf 92' lang='lat' dir='ltr'>non</span> <span class='ocrx_word' id='word_1_220' title='bbox 658 2619 937 2672; x_wconf 84' lang='lat' dir='ltr'>miretur?</span> <span class='ocrx_word' id='word_1_221' title='bbox 970 2616 1098 2687; x_wconf 89' lang='lat' dir='ltr'>quis</span> <span class='ocrx_word' id='word_1_222' title='bbox 1133 2616 1239 2670; x_wconf 87' lang='lat' dir='ltr'>hoc</span> <span class='ocrx_word' id='word_1_223' title='bbox 1269 2631 1389 2669; x_wconf 91' lang='lat' dir='ltr'>non</span> <span class='ocrx_word' id='word_1_224' title='bbox 1426 2615 1924 2669; x_wconf 87' lang='lat' dir='ltr'>vehementissime</span> <span class='ocrx_word' id='word_1_225' title='bbox 1960 2619 2073 2669; x_wconf 87' lang='lat' dir='ltr'>stu-</span> 
     </span>
    </p>
   </div>
   <div class='ocr_carea' id='block_1_28' title="bbox 381 2702 2073 2779">
    <p class='ocr_par' dir='ltr' id='par_1_28' title="bbox 381 2702 2073 2779">
     <span class='ocr_line' id='line_1_28' title="bbox 381 2702 2073 2779; baseline -0.003 -17"><span class='ocrx_word' id='word_1_226' title='bbox 381 2708 559 2779; x_wconf 88' lang='lat' dir='ltr'>peat?</span> <span class='ocrx_word' id='word_1_227' title='bbox 585 2706 693 2761; x_wconf 91' lang='lat' dir='ltr'>Sed</span> <span class='ocrx_word' id='word_1_228' title='bbox 725 2707 897 2759; x_wconf 90' lang='lat' dir='ltr'>etiam</span> <span class='ocrx_word' id='word_1_229' title='bbox 946 2704 1089 2758; x_wconf 91' lang='lat' dir='ltr'>illud</span> <span class='ocrx_word' id='word_1_230' title='bbox 1130 2720 1245 2758; x_wconf 91' lang='lat' dir='ltr'>non</span> <span class='ocrx_word' id='word_1_231' title='bbox 1279 2702 1468 2757; x_wconf 90' lang='lat' dir='ltr'>minus</span> <span class='ocrx_word' id='word_1_232' title='bbox 1512 2703 1725 2756; x_wconf 88' lang='lat' dir='ltr'>mirum</span> <span class='ocrx_word' id='word_1_233' title='bbox 1758 2706 1861 2770; x_wconf 88' lang='lat' dir='ltr'>est,</span> <span class='ocrx_word' id='word_1_234' title='bbox 1895 2708 1952 2757; x_wconf 89' lang='lat' dir='ltr'>et</span> <span class='ocrx_word' id='word_1_235' title='bbox 1981 2708 2073 2757; x_wconf 89' lang='lat' dir='ltr'>ta-</span> 
     </span>
    </p>
   </div>
   <div class='ocr_carea' id='block_1_29' title="bbox 380 2791 2071 2865">
    <p class='ocr_par' dir='ltr' id='par_1_29' title="bbox 380 2791 2071 2865">
     <span class='ocr_line' id='line_1_29' title="bbox 380 2791 2071 2865; baseline -0.003 -15"><span class='ocrx_word' id='word_1_236' title='bbox 380 2812 514 2851; x_wconf 90' lang='lat' dir='ltr'>men</span> <span class='ocrx_word' id='word_1_237' title='bbox 544 2811 742 2849; x_wconf 88' lang='lat' dir='ltr'>verum</span> <span class='ocrx_word' id='word_1_238' title='bbox 773 2800 944 2865; x_wconf 90' lang='lat' dir='ltr'>atque</span> <span class='ocrx_word' id='word_1_239' title='bbox 970 2794 1051 2847; x_wconf 90' lang='lat' dir='ltr'>ita</span> <span class='ocrx_word' id='word_1_240' title='bbox 1072 2792 1459 2861; x_wconf 85' lang='lat' dir='ltr'>manifestum,</span> <span class='ocrx_word' id='word_1_241' title='bbox 1490 2796 1557 2847; x_wconf 89' lang='lat' dir='ltr'>ut</span> <span class='ocrx_word' id='word_1_242' title='bbox 1581 2808 1684 2845; x_wconf 93' lang='lat' dir='ltr'>nec</span> <span class='ocrx_word' id='word_1_243' title='bbox 1708 2791 1819 2862; x_wconf 89' lang='lat' dir='ltr'>ipsi</span> <span class='ocrx_word' id='word_1_244' title='bbox 1853 2791 2071 2846; x_wconf 90' lang='lat' dir='ltr'>inimici</span> 
     </span>
    </p>
   </div>
   <div class='ocr_carea' id='block_1_30' title="bbox 372 2880 2067 2956">
    <p class='ocr_par' dir='ltr' id='par_1_30' title="bbox 372 2880 2067 2956">
     <span class='ocr_line' id='line_1_30' title="bbox 372 2880 2067 2956; baseline -0.002 -17"><span class='ocrx_word' id='word_1_245' title='bbox 372 2885 573 2956; x_wconf 70' lang='lat' dir='ltr'>gratiae</span> <span class='ocrx_word' id='word_1_246' title='bbox 627 2883 743 2951; x_wconf 89' lang='lat' dir='ltr'>Dei,</span> <span class='ocrx_word' id='word_1_247' title='bbox 796 2882 1083 2953; x_wconf 91' lang='lat' dir='ltr'>quomodo</span> <span class='ocrx_word' id='word_1_248' title='bbox 1131 2881 1188 2936; x_wconf 91' lang='lat' dir='ltr'>id</span> <span class='ocrx_word' id='word_1_249' title='bbox 1238 2885 1450 2950; x_wconf 89' lang='lat' dir='ltr'>negent</span> <span class='ocrx_word' id='word_1_250' title='bbox 1498 2881 1726 2934; x_wconf 88' lang='lat' dir='ltr'>valeant</span> <span class='ocrx_word' id='word_1_251' title='bbox 1789 2880 2067 2948; x_wconf 89' lang='lat' dir='ltr'>invenire,</span> 
     </span>
    </p>
   </div>
   <div class='ocr_carea' id='block_1_31' title="bbox 372 2958 2147 3042">
    <p class='ocr_par' dir='ltr' id='par_1_31' title="bbox 372 2958 2147 3042">
     <span class='ocr_line' id='line_1_31' title="bbox 372 2958 2147 3042; baseline -0.001 -17"><span class='ocrx_word' id='word_1_252' title='bbox 372 2971 525 3042; x_wconf 90' lang='lat' dir='ltr'>quod</span> <span class='ocrx_word' id='word_1_253' title='bbox 557 2970 707 3025; x_wconf 86' lang='lat' dir='ltr'>ﬁlios</span> <span class='ocrx_word' id='word_1_254' title='bbox 754 2970 1031 3041; x_wconf 89' lang='lat' dir='ltr'>quosdam</span> <span class='ocrx_word' id='word_1_255' title='bbox 1062 2968 1375 3024; x_wconf 88' lang='lat' dir='ltr'>amicorum</span> <span class='ocrx_word' id='word_1_256' title='bbox 1425 2986 1684 3035; x_wconf 90' lang='lat' dir='ltr'>suorum,</span> <span class='ocrx_word' id='word_1_257' title='bbox 1715 2970 1825 3023; x_wconf 87' lang='lat' dir='ltr'>hoc</span> <span class='ocrx_word' id='word_1_258' title='bbox 1868 2974 1953 3024; x_wconf 91' lang='lat' dir='ltr'>est</span> <span class='ocrx_word' id='word_1_259' title='bbox 1980 2986 2070 3023; x_wconf 87' lang='lat' dir='ltr'>re-</span> <span class='ocrx_word' id='word_1_260' title='bbox 2107 2958 2147 3014; x_wconf 67' lang='grc' dir='ltr'>(ἶ</span> 
     </span>
    </p>
   </div>
   <div class='ocr_carea' id='block_1_32' title="bbox 374 3044 2070 3131">
    <p class='ocr_par' dir='ltr' id='par_1_32' title="bbox 374 3044 2070 3131">
     <span class='ocr_line' id='line_1_32' title="bbox 374 3044 2070 3131; baseline -0.002 -17"><span class='ocrx_word' id='word_1_261' title='bbox 374 3064 801 3131; x_wconf 88' lang='lat' dir='ltr'>generatorum,</span> <span class='ocrx_word' id='word_1_262' title='bbox 850 3058 1253 3128; x_wconf 86' lang='lat' dir='ltr'>bonorumque</span> <span class='ocrx_word' id='word_1_263' title='bbox 1292 3058 1570 3125; x_wconf 89' lang='lat' dir='ltr'>ﬁdelium,</span> <span class='ocrx_word' id='word_1_264' title='bbox 1616 3044 1738 3111; x_wconf 86' lang='lat' dir='ltr'>sine</span> <span class='ocrx_word' id='word_1_265' title='bbox 1785 3058 2070 3129; x_wconf 89' lang='lat' dir='ltr'>baptismo</span> 
     </span>
    </p>
   </div>
   <div class='ocr_carea' id='block_1_33' title="bbox 374 3147 2073 3218">
    <p class='ocr_par' dir='ltr' id='par_1_33' title="bbox 374 3147 2073 3218">
     <span class='ocr_line' id='line_1_33' title="bbox 374 3147 2073 3218; baseline -0.002 -15"><span class='ocrx_word' id='word_1_266' title='bbox 374 3149 508 3204; x_wconf 91' lang='lat' dir='ltr'>hinc</span> <span class='ocrx_word' id='word_1_267' title='bbox 539 3148 809 3218; x_wconf 86' lang='lat' dir='ltr'>parvulos</span> <span class='ocrx_word' id='word_1_268' title='bbox 834 3152 1124 3211; x_wconf 86' lang='lat' dir='ltr'>exeuntes,</span> <span class='ocrx_word' id='word_1_269' title='bbox 1161 3147 1372 3217; x_wconf 88' lang='lat' dir='ltr'>quibus</span> <span class='ocrx_word' id='word_1_270' title='bbox 1391 3147 1590 3217; x_wconf 86' lang='lat' dir='ltr'>utique</span> <span class='ocrx_word' id='word_1_271' title='bbox 1611 3148 1658 3201; x_wconf 92' lang='lat' dir='ltr'>si</span> <span class='ocrx_word' id='word_1_272' title='bbox 1682 3147 1869 3213; x_wconf 83' lang='lat' dir='ltr'>vellet,</span> <span class='ocrx_word' id='word_1_273' title='bbox 1899 3148 2073 3217; x_wconf 87' lang='lat' dir='ltr'>hujus</span> 
     </span>
    </p>
   </div>
   <div class='ocr_carea' id='block_1_34' title="bbox 379 3235 2074 3307">
    <p class='ocr_par' dir='ltr' id='par_1_34' title="bbox 379 3235 2074 3307">
     <span class='ocr_line' id='line_1_34' title="bbox 379 3235 2074 3307; baseline -0.002 -15"><span class='ocrx_word' id='word_1_274' title='bbox 379 3237 591 3292; x_wconf 89' lang='lat' dir='ltr'>lavacri</span> <span class='ocrx_word' id='word_1_275' title='bbox 635 3236 877 3307; x_wconf 88' lang='lat' dir='ltr'>gratiam</span> <span class='ocrx_word' id='word_1_276' title='bbox 913 3241 1266 3307; x_wconf 89' lang='lat' dir='ltr'>procuraret,</span> <span class='ocrx_word' id='word_1_277' title='bbox 1315 3235 1374 3289; x_wconf 89' lang='lat' dir='ltr'>in</span> <span class='ocrx_word' id='word_1_278' title='bbox 1408 3237 1568 3305; x_wconf 83' lang='lat' dir='ltr'>cujus</span> <span class='ocrx_word' id='word_1_279' title='bbox 1618 3239 1898 3307; x_wconf 87' lang='lat' dir='ltr'>potestate</span> <span class='ocrx_word' id='word_1_280' title='bbox 1943 3239 2074 3290; x_wconf 91' lang='lat' dir='ltr'>sunt</span> 
     </span>
    </p>
   </div>
   <div class='ocr_carea' id='block_1_35' title="bbox 371 3324 2071 3396">
    <p class='ocr_par' dir='ltr' id='par_1_35' title="bbox 371 3324 2071 3396">
     <span class='ocr_line' id='line_1_35' title="bbox 371 3324 2071 3396; baseline -0.003 -15"><span class='ocrx_word' id='word_1_281' title='bbox 371 3327 586 3394; x_wconf 89' lang='lat' dir='ltr'>omnia,</span> <span class='ocrx_word' id='word_1_282' title='bbox 622 3325 837 3379; x_wconf 89' lang='lat' dir='ltr'>alienat</span> <span class='ocrx_word' id='word_1_283' title='bbox 866 3342 899 3379; x_wconf 90' lang='lat' dir='ltr'>a</span> <span class='ocrx_word' id='word_1_284' title='bbox 928 3340 1106 3396; x_wconf 89' lang='lat' dir='ltr'>regno</span> <span class='ocrx_word' id='word_1_285' title='bbox 1134 3340 1257 3392; x_wconf 92' lang='lat' dir='ltr'>suo,</span> <span class='ocrx_word' id='word_1_286' title='bbox 1297 3340 1413 3394; x_wconf 90' lang='lat' dir='ltr'>quo</span> <span class='ocrx_word' id='word_1_287' title='bbox 1440 3330 1709 3394; x_wconf 88' lang='lat' dir='ltr'>parentes</span> <span class='ocrx_word' id='word_1_288' title='bbox 1737 3324 1913 3379; x_wconf 87' lang='lat' dir='ltr'>mittit</span> <span class='ocrx_word' id='word_1_289' title='bbox 1944 3324 2071 3378; x_wconf 84' lang='lat' dir='ltr'>illo-</span> 
     </span>
    </p>
   </div>
   <div class='ocr_carea' id='block_1_36' title="bbox 373 3411 2073 3484">
    <p class='ocr_par' dir='ltr' id='par_1_36' title="bbox 373 3411 2073 3484">
     <span class='ocr_line' id='line_1_36' title="bbox 373 3411 2073 3484; baseline -0.001 -16"><span class='ocrx_word' id='word_1_290' title='bbox 373 3430 525 3482; x_wconf 91' lang='lat' dir='ltr'>rum,</span> <span class='ocrx_word' id='word_1_291' title='bbox 595 3418 653 3468; x_wconf 88' lang='lat' dir='ltr'>et</span> <span class='ocrx_word' id='word_1_292' title='bbox 717 3413 993 3484; x_wconf 89' lang='lat' dir='ltr'>quosdam</span> <span class='ocrx_word' id='word_1_293' title='bbox 1058 3411 1208 3466; x_wconf 90' lang='lat' dir='ltr'>ﬁlios</span> <span class='ocrx_word' id='word_1_294' title='bbox 1276 3412 1639 3467; x_wconf 87' lang='lat' dir='ltr'>inimicorum</span> <span class='ocrx_word' id='word_1_295' title='bbox 1696 3429 1934 3467; x_wconf 91' lang='lat' dir='ltr'>suorum</span> <span class='ocrx_word' id='word_1_296' title='bbox 1996 3414 2073 3467; x_wconf 83' lang='lat' dir='ltr'>fa-</span> 
     </span>
    </p>
   </div>
   <div class='ocr_carea' id='block_1_37' title="bbox 374 3501 2072 3572">
    <p class='ocr_par' dir='ltr' id='par_1_37' title="bbox 374 3501 2072 3572">
     <span class='ocr_line' id='line_1_37' title="bbox 374 3501 2072 3572; baseline -0.001 -15"><span class='ocrx_word' id='word_1_297' title='bbox 374 3504 453 3558; x_wconf 91' lang='lat' dir='ltr'>cit</span> <span class='ocrx_word' id='word_1_298' title='bbox 486 3504 568 3557; x_wconf 38' lang='lat' dir='ltr'>»in</span> <span class='ocrx_word' id='word_1_299' title='bbox 621 3519 829 3557; x_wconf 87' lang='lat' dir='ltr'>manus</span> <span class='ocrx_word' id='word_1_300' title='bbox 888 3501 1347 3556; x_wconf 83' lang='lat' dir='ltr'>Christianorum</span> <span class='ocrx_word' id='word_1_301' title='bbox 1400 3501 1627 3571; x_wconf 87' lang='lat' dir='ltr'>venire,</span> <span class='ocrx_word' id='word_1_302' title='bbox 1692 3505 1747 3556; x_wconf 87' lang='lat' dir='ltr'>et</span> <span class='ocrx_word' id='word_1_303' title='bbox 1808 3518 1912 3572; x_wconf 90' lang='lat' dir='ltr'>per</span> <span class='ocrx_word' id='word_1_304' title='bbox 1966 3502 2072 3556; x_wconf 87' lang='lat' dir='ltr'>hoc</span> 
     </span>
    </p>
   </div>
   <div class='ocr_carea' id='block_1_38' title="bbox 371 3591 2069 3662">
    <p class='ocr_par' dir='ltr' id='par_1_38' title="bbox 371 3591 2069 3662">
     <span class='ocr_line' id='line_1_38' title="bbox 371 3591 2069 3662; baseline -0.001 -16"><span class='ocrx_word' id='word_1_305' title='bbox 371 3594 662 3649; x_wconf 88' lang='lat' dir='ltr'>lavacrum</span> <span class='ocrx_word' id='word_1_306' title='bbox 710 3591 1025 3647; x_wconf 87' lang='lat' dir='ltr'>introducit</span> <span class='ocrx_word' id='word_1_307' title='bbox 1074 3592 1133 3646; x_wconf 92' lang='lat' dir='ltr'>in</span> <span class='ocrx_word' id='word_1_308' title='bbox 1180 3607 1446 3662; x_wconf 89' lang='lat' dir='ltr'>regnum,</span> <span class='ocrx_word' id='word_1_309' title='bbox 1486 3608 1518 3647; x_wconf 90' lang='lat' dir='ltr'>a</span> <span class='ocrx_word' id='word_1_310' title='bbox 1560 3606 1674 3662; x_wconf 92' lang='lat' dir='ltr'>quo</span> <span class='ocrx_word' id='word_1_311' title='bbox 1724 3607 1925 3647; x_wconf 88' lang='lat' dir='ltr'>eorum</span> <span class='ocrx_word' id='word_1_312' title='bbox 1967 3608 2069 3662; x_wconf 85' lang='lat' dir='ltr'>pa-</span> 
     </span>
    </p>
   </div>
   <div class='ocr_carea' id='block_1_39' title="bbox 371 3680 2068 3747">
    <p class='ocr_par' dir='ltr' id='par_1_39' title="bbox 371 3680 2068 3747">
     <span class='ocr_line' id='line_1_39' title="bbox 371 3680 2068 3747; baseline -0.001 -10"><span class='ocrx_word' id='word_1_313' title='bbox 371 3687 561 3737; x_wconf 89' lang='lat' dir='ltr'>rentes</span> <span class='ocrx_word' id='word_1_314' title='bbox 608 3681 781 3737; x_wconf 89' lang='lat' dir='ltr'>alieni</span> <span class='ocrx_word' id='word_1_315' title='bbox 812 3685 988 3736; x_wconf 90' lang='lat' dir='ltr'>sunt:</span> <span class='ocrx_word' id='word_1_316' title='bbox 1020 3697 1149 3735; x_wconf 90' lang='lat' dir='ltr'>cum</span> <span class='ocrx_word' id='word_1_317' title='bbox 1182 3685 1237 3735; x_wconf 89' lang='lat' dir='ltr'>et</span> <span class='ocrx_word' id='word_1_318' title='bbox 1281 3680 1393 3734; x_wconf 89' lang='lat' dir='ltr'>illis</span> <span class='ocrx_word' id='word_1_319' title='bbox 1426 3680 1663 3747; x_wconf 87' lang='lat' dir='ltr'>malum,</span> <span class='ocrx_word' id='word_1_320' title='bbox 1706 3684 1763 3735; x_wconf 92' lang='lat' dir='ltr'>et</span> <span class='ocrx_word' id='word_1_321' title='bbox 1801 3680 1925 3735; x_wconf 90' lang='lat' dir='ltr'>istis</span> <span class='ocrx_word' id='word_1_322' title='bbox 1965 3681 2068 3735; x_wconf 89' lang='lat' dir='ltr'>bo-</span> 
     </span>
    </p>
   </div>
   <div class='ocr_carea' id='block_1_40' title="bbox 371 3769 2069 3841">
    <p class='ocr_par' dir='ltr' id='par_1_40' title="bbox 371 3769 2069 3841">
     <span class='ocr_line' id='line_1_40' title="bbox 371 3769 2069 3841; baseline -0.002 -15"><span class='ocrx_word' id='word_1_323' title='bbox 371 3787 512 3826; x_wconf 90' lang='lat' dir='ltr'>num</span> <span class='ocrx_word' id='word_1_324' title='bbox 547 3772 818 3826; x_wconf 89' lang='lat' dir='ltr'>meritum</span> <span class='ocrx_word' id='word_1_325' title='bbox 886 3770 1110 3824; x_wconf 91' lang='lat' dir='ltr'>nullum</span> <span class='ocrx_word' id='word_1_326' title='bbox 1139 3770 1213 3823; x_wconf 90' lang='lat' dir='ltr'>sit</span> <span class='ocrx_word' id='word_1_327' title='bbox 1272 3769 1525 3841; x_wconf 89' lang='lat' dir='ltr'>parvulis</span> <span class='ocrx_word' id='word_1_328' title='bbox 1591 3786 1655 3823; x_wconf 79' lang='lat' dir='ltr'>ex</span> <span class='ocrx_word' id='word_1_329' title='bbox 1691 3786 1893 3824; x_wconf 90' lang='lat' dir='ltr'>eorum</span> <span class='ocrx_word' id='word_1_330' title='bbox 1943 3786 2069 3840; x_wconf 85' lang='lat' dir='ltr'>pro-</span> 
     </span>
    </p>
   </div>
   <div class='ocr_carea' id='block_1_41' title="bbox 370 3857 2071 3929">
    <p class='ocr_par' dir='ltr' id='par_1_41' title="bbox 370 3857 2071 3929">
     <span class='ocr_line' id='line_1_41' title="bbox 370 3857 2071 3929; baseline -0.001 -16"><span class='ocrx_word' id='word_1_331' title='bbox 370 3861 498 3929; x_wconf 90' lang='lat' dir='ltr'>pria</span> <span class='ocrx_word' id='word_1_332' title='bbox 525 3861 837 3915; x_wconf 88' lang='lat' dir='ltr'>voluntate.</span> <span class='ocrx_word' id='word_1_333' title='bbox 873 3860 1034 3913; x_wconf 85' lang='lat' dir='ltr'>Certe</span> <span class='ocrx_word' id='word_1_334' title='bbox 1064 3858 1186 3913; x_wconf 74' lang='lat' dir='ltr'>haec</span> <span class='ocrx_word' id='word_1_335' title='bbox 1210 3858 1429 3928; x_wconf 88' lang='lat' dir='ltr'>judicia</span> <span class='ocrx_word' id='word_1_336' title='bbox 1462 3857 1582 3925; x_wconf 91' lang='lat' dir='ltr'>Dei,</span> <span class='ocrx_word' id='word_1_337' title='bbox 1616 3858 1887 3928; x_wconf 90' lang='lat' dir='ltr'>quoniam</span> <span class='ocrx_word' id='word_1_338' title='bbox 1913 3857 2071 3927; x_wconf 86' lang='lat' dir='ltr'>justa</span> 
     </span>
    </p>
   </div>
   <div class='ocr_carea' id='block_1_42' title="bbox 373 3946 2063 4016">
    <p class='ocr_par' dir='ltr' id='par_1_42' title="bbox 373 3946 2063 4016">
     <span class='ocr_line' id='line_1_42' title="bbox 373 3946 2063 4016; baseline -0.002 -14"><span class='ocrx_word' id='word_1_339' title='bbox 373 3953 426 4002; x_wconf 90' lang='lat' dir='ltr'>et</span> <span class='ocrx_word' id='word_1_340' title='bbox 458 3948 573 4001; x_wconf 89' lang='lat' dir='ltr'>alta</span> <span class='ocrx_word' id='word_1_341' title='bbox 597 3951 751 4013; x_wconf 90' lang='lat' dir='ltr'>sunt,</span> <span class='ocrx_word' id='word_1_342' title='bbox 797 3963 901 4001; x_wconf 91' lang='lat' dir='ltr'>nec</span> <span class='ocrx_word' id='word_1_343' title='bbox 949 3946 1262 4016; x_wconf 83' lang='lat' dir='ltr'>vituperari</span> <span class='ocrx_word' id='word_1_344' title='bbox 1306 3951 1568 4015; x_wconf 89' lang='lat' dir='ltr'>possunt,</span> <span class='ocrx_word' id='word_1_345' title='bbox 1618 3962 1724 3999; x_wconf 89' lang='lat' dir='ltr'>nec</span> <span class='ocrx_word' id='word_1_346' title='bbox 1754 3946 2063 4016; x_wconf 89' lang='lat' dir='ltr'>penetrari.</span> 
     </span>
    </p>
   </div>
   <div class='ocr_carea' id='block_1_43' title="bbox 374 4034 2070 4104">
    <p class='ocr_par' dir='ltr' id='par_1_43' title="bbox 374 4034 2070 4104">
     <span class='ocr_line' id='line_1_43' title="bbox 374 4034 2070 4104; baseline -0.002 -14"><span class='ocrx_word' id='word_1_347' title='bbox 374 4038 436 4091; x_wconf 93' lang='lat' dir='ltr'>ln</span> <span class='ocrx_word' id='word_1_348' title='bbox 477 4036 567 4090; x_wconf 89' lang='lat' dir='ltr'>his</span> <span class='ocrx_word' id='word_1_349' title='bbox 600 4040 684 4088; x_wconf 90' lang='lat' dir='ltr'>est</span> <span class='ocrx_word' id='word_1_350' title='bbox 744 4039 799 4087; x_wconf 90' lang='lat' dir='ltr'>et</span> <span class='ocrx_word' id='word_1_351' title='bbox 831 4034 972 4087; x_wconf 92' lang='lat' dir='ltr'>illud</span> <span class='ocrx_word' id='word_1_352' title='bbox 1018 4036 1087 4087; x_wconf 88' lang='lat' dir='ltr'>de</span> <span class='ocrx_word' id='word_1_353' title='bbox 1152 4034 1611 4103; x_wconf 87' lang='lat' dir='ltr'>perseverantia;</span> <span class='ocrx_word' id='word_1_354' title='bbox 1646 4034 1715 4087; x_wconf 90' lang='lat' dir='ltr'>de</span> <span class='ocrx_word' id='word_1_355' title='bbox 1766 4050 1881 4104; x_wconf 91' lang='lat' dir='ltr'>qua</span> <span class='ocrx_word' id='word_1_356' title='bbox 1917 4050 2070 4088; x_wconf 90' lang='lat' dir='ltr'>nunc</span> 
     </span>
    </p>
   </div>
   <div class='ocr_carea' id='block_1_44' title="bbox 374 4120 2065 4191">
    <p class='ocr_par' dir='ltr' id='par_1_44' title="bbox 374 4120 2065 4191">
     <span class='ocr_line' id='line_1_44' title="bbox 374 4120 2065 4191; baseline -0.002 -13"><span class='ocrx_word' id='word_1_357' title='bbox 374 4123 700 4178; x_wconf 89' lang='lat' dir='ltr'>dubitantes</span> <span class='ocrx_word' id='word_1_358' title='bbox 747 4122 1137 4191; x_wconf 84' lang='lat' dir='ltr'>disputamus;</span> <span class='ocrx_word' id='word_1_359' title='bbox 1176 4120 1245 4174; x_wconf 92' lang='lat' dir='ltr'>de</span> <span class='ocrx_word' id='word_1_360' title='bbox 1276 4121 1532 4191; x_wconf 90' lang='lat' dir='ltr'>utrisque</span> <span class='ocrx_word' id='word_1_361' title='bbox 1579 4121 1757 4191; x_wconf 89' lang='lat' dir='ltr'>igitur</span> <span class='ocrx_word' id='word_1_362' title='bbox 1786 4122 2065 4177; x_wconf 88' lang='lat' dir='ltr'>exclame-</span> 
     </span>
    </p>
   </div>
   <div class='ocr_carea' id='block_1_45' title="bbox 2176 493 3846 566">
    <p class='ocr_par' dir='ltr' id='par_1_45' title="bbox 2176 493 3846 566">
     <span class='ocr_line' id='line_1_45' title="bbox 2176 493 3846 566; baseline 0.003 -19"><span class='ocrx_word' id='word_1_363' title='bbox 2176 495 2347 547; x_wconf 93' lang='lat' dir='ltr'>modo</span> <span class='ocrx_word' id='word_1_364' title='bbox 2380 493 2502 564; x_wconf 91' lang='lat' dir='ltr'>ipse</span> <span class='ocrx_word' id='word_1_365' title='bbox 2547 494 2729 549; x_wconf 88' lang='lat' dir='ltr'>dicit:</span> <span class='ocrx_word' id='word_1_366' title='bbox 2771 516 2792 544; x_wconf 77' lang='grc' dir='ltr'><strong>ε</strong></span> <span class='ocrx_word' id='word_1_367' title='bbox 2831 495 3009 549; x_wconf 89' lang='lat' dir='ltr'>Omne</span> <span class='ocrx_word' id='word_1_368' title='bbox 3053 496 3205 566; x_wconf 86' lang='lat' dir='ltr'>quod</span> <span class='ocrx_word' id='word_1_369' title='bbox 3252 497 3350 551; x_wconf 89' lang='lat' dir='ltr'>dat</span> <span class='ocrx_word' id='word_1_370' title='bbox 3396 497 3537 551; x_wconf 90' lang='lat' dir='ltr'>mihi</span> <span class='ocrx_word' id='word_1_371' title='bbox 3570 499 3763 563; x_wconf 85' lang='lat' dir='ltr'>Pater,</span> <span class='ocrx_word' id='word_1_372' title='bbox 3804 500 3846 552; x_wconf 72' lang='lat' dir='ltr'>ad</span> 
     </span>
    </p>
   </div>
   <div class='ocr_carea' id='block_1_46' title="bbox 2176 583 3849 656">
    <p class='ocr_par' dir='ltr' id='par_1_46' title="bbox 2176 583 3849 656">
     <span class='ocr_line' id='line_1_46' title="bbox 2176 583 3849 656; baseline 0.003 -21"><span class='ocrx_word' id='word_1_373' title='bbox 2176 598 2268 636; x_wconf 91' lang='lat' dir='ltr'>me</span> <span class='ocrx_word' id='word_1_374' title='bbox 2298 583 2518 650; x_wconf 75' lang='lat' dir='ltr'>veniet;</span> <span class='ocrx_word' id='word_1_375' title='bbox 2549 588 2607 637; x_wconf 89' lang='lat' dir='ltr'>et</span> <span class='ocrx_word' id='word_1_376' title='bbox 2639 600 2769 638; x_wconf 89' lang='lat' dir='ltr'>eum</span> <span class='ocrx_word' id='word_1_377' title='bbox 2822 584 2923 654; x_wconf 92' lang='lat' dir='ltr'>qui</span> <span class='ocrx_word' id='word_1_378' title='bbox 2955 584 3111 637; x_wconf 86' lang='lat' dir='ltr'>venit</span> <span class='ocrx_word' id='word_1_379' title='bbox 3135 585 3207 639; x_wconf 90' lang='lat' dir='ltr'>ad</span> <span class='ocrx_word' id='word_1_380' title='bbox 3239 601 3349 653; x_wconf 90' lang='lat' dir='ltr'>me,</span> <span class='ocrx_word' id='word_1_381' title='bbox 3382 602 3497 640; x_wconf 92' lang='lat' dir='ltr'>non</span> <span class='ocrx_word' id='word_1_382' title='bbox 3543 586 3777 656; x_wconf 89' lang='lat' dir='ltr'>ejiciam</span> <span class='ocrx_word' id='word_1_383' title='bbox 3798 587 3849 640; x_wconf 37' lang='lat' dir='ltr'>to.</span> 
     </span>
    </p>
   </div>
   <div class='ocr_carea' id='block_1_47' title="bbox 2176 673 3848 747">
    <p class='ocr_par' dir='ltr' id='par_1_47' title="bbox 2176 673 3848 747">
     <span class='ocr_line' id='line_1_47' title="bbox 2176 673 3848 747; baseline 0.002 -22"><span class='ocrx_word' id='word_1_384' title='bbox 2176 688 2267 725; x_wconf 89' lang='lat' dir='ltr'>ras</span> <span class='ocrx_word' id='word_1_385' title='bbox 2298 673 2471 742; x_wconf 83' lang='lat' dir='ltr'>(Joan.</span> <span class='ocrx_word' id='word_1_386' title='bbox 2505 688 2578 740; x_wconf 82' lang='lat' dir='ltr'>v1,</span> <span class='ocrx_word' id='word_1_387' title='bbox 2611 673 2725 740; x_wconf 85' lang='lat'>37.)</span> <span class='ocrx_word' id='word_1_388' title='bbox 2758 693 2785 721; x_wconf 85' lang='grc'><strong>››</strong></span> <span class='ocrx_word' id='word_1_389' title='bbox 2820 673 2886 726; x_wconf 86' lang='lat' dir='ltr'>Et</span> <span class='ocrx_word' id='word_1_390' title='bbox 2907 673 3080 742; x_wconf 89' lang='lat' dir='ltr'>paulo</span> <span class='ocrx_word' id='word_1_391' title='bbox 3102 678 3232 744; x_wconf 89' lang='lat' dir='ltr'>post</span> <span class='ocrx_word' id='word_1_392' title='bbox 3263 690 3276 728; x_wconf 93' lang='lat'><strong>:</strong></span> <span class='ocrx_word' id='word_1_393' title='bbox 3314 695 3342 723; x_wconf 86' lang='grc'>‹‹</span> <span class='ocrx_word' id='word_1_394' title='bbox 3373 675 3502 729; x_wconf 63' lang='lat' dir='ltr'>Haec</span> <span class='ocrx_word' id='word_1_395' title='bbox 3532 681 3642 736; x_wconf 90' lang='lat' dir='ltr'>est.</span> <span class='ocrx_word' id='word_1_396' title='bbox 3670 676 3848 747; x_wconf 84' lang='lat' dir='ltr'>inquit,</span> 
     </span>
    </p>
   </div>
   <div class='ocr_carea' id='block_1_48' title="bbox 2177 761 3849 835">
    <p class='ocr_par' dir='ltr' id='par_1_48' title="bbox 2177 761 3849 835">
     <span class='ocr_line' id='line_1_48' title="bbox 2177 761 3849 835; baseline 0.004 -22"><span class='ocrx_word' id='word_1_397' title='bbox 2177 762 2434 815; x_wconf 87' lang='lat' dir='ltr'>voluntas</span> <span class='ocrx_word' id='word_1_398' title='bbox 2484 761 2606 831; x_wconf 84' lang='lat' dir='ltr'>ejus</span> <span class='ocrx_word' id='word_1_399' title='bbox 2637 761 2737 832; x_wconf 91' lang='lat' dir='ltr'>qui</span> <span class='ocrx_word' id='word_1_400' title='bbox 2791 761 2944 815; x_wconf 88' lang='lat' dir='ltr'>misit</span> <span class='ocrx_word' id='word_1_401' title='bbox 2994 778 3108 829; x_wconf 92' lang='lat' dir='ltr'>me,</span> <span class='ocrx_word' id='word_1_402' title='bbox 3160 763 3359 830; x_wconf 89' lang='lat' dir='ltr'>Patris,</span> <span class='ocrx_word' id='word_1_403' title='bbox 3391 768 3458 818; x_wconf 90' lang='lat' dir='ltr'>ut</span> <span class='ocrx_word' id='word_1_404' title='bbox 3501 780 3683 819; x_wconf 90' lang='lat' dir='ltr'>omne</span> <span class='ocrx_word' id='word_1_405' title='bbox 3732 767 3849 835; x_wconf 87' lang='lat' dir='ltr'>quod</span> 
     </span>
    </p>
   </div>
   <div class='ocr_carea' id='block_1_49' title="bbox 2178 850 3849 923">
    <p class='ocr_par' dir='ltr' id='par_1_49' title="bbox 2178 850 3849 923">
     <span class='ocr_line' id='line_1_49' title="bbox 2178 850 3849 923; baseline 0.002 -20"><span class='ocrx_word' id='word_1_406' title='bbox 2178 850 2338 904; x_wconf 90' lang='lat' dir='ltr'>dedit</span> <span class='ocrx_word' id='word_1_407' title='bbox 2369 850 2510 904; x_wconf 85' lang='lat' dir='ltr'>mihi</span> <span class='ocrx_word' id='word_1_408' title='bbox 2544 852 2731 919; x_wconf 86' lang='lat' dir='ltr'>Pater,</span> <span class='ocrx_word' id='word_1_409' title='bbox 2760 866 2875 904; x_wconf 93' lang='lat' dir='ltr'>non</span> <span class='ocrx_word' id='word_1_410' title='bbox 2899 852 3139 920; x_wconf 90' lang='lat' dir='ltr'>perdam</span> <span class='ocrx_word' id='word_1_411' title='bbox 3170 868 3234 905; x_wconf 87' lang='lat' dir='ltr'>ex</span> <span class='ocrx_word' id='word_1_412' title='bbox 3257 868 3324 906; x_wconf 95' lang='lat' dir='ltr'>eo</span> <span class='ocrx_word' id='word_1_413' title='bbox 3347 853 3511 920; x_wconf 83' lang='lat' dir='ltr'>(Ibid.</span> <span class='ocrx_word' id='word_1_414' title='bbox 3550 897 3565 921; x_wconf 95' lang='lat'>,</span> <span class='ocrx_word' id='word_1_415' title='bbox 3602 854 3716 923; x_wconf 88' lang='lat'>39).</span> <span class='ocrx_word' id='word_1_416' title='bbox 3754 854 3849 907; x_wconf 75' lang='lat' dir='ltr'>nAb</span> 
     </span>
    </p>
   </div>
   <div class='ocr_carea' id='block_1_50' title="bbox 2178 938 3849 1012">
    <p class='ocr_par' dir='ltr' id='par_1_50' title="bbox 2178 938 3849 1012">
     <span class='ocr_line' id='line_1_50' title="bbox 2178 938 3849 1012; baseline 0.002 -20"><span class='ocrx_word' id='word_1_417' title='bbox 2178 938 2278 993; x_wconf 90' lang='lat' dir='ltr'>illo</span> <span class='ocrx_word' id='word_1_418' title='bbox 2312 955 2449 1010; x_wconf 91' lang='lat' dir='ltr'>ergo</span> <span class='ocrx_word' id='word_1_419' title='bbox 2481 939 2649 993; x_wconf 90' lang='lat' dir='ltr'>datur</span> <span class='ocrx_word' id='word_1_420' title='bbox 2669 939 2839 992; x_wconf 88' lang='lat' dir='ltr'>etiam</span> <span class='ocrx_word' id='word_1_421' title='bbox 2871 941 3300 1009; x_wconf 86' lang='lat' dir='ltr'>perseverantia</span> <span class='ocrx_word' id='word_1_422' title='bbox 3329 941 3387 995; x_wconf 95' lang='lat' dir='ltr'>in</span> <span class='ocrx_word' id='word_1_423' title='bbox 3418 941 3572 996; x_wconf 92' lang='lat' dir='ltr'>bono</span> <span class='ocrx_word' id='word_1_424' title='bbox 3604 958 3791 1012; x_wconf 87' lang='lat' dir='ltr'>usque</span> <span class='ocrx_word' id='word_1_425' title='bbox 3813 942 3849 996; x_wconf 83' lang='lat' dir='ltr'>in</span> 
     </span>
    </p>
   </div>
   <div class='ocr_carea' id='block_1_51' title="bbox 2178 1027 3848 1101">
    <p class='ocr_par' dir='ltr' id='par_1_51' title="bbox 2178 1027 3848 1101">
     <span class='ocr_line' id='line_1_51' title="bbox 2178 1027 3848 1101; baseline 0.002 -21"><span class='ocrx_word' id='word_1_426' title='bbox 2178 1027 2373 1081; x_wconf 88' lang='lat' dir='ltr'>ﬁnem.</span> <span class='ocrx_word' id='word_1_427' title='bbox 2420 1029 2616 1098; x_wconf 90' lang='lat' dir='ltr'>Neque</span> <span class='ocrx_word' id='word_1_428' title='bbox 2646 1027 2801 1081; x_wconf 90' lang='lat' dir='ltr'>enim</span> <span class='ocrx_word' id='word_1_429' title='bbox 2828 1028 3019 1094; x_wconf 90' lang='lat' dir='ltr'>datur,</span> <span class='ocrx_word' id='word_1_430' title='bbox 3048 1028 3158 1083; x_wconf 90' lang='lat' dir='ltr'>nisi</span> <span class='ocrx_word' id='word_1_431' title='bbox 3188 1028 3269 1083; x_wconf 88' lang='lat' dir='ltr'>eis</span> <span class='ocrx_word' id='word_1_432' title='bbox 3299 1030 3399 1101; x_wconf 88' lang='lat' dir='ltr'>qui</span> <span class='ocrx_word' id='word_1_433' title='bbox 3428 1046 3541 1084; x_wconf 89' lang='lat' dir='ltr'>non</span> <span class='ocrx_word' id='word_1_434' title='bbox 3585 1031 3848 1101; x_wconf 84' lang='lat' dir='ltr'>peribunt,</span> 
     </span>
    </p>
   </div>
   <div class='ocr_carea' id='block_1_52' title="bbox 2179 1115 3851 1189">
    <p class='ocr_par' dir='ltr' id='par_1_52' title="bbox 2179 1115 3851 1189">
     <span class='ocr_line' id='line_1_52' title="bbox 2179 1115 3851 1189; baseline 0.002 -20"><span class='ocrx_word' id='word_1_435' title='bbox 2179 1115 2456 1185; x_wconf 88' lang='lat' dir='ltr'>quoniam</span> <span class='ocrx_word' id='word_1_436' title='bbox 2502 1116 2603 1187; x_wconf 91' lang='lat' dir='ltr'>qui</span> <span class='ocrx_word' id='word_1_437' title='bbox 2665 1132 2777 1169; x_wconf 93' lang='lat' dir='ltr'>non</span> <span class='ocrx_word' id='word_1_438' title='bbox 2842 1120 3227 1187; x_wconf 88' lang='lat' dir='ltr'>perseverant,</span> <span class='ocrx_word' id='word_1_439' title='bbox 3299 1119 3591 1189; x_wconf 89' lang='lat' dir='ltr'>peribunt.</span> <span class='ocrx_word' id='word_1_440' title='bbox 3656 1120 3851 1173; x_wconf 74' lang='lat' dir='ltr'>Talibus</span> 
     </span>
    </p>
   </div>
   <div class='ocr_carea' id='block_1_53' title="bbox 2183 1205 3850 1276">
    <p class='ocr_par' dir='ltr' id='par_1_53' title="bbox 2183 1205 3850 1276">
     <span class='ocr_line' id='line_1_53' title="bbox 2183 1205 3850 1276; baseline 0 -18"><span class='ocrx_word' id='word_1_441' title='bbox 2183 1206 2359 1259; x_wconf 88' lang='lat' dir='ltr'>Deum</span> <span class='ocrx_word' id='word_1_442' title='bbox 2392 1224 2419 1256; x_wconf 75' lang='grc' dir='ltr'>ε(</span> <span class='ocrx_word' id='word_1_443' title='bbox 2451 1205 2827 1276; x_wconf 86' lang='lat' dir='ltr'>diligentibus</span> <span class='ocrx_word' id='word_1_444' title='bbox 2849 1206 3043 1260; x_wconf 87' lang='lat' dir='ltr'>omnia</span> <span class='ocrx_word' id='word_1_445' title='bbox 3064 1214 3446 1276; x_wconf 89' lang='lat' dir='ltr'>cooperantur</span> <span class='ocrx_word' id='word_1_446' title='bbox 3475 1208 3535 1261; x_wconf 94' lang='lat' dir='ltr'>in</span> <span class='ocrx_word' id='word_1_447' title='bbox 3568 1208 3850 1262; x_wconf 67' lang='lat' dir='ltr'>bonumzn</span> 
     </span>
    </p>
   </div>
   <div class='ocr_carea' id='block_1_54' title="bbox 2179 1293 3852 1368">
    <p class='ocr_par' dir='ltr' id='par_1_54' title="bbox 2179 1293 3852 1368">
     <span class='ocr_line' id='line_1_54' title="bbox 2179 1293 3852 1368; baseline 0.002 -22"><span class='ocrx_word' id='word_1_448' title='bbox 2179 1309 2360 1363; x_wconf 86' lang='lat' dir='ltr'>usque</span> <span class='ocrx_word' id='word_1_449' title='bbox 2408 1293 2553 1347; x_wconf 87' lang='lat' dir='ltr'>adeo</span> <span class='ocrx_word' id='word_1_450' title='bbox 2600 1310 2835 1364; x_wconf 88' lang='lat' dir='ltr'>prorsus</span> <span class='ocrx_word' id='word_1_451' title='bbox 2882 1295 3098 1357; x_wconf 89' lang='lat' dir='ltr'>omnia,</span> <span class='ocrx_word' id='word_1_452' title='bbox 3133 1300 3195 1349; x_wconf 87' lang='lat' dir='ltr'>ut</span> <span class='ocrx_word' id='word_1_453' title='bbox 3241 1296 3411 1350; x_wconf 91' lang='lat' dir='ltr'>etiam</span> <span class='ocrx_word' id='word_1_454' title='bbox 3444 1296 3490 1349; x_wconf 91' lang='lat' dir='ltr'>si</span> <span class='ocrx_word' id='word_1_455' title='bbox 3543 1298 3649 1368; x_wconf 92' lang='lat' dir='ltr'>qui</span> <span class='ocrx_word' id='word_1_456' title='bbox 3685 1314 3852 1350; x_wconf 89' lang='lat' dir='ltr'>eorum</span> 
     </span>
    </p>
   </div>
   <div class='ocr_carea' id='block_1_55' title="bbox 2181 1377 3853 1452">
    <p class='ocr_par' dir='ltr' id='par_1_55' title="bbox 2181 1377 3853 1452">
     <span class='ocr_line' id='line_1_55' title="bbox 2181 1377 3853 1452; baseline 0.002 -20"><span class='ocrx_word' id='word_1_457' title='bbox 2181 1377 2410 1432; x_wconf 88' lang='lat' dir='ltr'>deviant</span> <span class='ocrx_word' id='word_1_458' title='bbox 2469 1383 2525 1433; x_wconf 89' lang='lat' dir='ltr'>et</span> <span class='ocrx_word' id='word_1_459' title='bbox 2557 1379 2897 1447; x_wconf 83' lang='lat' dir='ltr'>exorbitant,</span> <span class='ocrx_word' id='word_1_460' title='bbox 2946 1380 3120 1434; x_wconf 86' lang='lat' dir='ltr'>etiam</span> <span class='ocrx_word' id='word_1_461' title='bbox 3183 1380 3294 1435; x_wconf 93' lang='lat' dir='ltr'>hoc</span> <span class='ocrx_word' id='word_1_462' title='bbox 3340 1382 3526 1452; x_wconf 87' lang='lat' dir='ltr'>ipsum</span> <span class='ocrx_word' id='word_1_463' title='bbox 3596 1382 3688 1436; x_wconf 89' lang='lat' dir='ltr'>eis</span> <span class='ocrx_word' id='word_1_464' title='bbox 3722 1383 3853 1437; x_wconf 79' lang='lat' dir='ltr'>faciat</span> 
     </span>
    </p>
   </div>
   <div class='ocr_carea' id='block_1_56' title="bbox 2180 1466 3853 1539">
    <p class='ocr_par' dir='ltr' id='par_1_56' title="bbox 2180 1466 3853 1539">
     <span class='ocr_line' id='line_1_56' title="bbox 2180 1466 3853 1539; baseline 0.002 -22"><span class='ocrx_word' id='word_1_465' title='bbox 2180 1466 2456 1535; x_wconf 91' lang='lat' dir='ltr'>proﬁcere</span> <span class='ocrx_word' id='word_1_466' title='bbox 2486 1467 2545 1520; x_wconf 91' lang='lat' dir='ltr'>in</span> <span class='ocrx_word' id='word_1_467' title='bbox 2592 1467 2831 1531; x_wconf 88' lang='lat' dir='ltr'>bonum,</span> <span class='ocrx_word' id='word_1_468' title='bbox 2875 1468 3011 1539; x_wconf 90' lang='lat' dir='ltr'>quia</span> <span class='ocrx_word' id='word_1_469' title='bbox 3048 1468 3386 1523; x_wconf 89' lang='lat' dir='ltr'>humiliores</span> <span class='ocrx_word' id='word_1_470' title='bbox 3431 1470 3685 1523; x_wconf 89' lang='lat' dir='ltr'>redeunt</span> <span class='ocrx_word' id='word_1_471' title='bbox 3716 1475 3853 1539; x_wconf 76' lang='lat' dir='ltr'>atque</span> 
     </span>
    </p>
   </div>
   <div class='ocr_carea' id='block_1_57' title="bbox 2180 1555 3855 1629">
    <p class='ocr_par' dir='ltr' id='par_1_57' title="bbox 2180 1555 3855 1629">
     <span class='ocr_line' id='line_1_57' title="bbox 2180 1555 3855 1629; baseline 0.001 -21"><span class='ocrx_word' id='word_1_472' title='bbox 2180 1555 2458 1609; x_wconf 86' lang='lat' dir='ltr'>doctiores</span> <span class='ocrx_word' id='word_1_473' title='bbox 2494 1572 2507 1609; x_wconf 90' lang='lat'>:</span> <span class='ocrx_word' id='word_1_474' title='bbox 2542 1556 2770 1611; x_wconf 89' lang='lat' dir='ltr'>discunt</span> <span class='ocrx_word' id='word_1_475' title='bbox 2803 1558 2957 1611; x_wconf 91' lang='lat' dir='ltr'>enim</span> <span class='ocrx_word' id='word_1_476' title='bbox 3004 1557 3064 1611; x_wconf 89' lang='lat' dir='ltr'>in</span> <span class='ocrx_word' id='word_1_477' title='bbox 3112 1559 3237 1627; x_wconf 85' lang='lat' dir='ltr'>ipsa</span> <span class='ocrx_word' id='word_1_478' title='bbox 3268 1559 3360 1612; x_wconf 86' lang='lat' dir='ltr'>via</span> <span class='ocrx_word' id='word_1_479' title='bbox 3401 1558 3555 1629; x_wconf 88' lang='lat' dir='ltr'>justa</span> <span class='ocrx_word' id='word_1_480' title='bbox 3604 1574 3745 1612; x_wconf 88' lang='lat' dir='ltr'>cum</span> <span class='ocrx_word' id='word_1_481' title='bbox 3783 1564 3855 1610; x_wconf 66' lang='lat' dir='ltr'>trs</span> 
     </span>
    </p>
   </div>
   <div class='ocr_carea' id='block_1_58' title="bbox 2180 1647 3854 1718">
    <p class='ocr_par' dir='ltr' id='par_1_58' title="bbox 2180 1647 3854 1718">
     <span class='ocr_line' id='line_1_58' title="bbox 2180 1647 3854 1718; baseline -0.001 -18"><span class='ocrx_word' id='word_1_482' title='bbox 2180 1662 2341 1700; x_wconf 88' lang='lat' dir='ltr'>more</span> <span class='ocrx_word' id='word_1_483' title='bbox 2371 1663 2429 1700; x_wconf 90' lang='lat' dir='ltr'>se</span> <span class='ocrx_word' id='word_1_484' title='bbox 2475 1648 2757 1700; x_wconf 83' lang='lat' dir='ltr'>exsultare</span> <span class='ocrx_word' id='word_1_485' title='bbox 2802 1648 3031 1714; x_wconf 85' lang='lat' dir='ltr'>debere,</span> <span class='ocrx_word' id='word_1_486' title='bbox 3068 1663 3184 1701; x_wconf 88' lang='lat' dir='ltr'>non</span> <span class='ocrx_word' id='word_1_487' title='bbox 3230 1648 3339 1701; x_wconf 90' lang='lat' dir='ltr'>sibi</span> <span class='ocrx_word' id='word_1_488' title='bbox 3390 1647 3723 1718; x_wconf 89' lang='lat' dir='ltr'>arrogando</span> <span class='ocrx_word' id='word_1_489' title='bbox 3756 1652 3854 1699; x_wconf 86' lang='lat' dir='ltr'>tan-</span> 
     </span>
    </p>
   </div>
   <div class='ocr_carea' id='block_1_59' title="bbox 2182 1735 3853 1807">
    <p class='ocr_par' dir='ltr' id='par_1_59' title="bbox 2182 1735 3853 1807">
     <span class='ocr_line' id='line_1_59' title="bbox 2182 1735 3853 1807; baseline -0.001 -19"><span class='ocrx_word' id='word_1_490' title='bbox 2182 1751 2354 1805; x_wconf 91' lang='lat' dir='ltr'>quam</span> <span class='ocrx_word' id='word_1_491' title='bbox 2418 1736 2488 1789; x_wconf 93' lang='lat' dir='ltr'>de</span> <span class='ocrx_word' id='word_1_492' title='bbox 2537 1752 2640 1788; x_wconf 89' lang='lat' dir='ltr'>sua</span> <span class='ocrx_word' id='word_1_493' title='bbox 2671 1735 2878 1789; x_wconf 86' lang='lat' dir='ltr'>virtute</span> <span class='ocrx_word' id='word_1_494' title='bbox 2945 1736 3213 1790; x_wconf 88' lang='lat' dir='ltr'>ﬁduciam</span> <span class='ocrx_word' id='word_1_495' title='bbox 3260 1736 3687 1807; x_wconf 91' lang='lat' dir='ltr'>permanendi.]</span> <span class='ocrx_word' id='word_1_496' title='bbox 3744 1739 3853 1789; x_wconf 83' lang='lat' dir='ltr'>Item</span> 
     </span>
    </p>
   </div>
   <div class='ocr_carea' id='block_1_60' title="bbox 2181 1824 3854 1895">
    <p class='ocr_par' dir='ltr' id='par_1_60' title="bbox 2181 1824 3854 1895">
     <span class='ocr_line' id='line_1_60' title="bbox 2181 1824 3854 1895; baseline -0.001 -18"><span class='ocrx_word' id='word_1_497' title='bbox 2181 1824 2333 1893; x_wconf 92' lang='lat' dir='ltr'>quod</span> <span class='ocrx_word' id='word_1_498' title='bbox 2365 1825 2465 1894; x_wconf 90' lang='lat' dir='ltr'>qui</span> <span class='ocrx_word' id='word_1_499' title='bbox 2508 1825 2587 1877; x_wconf 89' lang='lat' dir='ltr'>sic</span> <span class='ocrx_word' id='word_1_500' title='bbox 2618 1825 2829 1879; x_wconf 88' lang='lat' dir='ltr'>cadunt</span> <span class='ocrx_word' id='word_1_501' title='bbox 2855 1828 2916 1877; x_wconf 89' lang='lat' dir='ltr'>ut</span> <span class='ocrx_word' id='word_1_502' title='bbox 2943 1830 3203 1894; x_wconf 86' lang='lat' dir='ltr'>pereant,</span> <span class='ocrx_word' id='word_1_503' title='bbox 3236 1826 3305 1879; x_wconf 90' lang='lat' dir='ltr'>de</span> <span class='ocrx_word' id='word_1_504' title='bbox 3335 1825 3854 1895; x_wconf 66' lang='lat' dir='ltr'>prazdestinatorum</span> 
     </span>
    </p>
   </div>
   <div class='ocr_carea' id='block_1_61' title="bbox 2180 1913 3854 1983">
    <p class='ocr_par' dir='ltr' id='par_1_61' title="bbox 2180 1913 3854 1983">
     <span class='ocr_line' id='line_1_61' title="bbox 2180 1913 3854 1983; baseline 0 -18"><span class='ocrx_word' id='word_1_505' title='bbox 2180 1928 2421 1967; x_wconf 89' lang='lat' dir='ltr'>numero</span> <span class='ocrx_word' id='word_1_506' title='bbox 2469 1929 2584 1967; x_wconf 91' lang='lat' dir='ltr'>non</span> <span class='ocrx_word' id='word_1_507' title='bbox 2613 1913 2848 1978; x_wconf 85' lang='lat' dir='ltr'>fuerint,</span> <span class='ocrx_word' id='word_1_508' title='bbox 2897 1914 2957 1966; x_wconf 91' lang='lat' dir='ltr'>in</span> <span class='ocrx_word' id='word_1_509' title='bbox 2987 1914 3188 1968; x_wconf 92' lang='lat' dir='ltr'>eodem</span> <span class='ocrx_word' id='word_1_510' title='bbox 3233 1914 3377 1967; x_wconf 88' lang='lat' dir='ltr'>libro</span> <span class='ocrx_word' id='word_1_511' title='bbox 3408 1914 3549 1983; x_wconf 84' lang='lat' dir='ltr'>(cap.</span> <span class='ocrx_word' id='word_1_512' title='bbox 3589 1916 3709 1982; x_wconf 78' lang='lat' dir='ltr'>l2),</span> <span class='ocrx_word' id='word_1_513' title='bbox 3756 1929 3854 1965; x_wconf 88' lang='lat' dir='ltr'>cum</span> 
     </span>
    </p>
   </div>
   <div class='ocr_carea' id='block_1_62' title="bbox 2178 2001 3855 2072">
    <p class='ocr_par' dir='ltr' id='par_1_62' title="bbox 2178 2001 3855 2072">
     <span class='ocr_line' id='line_1_62' title="bbox 2178 2001 3855 2072; baseline -0.002 -16"><span class='ocrx_word' id='word_1_514' title='bbox 2178 2002 2412 2056; x_wconf 86' lang='lat' dir='ltr'>Joannis</span> <span class='ocrx_word' id='word_1_515' title='bbox 2441 2001 2682 2072; x_wconf 88' lang='lat' dir='ltr'>apostoli</span> <span class='ocrx_word' id='word_1_516' title='bbox 2724 2002 3007 2056; x_wconf 85' lang='lat' dir='ltr'>sententia</span> <span class='ocrx_word' id='word_1_517' title='bbox 3035 2007 3375 2056; x_wconf 88' lang='lat' dir='ltr'>tractaretur</span> <span class='ocrx_word' id='word_1_518' title='bbox 3407 2002 3652 2056; x_wconf 90' lang='lat' dir='ltr'>dicentis</span> <span class='ocrx_word' id='word_1_519' title='bbox 3683 2019 3697 2055; x_wconf 77' lang='grc' dir='ltr'><strong>ε</strong></span> <span class='ocrx_word' id='word_1_520' title='bbox 3739 2025 3759 2049; x_wconf 74' lang='grc' dir='ltr'><strong>ε</strong></span> <span class='ocrx_word' id='word_1_521' title='bbox 3794 2003 3855 2055; x_wconf 77' lang='lat' dir='ltr'>Est</span> 
     </span>
    </p>
   </div>
   <div class='ocr_carea' id='block_1_63' title="bbox 2180 2090 3855 2161">
    <p class='ocr_par' dir='ltr' id='par_1_63' title="bbox 2180 2090 3855 2161">
     <span class='ocr_line' id='line_1_63' title="bbox 2180 2090 3855 2161; baseline -0.002 -18"><span class='ocrx_word' id='word_1_522' title='bbox 2180 2094 2477 2160; x_wconf 91' lang='lat' dir='ltr'>peccatum</span> <span class='ocrx_word' id='word_1_523' title='bbox 2506 2090 2577 2144; x_wconf 87' lang='lat' dir='ltr'>ad</span> <span class='ocrx_word' id='word_1_524' title='bbox 2607 2095 2853 2144; x_wconf 88' lang='lat' dir='ltr'>mortem</span> <span class='ocrx_word' id='word_1_525' title='bbox 2888 2107 3002 2145; x_wconf 94' lang='lat' dir='ltr'>non</span> <span class='ocrx_word' id='word_1_526' title='bbox 3035 2108 3137 2161; x_wconf 89' lang='lat' dir='ltr'>pro</span> <span class='ocrx_word' id='word_1_527' title='bbox 3169 2092 3267 2144; x_wconf 91' lang='lat' dir='ltr'>illo</span> <span class='ocrx_word' id='word_1_528' title='bbox 3299 2091 3425 2145; x_wconf 93' lang='lat' dir='ltr'>dico</span> <span class='ocrx_word' id='word_1_529' title='bbox 3462 2095 3523 2144; x_wconf 90' lang='lat' dir='ltr'>ut</span> <span class='ocrx_word' id='word_1_530' title='bbox 3552 2096 3726 2161; x_wconf 86' lang='lat' dir='ltr'>roget</span> <span class='ocrx_word' id='word_1_531' title='bbox 3758 2091 3855 2160; x_wconf 82' lang='lat' dir='ltr'>quis</span> 
     </span>
    </p>
   </div>
   <div class='ocr_carea' id='block_1_64' title="bbox 2183 2177 3855 2250">
    <p class='ocr_par' dir='ltr' id='par_1_64' title="bbox 2183 2177 3855 2250">
     <span class='ocr_line' id='line_1_64' title="bbox 2183 2177 3855 2250; baseline -0.001 -19"><span class='ocrx_word' id='word_1_532' title='bbox 2183 2177 2239 2249; x_wconf 87' lang='grc' dir='ltr'>(Ι</span> <span class='ocrx_word' id='word_1_533' title='bbox 2265 2181 2422 2233; x_wconf 84' lang='lat' dir='ltr'>Joan.</span> <span class='ocrx_word' id='word_1_534' title='bbox 2457 2196 2510 2244; x_wconf 90' lang='lat' dir='ltr'>v,</span> <span class='ocrx_word' id='word_1_535' title='bbox 2553 2181 2662 2248; x_wconf 70' lang='lat' dir='ltr'>t6},</span> <span class='ocrx_word' id='word_1_536' title='bbox 2698 2200 2726 2228; x_wconf 83' lang='lat'>»</span> <span class='ocrx_word' id='word_1_537' title='bbox 2759 2178 2879 2233; x_wconf 78' lang='lat' dir='ltr'>haec</span> <span class='ocrx_word' id='word_1_538' title='bbox 2922 2180 3097 2233; x_wconf 84' lang='lat' dir='ltr'>verba</span> <span class='ocrx_word' id='word_1_539' title='bbox 3127 2180 3325 2233; x_wconf 89' lang='lat' dir='ltr'>beatus</span> <span class='ocrx_word' id='word_1_540' title='bbox 3354 2179 3714 2250; x_wconf 83' lang='lat' dir='ltr'>Augustinus</span> <span class='ocrx_word' id='word_1_541' title='bbox 3746 2179 3855 2231; x_wconf 87' lang='lat' dir='ltr'>sub-</span> 
     </span>
    </p>
   </div>
   <div class='ocr_carea' id='block_1_65' title="bbox 2176 2265 3856 2339">
    <p class='ocr_par' dir='ltr' id='par_1_65' title="bbox 2176 2265 3856 2339">
     <span class='ocr_line' id='line_1_65' title="bbox 2176 2265 3856 2339; baseline -0.004 -16"><span class='ocrx_word' id='word_1_542' title='bbox 2176 2265 2415 2336; x_wconf 88' lang='lat' dir='ltr'>jungit:</span> <span class='ocrx_word' id='word_1_543' title='bbox 2453 2266 2550 2336; x_wconf 93' lang='lat' dir='ltr'>[De</span> <span class='ocrx_word' id='word_1_544' title='bbox 2594 2283 2707 2337; x_wconf 87' lang='lat' dir='ltr'>quo</span> <span class='ocrx_word' id='word_1_545' title='bbox 2754 2272 3011 2337; x_wconf 90' lang='lat' dir='ltr'>peccato,</span> <span class='ocrx_word' id='word_1_546' title='bbox 3056 2267 3330 2337; x_wconf 83' lang='lat' dir='ltr'>quoniam</span> <span class='ocrx_word' id='word_1_547' title='bbox 3380 2283 3493 2321; x_wconf 93' lang='lat' dir='ltr'>non</span> <span class='ocrx_word' id='word_1_548' title='bbox 3541 2281 3856 2339; x_wconf 84' lang='lat' dir='ltr'>expressum</span> 
     </span>
    </p>
   </div>
   <div class='ocr_carea' id='block_1_66' title="bbox 2182 2354 3856 2427">
    <p class='ocr_par' dir='ltr' id='par_1_66' title="bbox 2182 2354 3856 2427">
     <span class='ocr_line' id='line_1_66' title="bbox 2182 2354 3856 2427; baseline -0.001 -20"><span class='ocrx_word' id='word_1_549' title='bbox 2182 2358 2281 2416; x_wconf 85' lang='lat' dir='ltr'>est,</span> <span class='ocrx_word' id='word_1_550' title='bbox 2326 2361 2568 2425; x_wconf 89' lang='lat' dir='ltr'>possunt</span> <span class='ocrx_word' id='word_1_551' title='bbox 2615 2356 2796 2409; x_wconf 91' lang='lat' dir='ltr'>multa</span> <span class='ocrx_word' id='word_1_552' title='bbox 2827 2360 2884 2409; x_wconf 88' lang='lat' dir='ltr'>et</span> <span class='ocrx_word' id='word_1_553' title='bbox 2914 2355 3135 2409; x_wconf 90' lang='lat' dir='ltr'>diversa</span> <span class='ocrx_word' id='word_1_554' title='bbox 3180 2355 3399 2409; x_wconf 88' lang='lat' dir='ltr'>sentiri.</span> <span class='ocrx_word' id='word_1_555' title='bbox 3436 2357 3550 2427; x_wconf 86' lang='lat' dir='ltr'>Ego</span> <span class='ocrx_word' id='word_1_556' title='bbox 3595 2354 3856 2409; x_wconf 85' lang='lat' dir='ltr'>autemid</span> 
     </span>
    </p>
   </div>
   <div class='ocr_carea' id='block_1_67' title="bbox 2181 2443 3857 2516">
    <p class='ocr_par' dir='ltr' id='par_1_67' title="bbox 2181 2443 3857 2516">
     <span class='ocr_line' id='line_1_67' title="bbox 2181 2443 3857 2516; baseline -0.002 -20"><span class='ocrx_word' id='word_1_557' title='bbox 2181 2459 2300 2496; x_wconf 90' lang='lat' dir='ltr'>esse</span> <span class='ocrx_word' id='word_1_558' title='bbox 2331 2446 2627 2513; x_wconf 85' lang='lat' dir='ltr'>peccatum</span> <span class='ocrx_word' id='word_1_559' title='bbox 2668 2443 2859 2505; x_wconf 85' lang='lat' dir='ltr'>ﬁdem.</span> <span class='ocrx_word' id='word_1_560' title='bbox 2891 2461 3021 2516; x_wconf 63' lang='lat' dir='ltr'>quae</span> <span class='ocrx_word' id='word_1_561' title='bbox 3051 2460 3153 2515; x_wconf 91' lang='lat' dir='ltr'>per</span> <span class='ocrx_word' id='word_1_562' title='bbox 3185 2443 3552 2498; x_wconf 88' lang='lat' dir='ltr'>dilectionem</span> <span class='ocrx_word' id='word_1_563' title='bbox 3584 2447 3857 2513; x_wconf 89' lang='lat' dir='ltr'>operatur,</span> 
     </span>
    </p>
   </div>
   <div class='ocr_carea' id='block_1_68' title="bbox 2182 2531 3857 2602">
    <p class='ocr_par' dir='ltr' id='par_1_68' title="bbox 2182 2531 3857 2602">
     <span class='ocr_line' id='line_1_68' title="bbox 2182 2531 3857 2602; baseline -0.002 -17"><span class='ocrx_word' id='word_1_564' title='bbox 2182 2531 2447 2585; x_wconf 89' lang='lat' dir='ltr'>deserere</span> <span class='ocrx_word' id='word_1_565' title='bbox 2479 2548 2659 2602; x_wconf 90' lang='lat' dir='ltr'>usque</span> <span class='ocrx_word' id='word_1_566' title='bbox 2707 2533 2776 2586; x_wconf 89' lang='lat' dir='ltr'>ad</span> <span class='ocrx_word' id='word_1_567' title='bbox 2810 2538 3089 2599; x_wconf 89' lang='lat' dir='ltr'>mortem;</span> <span class='ocrx_word' id='word_1_568' title='bbox 3136 2532 3271 2586; x_wconf 88' lang='lat' dir='ltr'>huic</span> <span class='ocrx_word' id='word_1_569' title='bbox 3299 2536 3528 2602; x_wconf 88' lang='lat' dir='ltr'>peccato</span> <span class='ocrx_word' id='word_1_570' title='bbox 3577 2531 3737 2584; x_wconf 90' lang='lat' dir='ltr'>ultra</span> <span class='ocrx_word' id='word_1_571' title='bbox 3768 2545 3857 2583; x_wconf 89' lang='lat' dir='ltr'>non</span> 
     </span>
    </p>
   </div>
   <div class='ocr_carea' id='block_1_69' title="bbox 2181 2617 3855 2691">
    <p class='ocr_par' dir='ltr' id='par_1_69' title="bbox 2181 2617 3855 2691">
     <span class='ocr_line' id='line_1_69' title="bbox 2181 2617 3855 2691; baseline -0.002 -19"><span class='ocrx_word' id='word_1_572' title='bbox 2181 2620 2437 2673; x_wconf 87' lang='lat' dir='ltr'>serviunt</span> <span class='ocrx_word' id='word_1_573' title='bbox 2480 2636 2596 2674; x_wconf 94' lang='lat' dir='ltr'>non</span> <span class='ocrx_word' id='word_1_574' title='bbox 2630 2620 2817 2691; x_wconf 90' lang='lat' dir='ltr'>prima</span> <span class='ocrx_word' id='word_1_575' title='bbox 2846 2621 3193 2687; x_wconf 92' lang='lat' dir='ltr'>conditione,</span> <span class='ocrx_word' id='word_1_576' title='bbox 3235 2620 3380 2674; x_wconf 89' lang='lat' dir='ltr'>sicut</span> <span class='ocrx_word' id='word_1_577' title='bbox 3408 2620 3524 2687; x_wconf 91' lang='lat' dir='ltr'>ille,</span> <span class='ocrx_word' id='word_1_578' title='bbox 3558 2619 3756 2685; x_wconf 89' lang='lat' dir='ltr'>liberi,</span> <span class='ocrx_word' id='word_1_579' title='bbox 3786 2617 3855 2671; x_wconf 81' lang='lat' dir='ltr'>sed</span> 
     </span>
    </p>
   </div>
   <div class='ocr_carea' id='block_1_70' title="bbox 2182 2705 3858 2779">
    <p class='ocr_par' dir='ltr' id='par_1_70' title="bbox 2182 2705 3858 2779">
     <span class='ocr_line' id='line_1_70' title="bbox 2182 2705 3858 2779; baseline -0.002 -19"><span class='ocrx_word' id='word_1_580' title='bbox 2182 2724 2285 2778; x_wconf 85' lang='lat' dir='ltr'>per</span> <span class='ocrx_word' id='word_1_581' title='bbox 2333 2708 2645 2763; x_wconf 90' lang='lat' dir='ltr'>secundum</span> <span class='ocrx_word' id='word_1_582' title='bbox 2695 2710 2876 2763; x_wconf 87' lang='lat' dir='ltr'>Adam</span> <span class='ocrx_word' id='word_1_583' title='bbox 2938 2708 3038 2762; x_wconf 89' lang='lat' dir='ltr'>Dei</span> <span class='ocrx_word' id='word_1_584' title='bbox 3065 2709 3247 2779; x_wconf 91' lang='lat' dir='ltr'>gratia</span> <span class='ocrx_word' id='word_1_585' title='bbox 3297 2707 3541 2775; x_wconf 85' lang='lat' dir='ltr'>liberati,</span> <span class='ocrx_word' id='word_1_586' title='bbox 3576 2711 3632 2761; x_wconf 89' lang='lat' dir='ltr'>et</span> <span class='ocrx_word' id='word_1_587' title='bbox 3683 2707 3792 2759; x_wconf 88' lang='lat' dir='ltr'>ista</span> <span class='ocrx_word' id='word_1_588' title='bbox 3816 2705 3858 2757; x_wconf 83' lang='lat' dir='ltr'>li-</span> 
     </span>
    </p>
   </div>
   <div class='ocr_carea' id='block_1_71' title="bbox 2186 2794 3857 2865">
    <p class='ocr_par' dir='ltr' id='par_1_71' title="bbox 2186 2794 3857 2865">
     <span class='ocr_line' id='line_1_71' title="bbox 2186 2794 3857 2865; baseline -0.003 -16"><span class='ocrx_word' id='word_1_589' title='bbox 2186 2796 2476 2851; x_wconf 88' lang='lat' dir='ltr'>beratione</span> <span class='ocrx_word' id='word_1_590' title='bbox 2524 2796 2798 2851; x_wconf 87' lang='lat' dir='ltr'>habentes</span> <span class='ocrx_word' id='word_1_591' title='bbox 2828 2797 3074 2851; x_wconf 90' lang='lat' dir='ltr'>liberum</span> <span class='ocrx_word' id='word_1_592' title='bbox 3113 2796 3435 2861; x_wconf 87' lang='lat' dir='ltr'>arbitrium,</span> <span class='ocrx_word' id='word_1_593' title='bbox 3469 2811 3584 2865; x_wconf 93' lang='lat' dir='ltr'>quo</span> <span class='ocrx_word' id='word_1_594' title='bbox 3618 2794 3857 2847; x_wconf 89' lang='lat' dir='ltr'>serviunt</span> 
     </span>
    </p>
   </div>
   <div class='ocr_carea' id='block_1_72' title="bbox 2184 2881 3857 2956">
    <p class='ocr_par' dir='ltr' id='par_1_72' title="bbox 2184 2881 3857 2956">
     <span class='ocr_line' id='line_1_72' title="bbox 2184 2881 3857 2956; baseline -0.004 -18"><span class='ocrx_word' id='word_1_595' title='bbox 2184 2884 2319 2949; x_wconf 89' lang='lat' dir='ltr'>Deo,</span> <span class='ocrx_word' id='word_1_596' title='bbox 2354 2901 2469 2938; x_wconf 93' lang='lat' dir='ltr'>non</span> <span class='ocrx_word' id='word_1_597' title='bbox 2505 2902 2619 2956; x_wconf 94' lang='lat' dir='ltr'>quo</span> <span class='ocrx_word' id='word_1_598' title='bbox 2655 2885 3015 2956; x_wconf 88' lang='lat' dir='ltr'>captiventur</span> <span class='ocrx_word' id='word_1_599' title='bbox 3043 2901 3076 2938; x_wconf 90' lang='lat' dir='ltr'>a</span> <span class='ocrx_word' id='word_1_600' title='bbox 3107 2884 3368 2951; x_wconf 90' lang='lat' dir='ltr'>diabolo;</span> <span class='ocrx_word' id='word_1_601' title='bbox 3404 2903 3429 2932; x_wconf 80' lang='grc' dir='ltr'><em>σ</em></span> <span class='ocrx_word' id='word_1_602' title='bbox 3462 2883 3695 2937; x_wconf 91' lang='lat' dir='ltr'>liberati</span> <span class='ocrx_word' id='word_1_603' title='bbox 3725 2881 3857 2935; x_wconf 86' lang='lat' dir='ltr'>enim</span> 
     </span>
    </p>
   </div>
   <div class='ocr_carea' id='block_1_73' title="bbox 2181 2969 3852 3042">
    <p class='ocr_par' dir='ltr' id='par_1_73' title="bbox 2181 2969 3852 3042">
     <span class='ocr_line' id='line_1_73' title="bbox 2181 2969 3852 3042; baseline -0.001 -17"><span class='ocrx_word' id='word_1_604' title='bbox 2181 2988 2215 3025; x_wconf 89' lang='lat' dir='ltr'>a</span> <span class='ocrx_word' id='word_1_605' title='bbox 2261 2975 2491 3041; x_wconf 89' lang='lat' dir='ltr'>peccato</span> <span class='ocrx_word' id='word_1_606' title='bbox 2542 2973 2685 3027; x_wconf 84' lang='lat' dir='ltr'>servi</span> <span class='ocrx_word' id='word_1_607' title='bbox 2731 2972 2864 3027; x_wconf 88' lang='lat' dir='ltr'>facti</span> <span class='ocrx_word' id='word_1_608' title='bbox 2911 2976 3042 3026; x_wconf 86' lang='lat' dir='ltr'>sunt</span> <span class='ocrx_word' id='word_1_609' title='bbox 3085 2972 3325 3042; x_wconf 68' lang='lat' dir='ltr'>justitiaa</span> <span class='ocrx_word' id='word_1_610' title='bbox 3378 2970 3547 3042; x_wconf 83' lang='lat' dir='ltr'>(Rom.</span> <span class='ocrx_word' id='word_1_611' title='bbox 3586 2986 3660 3038; x_wconf 85' lang='lat' dir='ltr'>v1,</span> <span class='ocrx_word' id='word_1_612' title='bbox 3714 2969 3852 3037; x_wconf 75' lang='grc'>18),»</span> 
     </span>
    </p>
   </div>
   <div class='ocr_carea' id='block_1_74' title="bbox 2180 3059 3855 3132">
    <p class='ocr_par' dir='ltr' id='par_1_74' title="bbox 2180 3059 3855 3132">
     <span class='ocr_line' id='line_1_74' title="bbox 2180 3059 3855 3132; baseline -0.004 -19"><span class='ocrx_word' id='word_1_613' title='bbox 2180 3060 2241 3113; x_wconf 92' lang='lat' dir='ltr'>in</span> <span class='ocrx_word' id='word_1_614' title='bbox 2273 3074 2387 3131; x_wconf 90' lang='lat' dir='ltr'>qua</span> <span class='ocrx_word' id='word_1_615' title='bbox 2415 3060 2650 3115; x_wconf 89' lang='lat' dir='ltr'>stabunt</span> <span class='ocrx_word' id='word_1_616' title='bbox 2675 3078 2855 3132; x_wconf 89' lang='lat' dir='ltr'>usque</span> <span class='ocrx_word' id='word_1_617' title='bbox 2886 3060 2947 3115; x_wconf 92' lang='lat' dir='ltr'>in</span> <span class='ocrx_word' id='word_1_618' title='bbox 2976 3062 3172 3125; x_wconf 87' lang='lat' dir='ltr'>ﬁnem,</span> <span class='ocrx_word' id='word_1_619' title='bbox 3203 3061 3449 3115; x_wconf 87' lang='lat' dir='ltr'>donante</span> <span class='ocrx_word' id='word_1_620' title='bbox 3477 3059 3586 3113; x_wconf 91' lang='lat' dir='ltr'>sibi</span> <span class='ocrx_word' id='word_1_621' title='bbox 3618 3072 3855 3129; x_wconf 72' lang='lat' dir='ltr'>perseve</span> 
     </span>
    </p>
   </div>
   <div class='ocr_carea' id='block_1_75' title="bbox 2181 3147 3857 3219">
    <p class='ocr_par' dir='ltr' id='par_1_75' title="bbox 2181 3147 3857 3219">
     <span class='ocr_line' id='line_1_75' title="bbox 2181 3147 3857 3219; baseline -0.002 -18"><span class='ocrx_word' id='word_1_622' title='bbox 2181 3147 2427 3201; x_wconf 89' lang='lat' dir='ltr'>rantiam</span> <span class='ocrx_word' id='word_1_623' title='bbox 2457 3148 2557 3202; x_wconf 92' lang='lat' dir='ltr'>illo</span> <span class='ocrx_word' id='word_1_624' title='bbox 2606 3149 2704 3219; x_wconf 89' lang='lat' dir='ltr'>qui</span> <span class='ocrx_word' id='word_1_625' title='bbox 2740 3171 2761 3197; x_wconf 75' lang='grc' dir='ltr'><strong>ε</strong></span> <span class='ocrx_word' id='word_1_626' title='bbox 2800 3166 2898 3203; x_wconf 92' lang='lat' dir='ltr'>eos</span> <span class='ocrx_word' id='word_1_627' title='bbox 2934 3149 3220 3219; x_wconf 66' lang='lat' dir='ltr'>prmscivit</span> <span class='ocrx_word' id='word_1_628' title='bbox 3248 3154 3304 3204; x_wconf 90' lang='lat' dir='ltr'>et</span> <span class='ocrx_word' id='word_1_629' title='bbox 3342 3147 3791 3218; x_wconf 65' lang='lat' dir='ltr'>praedestinavit,</span> <span class='ocrx_word' id='word_1_630' title='bbox 3819 3151 3857 3198; x_wconf 84' lang='lat' dir='ltr'>et</span> 
     </span>
    </p>
   </div>
   <div class='ocr_carea' id='block_1_76' title="bbox 2180 3236 3858 3307">
    <p class='ocr_par' dir='ltr' id='par_1_76' title="bbox 2180 3236 3858 3307">
     <span class='ocr_line' id='line_1_76' title="bbox 2180 3236 3858 3307; baseline -0.002 -17"><span class='ocrx_word' id='word_1_631' title='bbox 2180 3237 2493 3291; x_wconf 90' lang='lat' dir='ltr'>secundum</span> <span class='ocrx_word' id='word_1_632' title='bbox 2525 3237 2886 3307; x_wconf 87' lang='lat' dir='ltr'>propositum</span> <span class='ocrx_word' id='word_1_633' title='bbox 2930 3238 3148 3291; x_wconf 91' lang='lat' dir='ltr'>vocavit</span> <span class='ocrx_word' id='word_1_634' title='bbox 3180 3240 3238 3291; x_wconf 87' lang='lat' dir='ltr'>et</span> <span class='ocrx_word' id='word_1_635' title='bbox 3267 3236 3628 3307; x_wconf 84' lang='lat' dir='ltr'>justiﬁcavit,</span> <span class='ocrx_word' id='word_1_636' title='bbox 3668 3258 3691 3285; x_wconf 69' lang='grc' dir='ltr'><strong><em>ι</em></strong></span> <span class='ocrx_word' id='word_1_637' title='bbox 3740 3250 3858 3306; x_wconf 86' lang='lat' dir='ltr'>quo—</span> 
     </span>
    </p>
   </div>
   <div class='ocr_carea' id='block_1_77' title="bbox 2179 3322 3859 3396">
    <p class='ocr_par' dir='ltr' id='par_1_77' title="bbox 2179 3322 3859 3396">
     <span class='ocr_line' id='line_1_77' title="bbox 2179 3322 3859 3396; baseline -0.002 -18"><span class='ocrx_word' id='word_1_638' title='bbox 2179 3324 2336 3378; x_wconf 90' lang='lat' dir='ltr'>niam</span> <span class='ocrx_word' id='word_1_639' title='bbox 2366 3325 2485 3392; x_wconf 88' lang='lat' dir='ltr'>illa,</span> <span class='ocrx_word' id='word_1_640' title='bbox 2519 3341 2649 3395; x_wconf 65' lang='lat' dir='ltr'>quas</span> <span class='ocrx_word' id='word_1_641' title='bbox 2680 3326 2750 3380; x_wconf 91' lang='lat' dir='ltr'>de</span> <span class='ocrx_word' id='word_1_642' title='bbox 2780 3325 2868 3379; x_wconf 90' lang='lat' dir='ltr'>his</span> <span class='ocrx_word' id='word_1_643' title='bbox 2896 3326 3177 3396; x_wconf 91' lang='lat' dir='ltr'>promisit,</span> <span class='ocrx_word' id='word_1_644' title='bbox 3209 3326 3382 3380; x_wconf 90' lang='lat' dir='ltr'>etiam</span> <span class='ocrx_word' id='word_1_645' title='bbox 3421 3325 3614 3379; x_wconf 90' lang='lat' dir='ltr'>futura</span> <span class='ocrx_word' id='word_1_646' title='bbox 3638 3324 3767 3394; x_wconf 88' lang='lat' dir='ltr'>jam</span> <span class='ocrx_word' id='word_1_647' title='bbox 3796 3322 3859 3376; x_wconf 82' lang='lat' dir='ltr'>fe-</span> 
     </span>
    </p>
   </div>
   <div class='ocr_carea' id='block_1_78' title="bbox 2180 3413 3856 3484">
    <p class='ocr_par' dir='ltr' id='par_1_78' title="bbox 2180 3413 3856 3484">
     <span class='ocr_line' id='line_1_78' title="bbox 2180 3413 3856 3484; baseline -0.002 -17"><span class='ocrx_word' id='word_1_648' title='bbox 2180 3414 2274 3468; x_wconf 89' lang='lat' dir='ltr'>cit.</span> <span class='ocrx_word' id='word_1_649' title='bbox 2320 3414 2422 3468; x_wconf 86' lang='lat' dir='ltr'>Cui</span> <span class='ocrx_word' id='word_1_650' title='bbox 2465 3414 2829 3484; x_wconf 90' lang='lat' dir='ltr'>promittenti</span> <span class='ocrx_word' id='word_1_651' title='bbox 2861 3434 2888 3464; x_wconf 80' lang='grc'><strong><em>‹</em></strong></span> <span class='ocrx_word' id='word_1_652' title='bbox 2921 3414 3164 3468; x_wconf 89' lang='lat' dir='ltr'>credidit</span> <span class='ocrx_word' id='word_1_653' title='bbox 3194 3413 3498 3481; x_wconf 86' lang='lat' dir='ltr'>Abraham,</span> <span class='ocrx_word' id='word_1_654' title='bbox 3548 3416 3606 3466; x_wconf 90' lang='lat' dir='ltr'>et</span> <span class='ocrx_word' id='word_1_655' title='bbox 3638 3413 3856 3482; x_wconf 85' lang='lat' dir='ltr'>deputa-</span> 
     </span>
    </p>
   </div>
   <div class='ocr_carea' id='block_1_79' title="bbox 2179 3500 3857 3573">
    <p class='ocr_par' dir='ltr' id='par_1_79' title="bbox 2179 3500 3857 3573">
     <span class='ocr_line' id='line_1_79' title="bbox 2179 3500 3857 3573; baseline -0.005 -16"><span class='ocrx_word' id='word_1_656' title='bbox 2179 3507 2302 3557; x_wconf 87' lang='lat' dir='ltr'>tum</span> <span class='ocrx_word' id='word_1_657' title='bbox 2333 3507 2417 3556; x_wconf 89' lang='lat' dir='ltr'>est</span> <span class='ocrx_word' id='word_1_658' title='bbox 2448 3502 2536 3556; x_wconf 91' lang='lat' dir='ltr'>illi</span> <span class='ocrx_word' id='word_1_659' title='bbox 2567 3502 2639 3557; x_wconf 90' lang='lat' dir='ltr'>ad</span> <span class='ocrx_word' id='word_1_660' title='bbox 2660 3502 2976 3573; x_wconf 88' lang='lat' dir='ltr'>justitiam;</span> <span class='ocrx_word' id='word_1_661' title='bbox 3002 3502 3159 3557; x_wconf 90' lang='lat' dir='ltr'>dedit</span> <span class='ocrx_word' id='word_1_662' title='bbox 3189 3520 3217 3553; x_wconf 74' lang='grc' dir='ltr'><strong>α</strong></span> <span class='ocrx_word' id='word_1_663' title='bbox 3247 3502 3401 3556; x_wconf 90' lang='lat' dir='ltr'>enim</span> <span class='ocrx_word' id='word_1_664' title='bbox 3432 3520 3460 3553; x_wconf 90' lang='lat'><strong>»</strong></span> <span class='ocrx_word' id='word_1_665' title='bbox 3483 3500 3737 3572; x_wconf 85' lang='lat' dir='ltr'>gloriam</span> <span class='ocrx_word' id='word_1_666' title='bbox 3772 3501 3857 3553; x_wconf 87' lang='lat' dir='ltr'>Deo</span> 
     </span>
    </p>
   </div>
   <div class='ocr_carea' id='block_1_80' title="bbox 2178 3590 3855 3661">
    <p class='ocr_par' dir='ltr' id='par_1_80' title="bbox 2178 3590 3855 3661">
     <span class='ocr_line' id='line_1_80' title="bbox 2178 3590 3855 3661; baseline -0.003 -16"><span class='ocrx_word' id='word_1_667' title='bbox 2178 3591 2510 3661; x_wconf 89' lang='lat' dir='ltr'>plenissime</span> <span class='ocrx_word' id='word_1_668' title='bbox 2550 3591 2806 3658; x_wconf 90' lang='lat' dir='ltr'>credens,</span> <span class='ocrx_word' id='word_1_669' title='bbox 2837 3610 2865 3642; x_wconf 83' lang='lat'><strong>»</strong></span> <span class='ocrx_word' id='word_1_670' title='bbox 2899 3591 3045 3645; x_wconf 88' lang='lat' dir='ltr'>sicut</span> <span class='ocrx_word' id='word_1_671' title='bbox 3072 3590 3348 3661; x_wconf 88' lang='lat' dir='ltr'>scriptum</span> <span class='ocrx_word' id='word_1_672' title='bbox 3380 3594 3483 3658; x_wconf 89' lang='lat' dir='ltr'>est,</span> <span class='ocrx_word' id='word_1_673' title='bbox 3518 3608 3546 3641; x_wconf 89' lang='lat'><strong>«</strong></span> <span class='ocrx_word' id='word_1_674' title='bbox 3578 3591 3722 3659; x_wconf 87' lang='lat' dir='ltr'>quia</span> <span class='ocrx_word' id='word_1_675' title='bbox 3754 3602 3855 3660; x_wconf 71' lang='lat' dir='ltr'>qua</span> 
     </span>
    </p>
   </div>
   <div class='ocr_carea' id='block_1_81' title="bbox 2179 3679 3855 3751">
    <p class='ocr_par' dir='ltr' id='par_1_81' title="bbox 2179 3679 3855 3751">
     <span class='ocr_line' id='line_1_81' title="bbox 2179 3679 3855 3751; baseline 0 -18"><span class='ocrx_word' id='word_1_676' title='bbox 2179 3679 2444 3751; x_wconf 87' lang='lat' dir='ltr'>promisit</span> <span class='ocrx_word' id='word_1_677' title='bbox 2491 3684 2695 3751; x_wconf 89' lang='lat' dir='ltr'>potens</span> <span class='ocrx_word' id='word_1_678' title='bbox 2724 3684 2810 3735; x_wconf 87' lang='lat' dir='ltr'>est</span> <span class='ocrx_word' id='word_1_679' title='bbox 2852 3685 2907 3734; x_wconf 92' lang='lat' dir='ltr'>et</span> <span class='ocrx_word' id='word_1_680' title='bbox 2938 3680 3123 3735; x_wconf 86' lang='lat' dir='ltr'>facere</span> <span class='ocrx_word' id='word_1_681' title='bbox 3155 3681 3335 3747; x_wconf 89' lang='lat' dir='ltr'>(Rom.</span> <span class='ocrx_word' id='word_1_682' title='bbox 3372 3696 3444 3743; x_wconf 85' lang='lat' dir='ltr'>1v,</span> <span class='ocrx_word' id='word_1_683' title='bbox 3477 3682 3529 3746; x_wconf 89' lang='lat'>3,</span> <span class='ocrx_word' id='word_1_684' title='bbox 3576 3680 3671 3745; x_wconf 81' lang='lat'>20,</span> <span class='ocrx_word' id='word_1_685' title='bbox 3705 3680 3813 3748; x_wconf 75' lang='grc'>21).</span> <span class='ocrx_word' id='word_1_686' title='bbox 3841 3698 3855 3717; x_wconf 52' lang='grc' dir='ltr'>ν</span> 
     </span>
    </p>
   </div>
   <div class='ocr_carea' id='block_1_82' title="bbox 2180 3767 3859 3838">
    <p class='ocr_par' dir='ltr' id='par_1_82' title="bbox 2180 3767 3859 3838">
     <span class='ocr_line' id='line_1_82' title="bbox 2180 3767 3859 3838; baseline -0.003 -17"><span class='ocrx_word' id='word_1_687' title='bbox 2180 3769 2305 3838; x_wconf 88' lang='lat' dir='ltr'>Ipse</span> <span class='ocrx_word' id='word_1_688' title='bbox 2350 3784 2486 3838; x_wconf 85' lang='lat' dir='ltr'>ergo</span> <span class='ocrx_word' id='word_1_689' title='bbox 2520 3768 2701 3822; x_wconf 92' lang='lat' dir='ltr'>bonos</span> <span class='ocrx_word' id='word_1_690' title='bbox 2746 3768 2873 3821; x_wconf 89' lang='lat' dir='ltr'>illos</span> <span class='ocrx_word' id='word_1_691' title='bbox 2919 3768 3071 3835; x_wconf 89' lang='lat' dir='ltr'>facit,</span> <span class='ocrx_word' id='word_1_692' title='bbox 3105 3772 3169 3822; x_wconf 89' lang='lat' dir='ltr'>ut</span> <span class='ocrx_word' id='word_1_693' title='bbox 3216 3768 3369 3822; x_wconf 91' lang='lat' dir='ltr'>bona</span> <span class='ocrx_word' id='word_1_694' title='bbox 3408 3767 3637 3821; x_wconf 87' lang='lat' dir='ltr'>faciant.</span> <span class='ocrx_word' id='word_1_695' title='bbox 3688 3769 3859 3837; x_wconf 86' lang='lat' dir='ltr'>Neque</span> 
     </span>
    </p>
   </div>
   <div class='ocr_carea' id='block_1_83' title="bbox 2180 3854 3860 3929">
    <p class='ocr_par' dir='ltr' id='par_1_83' title="bbox 2180 3854 3860 3929">
     <span class='ocr_line' id='line_1_83' title="bbox 2180 3854 3860 3929; baseline -0.004 -18"><span class='ocrx_word' id='word_1_696' title='bbox 2180 3859 2335 3912; x_wconf 88' lang='lat' dir='ltr'>enim</span> <span class='ocrx_word' id='word_1_697' title='bbox 2367 3875 2463 3913; x_wconf 89' lang='lat' dir='ltr'>eos</span> <span class='ocrx_word' id='word_1_698' title='bbox 2495 3863 2800 3929; x_wconf 89' lang='lat' dir='ltr'>propterea</span> <span class='ocrx_word' id='word_1_699' title='bbox 2828 3858 3100 3929; x_wconf 89' lang='lat' dir='ltr'>promisit</span> <span class='ocrx_word' id='word_1_700' title='bbox 3128 3857 3393 3924; x_wconf 67' lang='lat' dir='ltr'>Abrahaa,</span> <span class='ocrx_word' id='word_1_701' title='bbox 3432 3857 3567 3928; x_wconf 88' lang='lat' dir='ltr'>quia</span> <span class='ocrx_word' id='word_1_702' title='bbox 3590 3854 3860 3927; x_wconf 69' lang='lat' dir='ltr'>praescivit</span> 
     </span>
    </p>
   </div>
   <div class='ocr_carea' id='block_1_84' title="bbox 2181 3946 3856 4016">
    <p class='ocr_par' dir='ltr' id='par_1_84' title="bbox 2181 3946 3856 4016">
     <span class='ocr_line' id='line_1_84' title="bbox 2181 3946 3856 4016; baseline -0.001 -17"><span class='ocrx_word' id='word_1_703' title='bbox 2181 3963 2211 4000; x_wconf 90' lang='lat' dir='ltr'>a</span> <span class='ocrx_word' id='word_1_704' title='bbox 2241 3963 2299 3999; x_wconf 90' lang='lat' dir='ltr'>se</span> <span class='ocrx_word' id='word_1_705' title='bbox 2328 3947 2483 4016; x_wconf 88' lang='lat' dir='ltr'>ipsos</span> <span class='ocrx_word' id='word_1_706' title='bbox 2514 3947 2740 4001; x_wconf 90' lang='lat' dir='ltr'>futuros</span> <span class='ocrx_word' id='word_1_707' title='bbox 2768 3947 2969 4001; x_wconf 88' lang='lat' dir='ltr'>bonos.</span> <span class='ocrx_word' id='word_1_708' title='bbox 3019 3947 3157 4000; x_wconf 89' lang='lat' dir='ltr'>Nam</span> <span class='ocrx_word' id='word_1_709' title='bbox 3198 3946 3243 3999; x_wconf 91' lang='lat' dir='ltr'>si</span> <span class='ocrx_word' id='word_1_710' title='bbox 3275 3946 3352 3999; x_wconf 89' lang='lat' dir='ltr'>ita</span> <span class='ocrx_word' id='word_1_711' title='bbox 3398 3951 3501 4010; x_wconf 88' lang='lat' dir='ltr'>est,</span> <span class='ocrx_word' id='word_1_712' title='bbox 3533 3962 3651 3999; x_wconf 90' lang='lat' dir='ltr'>non</span> <span class='ocrx_word' id='word_1_713' title='bbox 3689 3959 3856 4005; x_wconf 80' lang='lat' dir='ltr'>suum,</span> 
     </span>
    </p>
   </div>
   <div class='ocr_carea' id='block_1_85' title="bbox 2180 4034 3858 4105">
    <p class='ocr_par' dir='ltr' id='par_1_85' title="bbox 2180 4034 3858 4105">
     <span class='ocr_line' id='line_1_85' title="bbox 2180 4034 3858 4105; baseline -0.001 -19"><span class='ocrx_word' id='word_1_714' title='bbox 2180 4034 2277 4087; x_wconf 91' lang='lat' dir='ltr'>sed</span> <span class='ocrx_word' id='word_1_715' title='bbox 2308 4048 2509 4087; x_wconf 87' lang='lat' dir='ltr'>eorum</span> <span class='ocrx_word' id='word_1_716' title='bbox 2541 4038 2628 4088; x_wconf 88' lang='lat' dir='ltr'>est</span> <span class='ocrx_word' id='word_1_717' title='bbox 2676 4034 2831 4105; x_wconf 92' lang='lat' dir='ltr'>quod</span> <span class='ocrx_word' id='word_1_718' title='bbox 2862 4034 3160 4104; x_wconf 89' lang='lat' dir='ltr'>promisit;</span> <span class='ocrx_word' id='word_1_719' title='bbox 3193 4049 3307 4088; x_wconf 91' lang='lat' dir='ltr'>non</span> <span class='ocrx_word' id='word_1_720' title='bbox 3351 4039 3543 4087; x_wconf 89' lang='lat' dir='ltr'>autem</span> <span class='ocrx_word' id='word_1_721' title='bbox 3575 4034 3657 4087; x_wconf 91' lang='lat' dir='ltr'>sic</span> <span class='ocrx_word' id='word_1_722' title='bbox 3702 4053 3730 4085; x_wconf 81' lang='grc' dir='ltr'>(ι</span> <span class='ocrx_word' id='word_1_723' title='bbox 3762 4047 3858 4086; x_wconf 86' lang='lat' dir='ltr'>cre-</span> 
     </span>
    </p>
   </div>
   <div class='ocr_carea' id='block_1_86' title="bbox 2180 4121 3859 4191">
    <p class='ocr_par' dir='ltr' id='par_1_86' title="bbox 2180 4121 3859 4191">
     <span class='ocr_line' id='line_1_86' title="bbox 2180 4121 3859 4191; baseline -0.004 -15"><span class='ocrx_word' id='word_1_724' title='bbox 2180 4122 2323 4176; x_wconf 91' lang='lat' dir='ltr'>didit</span> <span class='ocrx_word' id='word_1_725' title='bbox 2364 4122 2675 4191; x_wconf 87' lang='lat' dir='ltr'>Abraham,</span> <span class='ocrx_word' id='word_1_726' title='bbox 2710 4122 2808 4177; x_wconf 91' lang='lat' dir='ltr'>sed</span> <span class='ocrx_word' id='word_1_727' title='bbox 2842 4139 2955 4177; x_wconf 93' lang='lat' dir='ltr'>non</span> <span class='ocrx_word' id='word_1_728' title='bbox 2986 4127 3071 4177; x_wconf 88' lang='lat' dir='ltr'>est</span> <span class='ocrx_word' id='word_1_729' title='bbox 3113 4121 3439 4176; x_wconf 87' lang='lat' dir='ltr'>inﬁrmatus</span> <span class='ocrx_word' id='word_1_730' title='bbox 3469 4122 3529 4175; x_wconf 92' lang='lat' dir='ltr'>in</span> <span class='ocrx_word' id='word_1_731' title='bbox 3563 4121 3705 4188; x_wconf 89' lang='lat' dir='ltr'>ﬁde,</span> <span class='ocrx_word' id='word_1_732' title='bbox 3740 4122 3859 4176; x_wconf 89' lang='lat' dir='ltr'>dans</span> 
     </span>
    </p>
   </div>
   <div class='ocr_carea' id='block_1_87' title="bbox 374 4208 3859 4285">
    <p class='ocr_par' dir='ltr' id='par_1_87' title="bbox 374 4208 3859 4285">
     <span class='ocr_line' id='line_1_87' title="bbox 374 4208 3859 4285; baseline -0.002 -19"><span class='ocrx_word' id='word_1_733' title='bbox 374 4228 500 4266; x_wconf 89' lang='lat' dir='ltr'>mus</span> <span class='ocrx_word' id='word_1_734' title='bbox 534 4224 547 4266; x_wconf 91' lang='lat'>:</span> <span class='ocrx_word' id='word_1_735' title='bbox 585 4229 612 4261; x_wconf 84' lang='grc'><strong>‹‹</strong></span> <span class='ocrx_word' id='word_1_736' title='bbox 654 4211 695 4265; x_wconf 95' lang='grc' dir='ltr'>Ο</span> <span class='ocrx_word' id='word_1_737' title='bbox 726 4208 969 4263; x_wconf 90' lang='lat' dir='ltr'>altitudo</span> <span class='ocrx_word' id='word_1_738' title='bbox 1010 4208 1338 4263; x_wconf 88' lang='lat' dir='ltr'>divitiarum</span> <span class='ocrx_word' id='word_1_739' title='bbox 1371 4209 1667 4279; x_wconf 55' lang='lat' dir='ltr'>sapientia).</span> <span class='ocrx_word' id='word_1_740' title='bbox 1717 4214 1775 4264; x_wconf 88' lang='lat' dir='ltr'>et</span> <span class='ocrx_word' id='word_1_741' title='bbox 1812 4210 2062 4265; x_wconf 83' lang='lat' dir='ltr'>scientiae</span> <span class='ocrx_word' id='word_1_742' title='bbox 2106 4230 2151 4285; x_wconf 80' lang='grc' dir='ltr'>ι)</span> <span class='ocrx_word' id='word_1_743' title='bbox 2181 4210 2424 4283; x_wconf 89' lang='lat' dir='ltr'>gloriam</span> <span class='ocrx_word' id='word_1_744' title='bbox 2466 4212 2599 4277; x_wconf 88' lang='lat' dir='ltr'>Deo,</span> <span class='ocrx_word' id='word_1_745' title='bbox 2632 4210 2962 4281; x_wconf 89' lang='lat' dir='ltr'>plenissime</span> <span class='ocrx_word' id='word_1_746' title='bbox 2997 4211 3235 4266; x_wconf 91' lang='lat' dir='ltr'>credens</span> <span class='ocrx_word' id='word_1_747' title='bbox 3264 4211 3400 4282; x_wconf 91' lang='lat' dir='ltr'>quia</span> <span class='ocrx_word' id='word_1_748' title='bbox 3429 4226 3557 4280; x_wconf 67' lang='lat' dir='ltr'>quae</span> <span class='ocrx_word' id='word_1_749' title='bbox 3587 4210 3859 4281; x_wconf 84' lang='lat' dir='ltr'>promisit,</span> 
     </span>
    </p>
   </div>
   <div class='ocr_carea' id='block_1_88' title="bbox 376 4296 2066 4370">
    <p class='ocr_par' dir='ltr' id='par_1_88' title="bbox 376 4296 2066 4370">
     <span class='ocr_line' id='line_1_88' title="bbox 376 4296 2066 4370; baseline 0 -17"><span class='ocrx_word' id='word_1_750' title='bbox 376 4299 498 4365; x_wconf 93' lang='lat' dir='ltr'>Dei,</span> <span class='ocrx_word' id='word_1_751' title='bbox 532 4314 705 4369; x_wconf 88' lang='lat' dir='ltr'>quam</span> <span class='ocrx_word' id='word_1_752' title='bbox 727 4296 1124 4351; x_wconf 89' lang='lat' dir='ltr'>inscrutabilia</span> <span class='ocrx_word' id='word_1_753' title='bbox 1144 4301 1278 4349; x_wconf 89' lang='lat' dir='ltr'>sunt</span> <span class='ocrx_word' id='word_1_754' title='bbox 1300 4296 1515 4366; x_wconf 89' lang='lat' dir='ltr'>judicia</span> <span class='ocrx_word' id='word_1_755' title='bbox 1536 4296 1684 4367; x_wconf 79' lang='lat' dir='ltr'>ejus!</span> <span class='ocrx_word' id='word_1_756' title='bbox 1715 4317 1741 4349; x_wconf 71' lang='grc' dir='ltr'>ι)</span> <span class='ocrx_word' id='word_1_757' title='bbox 1772 4298 1952 4368; x_wconf 86' lang='lat' dir='ltr'>(Rom.</span> <span class='ocrx_word' id='word_1_758' title='bbox 1986 4316 2066 4370; x_wconf 77' lang='lat' dir='ltr'>xi,</span> 
     </span>
    </p>
   </div>
   <div class='ocr_carea' id='block_1_89' title="bbox 383 4384 2069 4457">
    <p class='ocr_par' dir='ltr' id='par_1_89' title="bbox 383 4384 2069 4457">
     <span class='ocr_line' id='line_1_89' title="bbox 383 4384 2069 4457; baseline -0.001 -14"><span class='ocrx_word' id='word_1_759' title='bbox 383 4387 497 4455; x_wconf 87' lang='lat'>33.)</span> <span class='ocrx_word' id='word_1_760' title='bbox 528 4385 542 4457; x_wconf 86' lang='lat'>)</span> <span class='ocrx_word' id='word_1_761' title='bbox 581 4386 722 4440; x_wconf 90' lang='lat' dir='ltr'>Item</span> <span class='ocrx_word' id='word_1_762' title='bbox 768 4384 923 4455; x_wconf 92' lang='lat' dir='ltr'>quod</span> <span class='ocrx_word' id='word_1_763' title='bbox 956 4384 1056 4456; x_wconf 90' lang='lat' dir='ltr'>qui</span> <span class='ocrx_word' id='word_1_764' title='bbox 1092 4389 1338 4456; x_wconf 87' lang='lat' dir='ltr'>pereunt</span> <span class='ocrx_word' id='word_1_765' title='bbox 1364 4401 1481 4439; x_wconf 91' lang='lat' dir='ltr'>non</span> <span class='ocrx_word' id='word_1_766' title='bbox 1531 4390 1694 4440; x_wconf 90' lang='lat' dir='ltr'>erant</span> <span class='ocrx_word' id='word_1_767' title='bbox 1724 4387 1793 4440; x_wconf 90' lang='lat' dir='ltr'>de</span> <span class='ocrx_word' id='word_1_768' title='bbox 1826 4403 2069 4443; x_wconf 90' lang='lat' dir='ltr'>numero</span> 
     </span>
    </p>
   </div>
   <div class='ocr_carea' id='block_1_90' title="bbox 372 4472 2073 4545">
    <p class='ocr_par' dir='ltr' id='par_1_90' title="bbox 372 4472 2073 4545">
     <span class='ocr_line' id='line_1_90' title="bbox 372 4472 2073 4545; baseline 0.001 -15"><span class='ocrx_word' id='word_1_769' title='bbox 372 4476 658 4543; x_wconf 89' lang='lat' dir='ltr'>ﬁliorum;</span> <span class='ocrx_word' id='word_1_770' title='bbox 692 4473 750 4527; x_wconf 93' lang='lat' dir='ltr'>in</span> <span class='ocrx_word' id='word_1_771' title='bbox 781 4472 984 4528; x_wconf 89' lang='lat' dir='ltr'>eodem</span> <span class='ocrx_word' id='word_1_772' title='bbox 1014 4473 1162 4528; x_wconf 91' lang='lat' dir='ltr'>libro</span> <span class='ocrx_word' id='word_1_773' title='bbox 1192 4474 1333 4544; x_wconf 86' lang='lat' dir='ltr'>(cap.</span> <span class='ocrx_word' id='word_1_774' title='bbox 1369 4473 1441 4544; x_wconf 89' lang='lat'>9).</span> <span class='ocrx_word' id='word_1_775' title='bbox 1478 4472 1643 4545; x_wconf 90' lang='lat' dir='ltr'>[Cum</span> <span class='ocrx_word' id='word_1_776' title='bbox 1676 4490 1814 4544; x_wconf 88' lang='lat' dir='ltr'>ergo</span> <span class='ocrx_word' id='word_1_777' title='bbox 1845 4474 1950 4529; x_wconf 88' lang='lat' dir='ltr'>ﬁlii</span> <span class='ocrx_word' id='word_1_778' title='bbox 1970 4476 2073 4531; x_wconf 92' lang='lat' dir='ltr'>Dei</span> 
     </span>
    </p>
   </div>
   <div class='ocr_carea' id='block_1_91' title="bbox 373 4561 2069 4633">
    <p class='ocr_par' dir='ltr' id='par_1_91' title="bbox 373 4561 2069 4633">
     <span class='ocr_line' id='line_1_91' title="bbox 373 4561 2069 4633; baseline 0.001 -15"><span class='ocrx_word' id='word_1_779' title='bbox 373 4565 571 4619; x_wconf 90' lang='lat' dir='ltr'>dicunt</span> <span class='ocrx_word' id='word_1_780' title='bbox 620 4563 689 4617; x_wconf 88' lang='lat' dir='ltr'>de</span> <span class='ocrx_word' id='word_1_781' title='bbox 719 4562 807 4616; x_wconf 92' lang='lat' dir='ltr'>his</span> <span class='ocrx_word' id='word_1_782' title='bbox 853 4561 952 4632; x_wconf 93' lang='lat' dir='ltr'>qui</span> <span class='ocrx_word' id='word_1_783' title='bbox 998 4562 1481 4633; x_wconf 86' lang='lat' dir='ltr'>perseverantiam</span> <span class='ocrx_word' id='word_1_784' title='bbox 1532 4579 1647 4616; x_wconf 92' lang='lat' dir='ltr'>non</span> <span class='ocrx_word' id='word_1_785' title='bbox 1694 4563 2069 4619; x_wconf 87' lang='lat' dir='ltr'>habuerunt:</span> 
     </span>
    </p>
   </div>
   <div class='ocr_carea' id='block_1_92' title="bbox 375 4649 2071 4719">
    <p class='ocr_par' dir='ltr' id='par_1_92' title="bbox 375 4649 2071 4719">
     <span class='ocr_line' id='line_1_92' title="bbox 375 4649 2071 4719; baseline 0.001 -13"><span class='ocrx_word' id='word_1_786' title='bbox 375 4674 405 4706; x_wconf 69' lang='grc' dir='ltr'>ε(</span> <span class='ocrx_word' id='word_1_787' title='bbox 455 4654 529 4707; x_wconf 84' lang='lat' dir='ltr'>Ex</span> <span class='ocrx_word' id='word_1_788' title='bbox 561 4651 724 4706; x_wconf 90' lang='lat' dir='ltr'>nobis</span> <span class='ocrx_word' id='word_1_789' title='bbox 774 4649 1055 4717; x_wconf 87' lang='lat' dir='ltr'>exierunt,</span> <span class='ocrx_word' id='word_1_790' title='bbox 1106 4650 1206 4704; x_wconf 89' lang='lat' dir='ltr'>sed</span> <span class='ocrx_word' id='word_1_791' title='bbox 1253 4665 1371 4703; x_wconf 94' lang='lat' dir='ltr'>non</span> <span class='ocrx_word' id='word_1_792' title='bbox 1401 4653 1565 4704; x_wconf 89' lang='lat' dir='ltr'>erant</span> <span class='ocrx_word' id='word_1_793' title='bbox 1613 4666 1677 4705; x_wconf 88' lang='lat' dir='ltr'>ex</span> <span class='ocrx_word' id='word_1_794' title='bbox 1708 4650 1911 4719; x_wconf 90' lang='lat' dir='ltr'>nobis;</span> <span class='ocrx_word' id='word_1_795' title='bbox 1950 4674 1970 4699; x_wconf 74' lang='grc' dir='ltr'><strong>υ</strong></span> <span class='ocrx_word' id='word_1_796' title='bbox 2015 4656 2071 4707; x_wconf 88' lang='lat' dir='ltr'>et</span> 
     </span>
    </p>
   </div>
   <div class='ocr_carea' id='block_1_93' title="bbox 372 4737 2070 4809">
    <p class='ocr_par' dir='ltr' id='par_1_93' title="bbox 372 4737 2070 4809">
     <span class='ocr_line' id='line_1_93' title="bbox 372 4737 2070 4809; baseline 0 -14"><span class='ocrx_word' id='word_1_797' title='bbox 372 4740 591 4795; x_wconf 89' lang='lat' dir='ltr'>addunt</span> <span class='ocrx_word' id='word_1_798' title='bbox 631 4756 643 4794; x_wconf 89' lang='lat'><strong>:</strong></span> <span class='ocrx_word' id='word_1_799' title='bbox 690 4757 719 4792; x_wconf 76' lang='grc' dir='ltr'>α</span> <span class='ocrx_word' id='word_1_800' title='bbox 751 4738 912 4803; x_wconf 88' lang='lat' dir='ltr'>Quod</span> <span class='ocrx_word' id='word_1_801' title='bbox 979 4737 1028 4792; x_wconf 89' lang='lat' dir='ltr'>si</span> <span class='ocrx_word' id='word_1_802' title='bbox 1070 4738 1312 4792; x_wconf 87' lang='lat' dir='ltr'>fuissent</span> <span class='ocrx_word' id='word_1_803' title='bbox 1377 4753 1446 4792; x_wconf 92' lang='lat' dir='ltr'>ex</span> <span class='ocrx_word' id='word_1_804' title='bbox 1484 4738 1669 4805; x_wconf 90' lang='lat' dir='ltr'>nobis,</span> <span class='ocrx_word' id='word_1_805' title='bbox 1710 4739 2070 4809; x_wconf 87' lang='lat' dir='ltr'>permansis-</span> 
     </span>
    </p>
   </div>
   <div class='ocr_carea' id='block_1_94' title="bbox 373 4826 2069 4899">
    <p class='ocr_par' dir='ltr' id='par_1_94' title="bbox 373 4826 2069 4899">
     <span class='ocr_line' id='line_1_94' title="bbox 373 4826 2069 4899; baseline 0.001 -18"><span class='ocrx_word' id='word_1_806' title='bbox 373 4833 501 4883; x_wconf 89' lang='lat' dir='ltr'>sent</span> <span class='ocrx_word' id='word_1_807' title='bbox 544 4828 744 4899; x_wconf 90' lang='lat' dir='ltr'>utique</span> <span class='ocrx_word' id='word_1_808' title='bbox 796 4826 1096 4881; x_wconf 85' lang='lat' dir='ltr'>nobiscum</span> <span class='ocrx_word' id='word_1_809' title='bbox 1126 4827 1172 4896; x_wconf 85' lang='grc' dir='ltr'>(ι</span> <span class='ocrx_word' id='word_1_810' title='bbox 1219 4827 1376 4880; x_wconf 84' lang='lat' dir='ltr'>Joan.</span> <span class='ocrx_word' id='word_1_811' title='bbox 1411 4843 1471 4893; x_wconf 81' lang='grc' dir='ltr'>ιι,</span> <span class='ocrx_word' id='word_1_812' title='bbox 1525 4826 1631 4897; x_wconf 85' lang='grc'>19),</span> <span class='ocrx_word' id='word_1_813' title='bbox 1672 4849 1693 4877; x_wconf 76' lang='grc' dir='ltr'><strong><em>ι</em></strong></span> <span class='ocrx_word' id='word_1_814' title='bbox 1729 4828 1866 4899; x_wconf 88' lang='lat' dir='ltr'>quid</span> <span class='ocrx_word' id='word_1_815' title='bbox 1914 4828 2069 4883; x_wconf 90' lang='lat' dir='ltr'>aliud</span> 
     </span>
    </p>
   </div>
   <div class='ocr_carea' id='block_1_95' title="bbox 372 4914 2070 4986">
    <p class='ocr_par' dir='ltr' id='par_1_95' title="bbox 372 4914 2070 4986">
     <span class='ocr_line' id='line_1_95' title="bbox 372 4914 2070 4986; baseline 0.001 -16"><span class='ocrx_word' id='word_1_816' title='bbox 372 4917 571 4971; x_wconf 90' lang='lat' dir='ltr'>dicunt</span> <span class='ocrx_word' id='word_1_817' title='bbox 614 4915 729 4970; x_wconf 90' lang='lat' dir='ltr'>nisi</span> <span class='ocrx_word' id='word_1_818' title='bbox 766 4932 888 4969; x_wconf 90' lang='lat' dir='ltr'>non</span> <span class='ocrx_word' id='word_1_819' title='bbox 936 4920 1099 4969; x_wconf 88' lang='lat' dir='ltr'>erant</span> <span class='ocrx_word' id='word_1_820' title='bbox 1159 4914 1263 4968; x_wconf 86' lang='lat' dir='ltr'>ﬁlii</span> <span class='ocrx_word' id='word_1_821' title='bbox 1317 4915 1488 4969; x_wconf 89' lang='lat' dir='ltr'>etiam</span> <span class='ocrx_word' id='word_1_822' title='bbox 1527 4916 1760 4986; x_wconf 88' lang='lat' dir='ltr'>quando</span> <span class='ocrx_word' id='word_1_823' title='bbox 1810 4922 1974 4971; x_wconf 90' lang='lat' dir='ltr'>erant</span> <span class='ocrx_word' id='word_1_824' title='bbox 2008 4917 2070 4972; x_wconf 90' lang='lat' dir='ltr'>in</span> 
     </span>
    </p>
   </div>
   <div class='ocr_carea' id='block_1_96' title="bbox 370 5002 2068 5076">
    <p class='ocr_par' dir='ltr' id='par_1_96' title="bbox 370 5002 2068 5076">
     <span class='ocr_line' id='line_1_96' title="bbox 370 5002 2068 5076; baseline 0.001 -17"><span class='ocrx_word' id='word_1_825' title='bbox 370 5003 729 5075; x_wconf 90' lang='lat' dir='ltr'>professione</span> <span class='ocrx_word' id='word_1_826' title='bbox 776 5008 833 5057; x_wconf 92' lang='lat' dir='ltr'>et</span> <span class='ocrx_word' id='word_1_827' title='bbox 860 5003 1097 5056; x_wconf 92' lang='lat' dir='ltr'>nomine</span> <span class='ocrx_word' id='word_1_828' title='bbox 1130 5002 1440 5076; x_wconf 76' lang='lat' dir='ltr'>ﬁliorum‘7]</span> <span class='ocrx_word' id='word_1_829' title='bbox 1488 5006 1629 5058; x_wconf 91' lang='lat' dir='ltr'>Item</span> <span class='ocrx_word' id='word_1_830' title='bbox 1663 5005 1816 5075; x_wconf 88' lang='lat' dir='ltr'>quod</span> <span class='ocrx_word' id='word_1_831' title='bbox 1846 5006 2068 5076; x_wconf 69' lang='lat' dir='ltr'>prcede-</span> 
     </span>
    </p>
   </div>
   <div class='ocr_carea' id='block_1_97' title="bbox 372 5091 2069 5165">
    <p class='ocr_par' dir='ltr' id='par_1_97' title="bbox 372 5091 2069 5165">
     <span class='ocr_line' id='line_1_97' title="bbox 372 5091 2069 5165; baseline 0.001 -18"><span class='ocrx_word' id='word_1_832' title='bbox 372 5092 588 5159; x_wconf 90' lang='lat' dir='ltr'>stinati,</span> <span class='ocrx_word' id='word_1_833' title='bbox 622 5091 724 5146; x_wconf 91' lang='lat' dir='ltr'>etsi</span> <span class='ocrx_word' id='word_1_834' title='bbox 761 5092 1014 5145; x_wconf 92' lang='lat' dir='ltr'>nondum</span> <span class='ocrx_word' id='word_1_835' title='bbox 1046 5091 1253 5160; x_wconf 88' lang='lat' dir='ltr'>renati,</span> <span class='ocrx_word' id='word_1_836' title='bbox 1282 5092 1403 5163; x_wconf 90' lang='lat' dir='ltr'>jam</span> <span class='ocrx_word' id='word_1_837' title='bbox 1434 5097 1624 5147; x_wconf 92' lang='lat' dir='ltr'>tamen</span> <span class='ocrx_word' id='word_1_838' title='bbox 1663 5093 1768 5148; x_wconf 90' lang='lat' dir='ltr'>ﬁlii</span> <span class='ocrx_word' id='word_1_839' title='bbox 1791 5094 1892 5148; x_wconf 90' lang='lat' dir='ltr'>Dei</span> <span class='ocrx_word' id='word_1_840' title='bbox 1913 5100 2069 5165; x_wconf 90' lang='lat' dir='ltr'>sunt,</span> 
     </span>
    </p>
   </div>
   <div class='ocr_carea' id='block_1_98' title="bbox 373 5180 2069 5254">
    <p class='ocr_par' dir='ltr' id='par_1_98' title="bbox 373 5180 2069 5254">
     <span class='ocr_line' id='line_1_98' title="bbox 373 5180 2069 5254; baseline 0.001 -17"><span class='ocrx_word' id='word_1_841' title='bbox 373 5187 429 5237; x_wconf 89' lang='lat' dir='ltr'>et</span> <span class='ocrx_word' id='word_1_842' title='bbox 460 5181 649 5252; x_wconf 88' lang='lat' dir='ltr'>perire</span> <span class='ocrx_word' id='word_1_843' title='bbox 701 5196 817 5234; x_wconf 92' lang='lat' dir='ltr'>non</span> <span class='ocrx_word' id='word_1_844' title='bbox 854 5185 1113 5250; x_wconf 89' lang='lat' dir='ltr'>possunt,</span> <span class='ocrx_word' id='word_1_845' title='bbox 1147 5180 1208 5234; x_wconf 91' lang='lat' dir='ltr'>in</span> <span class='ocrx_word' id='word_1_846' title='bbox 1263 5181 1464 5237; x_wconf 89' lang='lat' dir='ltr'>eodem</span> <span class='ocrx_word' id='word_1_847' title='bbox 1506 5181 1673 5236; x_wconf 90' lang='lat' dir='ltr'>libro.</span> <span class='ocrx_word' id='word_1_848' title='bbox 1716 5180 2069 5254; x_wconf 83' lang='lat' dir='ltr'>[Quicunque</span> 
     </span>
    </p>
   </div>
   <div class='ocr_carea' id='block_1_99' title="bbox 374 5268 2069 5342">
    <p class='ocr_par' dir='ltr' id='par_1_99' title="bbox 374 5268 2069 5342">
     <span class='ocr_line' id='line_1_99' title="bbox 374 5268 2069 5342; baseline 0 -16"><span class='ocrx_word' id='word_1_849' title='bbox 374 5287 511 5342; x_wconf 88' lang='lat' dir='ltr'>ergo</span> <span class='ocrx_word' id='word_1_850' title='bbox 564 5269 627 5323; x_wconf 90' lang='lat' dir='ltr'>in</span> <span class='ocrx_word' id='word_1_851' title='bbox 676 5268 778 5323; x_wconf 89' lang='lat' dir='ltr'>Dei</span> <span class='ocrx_word' id='word_1_852' title='bbox 828 5268 1328 5339; x_wconf 78' lang='lat' dir='ltr'>providentissime</span> <span class='ocrx_word' id='word_1_853' title='bbox 1384 5270 1758 5341; x_wconf 84' lang='lat' dir='ltr'>dispositione</span> <span class='ocrx_word' id='word_1_854' title='bbox 1797 5272 2069 5342; x_wconf 68' lang='lat' dir='ltr'>praesciti,</span> 
     </span>
    </p>
   </div>
   <div class='ocr_carea' id='block_1_100' title="bbox 374 5356 2070 5430">
    <p class='ocr_par' dir='ltr' id='par_1_100' title="bbox 374 5356 2070 5430">
     <span class='ocr_line' id='line_1_100' title="bbox 374 5356 2070 5430; baseline 0.002 -18"><span class='ocrx_word' id='word_1_855' title='bbox 374 5356 785 5429; x_wconf 81' lang='lat' dir='ltr'>praedestinati,</span> <span class='ocrx_word' id='word_1_856' title='bbox 816 5358 1021 5425; x_wconf 90' lang='lat' dir='ltr'>vocati,</span> <span class='ocrx_word' id='word_1_857' title='bbox 1064 5358 1378 5428; x_wconf 87' lang='lat' dir='ltr'>justiﬁcati,</span> <span class='ocrx_word' id='word_1_858' title='bbox 1411 5360 1718 5430; x_wconf 85' lang='lat' dir='ltr'>gloriﬁcati</span> <span class='ocrx_word' id='word_1_859' title='bbox 1768 5365 1920 5428; x_wconf 89' lang='lat' dir='ltr'>sunt,</span> <span class='ocrx_word' id='word_1_860' title='bbox 1953 5377 2070 5415; x_wconf 93' lang='lat' dir='ltr'>non</span> 
     </span>
    </p>
   </div>
   <div class='ocr_carea' id='block_1_101' title="bbox 372 5446 2068 5516">
    <p class='ocr_par' dir='ltr' id='par_1_101' title="bbox 372 5446 2068 5516">
     <span class='ocr_line' id='line_1_101' title="bbox 372 5446 2068 5516; baseline 0.002 -15"><span class='ocrx_word' id='word_1_861' title='bbox 372 5448 496 5501; x_wconf 88' lang='lat' dir='ltr'>dico</span> <span class='ocrx_word' id='word_1_862' title='bbox 526 5446 700 5501; x_wconf 90' lang='lat' dir='ltr'>etiam</span> <span class='ocrx_word' id='word_1_863' title='bbox 745 5447 1008 5501; x_wconf 89' lang='lat' dir='ltr'>nondum</span> <span class='ocrx_word' id='word_1_864' title='bbox 1038 5447 1242 5514; x_wconf 89' lang='lat' dir='ltr'>renati,</span> <span class='ocrx_word' id='word_1_865' title='bbox 1276 5447 1373 5501; x_wconf 87' lang='lat' dir='ltr'>sed</span> <span class='ocrx_word' id='word_1_866' title='bbox 1422 5448 1596 5503; x_wconf 90' lang='lat' dir='ltr'>etiam</span> <span class='ocrx_word' id='word_1_867' title='bbox 1627 5449 1889 5504; x_wconf 89' lang='lat' dir='ltr'>nondum</span> <span class='ocrx_word' id='word_1_868' title='bbox 1926 5451 2068 5516; x_wconf 90' lang='lat' dir='ltr'>nati,</span> 
     </span>
    </p>
   </div>
   <div class='ocr_carea' id='block_1_102' title="bbox 366 5533 2070 5607">
    <p class='ocr_par' dir='ltr' id='par_1_102' title="bbox 366 5533 2070 5607">
     <span class='ocr_line' id='line_1_102' title="bbox 366 5533 2070 5607; baseline 0.001 -19"><span class='ocrx_word' id='word_1_869' title='bbox 366 5535 489 5604; x_wconf 88' lang='lat' dir='ltr'>jam</span> <span class='ocrx_word' id='word_1_870' title='bbox 518 5533 625 5588; x_wconf 90' lang='lat' dir='ltr'>ﬁlii</span> <span class='ocrx_word' id='word_1_871' title='bbox 656 5533 755 5589; x_wconf 89' lang='lat' dir='ltr'>Dei</span> <span class='ocrx_word' id='word_1_872' title='bbox 786 5538 919 5589; x_wconf 87' lang='lat' dir='ltr'>sunt</span> <span class='ocrx_word' id='word_1_873' title='bbox 946 5538 1003 5588; x_wconf 88' lang='lat' dir='ltr'>et</span> <span class='ocrx_word' id='word_1_874' title='bbox 1047 5534 1284 5589; x_wconf 90' lang='lat' dir='ltr'>omnino</span> <span class='ocrx_word' id='word_1_875' title='bbox 1314 5534 1504 5604; x_wconf 90' lang='lat' dir='ltr'>perire</span> <span class='ocrx_word' id='word_1_876' title='bbox 1527 5551 1667 5591; x_wconf 85' lang='lat' dir='ltr'>non</span> <span class='ocrx_word' id='word_1_877' title='bbox 1699 5540 1962 5607; x_wconf 84' lang='lat' dir='ltr'>possunt.</span> <span class='ocrx_word' id='word_1_878' title='bbox 2006 5536 2070 5590; x_wconf 89' lang='lat' dir='ltr'>Hi</span> 
     </span>
    </p>
   </div>
   <div class='ocr_carea' id='block_1_103' title="bbox 2178 4299 3863 4370">
    <p class='ocr_par' dir='ltr' id='par_1_103' title="bbox 2178 4299 3863 4370">
     <span class='ocr_line' id='line_1_103' title="bbox 2178 4299 3863 4370; baseline -0.004 -18"><span class='ocrx_word' id='word_1_879' title='bbox 2178 4301 2381 4370; x_wconf 87' lang='lat' dir='ltr'>potens</span> <span class='ocrx_word' id='word_1_880' title='bbox 2409 4302 2494 4352; x_wconf 88' lang='lat' dir='ltr'>est</span> <span class='ocrx_word' id='word_1_881' title='bbox 2539 4299 2741 4353; x_wconf 87' lang='lat' dir='ltr'>facere.</span> <span class='ocrx_word' id='word_1_882' title='bbox 2778 4318 2806 4350; x_wconf 75' lang='grc' dir='ltr'>ι)</span> <span class='ocrx_word' id='word_1_883' title='bbox 2855 4299 2977 4353; x_wconf 90' lang='lat' dir='ltr'>Non</span> <span class='ocrx_word' id='word_1_884' title='bbox 3008 4299 3105 4367; x_wconf 90' lang='lat' dir='ltr'>ait,</span> <span class='ocrx_word' id='word_1_885' title='bbox 3142 4315 3271 4370; x_wconf 73' lang='lat' dir='ltr'>qua:</span> <span class='ocrx_word' id='word_1_886' title='bbox 3318 4299 3622 4369; x_wconf 66' lang='lat' dir='ltr'>prmscivit,</span> <span class='ocrx_word' id='word_1_887' title='bbox 3675 4305 3863 4369; x_wconf 83' lang='lat' dir='ltr'>potens</span> 
     </span>
    </p>
   </div>
   <div class='ocr_carea' id='block_1_104' title="bbox 2186 4386 3861 4459">
    <p class='ocr_par' dir='ltr' id='par_1_104' title="bbox 2186 4386 3861 4459">
     <span class='ocr_line' id='line_1_104' title="bbox 2186 4386 3861 4459; baseline -0.002 -18"><span class='ocrx_word' id='word_1_888' title='bbox 2186 4392 2270 4442; x_wconf 88' lang='lat' dir='ltr'>est</span> <span class='ocrx_word' id='word_1_889' title='bbox 2298 4386 2650 4458; x_wconf 87' lang='lat' dir='ltr'>promittere,</span> <span class='ocrx_word' id='word_1_890' title='bbox 2693 4392 2809 4455; x_wconf 87' lang='lat' dir='ltr'>aut,</span> <span class='ocrx_word' id='word_1_891' title='bbox 2846 4404 2971 4458; x_wconf 68' lang='lat' dir='ltr'>quae</span> <span class='ocrx_word' id='word_1_892' title='bbox 3018 4388 3307 4459; x_wconf 60' lang='lat' dir='ltr'>praedixit,</span> <span class='ocrx_word' id='word_1_893' title='bbox 3337 4392 3541 4456; x_wconf 86' lang='lat' dir='ltr'>potens</span> <span class='ocrx_word' id='word_1_894' title='bbox 3571 4391 3655 4441; x_wconf 89' lang='lat' dir='ltr'>est</span> <span class='ocrx_word' id='word_1_895' title='bbox 3686 4392 3861 4442; x_wconf 87' lang='lat' dir='ltr'>osten-</span> 
     </span>
    </p>
   </div>
   <div class='ocr_carea' id='block_1_105' title="bbox 2179 4475 3863 4547">
    <p class='ocr_par' dir='ltr' id='par_1_105' title="bbox 2179 4475 3863 4547">
     <span class='ocr_line' id='line_1_105' title="bbox 2179 4475 3863 4547; baseline -0.003 -16"><span class='ocrx_word' id='word_1_896' title='bbox 2179 4476 2336 4545; x_wconf 90' lang='lat' dir='ltr'>dere,</span> <span class='ocrx_word' id='word_1_897' title='bbox 2385 4481 2503 4543; x_wconf 90' lang='lat' dir='ltr'>aut,</span> <span class='ocrx_word' id='word_1_898' title='bbox 2555 4492 2685 4547; x_wconf 62' lang='lat' dir='ltr'>qua;</span> <span class='ocrx_word' id='word_1_899' title='bbox 2731 4477 3015 4547; x_wconf 91' lang='lat' dir='ltr'>promisit,</span> <span class='ocrx_word' id='word_1_900' title='bbox 3066 4481 3267 4547; x_wconf 89' lang='lat' dir='ltr'>potens</span> <span class='ocrx_word' id='word_1_901' title='bbox 3297 4484 3383 4531; x_wconf 88' lang='lat' dir='ltr'>est</span> <span class='ocrx_word' id='word_1_902' title='bbox 3422 4475 3711 4547; x_wconf 81' lang='lat' dir='ltr'>praescire.</span> <span class='ocrx_word' id='word_1_903' title='bbox 3759 4478 3863 4546; x_wconf 89' lang='lat' dir='ltr'>Ipse</span> 
     </span>
    </p>
   </div>
   <div class='ocr_carea' id='block_1_106' title="bbox 2178 4563 3860 4636">
    <p class='ocr_par' dir='ltr' id='par_1_106' title="bbox 2178 4563 3860 4636">
     <span class='ocr_line' id='line_1_106' title="bbox 2178 4563 3860 4636; baseline -0.001 -19"><span class='ocrx_word' id='word_1_904' title='bbox 2178 4563 2358 4634; x_wconf 87' lang='lat' dir='ltr'>igitur</span> <span class='ocrx_word' id='word_1_905' title='bbox 2388 4581 2486 4619; x_wconf 85' lang='lat' dir='ltr'>eos</span> <span class='ocrx_word' id='word_1_906' title='bbox 2514 4564 2651 4620; x_wconf 83' lang='lat' dir='ltr'>facit</span> <span class='ocrx_word' id='word_1_907' title='bbox 2676 4581 3042 4636; x_wconf 89' lang='lat' dir='ltr'>perseverare</span> <span class='ocrx_word' id='word_1_908' title='bbox 3072 4566 3133 4619; x_wconf 90' lang='lat' dir='ltr'>in</span> <span class='ocrx_word' id='word_1_909' title='bbox 3162 4565 3337 4633; x_wconf 91' lang='lat' dir='ltr'>bono,</span> <span class='ocrx_word' id='word_1_910' title='bbox 3370 4566 3470 4636; x_wconf 91' lang='lat' dir='ltr'>qui</span> <span class='ocrx_word' id='word_1_911' title='bbox 3500 4565 3634 4620; x_wconf 85' lang='lat' dir='ltr'>fecit</span> <span class='ocrx_word' id='word_1_912' title='bbox 3662 4564 3860 4624; x_wconf 86' lang='lat' dir='ltr'>bonos;</span> 
     </span>
    </p>
   </div>
   <div class='ocr_carea' id='block_1_107' title="bbox 2179 4652 3861 4724">
    <p class='ocr_par' dir='ltr' id='par_1_107' title="bbox 2179 4652 3861 4724">
     <span class='ocr_line' id='line_1_107' title="bbox 2179 4652 3861 4724; baseline 0 -19"><span class='ocrx_word' id='word_1_913' title='bbox 2179 4652 2279 4723; x_wconf 91' lang='lat' dir='ltr'>qui</span> <span class='ocrx_word' id='word_1_914' title='bbox 2311 4658 2503 4708; x_wconf 89' lang='lat' dir='ltr'>autem</span> <span class='ocrx_word' id='word_1_915' title='bbox 2552 4653 2764 4708; x_wconf 90' lang='lat' dir='ltr'>cadunt</span> <span class='ocrx_word' id='word_1_916' title='bbox 2829 4658 2887 4708; x_wconf 87' lang='lat' dir='ltr'>et</span> <span class='ocrx_word' id='word_1_917' title='bbox 2933 4659 3198 4723; x_wconf 88' lang='lat' dir='ltr'>pereunt,</span> <span class='ocrx_word' id='word_1_918' title='bbox 3235 4653 3293 4707; x_wconf 92' lang='lat' dir='ltr'>in</span> <span class='ocrx_word' id='word_1_919' title='bbox 3341 4652 3861 4724; x_wconf 66' lang='lat' dir='ltr'>praedestinatorum</span> 
     </span>
    </p>
   </div>
   <div class='ocr_carea' id='block_1_108' title="bbox 2181 4741 3862 4812">
    <p class='ocr_par' dir='ltr' id='par_1_108' title="bbox 2181 4741 3862 4812">
     <span class='ocr_line' id='line_1_108' title="bbox 2181 4741 3862 4812; baseline 0.002 -18"><span class='ocrx_word' id='word_1_920' title='bbox 2181 4756 2421 4795; x_wconf 91' lang='lat' dir='ltr'>numero</span> <span class='ocrx_word' id='word_1_921' title='bbox 2450 4757 2571 4796; x_wconf 91' lang='lat' dir='ltr'>non</span> <span class='ocrx_word' id='word_1_922' title='bbox 2619 4742 2874 4797; x_wconf 89' lang='lat' dir='ltr'>fuerunt.</span> <span class='ocrx_word' id='word_1_923' title='bbox 2904 4741 3173 4806; x_wconf 89' lang='lat' dir='ltr'>Quamvis</span> <span class='ocrx_word' id='word_1_924' title='bbox 3208 4757 3345 4812; x_wconf 89' lang='lat' dir='ltr'>ergo</span> <span class='ocrx_word' id='word_1_925' title='bbox 3378 4742 3447 4796; x_wconf 90' lang='lat' dir='ltr'>de</span> <span class='ocrx_word' id='word_1_926' title='bbox 3478 4742 3754 4797; x_wconf 90' lang='lat' dir='ltr'>omnibus</span> <span class='ocrx_word' id='word_1_927' title='bbox 3783 4756 3862 4797; x_wconf 78' lang='lat' dir='ltr'>re—</span> 
     </span>
    </p>
   </div>
   <div class='ocr_carea' id='block_1_109' title="bbox 2180 4828 3861 4902">
    <p class='ocr_par' dir='ltr' id='par_1_109' title="bbox 2180 4828 3861 4902">
     <span class='ocr_line' id='line_1_109' title="bbox 2180 4828 3861 4902; baseline -0.001 -19"><span class='ocrx_word' id='word_1_928' title='bbox 2180 4829 2467 4900; x_wconf 87' lang='lat' dir='ltr'>generatis</span> <span class='ocrx_word' id='word_1_929' title='bbox 2497 4833 2554 4884; x_wconf 91' lang='lat' dir='ltr'>et</span> <span class='ocrx_word' id='word_1_930' title='bbox 2600 4829 2693 4900; x_wconf 90' lang='lat' dir='ltr'>pie</span> <span class='ocrx_word' id='word_1_931' title='bbox 2724 4830 3043 4885; x_wconf 88' lang='lat' dir='ltr'>viventibus</span> <span class='ocrx_word' id='word_1_932' title='bbox 3082 4832 3414 4902; x_wconf 88' lang='lat' dir='ltr'>loqueretur</span> <span class='ocrx_word' id='word_1_933' title='bbox 3456 4832 3769 4902; x_wconf 85' lang='lat' dir='ltr'>Apostolus</span> <span class='ocrx_word' id='word_1_934' title='bbox 3798 4828 3861 4885; x_wconf 89' lang='lat' dir='ltr'>di-</span> 
     </span>
    </p>
   </div>
   <div class='ocr_carea' id='block_1_110' title="bbox 2178 4918 3861 4990">
    <p class='ocr_par' dir='ltr' id='par_1_110' title="bbox 2178 4918 3861 4990">
     <span class='ocr_line' id='line_1_110' title="bbox 2178 4918 3861 4990; baseline -0.001 -18"><span class='ocrx_word' id='word_1_935' title='bbox 2178 4933 2313 4972; x_wconf 90' lang='lat' dir='ltr'>cens</span> <span class='ocrx_word' id='word_1_936' title='bbox 2348 4936 2361 4971; x_wconf 87' lang='lat'><strong>:</strong></span> <span class='ocrx_word' id='word_1_937' title='bbox 2394 4940 2415 4967; x_wconf 79' lang='grc' dir='ltr'>ι</span> <span class='ocrx_word' id='word_1_938' title='bbox 2468 4918 2549 4972; x_wconf 89' lang='lat' dir='ltr'>Tu</span> <span class='ocrx_word' id='word_1_939' title='bbox 2595 4918 2723 4989; x_wconf 89' lang='lat' dir='ltr'>quis</span> <span class='ocrx_word' id='word_1_940' title='bbox 2769 4935 2848 4987; x_wconf 91' lang='lat' dir='ltr'>es,</span> <span class='ocrx_word' id='word_1_941' title='bbox 2899 4920 3000 4990; x_wconf 89' lang='lat' dir='ltr'>qui</span> <span class='ocrx_word' id='word_1_942' title='bbox 3028 4920 3253 4990; x_wconf 88' lang='lat' dir='ltr'>judicas</span> <span class='ocrx_word' id='word_1_943' title='bbox 3299 4920 3553 4974; x_wconf 90' lang='lat' dir='ltr'>alienum</span> <span class='ocrx_word' id='word_1_944' title='bbox 3601 4919 3861 4976; x_wconf 84' lang='lat' dir='ltr'>servum?</span> 
     </span>
    </p>
   </div>
   <div class='ocr_carea' id='block_1_111' title="bbox 2179 5007 3862 5081">
    <p class='ocr_par' dir='ltr' id='par_1_111' title="bbox 2179 5007 3862 5081">
     <span class='ocr_line' id='line_1_111' title="bbox 2179 5007 3862 5081; baseline -0.002 -20"><span class='ocrx_word' id='word_1_945' title='bbox 2179 5023 2277 5061; x_wconf 90' lang='lat' dir='ltr'>suo</span> <span class='ocrx_word' id='word_1_946' title='bbox 2302 5007 2538 5062; x_wconf 91' lang='lat' dir='ltr'>domino</span> <span class='ocrx_word' id='word_1_947' title='bbox 2569 5011 2681 5062; x_wconf 87' lang='lat' dir='ltr'>stat</span> <span class='ocrx_word' id='word_1_948' title='bbox 2711 5013 2809 5063; x_wconf 90' lang='lat' dir='ltr'>aut</span> <span class='ocrx_word' id='word_1_949' title='bbox 2836 5008 3008 5075; x_wconf 88' lang='lat' dir='ltr'>cadit,</span> <span class='ocrx_word' id='word_1_950' title='bbox 3042 5026 3067 5061; x_wconf 71' lang='grc' dir='ltr'>ι)</span> <span class='ocrx_word' id='word_1_951' title='bbox 3095 5009 3370 5063; x_wconf 90' lang='lat' dir='ltr'>continuo</span> <span class='ocrx_word' id='word_1_952' title='bbox 3402 5014 3597 5063; x_wconf 88' lang='lat' dir='ltr'>tamen</span> <span class='ocrx_word' id='word_1_953' title='bbox 3628 5008 3862 5081; x_wconf 84' lang='lat' dir='ltr'>respexit</span> 
     </span>
    </p>
   </div>
   <div class='ocr_carea' id='block_1_112' title="bbox 2179 5096 3860 5165">
    <p class='ocr_par' dir='ltr' id='par_1_112' title="bbox 2179 5096 3860 5165">
     <span class='ocr_line' id='line_1_112' title="bbox 2179 5096 3860 5165; baseline -0.001 -16"><span class='ocrx_word' id='word_1_954' title='bbox 2179 5096 2248 5149; x_wconf 91' lang='lat' dir='ltr'>ad</span> <span class='ocrx_word' id='word_1_955' title='bbox 2301 5096 2738 5165; x_wconf 63' lang='lat' dir='ltr'>prmdestinatos</span> <span class='ocrx_word' id='word_1_956' title='bbox 2801 5102 2858 5151; x_wconf 88' lang='lat' dir='ltr'>et</span> <span class='ocrx_word' id='word_1_957' title='bbox 2917 5097 3040 5151; x_wconf 89' lang='lat' dir='ltr'>ait:</span> <span class='ocrx_word' id='word_1_958' title='bbox 3078 5116 3105 5148; x_wconf 78' lang='grc' dir='ltr'>α</span> <span class='ocrx_word' id='word_1_959' title='bbox 3145 5097 3326 5152; x_wconf 89' lang='lat' dir='ltr'>Stabit</span> <span class='ocrx_word' id='word_1_960' title='bbox 3376 5102 3587 5161; x_wconf 89' lang='lat' dir='ltr'>autem,</span> <span class='ocrx_word' id='word_1_961' title='bbox 3624 5118 3651 5149; x_wconf 72' lang='grc' dir='ltr'>ι)</span> <span class='ocrx_word' id='word_1_962' title='bbox 3719 5105 3776 5153; x_wconf 90' lang='lat' dir='ltr'>et</span> <span class='ocrx_word' id='word_1_963' title='bbox 3806 5111 3860 5151; x_wconf 85' lang='lat' dir='ltr'>ne</span> 
     </span>
    </p>
   </div>
   <div class='ocr_carea' id='block_1_113' title="bbox 2178 5183 3859 5257">
    <p class='ocr_par' dir='ltr' id='par_1_113' title="bbox 2178 5183 3859 5257">
     <span class='ocr_line' id='line_1_113' title="bbox 2178 5183 3859 5257; baseline 0 -21"><span class='ocrx_word' id='word_1_964' title='bbox 2178 5183 2286 5237; x_wconf 91' lang='lat' dir='ltr'>hoc</span> <span class='ocrx_word' id='word_1_965' title='bbox 2311 5183 2419 5237; x_wconf 92' lang='lat' dir='ltr'>sibi</span> <span class='ocrx_word' id='word_1_966' title='bbox 2449 5187 2788 5254; x_wconf 87' lang='lat' dir='ltr'>arrogarent</span> <span class='ocrx_word' id='word_1_967' title='bbox 2821 5199 2833 5237; x_wconf 88' lang='lat'><strong>:</strong></span> <span class='ocrx_word' id='word_1_968' title='bbox 2867 5202 2895 5235; x_wconf 78' lang='grc' dir='ltr'><strong>α</strong></span> <span class='ocrx_word' id='word_1_969' title='bbox 2929 5185 3134 5239; x_wconf 89' lang='lat' dir='ltr'>Potens</span> <span class='ocrx_word' id='word_1_970' title='bbox 3162 5189 3246 5238; x_wconf 90' lang='lat' dir='ltr'>est</span> <span class='ocrx_word' id='word_1_971' title='bbox 3277 5184 3428 5238; x_wconf 89' lang='lat' dir='ltr'>enim</span> <span class='ocrx_word' id='word_1_972' title='bbox 3463 5185 3629 5252; x_wconf 90' lang='lat' dir='ltr'>Deus,</span> <span class='ocrx_word' id='word_1_973' title='bbox 3662 5185 3859 5257; x_wconf 86' lang='lat' dir='ltr'>inquit,</span> 
     </span>
    </p>
   </div>
   <div class='ocr_carea' id='block_1_114' title="bbox 2180 5272 3860 5345">
    <p class='ocr_par' dir='ltr' id='par_1_114' title="bbox 2180 5272 3860 5345">
     <span class='ocr_line' id='line_1_114' title="bbox 2180 5272 3860 5345; baseline -0.001 -19"><span class='ocrx_word' id='word_1_974' title='bbox 2180 5276 2427 5326; x_wconf 90' lang='lat' dir='ltr'>statuere</span> <span class='ocrx_word' id='word_1_975' title='bbox 2457 5288 2553 5326; x_wconf 91' lang='lat' dir='ltr'>eos</span> <span class='ocrx_word' id='word_1_976' title='bbox 2591 5274 2757 5340; x_wconf 86' lang='lat' dir='ltr'>(Rom.</span> <span class='ocrx_word' id='word_1_977' title='bbox 2806 5288 2919 5341; x_wconf 80' lang='lat' dir='ltr'>xiv,</span> <span class='ocrx_word' id='word_1_978' title='bbox 2968 5274 3042 5339; x_wconf 81' lang='grc'>4).</span> <span class='ocrx_word' id='word_1_979' title='bbox 3076 5292 3103 5324; x_wconf 86' lang='grc'>››</span> <span class='ocrx_word' id='word_1_980' title='bbox 3139 5275 3265 5344; x_wconf 90' lang='lat' dir='ltr'>Ipse</span> <span class='ocrx_word' id='word_1_981' title='bbox 3313 5273 3505 5343; x_wconf 90' lang='lat' dir='ltr'>itaque</span> <span class='ocrx_word' id='word_1_982' title='bbox 3552 5272 3651 5327; x_wconf 88' lang='lat' dir='ltr'>dat</span> <span class='ocrx_word' id='word_1_983' title='bbox 3682 5290 3860 5345; x_wconf 86' lang='lat' dir='ltr'>perse-</span> 
     </span>
    </p>
   </div>
   <div class='ocr_carea' id='block_1_115' title="bbox 2178 5360 3863 5434">
    <p class='ocr_par' dir='ltr' id='par_1_115' title="bbox 2178 5360 3863 5434">
     <span class='ocr_line' id='line_1_115' title="bbox 2178 5360 3863 5434; baseline 0.001 -20"><span class='ocrx_word' id='word_1_984' title='bbox 2178 5361 2517 5429; x_wconf 87' lang='lat' dir='ltr'>verantiam,</span> <span class='ocrx_word' id='word_1_985' title='bbox 2551 5360 2651 5432; x_wconf 90' lang='lat' dir='ltr'>qui</span> <span class='ocrx_word' id='word_1_986' title='bbox 2678 5365 2931 5416; x_wconf 89' lang='lat' dir='ltr'>statuere</span> <span class='ocrx_word' id='word_1_987' title='bbox 2952 5366 3168 5433; x_wconf 89' lang='lat' dir='ltr'>postest</span> <span class='ocrx_word' id='word_1_988' title='bbox 3198 5378 3295 5417; x_wconf 88' lang='lat' dir='ltr'>eos</span> <span class='ocrx_word' id='word_1_989' title='bbox 3324 5363 3424 5433; x_wconf 90' lang='lat' dir='ltr'>qui</span> <span class='ocrx_word' id='word_1_990' title='bbox 3455 5365 3624 5430; x_wconf 88' lang='lat' dir='ltr'>stant,</span> <span class='ocrx_word' id='word_1_991' title='bbox 3658 5368 3725 5417; x_wconf 90' lang='lat' dir='ltr'>ut</span> <span class='ocrx_word' id='word_1_992' title='bbox 3754 5377 3863 5434; x_wconf 86' lang='lat' dir='ltr'>per-</span> 
     </span>
    </p>
   </div>
   <div class='ocr_carea' id='block_1_116' title="bbox 2180 5448 3859 5521">
    <p class='ocr_par' dir='ltr' id='par_1_116' title="bbox 2180 5448 3859 5521">
     <span class='ocr_line' id='line_1_116' title="bbox 2180 5448 3859 5521; baseline -0.001 -18"><span class='ocrx_word' id='word_1_993' title='bbox 2180 5448 2637 5503; x_wconf 85' lang='lat' dir='ltr'>severantissime</span> <span class='ocrx_word' id='word_1_994' title='bbox 2685 5452 2857 5516; x_wconf 89' lang='lat' dir='ltr'>stent,</span> <span class='ocrx_word' id='word_1_995' title='bbox 2887 5450 2975 5504; x_wconf 91' lang='lat' dir='ltr'>vel</span> <span class='ocrx_word' id='word_1_996' title='bbox 3027 5450 3326 5505; x_wconf 86' lang='lat' dir='ltr'>restituere</span> <span class='ocrx_word' id='word_1_997' title='bbox 3357 5448 3458 5521; x_wconf 91' lang='lat' dir='ltr'>qui</span> <span class='ocrx_word' id='word_1_998' title='bbox 3507 5450 3859 5507; x_wconf 89' lang='lat' dir='ltr'>ceciderant:</span> 
     </span>
    </p>
   </div>
   <div class='ocr_carea' id='block_1_117' title="bbox 2186 5535 3857 5608">
    <p class='ocr_par' dir='ltr' id='par_1_117' title="bbox 2186 5535 3857 5608">
     <span class='ocr_line' id='line_1_117' title="bbox 2186 5535 3857 5608; baseline 0.002 -17"><span class='ocrx_word' id='word_1_999' title='bbox 2186 5558 2213 5584; x_wconf 89' lang='grc'>‹‹</span> <span class='ocrx_word' id='word_1_1000' title='bbox 2247 5535 2523 5591; x_wconf 89' lang='lat' dir='ltr'>Dominus</span> <span class='ocrx_word' id='word_1_1001' title='bbox 2578 5535 2737 5591; x_wconf 87' lang='lat' dir='ltr'>enim</span> <span class='ocrx_word' id='word_1_1002' title='bbox 2792 5536 2966 5608; x_wconf 87' lang='lat' dir='ltr'>erigit</span> <span class='ocrx_word' id='word_1_1003' title='bbox 3003 5537 3174 5593; x_wconf 74' lang='lat' dir='ltr'>elisos</span> <span class='ocrx_word' id='word_1_1004' title='bbox 3214 5537 3382 5605; x_wconf 76' lang='lat' dir='ltr'>(Psal.</span> <span class='ocrx_word' id='word_1_1005' title='bbox 3451 5553 3603 5604; x_wconf 84' lang='lat' dir='ltr'>chv,</span> <span class='ocrx_word' id='word_1_1006' title='bbox 3671 5538 3745 5608; x_wconf 93' lang='lat'>8).</span> <span class='ocrx_word' id='word_1_1007' title='bbox 3796 5538 3857 5603; x_wconf 76' lang='grc' dir='ltr'>ι]</span> 
     </span>
    </p>
   </div>
  </div>
