3920 6224
129 338 183 390 1.7
1198 336 1286 390 DE
1328 334 1995 391 PRrEDESTlNA'I‘IONE
2036 331 2174 388 DEI.
2206 362 2275 373 —
2307 332 2433 388 LIB.
2477 334 2516 387 l.
3535 339 3602 392 38

120 469 237 522 Item
268 467 414 538 quod
443 470 638 521 certus
681 472 767 521 est
795 482 1070 521 numerus
1120 466 1679 536 praedestinatorum,
1731 466 1789 520 in
1828 469 1870 521 A
1906 465 2045 520 divit
2093 469 2151 519 et
2176 463 2394 519 didicit.
2426 464 2633 534 Quare,
2673 464 2966 537 inquiunt,
2999 482 3114 521 non
3146 482 3345 522 omnes
3391 467 3596 521 docet?

120 555 293 609 eodem
322 555 489 621 libro,
524 570 656 609 cum
689 555 758 609 de
797 553 885 607 his
917 554 1253 624 loqueretur
1274 555 1374 624 qui
1418 570 1792 625 perseveran-

120 646 235 699 tiam
263 660 291 697 a
322 645 434 697 Deo
487 649 855 713 acceperunt,
900 648 962 694 ut
1001 641 1186 711 perire
1218 658 1331 707 non
1377 643 1617 712 possint,
1677 644 1795 696 base

118 732 263 795 inter,
292 730 514 783 locutus
562 737 669 784 est.
712 730 863 799 [Haec
898 728 968 781 de
1000 728 1087 781 his
1120 728 1323 797 loquor
1356 728 1456 799 qui
1488 729 1791 798 praedesti—

121 819 220 874 nati
246 823 373 872 sunt
401 818 464 872 in
495 834 743 888 regnum
790 816 911 881 Dei,
939 831 1184 885 quorum
1217 816 1296 868 ita
1347 820 1540 868 certus
1570 819 1657 868 est
1687 831 1792 868 uu-

121 923 303 971 merus,
356 912 560 961 utnec
602 906 849 959 addatur
898 906 1202 974 quisquam
1236 920 1339 957 nec
1399 904 1697 958 minuatur
1727 920 1794 957 ex

121 997 189 1049 eis
215 1010 356 1049 :non
383 995 453 1047 de
477 995 569 1048 his
600 994 852 1065 quicum
873 991 1271 1045 annuntiasset
1292 997 1347 1044 et
1368 992 1593 1044 locutus
1625 996 1792 1057 esset,

124 1106 142 1132 ι
173 1082 521 1152 multiplicati
547 1086 681 1135 sunt
701 1096 874 1150 super
902 1095 1209 1133 numerum
1228 1080 1397 1149 (Psal.
1430 1094 1624 1143 xxxxx,
1652 1082 1703 1145 6)
1728 1095 1740 1131 ε
1768 1100 1789 1126 ι

120 1170 213 1238 ipsi
240 1169 388 1222 enim
434 1169 623 1222 vocati
670 1169 781 1222 dici
828 1171 1090 1237 possunt,
1125 1182 1242 1220 non
1289 1171 1480 1219 autem
1545 1187 1566 1215 ι
1607 1165 1788 1227 electi,

120 1259 236 1329 quia
265 1274 374 1311 non
403 1259 721 1311 secundum
752 1255 1111 1328 propositum
1136 1257 1333 1309 vocati.
1381 1253 1436 1326 »]

182 1350 308 1402 Item
361 1348 521 1418 quod
581 1346 770 1401 omnis
829 1346 927 1416 qui
986 1345 1149 1398 audit
1202 1360 1234 1397 a
1302 1346 1464 1397 Patre
1522 1343 1674 1396 venit
1723 1343 1793 1396 ad

119 1436 400 1501 Christum,
437 1436 503 1489 in
536 1435 681 1489 libro
713 1436 781 1489 de
829 1433 1339 1487 Prmdestiuatione
1368 1434 1507 1503 (cap.
1551 1435 1606 1502 8)
1648 1448 1793 1503 pras-

122 1526 247 1578 fatus
274 1525 348 1578 ita
378 1525 637 1595 loquitur
673 1527 907 1578 doctor:
957 1541 986 1575 α
1021 1521 1217 1576 Omnis
1248 1521 1345 1592 qui
1376 1521 1597 1575 audivit
1635 1538 1667 1575 a
1700 1523 1796 1585 Pa-

123 1620 194 1667 tre
220 1619 271 1667 et
297 1613 519 1676 didicit,
553 1613 707 1666 venit
737 1613 804 1665 ad
848 1629 939 1665 me
971 1614 1154 1679 (Joan.
1196 1628 1268 1677 γι,
1303 1611 1413 1679 45).
1450 1630 1475 1660 ››
1520 1611 1663 1675 Quid
1714 1615 1797 1663 est

127 1723 151 1751 α
178 1703 349 1755 omnis
374 1702 482 1772 qui
502 1702 719 1757 audivit
745 1719 777 1755 a
808 1703 972 1755 Patre
996 1708 1050 1755 et
1071 1701 1289 1768 didicit,
1321 1701 1475 1755 venit
1504 1702 1573 1754 ad
1606 1700 1736 1754 me?
1764 1717 1792 1751 ι)

128 1792 220 1844 nisi
264 1792 456 1845 nullus
506 1797 591 1845 est
633 1792 732 1861 qui
763 1791 958 1844 audiat
987 1808 1017 1843 a
1046 1792 1231 1858 Patre,
1268 1794 1323 1843 et
1355 1790 1553 1857 discat,
1598 1794 1654 1844 et
1684 1807 1800 1844 non

127 1880 293 1933 veniat
323 1880 391 1933 ad
436 1896 551 1933 me.
594 1880 649 1933 Si
681 1880 833 1933 enim
879 1902 905 1927 ‹‹
940 1878 1127 1931 omnis
1177 1878 1276 1948 qui
1310 1879 1524 1932 audivit
1556 1897 1587 1931 a
1636 1881 1800 1933 Patre

127 1974 174 2019 et
195 1968 397 2033 didicit,
434 1968 610 2032 venit,
645 1988 672 2016 ››
706 1967 963 2037 profecto
997 1966 1185 2019 omnis
1207 1966 1307 2036 qui
1332 1982 1447 2019 non
1472 1966 1647 2033 venit,
1683 1984 1799 2020 non

125 2057 375 2110 audivita
427 2058 618 2116 Patre.
652 2060 706 2109 et
760 2072 874 2109 non
924 2055 1155 2119 didicit;
1208 2070 1338 2107 nam
1375 2054 1421 2107 si
1449 2054 1700 2108 audisset
1748 2061 1803 2109 et

126 2146 411 2210 didicisset,
471 2144 709 2198 veniret.
764 2144 956 2213 Neque
1017 2142 1169 2195 enim
1231 2143 1378 2196 ullus
1449 2144 1689 2209 audivit,
1747 2150 1803 2197 et

122 2232 308 2292 didicit,
341 2239 397 2286 et
448 2248 565 2285 non
597 2231 773 2284 venit.
825 2230 933 2283 Sed
972 2252 991 2277 α
1029 2230 1237 2294 omnis,
1276 2252 1301 2277 υ
1339 2235 1399 2283 ut
1438 2231 1517 2284 ait
1560 2230 1798 2296 Veritas,

126 2342 149 2365 ι(
178 2320 263 2389 qui
296 2320 523 2373 audivit
551 2335 583 2372 a
614 2321 777 2373 Patre
811 2324 863 2372 et
895 2318 1115 2379 didicit,
1166 2319 1341 2371 venit.
1380 2338 1405 2369 ι)
1458 2319 1601 2373 Item
1649 2320 1800 2389 quod

123 2407 293 2461 divina
330 2407 521 2477 gratia
563 2424 596 2460 a
638 2408 797 2461 nullo
830 2407 974 2461 duro
1015 2406 1184 2460 corde
1241 2412 1568 2476 respuatur,
1628 2408 1801 2477 paulo

125 2496 253 2549 intra
280 2513 293 2549 :
323 2497 549 2564 [Multos
570 2495 827 2549 videmus
858 2495 1050 2547 venire
1082 2494 1148 2547 ad
1186 2494 1415 2563 Filium,
1441 2494 1575 2565 quia
1595 2497 1803 2549 multos

125 2584 332 2638 credere
366 2585 629 2637 videmus
674 2584 733 2637 in
782 2582 1097 2647 Christum;
1131 2581 1227 2636 sed
1276 2582 1373 2635 ubi
1426 2587 1479 2635 et
1510 2582 1802 2652 quomodo

126 2689 153 2724 a
193 2674 347 2727 Patre
380 2674 493 2727 hoc
539 2671 825 2726 audierint
862 2676 915 2725 et
974 2670 1295 2736 didicerint,
1358 2686 1472 2723 non
1523 2671 1799 2724 videmus.

127 2761 358 2814 Nimium
415 2761 601 2832 gratia
632 2760 740 2813 ista
786 2764 1003 2813 secreta
1052 2764 1155 2825 est,
1216 2759 1455 2827 gratiam
1505 2774 1634 2811 vero
1683 2750 1803 2812 esse

126 2849 240 2918 quis
280 2847 580 2919 ambigat?
627 2848 759 2902 Haec
786 2846 980 2917 itaque
1027 2847 1231 2916 gratia,
1277 2862 1405 2916 qua:
1438 2847 1656 2899 occulte
1689 2845 1802 2899 hu-

128 2939 291 2992 manis
345 2939 618 2993 cordibus
673 2936 864 2991 divina
898 2935 1158 3006 largitate
1217 2935 1513 3003 tribuitur,
1568 2952 1597 2988 a
1646 2936 1803 2989 nullo

1902 554 1960 608 Si
2000 552 2312 607 dixerimus
2358 551 2494 621 quia
2543 553 2750 606 nolunt
2795 553 3031 614 discere.
3088 571 3233 625 quos
3264 571 3378 608 non
3413 554 3597 621 docet,

1904 641 2345 713 respondebitur
2401 641 2586 706 nobis,
2641 647 2696 695 et
2746 643 2843 696 ubi
2900 650 2985 697 est
3041 644 3193 714 quod
3247 644 3298 697 ei
3340 644 3593 697 dicitur:

1906 749 1934 779 (ι
1968 730 2137 794 Deus,
2162 734 2225 783 tu
2255 732 2589 783 convertens
2607 728 2917 783 vivilicabis
2948 732 3089 785 nos?
3115 753 3141 780 »
3178 734 3343 797 (Psal.
3378 748 3596 798 Lxxxw,

1902 819 1982 887 7.)
2018 822 2130 871 Aut
2173 818 2220 871 si
2275 834 2388 871 non
2438 817 2569 870 facit
2608 820 2865 872 volentes
2924 836 2991 873 ex
3040 821 3366 874 nolentibus
3423 822 3595 885 Deus,

1904 914 1967 960 ut
2005 906 2143 977 quid
2174 910 2297 959 orat
2322 905 2570 959 Ecclesia
2609 907 2920 961 secundum
2954 912 3302 978 prazceptum
3360 908 3592 962 Domini

1904 993 2119 1064 (Matth.
2164 1011 2216 1063 v,
2245 996 2352 1063 44),
2405 1011 2508 1065 pro
2549 995 3011 1064 persecutoribus
3041 994 3215 1066 suis?)
3272 997 3413 1049 [tem
3444 996 3597 1065 quod

1905 1083 2029 1135 aliis
2083 1083 2248 1135 detur
2279 1082 2419 1137 fides
2452 1100 2566 1153 qua
2613 1084 2919 1148 salvantur,
2965 1088 3023 1137 et
3076 1085 3201 1137 aliis
3236 1100 3349 1137 non
3410 1084 3597 1148 detur,

1905 1186 2021 1222 non
2048 1186 2166 1223 esse
2189 1170 2637 1237 discutiendum,
2667 1171 2727 1225 in
2750 1174 2954 1225 eodem
2979 1172 3121 1225 libro
3152 1172 3290 1241 (cap.
3326 1172 3378 1241 9)
3414 1187 3426 1224 :
3456 1171 3599 1225 tides

1904 1256 2081 1326 igitur
2131 1261 2187 1309 et
2223 1256 2490 1311 inchoata
2534 1263 2587 1311 et
2638 1258 2887 1329 perfecta
2938 1258 3157 1311 donum
3204 1258 3303 1311 Dei
3345 1262 3472 1310 est:
3514 1257 3601 1329 [Et

1904 1345 2011 1397 hoc
2044 1344 2258 1397 donum
2299 1346 2640 1415 quibusdam
2699 1346 2845 1414 dari,
2899 1346 3240 1417 quibusdam
3285 1362 3398 1399 non
3449 1346 3593 1411 dari,

1905 1432 2140 1485 omnino
2171 1448 2283 1486 non
2338 1433 2575 1499 dubitet,
2612 1434 2712 1505 qui
2769 1450 2881 1488 non
2936 1437 3055 1488 vult
3116 1434 3600 1488 manifestissimis

1904 1519 2074 1573 sacris
2124 1518 2330 1573 litteris
2368 1536 2713 1590 repugnare.
2775 1522 2888 1575 Cur
2918 1528 3112 1575 autem
3158 1538 3273 1575 non
3336 1522 3603 1576 omnibus

1907 1610 2073 1663 detur
2101 1609 2324 1662 tidelem
2356 1626 2587 1663 movere
2620 1626 2738 1663 non
2768 1611 2950 1675 debet,
2988 1611 3085 1681 qui
3118 1611 3296 1665 credit
3326 1631 3353 1661 ι(
3386 1628 3449 1665 ex
3482 1628 3601 1665 uno

1910 1713 2109 1751 omnes
2167 1713 2287 1751 esse
2334 1698 2393 1751 in
2445 1699 3045 1753 condemnationem»
3092 1700 3215 1753 sine
3248 1700 3602 1754 dubitatione

1908 1786 2291 1855 justissimam
2326 1803 2338 1839 :
2374 1786 2453 1839 ita
2478 1792 2542 1840 ut
2587 1788 2744 1840 nulla
2797 1788 2894 1841 Dei
2935 1794 3081 1841 esset
3104 1789 3258 1855 justa
3290 1789 3603 1858 reprehen-

1913 1875 2018 1941 sio,
2079 1875 2302 1928 etiamsi
2345 1876 2535 1929 nullus
2582 1876 2713 1929 inde
2758 1876 3114 1930 liberaretur.
3180 1877 3338 1931 Unde
3386 1882 3606 1931 constat

1913 1978 2179 2033 magnam
2226 1979 2346 2015 esse
2406 1963 2670 2032 gratiam,
2704 1965 2856 2034 quod
2914 1964 3151 2034 plurimi
3181 1965 3520 2034 liberantur,
3550 1971 3607 2019 et

1912 2052 2049 2122 quid
2079 2050 2188 2105 sibi
2221 2051 2526 2105 deberetur
2555 2052 2614 2105 in
2644 2052 2724 2105 eis
2768 2051 2867 2122 qui
2907 2069 3019 2105 non
3042 2053 3379 2119 liberantur,
3422 2070 3603 2123 agno-

1913 2144 2095 2205 scunt,
2135 2144 2193 2192 ut
2224 2160 2251 2188 ‹‹
2285 2140 2382 2207 qui
2413 2138 2692 2208 gloriatur
2726 2158 2751 2187 ι)
2788 2155 2895 2191 non
2943 2139 3000 2192 in
3032 2140 3148 2193 suis
3184 2140 3420 2207 meritis,
3477 2157 3604 2211 qum

1914 2225 2075 2295 paria
2105 2224 2256 2280 videt
2289 2242 2410 2278 esse
2452 2226 2753 2288 damnatis,
2787 2226 2883 2279 sed
2917 2244 2945 2277 τι
2986 2227 3046 2279 in
3096 2228 3336 2282 Domino
3385 2229 3606 2298 glorie—

1918 2318 2009 2367 tur
2048 2313 2101 2383 (Ι
2127 2314 2245 2368 Cor.
2280 2330 2320 2378 ι,
2374 2312 2481 2383 31).
2518 2332 2545 2364 »
2575 2313 2687 2366 Cur
2717 2318 2908 2367 autem
2958 2314 3131 2367 istum
3190 2318 3379 2385 potius
3430 2332 3602 2386 quam

1914 2404 2077 2456 illum
2122 2402 2347 2467 liberet,
2401 2422 2427 2450 α
2480 2401 2867 2454 inscrutabilia
2917 2409 3051 2454 sunt
3094 2404 3314 2472 judicia
3362 2405 3507 2473 ejus,
3551 2410 3605 2458 et

1916 2490 2342 2561 investigabiles
2373 2489 2476 2543 vite
2521 2489 2642 2558 ejus
2671 2488 2853 2557 (Rom.
2887 2505 2961 2553 XI,
2997 2490 3102 2557 33).
3141 2511 3167 2539 ι
3224 2491 3422 2544 Melius
3448 2491 3603 2545 enim

1917 2583 1972 2632 et
2027 2578 2117 2631 hic
2149 2577 2417 2631 audimus
2460 2581 2557 2630 aut
2587 2575 2830 2629 dicimus
2867 2593 2878 2631 :
2914 2598 2940 2625 «
2971 2577 3013 2631 Ο
3045 2577 3235 2645 homo,
3278 2583 3333 2630 tu
3387 2578 3517 2649 quis
3546 2596 3605 2633 es

1915 2666 2014 2736 qui
2062 2664 2410 2735 respondeas
2453 2662 2606 2719 Deo?
2636 2683 2663 2714 »
2724 2665 2891 2733 (Rom.
2937 2681 3011 2730 ιχ,
3060 2665 3148 2734 20)
3198 2682 3370 2736 quam
3419 2666 3607 2721 dicere

1914 2753 2213 2819 audemus,
2250 2752 2414 2824 quasi
2456 2752 2786 2806 noverimus
2827 2753 2980 2822 quod
3020 2756 3302 2807 occultum
3338 2770 3459 2809 esse
3506 2770 3605 2807 vo-

1916 2843 2040 2910 luit,
2072 2844 2173 2914 qui
2212 2848 2405 2897 tamen
2457 2842 2674 2913 aliquid
2709 2842 2986 2912 injustum
3036 2842 3175 2895 velle
3210 2858 3325 2895 non
3372 2843 3601 2913 potuit]

1916 2933 2058 2985 Item
2089 2934 2493 3001 argumentum
2539 2931 2606 2984 de
2630 2929 2901 3000 parvulis,
2933 2929 3203 2982 adversus
3226 2945 3320 2981 eos
3350 2930 3448 2999 qui
3481 2945 3608 2999 gra-

128 3028 251 3082 duro
279 3029 456 3083 corde
477 3027 770 3099 respuitur
800 3046 816 3080 :
843 3026 971 3080 ideo
1013 3024 1227 3096 quippe
1252 3024 1547 3091 tribuitur,
1581 3028 1641 3077 ut
1679 3040 1803 3078 cor-
1844 3030 1882 3085 C
1916 3020 2053 3074 tiam
2080 3016 2391 3090 repellunt,
2420 3018 2479 3072 in
2510 3019 2706 3072 eodem
2741 3017 2886 3071 libro
2906 3017 3044 3087 (cap.
3084 3018 3204 3085 12):
3246 3015 3371 3089 [Sed
3419 3019 3608 3072 omnis

127 3116 199 3169 dis
233 3118 444 3172 duritia
491 3117 759 3188 primitus
807 3114 1115 3169 auferatur.
1172 3112 1406 3175 Quando
1451 3127 1587 3181 ergo
1639 3113 1807 3166 Pater

126 3202 261 3257 intus
289 3205 528 3259 auditur
548 3210 605 3257 et
634 3204 800 3258 docet
830 3208 892 3255 ut
919 3200 1181 3254 veniatur
1211 3200 1279 3254 ad
1305 3198 1531 3262 Filium,
1567 3220 1587 3246 ι
1621 3199 1808 3253 aufert

124 3307 207 3344 cor
230 3292 547 3363 lapideum,
579 3297 633 3346 ct
656 3292 753 3345 dat
790 3306 886 3344 cor
926 3304 1222 3353 carneum,
1256 3309 1283 3337 »
1324 3288 1470 3342 sicut
1526 3288 1807 3358 propheta

126 3380 454 3449 praedicante
481 3380 747 3451 promisit
794 3379 1009 3449 (Ezech.
1038 3393 1120 3441 XI,
1168 3376 1273 3445 I9).
1310 3375 1401 3429 Sic
1429 3377 1641 3447 quippe
1672 3377 1808 3431 facit

127 3491 147 3513 σς
167 3470 301 3523 tilios
327 3469 752 3541 promissionis,
789 3472 843 3521 et
875 3482 1005 3520 vasa
1037 3464 1443 3519 misericordias
1474 3480 1603 3535 quas
1648 3480 1807 3535 prm-

125 3557 322 3625 paravit
352 3558 418 3610 in
449 3557 711 3626 gloriam.
750 3576 777 3604 »
811 3555 924 3609 Cur
963 3568 1100 3623 ergo
1134 3568 1248 3606 non
1294 3568 1494 3605 omnes
1525 3552 1709 3620 docet,
1742 3556 1806 3607 ut

126 3645 330 3700 veniant
365 3645 441 3699 ad
501 3644 807 3709 Christum,
858 3641 969 3695 nisi
1004 3640 1139 3713 quia
1182 3656 1381 3695 omnes
1435 3656 1579 3710 quos
1621 3641 1801 3708 docet,

129 3731 499 3786 misericordia
552 3731 760 3785 docet:
797 3745 942 3800 quos
968 3733 1157 3782 autem
1206 3744 1321 3782 non
1377 3727 1562 3791 docet,
1590 3728 1803 3798 judicio

128 3834 222 3873 non
248 3820 451 3884 docet;
488 3818 761 3889 quoniam
804 3839 829 3866 α
859 3817 1020 3887 cujus
1046 3817 1168 3869 vult
1200 3815 1505 3869 miseretur
1535 3820 1592 3870 et
1629 3832 1803 3887 quem

129 3910 229 3962 vult
254 3909 508 3963 obdurat
530 3909 704 3977 (Rom.
738 3923 810 3974 ιχ,
839 3905 959 3976 18);
997 3926 1024 3955 »
1057 3905 1157 3959 sed
1186 3904 1491 3958 miseretur
1511 3905 1660 3959 bona
1693 3904 1804 3958 tri-

128 3996 306 4064 buens,
342 3996 597 4051 obdurat
632 3995 805 4066 digna
853 3992 1216 4063 retribuens.)
1271 3993 1410 4046 Item
1451 3993 1603 4063 quod
1634 4010 1803 4065 quos-

130 4099 330 4155 cunque
362 4085 492 4138 vult
516 4084 719 4137 docere
764 4084 950 4144 Pater,
971 4081 1203 4135 veniant
1252 4081 1321 4133 ad
1381 4080 1689 4148 Christum,
1745 4082 1803 4135 in

128 4170 304 4224 eodem
336 4170 493 4224 libro
534 4171 670 4239 (cap.
714 4168 765 4235 8)
801 4185 813 4221 :
851 4168 986 4238 [Cur
1015 4172 1206 4221 autem
1232 4182 1349 4220 non
1381 4183 1578 4221 omnes
1608 4168 1806 4222 doceat

129 4259 330 4327 aperuit
369 4257 683 4328 Apostolus
722 4262 1001 4327 quantum
1048 4255 1422 4326 aperiendum
1473 4256 1753 4325 judicavit
1786 4275 1799 4313 :

130 4346 309 4410 «Quia
360 4349 563 4401 volens
610 4344 908 4399 ostendere
941 4344 1106 4411 iram,
1159 4348 1214 4397 et
1260 4343 1653 4400 demonstrare
1697 4363 1800 4417 po-

130 4434 341 4487 tentiam
374 4449 564 4499 suam,
605 4432 794 4485 attulit
837 4431 899 4484 in
936 4431 1117 4484 multa
1174 4430 1453 4500 patientia
1494 4447 1628 4485 vasa
1680 4432 1800 4499 irae,

129 4534 234 4589 quae
260 4523 522 4592 perfecta
552 4524 686 4575 sunt
712 4521 771 4573 in
801 4519 1201 4590 perditionem,
1233 4523 1290 4573 et
1337 4524 1398 4573 ut
1426 4524 1593 4574 notas
1634 4520 1804 4575 faciat

130 4607 323 4663 divitias
352 4609 559 4680 gloriae
609 4624 726 4662 suae
756 4608 814 4661 in
844 4623 977 4661 vasa
1014 4606 1443 4674 misericordiae,
1481 4625 1608 4679 quas
1660 4626 1805 4680 prte-

130 4699 324 4765 paravit
350 4700 413 4753 in
451 4698 699 4770 gloriam
725 4699 894 4766 (Rom.
936 4714 1009 4762 rx,
1034 4700 1102 4751 22
1143 4696 1253 4767 23).
1290 4718 1316 4746 ››
1349 4698 1491 4753 Hinc
1529 4703 1616 4752 est
1645 4700 1801 4769 quod

131 4808 149 4827 σε
178 4786 405 4840 verbum
439 4786 625 4840 crucis
646 4785 1021 4855 pereuntibus
1054 4785 1293 4839 stultitia
1326 4790 1429 4852 est,
1472 4786 1560 4839 liis
1606 4792 1801 4842 autem

128 4872 207 4939 qui
247 4874 389 4927 salvi
429 4872 601 4938 ﬁunt,
651 4873 828 4926 virtus
871 4873 972 4926 Dei
1011 4877 1095 4925 est
1144 4874 1189 4939 (ι
1236 4874 1355 4928 Cor.
1388 4889 1428 4939 1,
1467 4875 1575 4943 18).
1610 4892 1639 4925 ι)
1690 4875 1802 4927 Hos

128 4976 298 5016 omnes
355 4965 537 5017 docet
582 4962 777 5015 venire
833 4962 905 5016 ad
964 4961 1250 5016 Christum
1298 4964 1474 5029 Deus;
1510 4962 1613 5015 hos
1644 4962 1799 5017 enim

132 5068 151 5094 τί
176 5065 360 5104 omnes
408 5050 532 5103 vult
569 5049 752 5103 salvos
798 5049 943 5116 ﬁeri,
976 5053 1032 5101 et
1061 5048 1121 5101 in
1161 5048 1513 5118 agnitionem
1550 5050 1800 5105 veritatis

132 5140 292 5193 Venire
312 5142 371 5210 (Ι
404 5140 550 5194 Tim.
594 5154 651 5203 ιι,
683 5137 759 5207 4).
800 5160 822 5185 ι
862 5138 1003 5191 Nam
1046 5136 1150 5191 etsi
1179 5137 1308 5191 illos
1353 5138 1560 5209 quibus
1595 5158 1622 5189 α
1652 5141 1801 5194 stul-

130 5228 230 5282 titia
274 5237 360 5285 est
409 5230 659 5283 verbum
691 5230 887 5294 crucis,
918 5250 946 5278 ››
1002 5233 1067 5281 ut
1100 5228 1168 5281 ad
1225 5227 1508 5282 Christum
1542 5228 1802 5282 venirent

131 5315 299 5374 docere
333 5317 643 5381 voluisset,
690 5318 883 5386 procul
916 5316 1091 5369 dubio
1124 5314 1385 5369 venirent
1429 5318 1485 5370 et
1515 5314 1643 5385 ipsi.
1674 5316 1801 5369 Non

130 5405 250 5459 enim
280 5407 433 5460 fallit
476 5408 583 5457 aut
610 5404 841 5473 fallitur,
872 5404 971 5475 qui
992 5405 1071 5458 ait
1106 5420 1119 5458 :
1156 5424 1184 5454 α
1216 5404 1414 5459 Omnis
1447 5405 1546 5475 qui
1588 5404 1801 5459 audivit

130 5507 153 5543 ι
185 5493 357 5561 Patre,
414 5497 481 5546 et
526 5491 738 5557 didicit,
788 5492 941 5546 venit
998 5493 1068 5547 ad
1124 5509 1217 5547 me
1250 5494 1443 5563 (Joan.
1486 5509 1560 5561 v1,
1625 5492 1735 5564 45).
1768 5516 1795 5543 ››

129 5579 254 5634 Absit
279 5597 427 5651 ergo
466 5583 535 5631 ut
570 5577 865 5648 quisquam
902 5595 1019 5633 non
1053 5580 1259 5645 veniat,
1292 5580 1451 5650 quia
1490 5581 1656 5634 Patre
1703 5596 1801 5634 au-

1915 3109 2037 3162 lisec
2070 3109 2239 3175 ratio,
2290 3125 2403 3179 qua
2438 3108 2798 3162 defendimus
2844 3106 3087 3177 gratiam
3134 3106 3233 3159 Dei
3282 3123 3386 3176 per
3413 3108 3606 3162 Jesum

1916 3196 2201 3251 Christum
2244 3195 2551 3250 Dominum
2602 3200 2861 3249 nostrum
2894 3211 3022 3248 vere
3049 3210 3169 3247 esse
3222 3194 3492 3265 gratiam,
3547 3196 3605 3250 id

1914 3296 1999 3344 est
2042 3307 2154 3344 non
2207 3292 2521 3344 secundum
2545 3290 2748 3344 merita
2787 3294 2987 3343 nostra
3021 3289 3164 3357 dari,
3199 3290 3458 3360 quamvis
3490 3290 3607 3344 evi-

1914 3379 2249 3433 dentissime
2310 3379 2637 3434 divinorum
2667 3378 3028 3448 eloquiorum
3081 3378 3424 3432 testimoniis
3455 3394 3607 3433 asse-

1913 3473 2093 3531 ratur,
2154 3473 2349 3521 tamen
2393 3467 2546 3538 apud
2586 3482 2701 3534 eos,
2745 3466 2843 3537 qui
2884 3466 2991 3520 nisi
3039 3466 3256 3537 aliquid
3305 3466 3414 3521 sibi
3459 3466 3607 3521 assi—

1914 3561 2091 3627 gnent
2128 3556 2284 3627 quod
2304 3556 2527 3627 priores
2556 3556 2712 3622 dent,
2748 3560 2809 3609 ut
2837 3554 3188 3609 retribuatur
3212 3556 3310 3619 eis,
3349 3556 3417 3610 ab
3447 3554 3607 3609 omni

1913 3643 2100 3696 studio
2129 3642 2359 3712 pietatis
2384 3640 2619 3713 reprimi
2652 3657 2711 3695 se
2767 3645 2989 3711 putant,
3038 3641 3257 3694 laborat
3307 3640 3603 3711 aliquanto

1915 3731 1973 3784 in
1995 3734 2159 3783 aetate
2191 3730 2475 3799 majorum
2500 3730 2621 3799 jam
2653 3729 2939 3782 utentium
2990 3728 3299 3782 voluntatis
3330 3729 3598 3796 arbitrio;

1914 3818 2011 3872 sed
2044 3812 2386 3886 ubi:venitur
2418 3817 2486 3870 ad
2516 3817 2802 3887 parvulos,
2836 3820 2891 3869 et
2919 3816 2987 3869 ad
3012 3816 3200 3886 ipsum
3236 3816 3604 3871 Mediatorem

1914 3906 2015 3961 Dei
2060 3909 2117 3960 et
2158 3906 2478 3971 hominum,
2524 3904 2817 3958 hominem
2846 3905 3037 3958 Jesum
3073 3904 3382 3970 Christum,
3416 3905 3603 3958 omnis

1912 3994 2102 4049 deticit
2153 3992 2602 4065 praecedentium
2656 3993 2897 4062 gratiam
2950 3993 3048 4045 Dei
3098 3992 3487 4047 humanorum
3516 4009 3604 4046 as-

1914 4082 2085 4135 sertio
2116 4080 2475 4135 meritorum.
2508 4080 2649 4144 Quia
2679 4095 2782 4133 nec
2805 4079 2888 4132 illi
2920 4078 3049 4132 ullis
3086 4079 3249 4133 bonis
3277 4081 3605 4150 praeceden-

1915 4170 2065 4223 tibus
2090 4169 2331 4235 meritis,
2366 4185 2494 4224 cum
2537 4173 2595 4223 et
2623 4168 2745 4239 ipse
2778 4168 2848 4221 sit
2876 4168 3069 4235 homo,
3118 4166 3397 4224 liberator
3424 4169 3605 4223 factus

1916 4263 2003 4312 est
2027 4256 2378 4328 hominum.]

1986 4348 2128 4401 Item
2159 4362 2259 4401 cur
2306 4345 2434 4399 aliis
2479 4344 2822 4400 concedatur
2851 4349 2916 4400 ut
2952 4361 3018 4399 ex
3048 4345 3152 4400 hac
3182 4346 3294 4399 vita
3338 4346 3605 4401 auferan-

1912 4438 2026 4501 tur,
2062 4449 2190 4487 cum
2236 4433 2375 4503 justi
2430 4438 2591 4502 sunt;
2643 4433 2741 4487 alii
2791 4433 2994 4487 tandiu
3026 4435 3386 4489 retineantur
3422 4436 3604 4490 donec

1912 4526 2197 4589 corruant,
2230 4522 2385 4592 quod
2432 4538 2601 4575 nemo
2640 4522 2922 4592 judicium
2966 4522 3067 4576 Dei
3116 4524 3603 4594 comprehendere

1912 4611 2110 4682 possit,
2142 4612 2203 4665 in
2231 4611 2433 4665 eodem
2464 4611 2611 4665 libro
2643 4613 2781 4681 (cap.
2816 4612 2899 4681 14)
2931 4627 2943 4664 :
2985 4610 3082 4682 [De
3114 4612 3219 4666 hac
3246 4612 3463 4683 quippe
3489 4613 3604 4667 vita

1913 4699 2122 4770 legitur
2159 4699 2221 4753 in
2249 4699 2396 4753 libro
2424 4699 2528 4753 Job
2557 4715 2571 4753 :
2606 4721 2633 4748 (ι
2661 4699 2930 4770 Nunquid
2962 4715 3079 4753 non
3114 4700 3354 4753 tentatio
3378 4705 3462 4754 est
3486 4701 3603 4755 vita

1910 4789 2165 4843 humana
2191 4804 2364 4857 super
2385 4788 2636 4843 terram?
2668 4808 2695 4836 ››
2729 4788 2843 4857 (Job
2874 4803 2969 4854 vn,
3008 4787 3079 4856 1.)
3119 4786 3227 4841 Sed
3259 4803 3435 4857 quare
3475 4788 3601 4842 aliis

1910 4877 2251 4931 concedatur
2288 4881 2353 4931 ut
2379 4892 2444 4929 ex
2474 4876 2648 4945 hujus
2684 4876 2806 4929 vitae
2842 4874 3111 4944 periculis
3142 4874 3278 4928 dum
3300 4875 3442 4945 justi
3468 4883 3603 4932 sunt

1910 4967 2263 5032 auferantur,
2306 4965 2402 5018 alii
2448 4981 2580 5019 vero
2630 4964 2768 5034 justi
2814 4964 2993 5017 donec
3022 4979 3054 5016 a
3104 4963 3331 5032 justitia
3375 4966 3599 5034 cadant,

1910 5055 1970 5107 in
2001 5054 2213 5108 eisdem
2231 5052 2502 5124 periculis
2530 5051 2643 5103 vita
2662 5050 3024 5121 productiore
3047 5052 3389 5107 teneantur?
3415 5076 3441 5103 ‹‹
3466 5055 3602 5118 Quis

1909 5141 2144 5212 agnovit
2171 5128 2413 5195 sensum.
2449 5137 2763 5193 Domini?»
2810 5139 2987 5208 (Rom.
3038 5156 3112 5206 χι,
3152 5140 3266 5208 34.)
3319 5142 3385 5196 Et
3410 5147 3600 5197 tamen

1909 5230 2043 5284 hinc
2069 5229 2314 5299 intelligi
2348 5229 2515 5283 datur
2544 5226 2716 5281 etiam
2755 5226 2869 5280 illis
2896 5227 3068 5297 justis
3097 5230 3199 5299 qui
3233 5232 3414 5284 bonos
3443 5234 3599 5302 pios-

1910 5335 2020 5389 que
2052 5333 2241 5371 mores
2271 5332 2453 5386 usque
2484 5316 2555 5369 ad
2586 5315 2894 5370 senectutis
2922 5318 3323 5377 maturitatem
3345 5323 3401 5373 et
3448 5320 3599 5374 diem

1908 5406 2039 5459 vitae
2073 5404 2245 5475 hujus
2265 5403 2533 5458 ultimum
2568 5408 2812 5473 servant,
2851 5422 2969 5459 non
3000 5406 3061 5460 in
3089 5406 3206 5460 suis
3230 5407 3469 5473 meritis,
3504 5408 3601 5463 sed

1909 5493 1969 5547 in
2004 5492 2243 5548 Domino
2273 5508 2393 5545 esse
2426 5492 2816 5562 gloriandum,
2851 5494 3124 5565 quoniam
3155 5493 3255 5565 qui
3296 5494 3423 5548 vita;
3463 5494 3598 5547 bre-

1908 5580 2081 5636 vitate
2100 5579 2292 5650 rapuit
2314 5578 2559 5649 justum,
2592 5601 2620 5633 (ι
2644 5598 2715 5636 ne
2732 5581 2955 5638 malitia
2975 5586 3223 5636 mutaret
3244 5582 3597 5636 intellectum
