3920 6224
340 345 407 398 39
1472 342 1824 397 RATRAMNI
1859 341 2312 398 CORBEIENSIS
2354 341 2661 398 MONACHI
3766 347 3816 400 40

339 472 462 542 ejus
491 471 642 540 (Sap.
675 488 749 536 IV,
782 472 885 539 tl),
913 492 933 518 ι
960 470 1081 541 ipse
1112 471 1171 524 in
1203 477 1644 543 quantacunque
1670 474 1800 526 vitm
1842 474 2025 543 longi-
2066 477 2104 529 A
2139 473 2346 526 sanctis
2377 473 2446 525 de
2483 472 2621 525 Filio
2654 487 2757 525 suo
2789 472 2888 541 qui
2918 472 3099 526 factus
3120 477 3205 527 est
3220 473 3272 527 ei
3306 489 3373 528 ex
3409 474 3631 529 semine
3664 476 3819 531 David

338 560 536 614 tudine
567 559 814 613 custodit
850 560 1086 630 justum,
1133 581 1159 608 ‹‹
1204 576 1275 614 110
1309 561 1529 615 malitia
1563 566 1743 615 mutet
1798 563 2029 615 intelle—

337 654 491 702 ctum
521 649 661 717 ejus.
698 670 716 696 »
766 648 878 703 Cur
906 653 1098 702 autem
1141 648 1232 702 hic
1261 650 1509 702 tenuerit
1540 666 1803 704 casurum
1832 651 2025 716 istum,

337 753 508 808 quem
546 737 879 807 priusquam
928 738 1156 791 caderet
1186 737 1321 791 hinc
1350 743 1536 808 posset
1561 740 1783 792 auferre
1831 739 2027 807 justis-

336 826 478 878 sima
506 826 761 891 omnino,
794 824 888 878 sed
926 844 951 875 «
976 824 1367 879 inscrutabilia
1390 831 1522 880 sunt
1545 827 1762 897 judicia
1795 828 1936 897 ejus.
1974 830 2021 889 υ]

341 914 416 966 De
462 912 645 983 gratia
715 928 849 966 vero
908 917 964 966 et
1023 913 1524 983 praedestinatioue
1586 931 1766 968 unum
1819 916 2019 968 sufﬁtit

336 1003 662 1071 exemplum
697 1001 1021 1067 Salvatoris,
1044 1003 1112 1055 de
1138 1018 1250 1072 quo
1280 1002 1339 1055 in
1363 1004 1563 1056 eodem
1598 1003 1741 1057 libro
1775 1003 1915 1075 (cap.
1939 1008 2023 1074 15)

336 1091 415 1144 ita
448 1091 717 1144 scribitur
742 1106 754 1143 :
794 1088 909 1161 [Est
938 1091 1111 1144 etiam
1140 1091 1643 1161 praaclarissimum
1668 1092 1861 1145 lumen
1886 1108 2027 1161 prae-

335 1178 731 1233 destinationis
786 1183 841 1232 et
870 1178 1067 1248 gratim
1116 1179 1237 1249 ipse
1278 1180 1549 1245 Salvator,
1585 1180 1709 1250 ipse
1752 1180 2025 1235 Mediator

336 1268 435 1321 Dei
465 1272 521 1321 et
559 1267 860 1320 hominum
891 1267 1060 1320 homo
1118 1268 1370 1321 Christus
1425 1268 1583 1322 Jesus
1620 1268 1761 1338 :qui
1818 1274 1877 1322 ut
1915 1269 2024 1323 hoc

333 1360 499 1422 esset,
535 1355 742 1426 quibus
774 1354 1003 1408 tandem
1038 1354 1152 1409 suis
1181 1357 1263 1409 vel
1296 1371 1537 1427 operum
1579 1357 1668 1410 vel
1719 1356 1851 1411 ﬁdei
1881 1374 2023 1427 prae-

332 1443 666 1497 cedentibus
718 1443 939 1497 meritis
969 1448 1175 1498 natura
1221 1444 1476 1498 humana
1528 1461 1657 1515 quae
1713 1444 1770 1498 in
1806 1446 1904 1499 illo
1938 1451 2022 1501 est

331 1533 720 1602 comparavit?
764 1532 1223 1601 Respondeatur,
1270 1532 1507 1602 quaeso?
1541 1534 1636 1587 ille
1668 1532 1864 1597 homo,
1899 1539 1961 1588 ut
1989 1551 2021 1587 a

328 1622 513 1675 Verbo
550 1622 694 1674 Patri
745 1627 1028 1675 cooeteruo
1064 1622 1121 1675 in
1172 1622 1448 1675 unitatem
1494 1638 1750 1692 personae
1801 1639 2018 1676 assum-

328 1715 481 1778 ptus,
514 1709 685 1761 Filius
720 1708 814 1763 Dei
849 1709 1182 1779 unigenitus
1223 1714 1385 1774 esset,
1422 1711 1570 1762 unde
1620 1710 1727 1763 hoc
1760 1711 2018 1763 meruit?

327 1796 487 1860 Quod
519 1797 638 1865 ejus
670 1798 883 1850 bonum
919 1798 1315 1867 qualecunque
1350 1798 1676 1867 praecessit?
1708 1799 1853 1862 Quid
1903 1800 2018 1869 egit

329 1886 499 1938 ante?
550 1886 686 1955 quid
728 1886 1003 1939 credidit?
1035 1886 1166 1955 quid
1199 1886 1440 1955 praaivit,
1482 1892 1545 1939 ut
1576 1887 1642 1940 ad
1684 1887 1832 1940 hanc
1871 1888 2017 1942 inef-

327 1974 556 2027 fabilem
591 1975 979 2028 excellentiam
1018 1975 1385 2044 perveniret?
1436 1976 1635 2028 Nonne
1682 1976 1922 2030 faciente
1954 1994 2017 2031 ac

326 2062 670 2133 suscipiente
720 2064 919 2128 Verbo,
970 2062 1090 2132 ipse
1134 2063 1326 2124 homo,
1379 2079 1445 2116 ex
1490 2080 1605 2134 quo
1648 2064 1818 2135 erepit
1872 2080 2014 2133 esse,

330 2151 499 2204 Filius
557 2151 653 2203 Dei
704 2152 907 2204 unicus
967 2167 1087 2204 esse
1137 2150 1344 2221 cospit?
1394 2152 1591 2204 Nonne
1649 2152 1855 2206 Filium
1918 2154 2018 2207 Dei

325 2239 557 2292 unicum
591 2239 802 2294 femina
835 2240 933 2293 illa
963 2240 1143 2309 gratia
1174 2240 1344 2309 plena
1374 2240 1676 2311 concepit?
1709 2242 1907 2295 Nonne
1947 2243 2015 2297 de

323 2327 537 2397 Spiritu
576 2335 767 2381 sancto
820 2333 875 2381 et
925 2329 1155 2398 Virgine
1206 2328 1377 2382 Maria
1429 2328 1530 2382 Dei
1582 2330 1755 2383 Filius
1812 2331 2017 2385 unicus

324 2422 491 2470 natus
530 2422 633 2481 est,
692 2434 806 2470 non
852 2418 1035 2471 carnis
1079 2416 1370 2488 cupidine,
1429 2418 1524 2472 sed
1579 2418 1859 2488 singulari
1918 2421 2017 2474 Dei

324 2505 602 2558 munere?
658 2504 924 2576 Nunquid
994 2508 1366 2559 metuendum
1426 2507 1536 2560 fuit
1589 2523 1660 2561 ne
1714 2508 2015 2563 accedente

323 2599 490 2646 aetate
518 2594 691 2647 homo
720 2595 816 2647 ille
868 2595 1049 2648 libero
1097 2599 1357 2663 peccaret
1412 2596 1689 2649 arbitrio?
1722 2600 1831 2650 Aut
1886 2598 2014 2652 idco

324 2684 381 2736 in
411 2683 507 2736 illo
545 2699 659 2735 non
694 2682 866 2735 libera
912 2682 1173 2735 voluntas
1202 2688 1350 2749 erat;
1385 2700 1449 2736 ac
1479 2700 1594 2737 non
1621 2688 1780 2737 tanto
1832 2686 2015 2756 magis

325 2776 466 2836 erat,
526 2776 740 2842 quanto
800 2770 982 2841 magis
1041 2770 1251 2824 servire
1299 2776 1532 2841 peccato
1581 2788 1689 2825 non
1752 2774 2014 2842 poterat?

327 2861 541 2930 Nempe
571 2860 677 2913 ista
718 2860 912 2913 omnia
956 2859 1325 2929 singulariter
1378 2860 1732 2929 admiranda,
1767 2867 1823 2915 et
1881 2862 2010 2928 alia,

324 2948 370 3001 si
397 2964 511 3019 qua
540 2948 662 3017 ejus
699 2947 933 3018 propria
974 2947 1270 3001 verissime
1319 2948 1430 3001 dici
1460 2954 1716 3019 possunt,
1752 2950 2008 3020 singula-

2140 561 2450 615 secundum
2485 576 2751 626 carnem;
2791 560 2889 630 qui
2933 562 3376 630 prmdestinatus
3407 570 3492 617 est
3525 564 3704 618 Filius
3737 567 3821 619 Dei

2138 651 2195 704 in
2226 652 2432 702 virtute
2460 649 2770 701 secundum
2812 648 3087 718 Spiritum
3121 651 3586 705 sanctiﬁcationis
3619 668 3683 705 ex
3742 669 3819 706 re-

2137 737 2493 791 surrectione
2525 742 2885 790 mortuorum
2914 740 3087 802 (Rom.
3113 740 3293 806 1,1-4.
3331 760 3358 788 ››
3391 740 3820 795 Ρνωάθεῐίηειίυε

2135 832 2221 879 est
2250 842 2381 893 ergo
2411 826 2588 892 Jesus,
2614 830 2678 878 ut
2707 826 2805 895 qui
2836 826 3064 879 futurus
3095 833 3223 880 erat
3253 830 3564 883 secundum
3597 846 3818 884 carnem

2136 913 2285 967 filius
2317 914 2513 979 David,
2547 918 2693 968 esset
2722 919 2914 968 tamen
2945 915 3003 968 in
3034 916 3241 969 virtute
3276 918 3452 970 Filius
3486 919 3580 971 Dei
3620 935 3821 972 secun-

2133 1003 2271 1056 dum
2319 1002 2594 1074 Spiritum
2652 1002 3138 1073 sanctiﬁcationis,
3199 1005 3333 1075 quia
3385 1010 3551 1059 natus
3605 1013 3693 1060 est
3763 1008 3819 1061 de

2131 1090 2345 1160 Spiritu
2376 1096 2569 1145 sancto
2603 1106 2671 1144 ex
2701 1091 2921 1160 virgine
2973 1092 3163 1145 Maria.
3208 1093 3336 1162 ipsa
3364 1100 3450 1147 est
3479 1094 3577 1147 illa
3626 1095 3817 1149 ineffa-

2131 1178 2326 1232 biliter
2356 1179 2503 1232 facta
2536 1178 2789 1232 hominis
2820 1196 2851 1232 a
2900 1180 3014 1232 Deo
3048 1180 3221 1233 verbo
3255 1182 3537 1252 susceptio
3569 1184 3816 1251 singula-

2133 1267 2230 1333 ris,
2264 1272 2325 1320 ut
2360 1268 2534 1321 Filius
2568 1268 2668 1321 Dei
2695 1272 2753 1321 et
2782 1267 2934 1321 ﬁlius
2965 1268 3219 1322 hominis
3248 1270 3437 1337 simul,
3463 1279 3518 1323 et
3547 1271 3705 1324 ﬁlius
3730 1274 3817 1325 ho-

2132 1356 2306 1409 minis
2347 1361 2585 1426 propter
2628 1360 2956 1425 susceptum
3010 1358 3326 1423 hominem,
3387 1364 3442 1412 et
3500 1359 3678 1413 Filius
3730 1360 3817 1413 Dei

2129 1450 2366 1516 propter
2390 1446 2795 1517 suscipientem
2831 1445 3198 1517 unigenitum
3232 1448 3411 1501 Deum
3461 1449 3743 1502 veraciter
3775 1455 3820 1503 et

2130 1535 2363 1606 proprie
2397 1535 2708 1599 diceretur;
2738 1552 2811 1588 ne
2867 1551 2983 1589 non
3023 1536 3270 1601 trinitas,
3324 1537 3419 1590 sed
3468 1539 3819 1607 quaternitas

2130 1624 2477 1677 crederetur.
2541 1623 2949 1677 Praedestinata
3004 1628 3089 1677 est
3136 1624 3213 1677 ita
3269 1628 3489 1677 natura:
3552 1626 3819 1679 humana:

2129 1716 2287 1765 tanta
2318 1718 2373 1765 et
2403 1717 2520 1765 tam
2552 1713 2700 1766 celsa
2733 1718 2789 1765 et
2821 1728 3046 1766 summa
3078 1713 3391 1779 subvectio,
3414 1719 3473 1766 ut
3502 1730 3617 1784 quo
3653 1716 3820 1768 attol-

2130 1801 2346 1854 leretur
2381 1802 2549 1855 altius
2580 1817 2696 1854 non
2728 1801 2965 1854 haberet
3000 1817 3012 1855 :
3056 1802 3201 1855 sicut
3230 1818 3333 1871 pro
3370 1802 3534 1856 nobis
3578 1803 3708 1873 ipsa
3738 1804 3818 1857 di-

2128 1891 2332 1945 vinitas
2384 1908 2685 1962 quousque
2741 1908 2798 1944 se
2828 1892 3142 1953 deponeret
3188 1892 3485 1960 humilius,
3542 1910 3664 1947 non
3723 1896 3820 1947 lia-

2129 1978 2271 2039 buit,
2305 1995 2475 2050 quam
2507 1983 2767 2048 suscepta
2798 1984 3002 2032 natura
3049 1979 3298 2033 hominis
3328 1996 3453 2033 cum
3486 1981 3821 2035 infirmitate

2128 2068 2334 2127 carnis,
2407 2088 2434 2119 ι(
2484 2083 2664 2138 usque
2728 2067 2795 2120 ad
2844 2073 3089 2121 mortem
3149 2068 3353 2121 crucis.
3398 2088 3421 2117 ι
3482 2069 3636 2122 Sicut
3688 2087 3821 2139 ergo

2127 2157 2568 2226 praedestinatus
2596 2162 2681 2209 est
2707 2172 2857 2209 unus
2888 2156 3006 2224 ille,
3037 2161 3100 2209 ut
3133 2161 3304 2226 caput
3332 2162 3596 2210 nostrum
3651 2163 3818 2219 esset,

2125 2243 2206 2297 ita
2235 2245 2401 2298 multi
2438 2244 2831 2315 praedestinati
2870 2260 3090 2312 sumus,
3119 2250 3185 2298 ut
3230 2244 3489 2298 membra
3518 2246 3641 2314 ejus
3672 2261 3822 2299 esse-

2127 2348 2273 2386 mus.
2310 2335 2571 2387 Humana
2592 2332 2685 2386 hic
2715 2333 2919 2386 merita
2944 2332 3345 2394 conticescant,
3375 2349 3502 2402 quae
3526 2334 3824 2403 perierunt

2126 2437 2230 2492 per
2288 2422 2503 2487 Adam;
2546 2425 2602 2475 et
2631 2425 2833 2490 regnet
2881 2437 3009 2491 qua:
3057 2426 3261 2491 regnat
3291 2442 3318 2469 ‹‹
3360 2421 3461 2475 Dei
3510 2422 3694 2491 gratia
3723 2439 3825 2492 per

2125 2512 2318 2564 Jesum
2352 2510 2642 2564 Christum
2690 2510 2995 2563 Dominum
3051 2515 3334 2575 nostrum,
3371 2531 3397 2559 »
3427 2510 3661 2564 unicum
3729 2512 3824 2565 Dei

2130 2597 2359 2661 Filium,
2392 2614 2574 2651 unum
2606 2598 2934 2651 Dominum.
2969 2598 3238 2668 Quisquis
3282 2598 3342 2651 in
3397 2598 3581 2667 capite
3627 2605 3823 2652 nostro

2126 2686 2510 2758 praecedentia
2546 2686 2746 2740 merita
2786 2686 3094 2757 singularis
3127 2686 3281 2740 illius
3315 2686 3708 2756 generationis
3737 2687 3823 2740 in-

2125 2777 2363 2842 venerit,
2421 2775 2544 2846 ipse
2596 2775 2656 2829 in
2715 2775 2878 2829 nobis
2929 2775 3204 2829 membris
3257 2776 3379 2846 ejus
3435 2777 3825 2845 praecedentia

2127 2865 2330 2918 merita
2378 2864 2781 2934 multiplicatae
2830 2864 3281 2934 regenerationis
3315 2864 3588 2934 inquirat.
3628 2866 3827 2935 Neque

2126 2953 2281 3007 enim
2314 2953 2533 3007 Christo
2561 2952 2839 3007 retributa
2870 2957 2953 3006 est
2984 2953 3080 3006 illa
3111 2953 3424 3023 generatio,
3455 2953 3553 3006 sed
3583 2953 3826 3019 tributa,

321 3036 463 3090 riter
491 3037 550 3090 in
603 3037 700 3090 illo
734 3037 952 3106 accepit
980 3036 1252 3104 humana,
1306 3037 1411 3090 hoc
1442 3043 1527 3091 est
1557 3042 1749 3091 nostra
1784 3044 2013 3105 natura,
2055 3020 2093 3074 (δ
2130 3046 2190 3094 ut
2229 3042 2448 3094 alienus
2497 3041 2565 3095 ab
2601 3041 2758 3095 omni
2791 3020 3135 3111 obligatione
3171 3041 3385 3111 peccati
3418 3040 3487 3094 de
3516 3041 3737 3110 Spiritu
3775 3047 3830 3095 et

324 3126 498 3179 nullis
544 3126 656 3178 suis
704 3125 1159 3196 praecedentibus
1211 3126 1450 3179 meritis.
1505 3128 1869 3197 Respondeat
1926 3128 2018 3182 hic

323 3213 494 3266 homo
548 3214 685 3282 Deo,
733 3214 779 3266 si
819 3214 1013 3281 audet,
1045 3219 1101 3267 et
1148 3213 1298 3267 dicat
1332 3231 1343 3268 :
1380 3215 1492 3269 Cur
1520 3231 1639 3268 non
1670 3220 1726 3269 et
1773 3218 1923 3286 ego?
1955 3218 2019 3271 Et

321 3302 369 3355 si
402 3301 648 3355 audierit
684 3318 696 3355 :
755 3323 781 3351 ‹‹
813 3302 854 3356 Ο
902 3302 1094 3370 1101110,
1148 3308 1208 3356 tu
1269 3302 1396 3373 quis
1444 3319 1502 3355 es
1531 3304 1630 3375 qui
1670 3306 2015 3376 respondeas

322 3392 535 3445 Deo?»
574 3407 678 3444 nec
722 3390 799 3443 sic
849 3390 1131 3458 cohibeat,
1180 3392 1275 3445 sed
1332 3396 1539 3461 augeat
1566 3392 2012 3462 impudentiam,

320 3485 375 3533 et
405 3479 573 3546 dicat,
648 3480 944 3544 Quomodo
985 3480 1180 3547 audio,
1218 3499 1244 3530 α
1278 3482 1358 3534 Tu
1392 3480 1519 3550 quis
1551 3497 1631 3550 es,
1664 3498 1697 3536 o
1741 3483 1955 3537 homo?
1986 3506 2011 3533 ››

320 3568 461 3622 Cum
492 3568 598 3625 sim
627 3569 779 3639 quod
814 3568 1005 3635 audio,
1060 3568 1114 3622 id
1150 3573 1234 3622 est
1270 3568 1464 3631 homo,
1500 3571 1652 3641 quod
1688 3576 1772 3625 est
1825 3577 1880 3626 et
1919 3573 2013 3626 ille

319 3655 387 3709 de
428 3671 541 3727 quo
564 3672 695 3726 ago,
721 3671 823 3710 cur
853 3672 967 3709 non
998 3656 1105 3709 sim
1147 3656 1303 3726 quod
1335 3661 1389 3710 et
1420 3657 1554 3711 ille?
1580 3663 1650 3712 At
1695 3660 1847 3713 enim
1883 3677 2013 3730 gra-

318 3744 393 3797 tia
440 3744 537 3799 ille
568 3744 697 3799 talis
746 3760 809 3798 ac
838 3749 1033 3799 tantus
1084 3750 1184 3799 est.
1236 3746 1347 3800 Cur
1395 3746 1617 3802 diversa
1675 3753 1759 3801 est
1805 3751 2009 3819 gratia,

314 3833 415 3886 ubi
446 3838 650 3887 natura
696 3834 1019 3887 communis
1051 3834 1175 3887 est?
1217 3835 1382 3890 Certe
1414 3855 1441 3886 «
1472 3854 1588 3890 non
1626 3842 1707 3891 est
1754 3841 2010 3909 acceptio

314 3938 692 3991 personarum
715 3924 865 3992 apud
890 3925 1068 3977 Deum
1088 3923 1230 3992 (Col.
1266 3942 1347 3991 ιιι,
1370 3927 1483 3991 25).
1514 3946 1539 3975 ››
1564 3926 1719 3992 Quis,
1751 3943 1865 3980 nou
1883 3928 2008 3981 dico

314 4009 688 4073 Christianus,
732 4011 826 4062 sed
856 4010 1090 4063 insanus
1117 4012 1236 4064 haec
1268 4013 1456 4065 dicat?
1488 4017 1774 4084 Appareat
1814 4016 2010 4086 itaque

312 4097 479 4149 nobis
510 4096 567 4149 in
590 4103 784 4149 nostro
824 4098 1007 4167 capite
1038 4098 1160 4168 ipse
1193 4102 1321 4151 fons
1363 4101 1580 4169 gratiae,
1616 4103 1769 4155 unde
1801 4120 2009 4157 secun-

313 4185 448 4238 dum
512 4184 961 4255 uniuscujusque
1017 4200 1345 4240 mensuram
1381 4204 1607 4258 semper
1638 4196 1843 4244 cuncta
1885 4193 2007 4261 ejus

2128 3130 2359 3201 Virgine
2399 3134 2744 3184 nasceretur.
2795 3129 2885 3184 Sic
2935 3135 2989 3182 et
3038 3129 3221 3195 nobis,
3274 3134 3338 3182 ut
3391 3151 3409 3177 ι
3458 3146 3525 3182 ex
3574 3146 3729 3200 aqua
3773 3137 3828 3185 et

2126 3218 2342 3289 Spiritu
2391 3234 2823 3272 reuasceremur
2851 3237 2879 3269 ι)
2925 3234 3039 3271 11011
3087 3219 3429 3272 retributum
3471 3224 3555 3271 est
3585 3235 3690 3289 pro
3727 3221 3828 3273 ali-

2125 3323 2239 3377 quo
2268 3308 2491 3373 merito,
2528 3307 2625 3360 sed
2657 3306 2836 3377 gratis
2861 3306 3179 3372 tributum;
3223 3310 3279 3360 et
3308 3306 3354 3360 si
3386 3323 3490 3360 nos
3525 3306 3826 3361 lavacrum

2123 3395 2575 3466 regenerationis
2614 3395 2753 3449 ﬁdes
2791 3395 2970 3461 duxit,
3001 3411 3117 3448 non
3147 3395 3276 3449 ideo
3308 3399 3507 3464 putare
3539 3394 3825 3450 debemus

2121 3485 2342 3557 priores
2392 3500 2494 3538 nos
2552 3483 2774 3537 dedisse
2805 3483 3042 3553 aliquid,
3084 3488 3148 3537 ut
3196 3483 3607 3537 retribueretur
3647 3485 3825 3538 nobis

2121 3573 2480 3643 regeneratio
2534 3571 2799 3626 salutaris
2830 3588 2843 3624 :
2877 3572 2972 3624 ille
3028 3570 3242 3641 quippe
3274 3587 3376 3625 nos
3405 3571 3537 3625 fecit
3582 3574 3824 3627 credere

2120 3662 2181 3715 in
2231 3661 2542 3725 Christum,
2598 3659 2699 3730 qui
2746 3660 2909 3713 nobis
2962 3659 3114 3725 fecit,
3176 3660 3235 3712 in
3283 3676 3455 3729 quem
3502 3660 3823 3723 credimus,

2121 3750 2441 3814 Christum;
2484 3748 2580 3801 ille
2612 3748 2746 3803 facit
2775 3747 2834 3800 in
2862 3747 3190 3801 hominibus
3220 3747 3569 3818 principium
3599 3749 3739 3803 ﬁdei
3767 3757 3825 3805 et

2118 3836 2535 3909 perfectionem
2570 3835 2628 3889 in
2660 3837 2868 3903 Jesum,
2906 3836 3005 3905 qui
3053 3834 3184 3888 fecit
3210 3835 3502 3888 hominem
3538 3855 3563 3887 «
3598 3837 3825 3906 princi-

2120 3942 2250 3995 pem
2284 3925 2419 3978 ﬁdei
2449 3929 2504 3977 et
2543 3923 2917 3993 perfectorem
2949 3925 3161 3977 Jesum.
3198 3944 3225 3971 »
3270 3922 3359 3976 Sic
3400 3924 3553 3977 enim
3585 3931 3670 3977 est
3710 3943 3825 3997 ap-

2118 4014 2382 4081 pellatus,
2430 4017 2494 4066 ut
2544 4012 2715 4077 scitis,
2769 4012 2829 4065 in
2872 4012 3121 4082 Epistola
3152 4028 3280 4081 qum
3311 4017 3394 4065 est
3441 4013 3509 4066 ad
3542 4013 3828 4067 Hebraeos

2120 4100 2300 4171 (Hebr.
2346 4117 2437 4167 xu,
2470 4100 2541 4170 2),
2575 4105 2736 4154 vocat
2767 4101 2918 4154 enim
2958 4102 3104 4153 Deus
3132 4101 3566 4170 praedestinatos
3603 4103 3826 4156 multos

2117 4188 2267 4241 ﬁlios
2302 4205 2453 4251 suos,
2487 4194 2551 4240 ut
2581 4204 2678 4241 eos
2718 4188 2886 4242 faciat
2941 4188 3197 4241 membra
3227 4190 3623 4258 praedestinati
3661 4192 3827 4245 unici

313 4273 571 4326 membra
604 4272 891 4325 diffundit.
939 4275 1014 4326 Ea
1046 4273 1227 4343 gratia
1258 4270 1322 4327 ﬁt
1373 4276 1443 4329 ab
1494 4276 1661 4330 initio
1707 4278 1837 4331 ﬁdei
1883 4296 1999 4333 suae
2042 4298 2083 4351 D
2118 4276 2249 4330 Filii
2289 4275 2423 4348 sui]
2462 4278 2601 4329 item
2632 4276 2780 4329 infra
2812 4275 2952 4345 (cap.
3007 4279 3069 4330 16
3098 4279 3156 4330 in
3183 4279 3306 4345 ﬁn.)
3337 4293 3349 4331 :
3384 4276 3487 4349 [Ad
3535 4279 3683 4332 hanc
3714 4296 3822 4333 vo-

311 4361 486 4413 homo
520 4359 846 4429 quicunque
900 4359 1271 4427 Christianus,
1319 4378 1433 4433 qua
1466 4365 1645 4433 gratia
1698 4366 1872 4419 homo
1904 4367 2000 4421 ille

310 4445 381 4498 ab
414 4444 577 4497 initio
632 4459 734 4495 suo
763 4444 944 4497 factus
993 4449 1079 4498 est
1132 4446 1391 4500 Christus
1430 4465 1440 4501 :
1484 4450 1551 4503 de
1609 4450 1735 4519 ipso
1784 4451 1997 4521 Spiritu

310 4538 367 4586 et
411 4532 501 4585 hic
560 4537 792 4585 renatus
844 4538 947 4599 est,
1004 4534 1074 4587 de
1131 4550 1245 4605 quo
1296 4535 1390 4590 ille
1444 4542 1526 4590 est
1574 4543 1769 4604 natus;
1803 4541 1999 4595 eodem

308 4621 520 4692 Spiritu
554 4622 619 4674 ﬁt
648 4620 707 4674 in
750 4622 914 4675 nobis
970 4623 1229 4676 remissio
1285 4632 1645 4694 peccatorum
1700 4644 1814 4698 quo
1869 4629 2000 4699 Spi-

309 4710 419 4762 ritu
480 4710 692 4763 factum
748 4716 833 4763 est
897 4715 957 4764 ut
1018 4712 1242 4787 nullum
1293 4713 1527 4767 haberet
1558 4715 1650 4767 ille
1676 4724 1995 4785 peccatum.

309 4799 437 4852 Haec
470 4814 528 4851 se
563 4799 708 4852 Deus
746 4798 1031 4853 facturum
1082 4815 1202 4852 esse
1235 4800 1491 4869 profecto
1540 4804 1840 4871 praescivit.
1875 4805 1998 4875 ipsa

308 4892 392 4940 est
420 4886 597 4956 igitur
636 4888 1066 4956 praedestinatio
1119 4894 1466 4956 sanctorum,
1510 4906 1639 4961 quae
1671 4892 1730 4944 iu
1792 4893 1997 4947 Sancto

308 4981 630 5028 sanctorum
682 4977 927 5030 maxime
980 4976 1206 5045 claruit,
1240 4994 1413 5048 quam
1464 4995 1674 5049 negare
1724 4981 1853 5051 quis
1890 4998 1999 5052 po-

306 5069 415 5118 test
462 5070 614 5118 recte
668 5065 1119 5136 intelligentium
1160 5068 1385 5138 eloquia
1428 5068 1729 5124 Veritatis?
1760 5070 1899 5123 Nam
1945 5075 2000 5125 et

304 5154 496 5223 ipsum
554 5153 863 5207 Dominum
924 5155 1141 5225 gloriae,
1203 5157 1550 5228 inquantum
1632 5158 1805 5212 homo
1852 5159 1997 5214 facto

304 5242 484 5295 factus
531 5246 615 5295 est
656 5242 757 5295 Dei
826 5242 1022 5309 Filius,
1083 5246 1547 5313 praedestinatum
1598 5263 1719 5301 esse
1795 5247 1996 5301 didici-

304 5346 451 5384 mus.
487 5331 705 5385 Clamat
753 5330 953 5385 doctor
994 5334 1253 5403 gentium
1284 5335 1345 5389 in
1378 5336 1560 5405 capite
1609 5336 1996 5407 Epistolarum

305 5434 538 5473 suarum
586 5435 598 5473 :
653 5441 679 5467 «
740 5419 949 5474 Paulus
1024 5437 1218 5475 servus
1294 5423 1425 5477 Jesu
1487 5424 1693 5478 Christi
1769 5429 1997 5479 vocatus

303 5509 618 5577 apostolus,
685 5515 1017 5579 segregatus
1084 5510 1141 5563 in
1206 5512 1576 5582 Evangelium
1651 5512 1779 5579 Dei;
1839 5514 1995 5585 quod

303 5600 435 5649 ante
485 5596 826 5666 promiserat
872 5613 979 5668 per
1031 5599 1342 5669 prophetas
1400 5617 1533 5654 suos
1582 5601 1643 5654 in
1688 5602 1997 5672 Scripturis

2113 4365 2395 4419 cationem
2438 4365 2536 4435 qui
2576 4365 2883 4435 pertinent,
2918 4386 2944 4413 ‹‹
2978 4382 3177 4418 omnes
3237 4371 3368 4419 sunt
3397 4367 3668 4419 docibiles
3714 4370 3821 4423 Dei

2114 4452 2247 4523 (Isa.
2281 4469 2387 4520 LIV,
2442 4453 2550 4519 13),
2573 4474 2599 4501 »
2654 4469 2757 4507 nec
2788 4458 2974 4523 potest
3005 4470 3201 4507 eorum
3242 4454 3546 4524 quisquam
3574 4456 3771 4512 dicere
3801 4476 3814 4512 :

2114 4542 2361 4607 Credidi,
2401 4546 2465 4594 ut
2490 4542 2569 4594 sic
2606 4558 2838 4595 vocarer
2866 4559 2877 4597 :
2908 4542 3185 4612 praevenit
3217 4558 3348 4595 eum
3385 4544 3597 4613 quippe
3635 4546 3817 4599 mise-

2110 4630 2359 4684 ricordia
2388 4630 2507 4696 Dei,
2541 4630 2678 4700 quia
2713 4630 2791 4682 sic
2825 4635 2908 4683 est
2936 4636 3168 4684 vocatus
3199 4636 3262 4684 ut
3291 4633 3567 4685 crederet.
3608 4655 3627 4680 ι
3666 4634 3820 4688 Om-

2111 4735 2210 4772 nes
2241 4718 2395 4772 enim
2428 4718 2701 4773 docibiles
2726 4718 2825 4772 Dei
2852 4740 2878 4767 »
2909 4719 3147 4771 veniunt
3171 4719 3240 4772 ad
3273 4720 3496 4786 Filium,
3528 4722 3815 4789 quoniam

2109 4807 2422 4861 audierunt
2469 4812 2521 4861 et
2554 4806 2879 4861 didicerunt
2924 4808 3139 4860 aPatre
3170 4824 3273 4876 per
3295 4808 3520 4875 Filium,
3557 4809 3659 4878 qui
3694 4813 3825 4865 evi-

2110 4895 2442 4951 dentissima
2484 4896 2668 4949 dicit:
2711 4917 2731 4943 α
2793 4896 2994 4950 Omnis
3042 4896 3140 4966 qui
3192 4897 3413 4951 audivit
3458 4914 3488 4950 a
3530 4898 3723 4967 Patre,
3758 4906 3821 4953 et

2108 4983 2325 5051 didicit,
2358 4984 2516 5037 venit
2549 4985 2618 5038 ad
2654 4999 2743 5038 me
2776 4983 2951 5055 (Joan.
2986 5001 3060 5049 vr,
3094 4985 3180 5050 45,
3220 4986 3329 5053 39).
3361 5006 3387 5033 ››
3428 4986 3673 5039 Istorum
3708 5004 3821 5041 au-

2108 5079 2227 5129 tem
2266 5090 2434 5128 nemo
2470 5075 2638 5144 perit,
2673 5074 2859 5143 «quia
2889 5090 3058 5128 omne
3112 5074 3264 5145 quod
3303 5074 3460 5128 dedit
3510 5075 3561 5128 ei
3621 5078 3819 5146 Pater,

2108 5178 2226 5215 non
2256 5163 2444 5232 perdit
2465 5178 2531 5215 ex
2562 5179 2628 5215 eo
2665 5163 3000 5233 quidquam.
3036 5180 3061 5214 ››
3086 5162 3354 5233 Quisquis
3376 5180 3513 5234 ergo
3544 5165 3678 5219 inde
3702 5174 3822 5235 est,

2108 5251 2346 5305 omnino
2378 5267 2489 5304 non
2521 5251 2690 5321 perit,
2722 5267 2825 5305 nec
2854 5256 3017 5305 erant
3038 5250 3170 5305 inde
3193 5251 3292 5321 qui
3320 5252 3647 5319 perierunt,
3675 5270 3820 5324 pro-

2105 5342 2235 5408 pter
2267 5339 2419 5409 quod
2460 5338 2678 5393 dictum
2707 5343 2828 5394 est:
2868 5357 2895 5389 ‹‹
2928 5339 3005 5393 Ex
3034 5338 3198 5392 nobis
3239 5339 3526 5405 exierunt,
3561 5341 3660 5395 sed
3689 5359 3823 5397 non

2108 5431 2274 5480 erant
2306 5443 2372 5479 ex
2406 5426 2591 5480 nobis.
2647 5428 2787 5480 Nam
2843 5427 2891 5479 si
2925 5425 3164 5480 fuissent
3211 5441 3279 5479 ex
3321 5427 3505 5496 nobis,
3558 5431 3819 5484 mansis-

2108 5520 2237 5569 sent
2268 5516 2467 5586 utique
2497 5515 2794 5569 nobiscum
2819 5515 2877 5585 (Ι
2900 5516 3069 5569 Joan.
3105 5532 3161 5577 ιι,
3202 5516 3308 5585 19).
3346 5536 3373 5565 ››
3406 5518 3821 5589 Intelligamus

2108 5619 2243 5673 ergo
2273 5603 2632 5657 vocationem
2664 5603 2801 5673 quia
2820 5602 2969 5658 ﬁunt
3005 5604 3187 5667 electi,
3218 5620 3335 5658 non
3383 5605 3484 5676 qui
3509 5606 3821 5675 eliguntur
