3920 6224
325 318 394 369 43
1464 315 1822 370 ΙὶᾹῚῚῖΛΜΝΙ
1855 317 1873 370 (

2258 317 2317 372 IS
2360 317 2690 372 MONACHI.
3753 327 3800 371 ιι

2005 555 2552 562 —.—————.—-_____
2565 559 2572 561 _
2585 557 2632 562 _._
2671 557 2714 562 ._
2727 557 2882 562 —._——
2895 558 2906 561 -
2919 558 3146 563 ᾈ--ῤ---
3157 557 3418 563 -Αῴςο----
3435 557 3450 562 -
3463 557 3534 562 ._..

1522 699 1877 772 LIBER
1970 701 2630 774 SECUNDUS.

1592 860 1678 914 DE
1711 860 2370 914 PIHCDESTINATIONE
2403 861 2538 915 DEI.

398 1172 726 1240 Antequam
761 1168 830 1222 de
853 1170 1134 1222 malorum
1159 1168 1656 1239 praedestinatione
1688 1169 2016 1239 loquamur,
2051 1174 2091 1224 Α
2132 1185 2251 1223 rem
2287 1185 2401 1222 non
2452 1171 2876 1224 contemnendo
2930 1179 3082 1241 sunt,
3141 1190 3271 1227 oves
3319 1190 3421 1243 per
3473 1175 3684 1229 ostium
3733 1177 3805 1228 in-

329 1257 466 1328 quid
496 1257 568 1310 sit
599 1256 1047 1327 praedestinatio,
1093 1257 1240 1311 beati
1272 1256 1575 1325 Augustini
1621 1257 1787 1310 dictis
1819 1257 2018 1311 docea-

328 1360 476 1397 mus.
513 1344 612 1415 iAit
652 1344 806 1398 enim
873 1346 1227 1414 Augustinus
1275 1353 1298 1378 ⁸
1355 1345 1502 1398 libro
1536 1344 1605 1398 de
1650 1345 2024 1399 Prmdestina-

330 1433 532 1487 tione:
592 1431 1048 1504 [Prmdestinalio
1097 1433 1310 1504 quippe
1361 1450 1394 1487 a
1451 1433 1854 1504 prtemittendo
1900 1433 2019 1504 (aL,

326 1521 714 1590 prmvidendo)
747 1527 804 1575 et
834 1521 1236 1592 prteveniendo
1269 1523 1350 1575 vel
1387 1522 1823 1592 prmordinando
1864 1523 2018 1576 futu-

330 1626 455 1664 rum
498 1609 714 1680 aliquid
765 1610 1017 1680 dicitur.]
1068 1611 1284 1674 Quibus
1340 1611 1525 1664 verbis
1575 1611 1825 1665 ostendit.
1871 1614 2020 1682 quod

330 1699 648 1770 prwmissio
679 1702 736 1752 et
753 1699 1185 1770 praeordinatio,
1222 1699 1336 1753 sive
1370 1701 1700 1770 prmventio,
1729 1701 2022 1771 prmdesti-

331 1790 484 1844 natio
507 1789 597 1855 sit,
628 1794 684 1842 et
712 1789 769 1843 in
801 1790 988 1843 verbis
1019 1789 1268 1855 ditferre,
1300 1805 1469 1843 sensu
1492 1805 1624 1843 vero
1659 1807 1773 1844 non
1813 1791 2024 1845 discre-

329 1893 486 1946 pare.
523 1876 589 1929 Et
640 1875 972 1946 Fulgentius
1012 1876 1070 1928 in
1104 1875 1251 1929 libro
1306 1877 1374 1930 de
1411 1876 1915 1930 Prmdestinatione
1947 1876 2026 1930 ita

329 1965 410 2018 ait
456 1965 738 2034 (Fulgent.
773 1964 846 2017 ad
885 1967 1176 2019 Monimum
1219 1965 1283 2017 de
1335 1967 1549 2031 gemina
1597 1965 1871 2033 Prwdesl.,
1915 1964 1950 2020 l.
1985 1983 2023 2032 1,

328 2070 449 2124 cap.
500 2053 628 2120 ‘20):
684 2051 902 2124 [Neque
948 2053 1101 2106 enim
1149 2058 1233 2106 est
1289 2053 1398 2106 alia
1433 2053 1527 2107 Dei
1575 2053 2021 2124 prmdestinalio,

330 2141 437 2195 nisi
467 2142 788 2196 futurorum
821 2159 1058 2213 operum
1093 2141 1214 2210 ejus
1265 2149 1481 2196 aeterna
1529 2141 1922 2214 praeparatio]
1961 2145 2023 2197 Et

329 2231 419 2285 llic
475 2231 951 2303 praeparationem
1015 2231 1577 2302 prmdestinatiouem
1657 2231 2020 2285 nominavit:

328 2321 568 2391 proinde
625 2321 740 2375 sive
780 2321 1261 2392 praeparationem
1305 2321 1421 2374 sive
1455 2320 2020 2391 prsedestinationem

325 2409 384 2462 in
439 2415 766 2463 sanctorum
823 2410 983 2463 dictis
1047 2411 1297 2480 positum
1361 2409 1770 2473 invenerimus,
1840 2426 2017 2464 unum

324 2498 592 2568 idemque
625 2497 938 2567 signiﬁcari
969 2479 1257 2552 docemur.
1297 2499 1361 2552 Et
1409 2498 1478 2552 de
1511 2498 2017 2568 prmdestinatione
2056 2479 2092 2531 Β

323 2585 402 2638 ita
451 2586 793 2639 venerabilis
853 2587 1050 2640 doctor
1115 2587 1470 2657 Augustinus
1537 2587 1596 2639 iu
1657 2587 2018 2656 Expositione

325 2675 606 2744 evangelii
643 2675 875 2728 Joannis
916 2681 1106 2743 (tract.
1148 2683 1260 2741 xw}-
1302 2675 1437 2728 dicit
1461 2675 1521 2746 :[
1556 2697 1580 2723 ‹‹
1614 2675 1720 2739 Qui
1752 2676 1820 2729 de
1880 2677 2020 2730 coelo

327 2763 481 2816 venit
511 2779 681 2833 supra
715 2780 915 2816 omnes
944 2767 1060 2830 est;
1113 2769 1170 2817 et
1213 2764 1365 2834 quod
1395 2764 1535 2816 vidit
1561 2769 1617 2817 et
1651 2764 1869 2817 audivit
1914 2765 2021 2818 hoc

324 2855 596 2918 testatur;
633 2851 1022 2905 testimonium
1065 2855 1188 2921 ejus
1217 2869 1388 2906 nemo
1411 2852 1648 2922 accepit.
1691 2875 1710 2900 ιι
1748 2853 1801 2907 Si
1829 2869 2018 2921 nemo,

322 2940 551 3010 utquid
586 2940 779 2994 venit?
805 2940 1197 3004 Quorumdam
1247 2957 1384 3012 ergo
1415 2957 1605 2996 nemo.
1643 2942 1738 2995 Est
1783 2943 2017 3013 quidam

323 3028 574 3099 populus
611 3034 964 3100 praeparatus
993 3029 1061 3083 ad
1114 3029 1260 3083 iram
1308 3029 1428 3094 Dei,
1481 3030 1842 3085 damnandus
1889 3048 2018 3085 cum

324 3115 554 3170 diabolo
590 3131 602 3168 :
648 3117 852 3170 horum
885 3133 1056 3171 nemo
1088 3121 1303 3189 accepit
1345 3118 1735 3172 testimonium
1787 3118 2016 3173 Christi.

325 3205 462 3258 Nam
493 3204 540 3257 si
572 3205 809 3259 omnino
859 3222 1049 3272 nemo,
1083 3207 1274 3260 nullus
1324 3207 1514 3261 homo.
1550 3207 1693 3271 Quid
1745 3212 1830 3260 est
1867 3207 2016 3277 quod

324 3293 624 3364 sequitur?
657 3313 681 3344 (ι
715 3293 822 3358 Qui
881 3295 1098 3365 accepit
1135 3296 1526 3350 testimonium
1577 3297 1720 3367 ejus,
1774 3295 2020 3366 signavit

321 3383 456 3453 quia
492 3383 639 3436 Deus
670 3399 832 3436 verax
865 3390 969 3438 est.
1021 3404 1048 3433 »
1081 3384 1245 3440 Certe
1295 3401 1430 3456 ergo
1482 3401 1595 3439 non
1629 3401 1819 3451 nemo,
1872 3384 1918 3437 si
1956 3389 2017 3439 tu

319 3471 443 3540 ipse
475 3471 650 3526 dicis:
689 3490 714 3522 ‹ι
747 3471 853 3535 Qui
906 3472 1126 3544 accepit
1162 3473 1556 3527 testimonium
1592 3473 1734 3544 ejus,
1771 3473 2017 3543 signavit

321 3559 455 3631 quia
513 3561 660 3614 Deus
704 3577 870 3614 verax
923 3565 1088 3615 est.»
1146 3562 1539 3633 Responderet
1599 3579 1734 3632 ergo
1782 3562 2017 3618 fortasse

320 3648 708 3719 interrogatus
735 3649 1004 3717 Joannes,
1034 3653 1088 3703 et
1112 3649 1327 3704 diceret
1363 3664 1375 3706 :
1410 3649 1552 3704 Novi
1583 3651 1720 3721 quid
1753 3649 2014 3718 dixerim,

318 3737 496 3791 Nemo.
568 3737 663 3790 Est
715 3737 870 3792 enim
926 3737 1161 3808 quidam
1219 3739 1468 3810 populus
1524 3743 1692 3794 natus
1748 3739 1815 3794 ad
1871 3739 2012 3794 iram
2047 3783 2084 3810 ρ

2073 3817 2086 3834 ¹
2128 3826 2300 3898 XLv):
2344 3825 2422 3898 [Si
2447 3826 2705 3880 catholici
2753 3827 2951 3881 fideles
2999 3832 3160 3882 erant
3199 3844 3330 3881 oves
3363 3833 3561 3895 erant;
3597 3829 3646 3881 si
3697 3846 3822 3883 oves

318 3825 436 3890 Dei,
469 3829 522 3880 et
555 3825 624 3880 ad
662 3825 769 3881 hoc
796 3828 1198 3898 praecognitus,
1241 3829 1348 3894 Qui
1377 3828 1490 3882 sint
1524 3829 1679 3883 enim
1711 3829 2014 3898 credituri,

315 3918 370 3968 et
399 3914 498 3985 qui
529 3931 644 3968 non
677 3915 789 3970 sint
818 3916 1114 3985 credituri,
1141 3917 1299 3972 novit
1333 3918 1514 3982 Deus;
1549 3917 1647 3989 qui
1678 3917 1791 3972 sint
1821 3933 2012 3988 perse-

314 4003 565 4056 veraturi
598 4003 654 4055 in
689 4019 755 4055 eo
796 4005 948 4075 quod
978 4005 1366 4074 crediderunt,
1400 4011 1456 4060 et
1485 4006 1584 4076 qui
1643 4006 1756 4060 sint
1797 4006 2013 4077 lapsuri

317 4092 474 4145 novit
533 4093 714 4146 Deus:
759 4099 815 4146 et
849 4095 1134 4148 numerati
1175 4099 1307 4148 sunt
1330 4095 1441 4148 Deo
1487 4111 1688 4149 omnes
1736 4096 1913 4150 futuri
1951 4097 2010 4150 in

314 4180 488 4234 vitam
528 4183 797 4234 aeternam
823 4198 835 4248 ;
862 4187 918 4236 et
952 4182 1245 4253 novitjam
1277 4183 1558 4252 populum
1605 4183 1766 4238 illum
1805 4183 2012 4239 distin-

315 4273 490 4324 ctum.
545 4271 608 4323 Et
638 4269 683 4322 si
714 4269 833 4339 ipse
869 4270 1047 4337 novit,
1083 4276 1139 4324 et
1169 4271 1463 4341 prophetis
1492 4271 1645 4324 dedit
1695 4288 1862 4327 nosse
1905 4288 2012 4343 per

313 4359 590 4428 Spiritum
623 4374 810 4426 suum,
850 4359 1008 4413 dedit
1038 4365 1094 4414 et
1121 4360 1346 4414 Joanni.
1383 4361 1522 4414 Cum
1563 4361 1716 4414 enim
1749 4363 2010 4432 superius

311 4446 508 4502 multis
561 4447 906 4500 testimoniis
949 4452 1327 4502 monstratum
1376 4448 1449 4502 sit
1505 4454 1826 4503 sanctorum
1886 4466 2008 4504 esse

311 4536 900 4607 prasdestiuationem,
935 4542 991 4591 et
1021 4553 1173 4592 nunc
1207 4537 1417 4591 dicitur
1445 4553 1456 4591 :
1491 4538 1726 4609 quidam
1758 4541 2006 4609 populus

309 4631 663 4698 p'azparatus
694 4625 761 4678 ad
799 4625 940 4679 iram
978 4627 1080 4680 Dei
1113 4627 1471 4680 damnandus
1504 4643 1632 4680 cum
1664 4627 1909 4694 diabolo,
1952 4635 2007 4682 et

309 4715 650 4786 prmparatio
681 4714 1114 4786 prtedestinatio
1146 4715 1239 4781 sit,
1287 4716 1433 4768 sicut
1471 4715 1733 4785 superius
1786 4718 2002 4788 patefa-

306 4811 458 4859 ctum
487 4809 588 4872 est,
635 4808 988 4858 monstratur
1018 4819 1138 4858 esse
1171 4803 1404 4874 gemina
1456 4804 1904 4874 prmdestiuatio,
1940 4807 1995 4861 id

309 4897 393 4944 est
425 4897 478 4944 et
511 4909 710 4946 eorum
743 4892 841 4963 qui
864 4891 1148 4946 numerati
1181 4895 1312 4945 sunt
1346 4892 1478 4958 Deo,
1515 4897 1568 4945 et
1601 4892 1888 4963 pertinent
1929 4895 1998 4948 ad

305 4980 479 5032 vitam
531 4984 825 5046 asternam,
878 4985 933 5034 et
987 4996 1187 5034 eorum
1244 4979 1344 5051 qui
1401 4981 1709 5052 prteparati
1768 4987 1901 5036 sunt
1931 4983 1999 5036 ad

2131 1256 2338 1310 trando
2371 1261 2523 1326 sunt,
2547 1273 2678 1311 oves
2697 1264 2956 1312 exeundo
2978 1265 3034 1313 et
3053 1276 3263 1330 pascua
3293 1261 3640 1316 inveniendo
3673 1267 3805 1322 sunt,

2133 1363 2263 1399 oves
2302 1351 2516 1400 {eterna
2555 1349 2666 1400 vita
2728 1348 3074 1416 perfruendo
3126 1355 3276 1404 sunt.
3333 1349 3636 1418 Quomodo
3691 1366 3808 1419 ergo

2132 1435 2254 1488 istis
2286 1435 2425 1489 dixit
2457 1451 2470 1490 :
2519 1457 2544 1484 α
2582 1437 2703 1489 Non
2754 1437 2889 1490 estis
2927 1453 2990 1491 ex
3024 1438 3224 1492 ovibus
3275 1438 3512 1492 meis?»
3565 1439 3709 1504 Quia
3750 1440 3809 1492 vi-

2131 1525 2300 1578 debat
2339 1542 2435 1578 eos
2473 1525 2540 1579 ad
2573 1526 2983 1595 sempiternum
3034 1526 3330 1581 interitum
3365 1529 3807 1597 prmdestinatos.

2133 1629 2244 1666 non
2287 1613 2355 1666 ad
2403 1613 2576 1666 vitam
2612 1620 2885 1668 aeternam
2936 1615 3025 1668 sui
3063 1616 3357 1684 sanguinis
3390 1617 3574 1687 pretio
3608 1633 3810 1686 compa-

2131 1699 2333 1772 ratos].
2369 1703 2506 1755 ltem
2543 1703 2779 1756 inferius
2812 1720 2824 1757 :
2875 1725 2902 1754 α
2937 1704 3117 1758 Vitam
3150 1710 3422 1759 aeternam
3475 1705 3624 1759 dabo
3663 1706 3761 1773 eis,
3791 1727 3809 1752 ι

2133 1789 2189 1843 id
2230 1795 2314 1843 est
2341 1790 2538 1845 ovibus
2572 1791 2730 1856 meis,
2770 1811 2795 1842 ‹‹
2828 1797 3023 1846 etnon
3056 1793 3328 1864 peribunt
3353 1794 3412 1848 in
3445 1800 3746 1848 mternum.
3791 1818 3808 1838 ν

2132 1879 2432 1946 Subaudis,
2497 1884 2772 1952 tanquam
2822 1881 2903 1935 eis
2983 1883 3228 1936 dixerit:
3305 1884 3409 1936 Vos
3463 1884 3723 1954 peribitis
3764 1884 3809 1935 in

2134 1966 2435 2028 internum,
2471 1962 2604 2032 quia
2639 1979 2752 2016 non
2793 1963 2926 2016 estis
2975 1980 3036 2017 ex
3080 1965 3280 2018 ovibus
3310 1965 3473 2019 meis.
3509 1987 3535 2014 «
3566 1965 3693 2020 Non
3737 1981 3810 2018 ra-

2134 2049 2251 2119 piet
2291 2068 2384 2104 eas
2418 2051 2723 2121 quisquam
2773 2051 2838 2104 de
2883 2068 3059 2106 manu
3115 2069 3261 2107 mea.
3297 2076 3322 2101 ››
3358 2055 3644 2108 Intentius
3677 2054 3812 2108 acci-

2134 2140 2250 2208 pite
2285 2155 2297 2192 :
2331 2160 2357 2188 «
2394 2141 2561 2194 Pater
2610 2156 2771 2194 meus
2802 2141 2952 2211 quod
2985 2141 3144 2196 dedit
3175 2142 3315 2196 nihi
3350 2143 3533 2212 majus
3589 2149 3676 2198 est
3703 2159 3811 2197 om-

2136 2227 2322 2281 nibus.
2354 2247 2381 2278 »
2427 2227 2569 2292 Quid
2605 2233 2790 2299 potest
2821 2231 3008 2300 lupus,
3059 2229 3196 2300 quid
3231 2237 3418 2301 potest
3439 2232 3531 2285 fur
3557 2237 3615 2285 et
3645 2231 3812 2285 latro?

2135 2318 2259 2371 Non
2315 2317 2566 2387 perdunt
2609 2318 2719 2372 nisi
2761 2319 2826 2372 ad
2885 2319 3184 2373 interitum
3235 2321 3695 2391 pra-destinatos.
3747 2323 3812 2374 De

2132 2406 2242 2460 illis
2271 2410 2461 2460 autem
2494 2407 2693 2460 ovibus
2723 2408 2791 2462 de
2823 2408 3030 2478 quibus
3052 2408 3187 2462 dicit
3211 2410 3516 2479 Apostolus
3549 2427 3562 2465 :
3599 2432 3627 2459 ‹‹
3665 2410 3814 2464 Novit

2137 2495 2408 2549 Dominus
2444 2495 2541 2566 qui
2575 2501 2708 2550 sunt
2738 2497 2860 2565 ejus
2885 2499 2958 2558 (II
2993 2500 3130 2551 Tim.
3166 2514 3224 2559 ιι,
3271 2499 3440 2565 10);»
3472 2506 3528 2552 et
3561 2515 3572 2552 :
3614 2521 3642 2548 ‹‹
3675 2499 3815 2562 Quos

2133 2584 2450 2654 praiscivit;
2484 2585 2634 2654 ipsos
2655 2590 2703 2637 el
2735 2585 3189 2655 prmdestinavit;
3219 2603 3362 2657 quos
3383 2592 3576 2640 autem
3606 2587 3815 2657 praede-

2131 2673 2381 2734 stinavit,
2423 2673 2571 2744 ipsos
2604 2679 2657 2727 et
2693 2675 2912 2727 vocavit
2946 2690 2959 2726 :
2993 2691 3134 2744 quos
3190 2681 3380 2728 autem
3416 2677 3656 2740 vocavit,
3701 2676 3815 2728 illos

2129 2767 2186 2816 et.
2208 2762 2568 2832 justiﬁeavit;
2599 2779 2743 2833 quos
2772 2767 2961 2816 autem
2989 2763 3354 2831 justiticavit;
3386 2762 3512 2816 illos
3551 2768 3611 2816 et
3658 2763 3817 2834 glori-

2132 2850 2318 2904 ticavit
2342 2851 2515 2919 (Rom.
2545 2867 2660 2916 vlu,
2695 2853 2785 2918 99,
2817 2853 2906 2914 30‘)
2941 2867 2953 2904 :
2993 2873 3019 2900 ››
3055 2851 3122 2904 de
3155 2852 3357 2906 ovibus
3389 2852 3508 2905 istis
3531 2868 3638 2906 nec
3662 2853 3817 2922 lupus

2131 2939 2300 3009 rapit,
2359 2956 2461 2992 nec
2517 2941 2609 2993 fur
2668 2940 2839 3005 tollit,
2886 2955 2989 2992 nec
3043 2941 3183 2994 latro
3233 2939 3522 2994 interficit.
3580 2940 3818 2994 Securus

2130 3032 2211 3080 est
2240 3026 2308 3079 de
2341 3041 2579 3080 unmero
2621 3042 2840 3092 earum,
2873 3025 2970 3096 qui
3012 3042 3118 3096 pro
3149 3026 3231 3080 cis
3269 3027 3426 3080 novit
3457 3027 3607 3096 quod
3648 3028 3813 3082 dedit.

2133 3116 2193 3168 Et
2224 3115 2327 3169 hoc
2358 3120 2444 3169 est
2479 3115 2628 3185 quod
2682 3115 2763 3170 ait
2799 3132 2811 3169 :
2849 3138 2873 3164 ‹‹
2909 3116 3032 3168 Non
3070 3115 3257 3186 rapiet
3295 3131 3388 3168 eas
3420 3115 3727 3186 qui~quam
3758 3117 3817 3169 de

2131 3219 2304 3256 manu
2331 3219 2487 3268 mea;
2521 3224 2547 3252 »
2577 3208 2633 3256 et
2661 3203 2800 3256 item
2834 3203 2901 3258 ad
2925 3205 3152 3258 Patrem
3178 3220 3191 3258 :
3227 3205 3444 3257 «Pater
3474 3219 3638 3257 meus
3671 3203 3816 3274 quod

2129 3293 2286 3346 dedit
2326 3291 2465 3344 mihi
2507 3292 2689 3362 majus
2738 3292 3005 3346 omnibus
3056 3297 3137 3346 est
3176 3294 3353 3359 (Joan.
3398 3308 3474 3357 xx,
3519 3294 3609 3359 28,
3645 3296 3756 3363 29}.
3795 3316 3811 3339 ι

2198 3381 2266 3434 Et
2308 3379 2397 3434 hic
2453 3385 2508 3434 et
2539 3381 2802 3451 superius
2842 3381 2979 3435 dum
3029 3381 3124 3453 qui
3169 3398 3285 3435 non
3333 3386 3467 3435 sunt
3495 3397 3562 3435 ex
3621 3383 3818 3435 ovibus

2128 3469 2355 3537 Christi,
2383 3469 2449 3522 ar!
2484 3469 2779 3524 interitum
2812 3468 2950 3524 dicit
3003 3475 3380 3540 praeparatos,
3436 3471 3684 3524 ostendit
3729 3488 3820 3540 ge-

2128 3559 2344 3612 minam
2394 3575 2516 3612 esse
2563 3559 3164 3630 prmdestinationem;
3199 3560 3334 3631 quia
3372 3567 3430 3614 et
3461 3560 3644 3613 sancti
3688 3576 3818 3632 prae-

2127 3647 2393 3702 destinati
2425 3651 2555 3701 sunt
2591 3649 2658 3702 ad
2700 3648 2895 3708 vitam,
2940 3654 2998 3702 et.
3027 3649 3126 3720 qui
3158 3649 3216 3702 in
3248 3648 3492 3720 peccatis
3521 3648 3638 3702 suis
3698 3665 3818 3720 per-

2127 3737 2437 3791 severaturi
2463 3743 2612 3804 sunt,
2648 3737 2715 3791 ad
2745 3737 3062 3792 interitum.
3097 3739 3236 3792 Item
3271 3737 3329 3792 in
3379 3739 3581 3793 eodem
3635 3741 3819 3808 (tract.

2127 3921 2308 3981 erant,
2331 3916 2620 3987 quomodo
2643 3932 2836 3970 vocem
2865 3916 3038 3970 alieni
3091 3915 3288 3970 audire
3317 3917 3669 3986 potuerunt?
3697 3934 3822 3972 cum

2125 4005 2401 4061 Dominus
2442 4005 2632 4060 dicat:
2663 4027 2684 4054 α
2729 4007 2851 4060 Non
2895 4005 3200 4059 audierunt
3239 4021 3336 4060 eos
3367 4022 3499 4060 oves
3542 4008 3702 4060 Joan.
3767 4025 3818 4073 ιι,

2125 4097 2196 4160 8).
2224 4116 2251 4144 ››
2285 4094 2555 4162 Audistis,
2598 4094 2818 4161 fratres,
2852 4094 3212 4150 altitudinem
3264 4094 3639 4166 qumstionis?
3695 4096 3822 4150 Dico

2122 4199 2258 4253 ergo
2338 4204 2358 4229 σ
2411 4183 2574 4236 Novit
2615 4183 2892 4237 Dominus
2941 4183 3040 4254 qui
3073 4189 3202 4238 sunt
3261 4184 3384 4254 ejus
3442 4186 3518 4252 (II
3563 4187 3707 4238 Tim.
3763 4201 3819 4250 ιι,

2125 4271 2232 4340 19),
2273 4294 2293 4320 ι
2332 4272 2489 4325 novit
2515 4273 2822 4342 praescitos,
2849 4272 3285 4342 prmdestinatos
3318 4289 3330 4326 :
3365 4273 3435 4327 de
3467 4273 3564 4326 illo
3600 4273 3819 4344 quippe

2118 4362 2369 4417 dicitur:
2422 4384 2442 4410 ε
2478 4362 2628 4426 Quos
2685 4366 2877 4416 autem
2940 4361 3234 4432 praescivit,
3283 4366 3339 4416 et
3385 4362 3819 4432 prmdestinavit

2118 4449 2434 4504 conformcs
2465 4449 2589 4503 tieri
2625 4449 2890 4518 imaginis
2923 4449 3048 4502 Filii
3074 4449 3180 4515 sui,
3235 4453 3296 4502 at
3324 4449 3396 4502 sit
3441 4449 3562 4519 ipse
3595 4451 3816 4519 primo-

2117 4539 2342 4608 genitus
2390 4539 2445 4592 in
2496 4539 2692 4592 multis
2731 4537 3046 4591 fratribus:
3085 4553 3229 4608 quos
3269 4541 3460 4591 autem
3507 4537 3812 4607 praedesti-

2119 4627 2292 4696 navit,
2344 4627 2498 4699 ipsos
2545 4632 2601 4681 et
2630 4626 2882 4692 vocavit;
2934 4631 2992 4680 et
3021 4642 3166 4697 quos
3203 4627 3420 4680 vocavit
3451 4625 3605 4696 ipsos
3634 4632 3695 4681 et
3721 4628 3814 4697 ju-

2115 4716 2420 4771 stiﬁcavit?
2479 4731 2622 4787 quos
2665 4719 2855 4770 autem
2896 4714 3252 4786 justificavit,
3306 4714 3462 4784 ipsos
3506 4718 3560 4768 et
3593 4714 3816 4784 gloriﬁ-

2113 4806 2277 4860 cavit.
2327 4805 2384 4859 Si
2417 4806 2563 4860 Deus
2607 4821 2712 4876 pro
2735 4804 2920 4868 nobis,
2967 4803 3094 4876 quis
3149 4807 3350 4858 contra
3379 4805 3527 4858 nos?
3567 4823 3593 4852 ι)
3650 4805 3812 4859 Adde

2113 4895 2327 4949 adhuc:
2379 4918 2405 4944 «
2456 4893 2561 4958 Qui
2607 4893 2842 4965 proprio
2895 4894 3035 4947 Filio
3081 4909 3183 4946 suo
3218 4909 3336 4946 non
3390 4892 3662 4963 pepercit,
3719 4895 3814 4947 sed

2111 4982 2398 5053 proinobis
2418 4982 2686 5036 omnibus
2710 4980 2947 5035 tradidit
2968 4998 3120 5047 eum,
3146 4981 3439 5052 quomodo
3462 4997 3577 5036 non
3601 4986 3812 5037 etcum

304 5068 446 5121 iram
501 5067 600 5122 Dei
643 5068 955 5123 damnandi
999 5086 1126 5124 curn
1173 5069 1414 5126 diabolo.
1471 5069 1630 5144 [Item
1683 5071 1740 5124 in
1793 5072 1995 5126 eodem
2031 5087 2072 5141 ι)
2114 5073 2209 5126 illo
2241 5071 2436 5126 omnia
2465 5071 2630 5126 nobis
2670 5071 2958 5126 donavit?
3008 5093 3028 5119 ι
3075 5072 3246 5141 (Rom.
3293 5087 3414 5138 vni,
3462 5071 3672 5140 29-32.}
3705 5072 3811 5126 Sed

303 5157 486 5226 (tract.
530 5158 768 5227 xum):
822 5159 872 5229 [α
922 5159 1030 5214 Sed
1077 5177 1176 5214 vos
1229 5176 1350 5215 non
1398 5161 1644 5228 creditis,
1703 5160 1839 5232 quia
1883 5177 1996 5216 non

303 5245 435 5299 estis
475 5261 538 5299 ex
562 5245 761 5300 ovibus
793 5245 937 5301 meis
984 5249 1156 5318 (Joan.
1191 5266 1247 5311 x,
1280 5250 1390 5320 26).
1429 5271 1449 5299 ι
1477 5250 1601 5305 Jam
1644 5265 1815 5320 supra
1845 5249 1998 5304 didi-

301 5334 454 5388 cistis
486 5351 616 5405 qute
670 5335 784 5390 sint
829 5352 1008 5390 oves:
1062 5342 1242 5392 estote
1301 5355 1452 5392 oves.
1506 5338 1649 5393 Oves
1707 5338 1995 5393 credendo

301 5429 450 5492 sunt,
484 5440 618 5478 oves
649 5429 938 5495 pastorem
970 5426 1258 5497 sequendo
1294 5433 1448 5496 sunt,
1484 5444 1615 5481 oves
1647 5427 1994 5500 Redempto-

370 5594 390 5619 ε
420 5583 538 5638 lmo
581 5587 779 5638 auctor
813 5584 1298 5656 llypognosticon,
1336 5586 1433 5640 lib.
1469 5602 1542 5652 vr,
1579 5601 1702 5657 cap.
1730 5587 1783 5640 2.

2108 5161 2318 5232 quibus
2351 5180 2377 5210 ‹‹
2419 5159 2620 5216 nobis?
2653 5179 2680 5211 ι)
2714 5159 3012 5226 Prmscitis,
3037 5159 3478 5231 prmdestinatis,
3525 5160 3812 5230 justiﬁca-

2107 5249 2177 5303 tis
2208 5254 2265 5304 et
2294 5249 2646 5320 gloriﬁcatis.
2702 5250 2778 5303 De
2807 5249 3016 5320 quibus
3048 5249 3308 5320 sequitur
3337 5265 3350 5304 :
3388 5271 3415 5298 «
3449 5248 3585 5314 Quis
3640 5266 3811 5304 accu-

2107 5337 2254 5392 sabit
2310 5339 2579 5392 adversus
2651 5338 2860 5391 electos
2914 5337 3015 5392 Dei
3064 5338 3262 5409 (Ibid.,
3325 5338 3432 5408 33).
3465 5358 3492 5385 »
3553 5358 3579 5387 ‹‹
3641 5338 3813 5392 Novit

2106 5441 2240 5497 ergo
2275 5425 2543 5479 Dominus
2575 5424 2674 5498 qni
2701 5429 2835 5481 sunt
2865 5425 3026 5496 ejus;
3080 5448 3107 5474 ››
3165 5426 3270 5499 ipsi
3321 5430 3454 5481 sunt
3491 5442 3644 5482 oves.
3683 5428 3809 5482 Ali-

3891 1131 3894 1228 ι
