3920 6224
123 332 170 381 με
1156 321 1244 376 DE
1289 319 1954 375 l’ltsEDl'LS'l'lNA'l'lONE
1999 321 2138 376 DEI.
2171 350 2236 358 -—-
2266 322 2392 375 Llll.
2437 322 2502 376 Il.
3513 329 3577 378 46

117 455 305 529 quando
333 469 386 507 se
414 452 570 523 ipsas
611 452 896 521 nesciunt,
931 451 1030 506 sed
1075 455 1269 522 pastor
1301 451 1459 505 novit
1503 467 1620 520 eas,
1675 467 1764 505 se-
1793 458 1836 508 A
1877 467 2067 505 vocem
2101 468 2215 505 non
2238 455 2613 506 contemnunt
2640 452 2747 517 sui,
2797 469 2914 506 non
2963 453 3209 508 audiunt
3255 453 3471 526 alieni]
3509 457 3570 510 Et

115 547 320 601 cuudum
352 542 518 596 istam
576 542 1168 613 prmdestinationem,
1229 540 1541 595 secundum
1599 541 1764 594 istam

115 636 191 689 Dei
217 630 642 704 praescientiam,
675 631 992 686 secundum
1025 631 1368 685 electionem
1409 630 1602 683 ovium
1633 635 1766 683 ante

112 722 526 777 constitutionem
564 721 787 774 mundi.
827 722 963 774 Nam
998 720 1187 774 ethoc
1228 719 1366 774 dicit
1411 717 1715 787 Apostolus
1751 734 1763 772 :

115 837 134 858 ιι
161 813 290 866 Sicut
316 810 480 879 elegit
514 826 623 862 nos
661 809 720 862 in
753 808 874 878 ipso
906 815 1036 862 ante
1068 806 1538 870 constitutionem
1566 806 1768 860 mundi

110 901 238 971 (Eph.
271 919 304 963 ι,
332 900 400 968 4).
426 919 452 948 ι)
489 898 824 951 Secundum
857 897 1025 951 istam
1046 913 1182 966 ergo
1206 896 1633 973 prmscientiam
1669 895 1768 949 Dei

112 998 156 1042 et
209 987 778 1058 praedestinationem,
841 1002 1014 1056 quam
1071 985 1267 1038 multa!
1325 1001 1456 1039 oves
1531 985 1666 1038 foris
1711 988 1769 1037 et

108 1095 248 1150 quam
281 1075 432 1130 multi
469 1075 596 1146 lupi
630 1075 802 1140 intus,
845 1081 902 1128 et
928 1091 1102 1145 quam
1138 1075 1334 1128 multa:
1366 1091 1496 1127 oves
1529 1073 1681 1127 intus
1713 1077 1770 1127 et

112 1166 247 1221 mulli
276 1165 383 1236 lupi
412 1165 583 1218 foris!
632 1163 778 1228 Quid
811 1169 894 1216 est
922 1163 1080 1234 quod
1140 1163 1276 1230 dixi,
1341 1179 1515 1234 quam
1574 1162 1768 1217 multm

110 1272 217 1311 oves
242 1255 402 1308 foris?
430 1253 618 1317 Quam
657 1253 823 1307 multi
857 1253 1026 1306 modo
1081 1253 1465 1317 luxuriantur,
1511 1252 1646 1306 casti
1675 1252 1768 1305 fu-

112 1347 416 1416 turi;quam
457 1343 631 1397 multi
680 1343 1083 1413 blasphemant
1131 1343 1445 1407 Christum,
1498 1341 1770 1396 credituri

112 1435 160 1489 in
189 1435 479 1492 Christum;
519 1449 690 1503 quam
726 1432 890 1485 multi
923 1449 982 1484 se
1013 1431 1320 1497 ineliriant,
1355 1431 1527 1484 sobrii
1561 1431 1767 1496 futuri;

113 1539 255 1594 quam
281 1522 435 1575 multi
481 1522 722 1591 rapiunt
753 1538 839 1573 res
886 1521 1124 1581 alienas,
1179 1520 1448 1573 donaturi
1483 1537 1631 1572 suas.
1669 1520 1771 1572 Ve-

114 1617 396 1665 rumtamen
428 1612 604 1664 modo
637 1611 881 1664 alienam
912 1626 1106 1663 vocem
1138 1609 1402 1674 audiunt,
1427 1609 1642 1662 alienos
1677 1625 1771 1661 se-

112 1706 347 1772 quuntur.
380 1703 518 1754 Item
551 1717 724 1772 quam
759 1701 924 1754 multi
954 1700 1106 1754 intus
1138 1700 1387 1767 laudant,
1418 1697 1772 1768 blasphema-

114 1791 230 1856 turi;
259 1789 384 1844 casti
416 1796 573 1857 sunt,
607 1789 974 1854 fornicaturi;
1011 1790 1182 1843 sobrii
1215 1794 1368 1846 sunt.
1417 1804 1474 1842 se
1507 1788 1636 1841 vino
1669 1803 1768 1857 po-

111 1887 209 1932 stea
263 1877 567 1949 sepultnri;
631 1885 784 1932 stant
843 1878 1048 1946 casuri,
1111 1895 1227 1931 non
1289 1883 1423 1930 sunt
1472 1893 1621 1930 oves.
1694 1876 1769 1928 De

112 1966 496 2036 prmdestinatis
525 1966 680 2019 enim
713 1967 1036 2036 loquimur;
1071 1965 1138 2018 de
1164 1964 1251 2018 his
1281 1965 1596 2036 loquimur,
1629 1979 1774 2034 quos

114 2056 296 2109 «novit
327 2055 605 2110 Dominus
660 2054 759 2126 qui
790 2060 922 2108 sunt
953 2055 1074 2122 ejus
1104 2054 1173 2123 (II
1215 2056 1350 2107 Tim.
1398 2070 1455 2120 ιι,
1504 2055 1620 2120 l9);
1661 2075 1680 2100 υ
1718 2057 1774 2106 et

112 2150 272 2198 tamen
301 2145 405 2214 ipsi
445 2144 707 2215 quandiu
740 2148 886 2197 recte
910 2143 1160 2214 sapiunt,
1202 2141 1412 2196 Christi
1443 2157 1640 2196 vocem
1671 2157 1772 2195 an-

110 2234 266 2288 diunt.
291 2234 419 2287 Ecce
453 2233 704 2286 audiunt
729 2231 858 2302 ipsi,
888 2248 1003 2285 non
1034 2231 1277 2285 audiunt
1326 2230 1431 2297 illi,
1481 2235 1536 2284 et
1581 2235 1776 2284 tamen

111 2322 385 2375 secundum
418 2321 984 2393 prmdcstinationem
1038 2336 1151 2374 non
1201 2336 1332 2373 oves
1382 2319 1497 2387 isti,
1549 2323 1605 2372 et
1629 2335 1776 2389 ioves

110 2411 195 2463 illi.
223 2411 408 2465 Adhuc
450 2415 648 2464 manet
677 2410 938 2479 quaestio,
985 2425 1112 2480 quae
1167 2408 1310 2461 mihi
1357 2407 1588 2462 interim
1625 2424 1776 2461 nunc

110 2499 302 2552 videtur
347 2498 424 2552 ita
472 2514 642 2568 posse
692 2497 944 2551 dissolvi.
999 2498 1094 2550 Est
1141 2496 1333 2567 aliqua
1375 2512 1500 2563 vox,
1534 2502 1637 2564 est,
1682 2495 1773 2550 in-

110 2603 272 2657 quam,
297 2588 486 2659 aliqua
521 2604 626 2640 vox
667 2587 929 2656 pastoris,
966 2587 1024 2640 in
1057 2602 1168 2656 qua
1197 2602 1328 2639 oves
1375 2602 1491 2639 non
1535 2585 1779 2640 audiunt

111 2676 311 2740 alienos,
337 2676 396 2728 in
420 2693 541 2746 qua
577 2691 694 2729 non
725 2691 858 2729 oves
885 2691 1003 2728 non
1034 2674 1280 2728 audiunt
1307 2673 1614 2728 Christum.
1640 2672 1776 2736 Quae

112 2766 179 2814 est
203 2762 298 2814 ista
327 2763 475 2816 vox?
511 2784 538 2811 ‹‹
583 2761 688 2825 Qui
739 2761 1191 2832 perseveraverit
1252 2777 1435 2832 usque
1467 2760 1526 2813 in
1577 2762 1776 2827 tinem,

109 2850 184 2903 hic
218 2852 394 2905 salvus
423 2851 536 2905 erit
570 2849 787 2910 (Matth.
820 2867 876 2910 x,
911 2852 1020 2912 22).
1050 2870 1077 2898 »
1122 2849 1278 2903 Hanc
1306 2865 1503 2903 vocem
1532 2865 1648 2902 non
1676 2865 1776 2903 ne-

108 2939 246 3007 gligit
270 2940 559 3011 proprius,
588 2955 705 2993 non
728 2939 887 2993 audit
911 2939 1131 2992 alienus
1165 2955 1177 2992 :
1213 2954 1348 2992 nam
1380 2943 1438 2993 et
1464 2938 1560 2993 ille
1588 2937 1695 2991 hoc
1726 2937 1779 2991 ei

107 3027 362 3095 praedicat,
397 3034 458 3081 ut
489 3032 816 3097 perseveret
853 3026 1002 3097 apud
1035 3025 1224 3096 ipsum
1258 3041 1440 3097 usque
1471 3026 1531 3078 iu
1578 3024 1775 3090 ﬁnem,
1807 3060 1846 3117 Ο

110 3121 154 3167 et
177 3133 276 3169 non
306 3118 456 3187 apud
499 3118 682 3170 Deum
708 3115 1148 3186 perseverando,
1184 3131 1300 3168 non
1319 3114 1481 3168 audit
1512 3114 1656 3168 hanc
1685 3130 1778 3167 vo-

105 3221 203 3258 cem
229 3222 241 3260 :
272 3205 426 3260 venit
447 3206 524 3260 ad
565 3205 876 3270 Christum,
931 3203 1150 3258 audivit
1182 3203 1292 3258 alia
1325 3209 1381 3258 et
1429 3205 1540 3258 alia
1584 3203 1775 3269 verba,

106 3295 188 3347 illa
210 3299 260 3349 et
287 3295 382 3348 illa
412 3295 639 3360 omnia,
685 3310 818 3348 vera
845 3309 984 3347 sana
1005 3292 1218 3361 omnia,
1244 3293 1396 3346 inter
1425 3308 1553 3362 qua:
1585 3291 1779 3346 omnia

106 3388 174 3436 est
206 3387 256 3436 et
280 3384 376 3437 illa
406 3399 512 3437 vox
553 3399 568 3437 :
606 3404 633 3432 ‹‹
669 3382 774 3446 Qui
806 3381 1253 3453 perseveraverit
1283 3397 1459 3452 usque
1489 3381 1548 3436 in
1579 3381 1776 3446 tinem,

106 3470 180 3523 hic
207 3472 382 3526 salvus
432 3472 570 3526 erit.
605 3492 633 3520 ››
698 3472 869 3525 Istam
903 3469 1003 3541 qui
1049 3469 1296 3524 audierit
1353 3470 1476 3523 ovis
1532 3473 1636 3524 est.
1671 3470 1780 3526 Sed

108 3560 340 3616 audiebat
371 3561 542 3615 illam
575 3560 768 3614 nescio
790 3560 919 3631 quis
947 3564 1004 3614 et
1039 3559 1310 3630 desipuit,
1355 3558 1638 3630 refriguit,
1679 3576 1780 3613 au-

106 3649 219 3703 divit
244 3651 493 3705 alienam
534 3649 648 3719 :jsi
697 3649 1136 3719 praedestinatus
1183 3652 1288 3716 est,
1329 3648 1398 3702 ad
1431 3652 1654 3717 tempus
1687 3666 1780 3704 er-

111 3738 244 3804 ravit,
275 3739 329 3794 in
360 3745 656 3793 aeternum
688 3755 799 3792 non
843 3738 1047 3808 periit;
1080 3737 1229 3801 redit
1273 3742 1338 3792 ut
1393 3738 1585 3792 audiat
1633 3739 1783 3810 quod

113 3828 340 3896 neglexit,
375 3828 557 3883 faciat
587 3827 741 3899 quod
774 3826 1010 3882 audivit.
1059 3826 1115 3882 Si
1153 3827 1306 3881 enim
1350 3827 1420 3881 de
1452 3826 1541 3881 bis
1573 3833 1656 3881 est
1684 3827 1785 3898 qui

112 3917 462 3985 pradcstinati
489 3922 650 3982 sunt,
686 3922 742 3970 et
773 3932 1024 3971 errorem
1076 3916 1255 3986 ipsius
1288 3917 1435 3971 Deus
1481 3916 1785 3987 prce—scivit,

111 4010 153 4055 et
176 4007 602 4061 conversionem
638 4005 920 4073 futuram;
947 4005 994 4058 si
1045 4004 1350 4066 aberravit,
1383 4004 1555 4072 redit,
1591 4009 1654 4058 ut
1683 4021 1789 4058 au-

115 4092 227 4147 divit
252 4112 446 4149 vocem
491 4095 657 4149 illam
691 4094 956 4164 pastoris,
1015 4098 1071 4146 et
1127 4096 1400 4164 sequatur
1453 4092 1783 4148 dicentem:

114 4205 134 4225 ιι
167 4183 255 4247 Qui
276 4183 739 4255 perseveraverit
770 4183 1026 4254 usqueiin
1054 4180 1368 4253 tinem,§hic
1387 4182 1572 4236 salvus
1595 4183 1722 4237 erit.
1759 4204 1786 4232 »

121 4270 247 4324 Bona
274 4289 398 4338 vox,
433 4273 673 4340 fratres,
708 4287 860 4338 vera,
912 4271 1213 4342 pastoralis
1250 4271 1378 4341 ipsa
1429 4275 1556 4325 est:
1596 4293 1615 4319 α
1677 4271 1790 4325 Vox

1875 541 1966 594 hic
1993 558 2121 594 cum
2152 541 2290 594 dicit
2320 541 2638 595 secundum
2671 543 3232 612 prmdestinationem
3279 560 3394 598 non
3436 561 3568 599 oves

1875 630 2032 697 istos,
2067 634 2121 682 et
2154 646 2284 684 oves
2314 629 2465 697 illos,
2494 631 2742 684 ostendit
2775 632 3066 702 geminam
3100 649 3220 686 esse
3274 633 3570 703 praedesti-

1877 718 2189 784 nationem,
2226 720 2368 772 Item
2401 719 2458 771 in
2481 719 2683 772 eodem
2708 719 2888 790 (tract.
2932 722 3083 789 xm).
3114 721 3294 791 [Quod
3330 739 3464 777 vero
3488 740 3573 777 sc-

1875 807 2115 877 qnitnr:
2179 829 2205 855 ‹‹
2241 808 2549 877 Propterea
2579 824 2677 861 vos
2719 825 2832 862 non
2865 809 3090 871 auditis,
3141 811 3276 880 quia
3344 828 3408 866 ex
3457 813 3571 866 Deo

1879 911 1990 949 non
2023 896 2155 949 estis
2186 895 2366 966 (Joun.
2402 913 2518 961 vin,
2550 897 2666 965 47),
2702 915 2727 949 ι)
2789 897 2870 951 eis
2901 897 3120 952 dictum
3151 905 3236 953 est
3287 900 3389 970 qui
3448 917 3564 956 non

1879 987 2064 1038 solum
2096 991 2326 1056 peccato
2360 985 2544 1039 vitiosi
2585 989 2769 1048 erant,
2828 1003 2962 1040 nam
2999 988 3106 1040 hoc
3153 988 3367 1042 malum
3416 1006 3572 1044 com-

1877 1088 2050 1126 mune
2087 1080 2205 1127 erat
2237 1074 2526 1140 omnibus,
2558 1075 2656 1129 sed
2689 1075 2861 1129 etiam
2894 1079 3231 1147 praecogniti
3261 1078 3414 1148 quod
3460 1096 3574 1133 non

1877 1160 2105 1215 fuerant
2129 1162 2399 1216 credituri
2441 1178 2507 1216 ea
2536 1163 2668 1229 ﬁde,
2715 1180 2829 1234 qua
2861 1163 2980 1217 sola
3011 1169 3252 1235 possunt
3304 1183 3334 1218 a
3375 1182 3571 1236 pecca-

1877 1253 2070 1304 torum
2121 1251 2472 1322 obligatione
2530 1252 2782 1306 liberari.
2819 1254 3186 1324 Quapropter
3236 1256 3578 1326 przesciebat

1879 1340 2024 1406 illos,
2055 1340 2266 1405 quibus
2292 1341 2428 1395 talia
2468 1341 2709 1409 dicebat,
2742 1342 2804 1396 in
2832 1358 2900 1397 eo
2950 1359 3376 1412 permansuros,
3423 1346 3577 1414 quod

1880 1446 1944 1482 ex
1980 1428 2206 1483 diabolo
2235 1438 2416 1496 erant,
2451 1431 2508 1484 id
2542 1437 2624 1485 est
2652 1432 2708 1485 in
2736 1433 2853 1485 suis
2879 1433 3124 1502 peccatis
3157 1439 3329 1504 atque
3377 1435 3570 1504 impie-

1880 1523 1992 1571 tate
2025 1519 2354 1586 morituros,
2389 1519 2450 1572 in
2484 1535 2596 1589 qua
2624 1520 2676 1573 ei
2700 1520 2917 1574 similes
2943 1527 3128 1589 erant,
3158 1538 3264 1575 nec
3308 1528 3578 1576 venturos

1881 1607 1950 1660 ad
1983 1608 2503 1678 regenerationem,
2535 1609 2592 1661 in
2633 1625 2744 1679 qua
2794 1614 2984 1663 essent
3023 1611 3123 1664 ﬁlii
3177 1611 3298 1674 Dei,
3342 1612 3450 1665 hoc
3494 1618 3578 1665 est

1882 1711 1946 1748 ex
1984 1695 2096 1748 Deo
2129 1695 2270 1764 nati,
2298 1712 2330 1749 a
2361 1712 2474 1767 quo
2505 1705 2665 1751 erant
2705 1697 2967 1750 homines
3013 1699 3208 1752 creati.
3251 1699 3580 1753 Secundum

1882 1784 2027 1838 hanc
2080 1785 2638 1855 praedestinationcm
2694 1785 2915 1839 locutus
2970 1790 3055 1840 est
3112 1787 3408 1854 Dominus,
3462 1803 3581 1842 non

1882 1873 2036 1943 quod
2062 1873 2312 1943 aliquem
2345 1874 2638 1928 hominem
2670 1876 2973 1943 invenerit,
3007 1875 3106 1946 qui
3138 1877 3227 1930 vel
3260 1877 3577 1931 secundum

1881 1964 2376 2032 regenerationem
2398 1963 2519 2034 jam
2551 1969 2700 2018 esset
2727 1980 2794 2018 ex
2828 1966 2961 2032 Deo,
2990 1965 3076 2019 vel
3125 1966 3442 2020 secundum
3477 1983 3579 2021 na—

1883 2056 2069 2105 turam
2094 2052 2213 2121 jam
2244 2069 2359 2106 non
2391 2057 2536 2106 esset
2580 2069 2646 2106 ex
2681 2053 2837 2122 Deo.)
2871 2055 2936 2107 Et
2962 2054 3055 2108 hic
3087 2053 3222 2108 dum
3265 2055 3578 2110 secundum

1881 2140 2453 2209 przedestinationem
2495 2140 2632 2194 dicit
2682 2141 2935 2195 locutum
2977 2157 3097 2196 esse
3149 2142 3479 2203 Dominum,
3521 2151 3583 2198 ut

1883 2228 2063 2298 aliqui
2117 2233 2306 2282 essent
2345 2245 2411 2282 ex
2471 2230 2606 2298 Deo,
2661 2229 2758 2284 alii
2814 2246 2930 2284 non
2983 2247 3046 2284 ex
3099 2232 3232 2298 Deo,
3286 2231 3579 2302 geminam

1884 2317 2135 2371 ostendit
2164 2317 2745 2388 prmdestinationem.
2775 2318 2993 2372 Itemin
3019 2319 3220 2373 eodem
3256 2320 3437 2390 (tract.
3468 2324 3580 2389 cx),

1884 2421 2014 2458 cum
2045 2405 2113 2458 de
2145 2405 2358 2459 mundo
2398 2405 2554 2459 tideli
2600 2405 2892 2463 etinﬁdeli
2937 2407 3273 2478 loqueretur
3327 2408 3406 2462 sic
3450 2408 3530 2462 ait
3564 2425 3577 2463 :

1887 2492 2213 2566 [lstﬂautem
2247 2511 2467 2562 omnes,
2492 2495 2629 2565 quid
2649 2499 2733 2549 est
2755 2495 2863 2549 nisi
2890 2496 3178 2550 mundus?
3215 2498 3340 2551 Non
3363 2497 3582 2552 hostilis

1885 2583 2103 2654 utique,
2138 2583 2233 2637 sed
2277 2583 2486 2638 tidclis.
2549 2585 2687 2638 Nam
2738 2600 2888 2650 ecce,
2943 2584 3042 2656 qui
3091 2585 3348 2640 dixerat:
3385 2605 3410 2636 «
3455 2587 3580 2640 Non

1885 2687 1988 2743 pro
2021 2672 2232 2726 mundo
2266 2687 2404 2740 rogo
2454 2674 2626 2743 (Joan.
2659 2689 2789 2739 xvu,
2825 2674 2897 2744 9),
2932 2692 2959 2725 »
3008 2690 3112 2744 pro
3154 2674 3371 2727 mundo
3418 2679 3584 2744 rogat

1885 2765 1948 2816 ut
1973 2761 2183 2828 credat,
2208 2760 2480 2832 quoniam
2514 2765 2599 2815 est
2630 2762 2877 2816 mundus
2907 2761 2976 2816 de
2999 2778 3112 2833 quo
3145 2763 3417 2833 scriptum
3447 2771 3530 2818 est
3565 2779 3578 2818 :

1889 2869 1916 2901 α
1949 2851 2026 2904 Ne
2058 2865 2186 2904 cum
2219 2849 2436 2904 mundo
2479 2849 2820 2904 damnemus
2851 2852 2908 2920 (I
2950 2852 3080 2905 Cor.
3132 2867 3207 2917 χι,
3241 2853 3346 2921 32).
3394 2872 3422 2902 ››
3472 2853 3580 2906 Pro

1886 2939 1994 2994 isto
2029 2939 2246 2994 mundo
2271 2955 2386 2993 non
2417 2943 2610 3009 rogat:
2664 2955 2854 3011 neque
2882 2940 3035 2993 enim
3082 2956 3196 3011 quo
3250 2941 3320 2993 sit
3353 2942 3583 3011 praede-

1890 3029 2152 3090 stinatus,
2183 3027 2431 3097 ignorat.
2463 3029 2530 3082 Et
2575 3035 2660 3082 est
2709 3028 2957 3082 mundus
3013 3028 3082 3083 de
3133 3045 3246 3100 quo
3307 3030 3581 3100 scriptum

1889 3121 1974 3171 est
2007 3133 2020 3170 :
2051 3136 2076 3166 α
2115 3117 2237 3170 Νοη
2271 3115 2425 3170 venit
2460 3116 2610 3170 filius
2640 3116 2892 3171 hominis
2931 3120 2996 3170 ut
3019 3117 3242 3188 judicet
3277 3119 3583 3187 mundum,

1887 3205 1983 3260 sed
2012 3209 2074 3258 ut
2103 3205 2354 3259 salvetur
2393 3205 2640 3260 mundus
2671 3221 2776 3275 per
2824 3204 3014 3276 ipsum
3067 3207 3244 3275 (Joan.
3296 3223 3376 3272 ιιι,
3414 3207 3518 3275 17).
3554 3225 3581 3257 ιο

1889 3293 2051 3349 Unde
2077 3297 2134 3347 et
2173 3293 2484 3364 Apostolus
2515 3309 2528 3347 :
2563 3314 2590 3342 «
2635 3294 2801 3360 Deus,
2835 3292 3045 3363 inquit,
3089 3299 3210 3347 erat
3247 3293 3304 3348 in
3362 3293 3585 3347 Christo

1903 3384 2182 3437 mundum
2239 3383 2614 3437 reconcilians
2661 3382 2770 3436 sibi
2801 3383 2880 3449 (lI
2937 3385 3058 3439 Cor.
3107 3399 3160 3448 ν,
3203 3383 3306 3452 19).
3351 3381 3407 3454 η]
3447 3383 3588 3437 Cum

1890 3471 2043 3526 enim
2067 3471 2204 3527 dicit
2245 3472 2381 3543 quia
2419 3488 2534 3526 non
2594 3471 2822 3541 ignorat
2867 3489 2981 3543 quo
3027 3471 3098 3526 sit
3144 3473 3587 3542 praedestinatus

1892 3561 2160 3627 mundus,
2195 3578 2298 3632 pro
2326 3578 2439 3633 quo
2477 3577 2595 3615 non
2641 3565 2825 3631 rogat,
2879 3561 3179 3615 manifeste
3231 3562 3589 3615 demonstrat

1891 3651 2458 3723 praedestinationem
2506 3650 2904 3720 reproborum.
2972 3651 3036 3704 Et
3101 3650 3236 3720 quia
3283 3649 3584 3720 prcedesti-

1893 3739 2048 3794 natio
2080 3739 2392 3793 electorum
2423 3743 2479 3792 et
2527 3737 2926 3808 reproborum,
2981 3738 3213 3806 gemina
3253 3753 3374 3790 esse
3424 3753 3587 3790 mon-

1894 3833 2105 3883 stratur
2133 3827 2585 3898 praedestinatio.
2620 3827 2760 3880 Item
2793 3826 2851 3879 in
2875 3825 3075 3880 eodem
3111 3825 3296 3895 (ibid)
3333 3841 3346 3879 :
3384 3823 3589 3897 [Quan-

1896 3917 1992 3972 diu
2013 3915 2167 3970 enim
2193 3915 2480 3970 credimus
2507 3915 2656 3987 quod
2679 3931 2793 3968 non
2808 3914 3084 3981 videmus,
3108 3915 3365 3969 nondum
3389 3931 3588 3969 sumus

1894 4007 1971 4062 ita
2002 4009 2384 4061 consummati
2428 4005 2912 4076 quemadmodum
2944 4005 3178 4071 erimus,
3209 4021 3340 4058 cum
3369 4021 3593 4059 merue-

1896 4095 2076 4150 rimus
2105 4095 2293 4149 vidcre
2324 4095 2478 4166 quod
2518 4094 2828 4148 credimus.
2887 4093 3221 4148 Rectissime
3265 4093 3444 4164 igitur
3472 4094 3586 4164 tibi,

1901 4205 1929 4235 ‹‹
1959 4189 2020 4239 ut
2048 4185 2237 4238 credat
2269 4184 2545 4251 mundus;
2593 4184 2706 4248 hic,
2765 4187 2825 4236 ut
2872 4187 3177 4253 cognoscat
3225 4183 3476 4238 mundus
3509 4199 3523 4237 :
3560 4205 3586 4233 ››

1899 4278 2092 4327 tamen
2121 4279 2177 4326 et
2207 4272 2285 4325 ibi
2317 4277 2375 4326 et
2394 4272 2484 4326 hic
2516 4292 2543 4321 «
2591 4272 2726 4342 quia
2759 4275 2818 4324 tu
2863 4287 2951 4324 me
2982 4270 3186 4325 misisti
3234 4271 3412 4341 (Joan.
3455 4287 3588 4338 xvu,

116 4359 278 4414 salutis
307 4363 364 4416 in
388 4361 1096 4430 tabernaculisjustorum
1134 4360 1252 4427 (Ps.
1298 4377 1375 4426 XI,
1414 4360 1524 4427 15).
1565 4379 1591 4408 ι)
1651 4360 1790 4414 Nam
1824 4365 1864 4418 D
1902 4364 2015 4424 ‘21),
2045 4380 2071 4415 »
2109 4369 2172 4416 ut
2200 4361 2531 4415 noverimus
2583 4364 2862 4432 quantum
2899 4361 3152 4431 pertinet
3199 4361 3269 4414 ad
3320 4361 3501 4414 Patris
3538 4366 3592 4414 et

115 4448 243 4503 facile
271 4460 351 4504 est
382 4451 599 4505 audire
648 4450 956 4510 Christum,
995 4449 1160 4503 facile
1207 4455 1292 4502 est
1337 4449 1570 4503 laudare
1607 4449 1785 4502 Evan-

116 4537 306 4606 gelium,
343 4538 517 4593 facile
554 4542 642 4589 est
675 4538 990 4591 acelamare
1024 4537 1396 4608 disputatori;
1424 4553 1790 4607 perseverare

118 4640 262 4694 usque
290 4628 346 4681 in
377 4628 594 4692 tinem,
646 4626 752 4679 hoc
795 4631 879 4680 est
926 4626 1119 4680 ovium
1166 4642 1362 4680 vocem
1414 4625 1656 4696 pastoris
1686 4642 1789 4678 au-

117 4713 377 4771 dientium.
412 4715 720 4788 ,Tentatio
778 4715 1000 4781 accidit,
1052 4731 1356 4785 persevera
1403 4731 1584 4785 usque
1646 4715 1704 4768 in
1734 4715 1795 4768 li-

60 4816 64 4822 '
119 4817 240 4857 nem.
270 4806 458 4876 Usque
487 4805 556 4859 in
590 4819 765 4874 quem
798 4804 970 4858 linem
1005 4803 1434 4873 perseverabis?
1483 4803 1794 4873 Quousque

117 4889 252 4945 finias
311 4895 488 4948 viam.
562 4893 829 4957 Quandiu
894 4893 1045 4946 enim
1098 4909 1214 4946 non
1267 4891 1428 4946 audis
1481 4891 1792 4960 Christum,

119 4981 430 5036 adversarius
501 4988 647 5035 tuus
719 4987 805 5034 est
896 4983 956 5035 in
995 4981 1106 5035 ista
1152 4981 1266 5050 via,
1295 4982 1402 5035 hoc
1459 4985 1542 5035 est
1595 4981 1652 5034 in
1691 4981 1798 5034 ista

121 5073 302 5125 mortali
349 5073 498 5126 vita.
552 5069 666 5124 Sed
720 5069 856 5139 quid
907 5069 1084 5124 dicit?
1136 5091 1163 5118 «
1192 5069 1487 5124 Concorda
1535 5085 1664 5124 cum
1701 5070 1801 5124 ad-

123 5162 324 5214 vei-sario
356 5167 461 5216 tuo
497 5159 647 5224 cito,
684 5159 820 5212 dum
866 5174 925 5212 es
969 5174 1096 5212 cum
1149 5174 1218 5212 eo
1250 5159 1308 5212 in
1358 5157 1446 5212 via
1502 5160 1719 5228 (Matth.
1744 5175 1796 5225 v,

125 5248 267 5300 ‘15.»
321 5248 592 5312 Audisti,
647 5247 962 5314 credidisti,
991 5247 1367 5303 concordasti.
1419 5247 1476 5302 Si
1533 5247 1796 5301 adversa-

125 5335 237 5390 baris
279 5339 606 5393 concorda.
659 5336 715 5389 Si
767 5336 870 5391 tibi
913 5337 1233 5407 praestitum
1292 5339 1378 5389 est
1432 5336 1801 5402 concordare,

127 5425 481 5482 uoliulterius
520 5425 783 5494 litigare.
827 5425 1066 5489 Quando
1120 5425 1272 5479 enim
1306 5425 1543 5479 ﬁniatur
1589 5425 1678 5478 via
1703 5441 1802 5478 ne-

248 5517 338 5570 sed
369 5523 592 5570 tamen
624 5513 734 5566 scit
762 5512 877 5567 ille.
920 5513 972 5567 Si
1010 5513 1132 5567 ovis
1179 5530 1260 5580 es,
1294 5519 1348 5568 et
1387 5514 1435 5568 si
1468 5529 1806 5584 persevera-

131 5603 239 5655 veris
264 5621 445 5677 usque
486 5605 549 5658 in
606 5602 806 5668 linem,
851 5601 1036 5656 salvus
1067 5602 1179 5657 eris
1208 5618 1222 5656 :
1256 5618 1319 5658 ac
1358 5617 1462 5674 per
1487 5602 1596 5656 hoc
1636 5601 1803 5659 istam

1901 4451 2021 4505 Filii
2057 4450 2503 4520 insuperabilem
2522 4450 2880 4515 charitatem,
2906 4451 3013 4504 hoc
3042 4465 3144 4502 nos
3169 4449 3342 4502 modo
3364 4449 3593 4502 credere

1899 4539 2051 4609 quod
2103 4538 2392 4592 tendimus
2431 4537 2717 4592 credendo
2767 4553 3130 4606 cognoscere.
3169 4536 3226 4590 Si
3277 4542 3468 4590 autem
3501 4535 3594 4590 di-

1899 4631 2069 4693 crret,
2102 4631 2166 4680 ut
2186 4631 2528 4697 cognoscant
2554 4626 2691 4697 quia
2720 4621 2782 4681 tu
2834 4642 2924 4679 me
2977 4625 3198 4692 misisti,
3237 4625 3593 4678 tantumdem

1902 4717 2116 4770 valeret
2143 4720 2424 4786 quantum
2457 4716 2563 4769 hoc
2594 4715 2749 4786 quod
2781 4714 2881 4781 ait,
2909 4736 2934 4762 u
2977 4718 3040 4766 ut
3077 4717 3384 4783 cognoscat
3428 4728 3596 4765 mun-

1903 4805 2026 4859 dus.
2065 4823 2093 4855 ι)
2135 4804 2397 4874 lpsisunt
2422 4803 2574 4858 enim
2597 4803 2865 4866 mundus,
2901 4817 3013 4855 non
3047 4798 3390 4869 permanens
3413 4798 3596 4852 inimi-

1902 4909 2019 4957 cus,
2054 4894 2240 4963 qualis
2298 4898 2385 4946 est
2427 4893 2677 4945 mundus
2729 4889 3086 4944 damnationi
3136 4888 3594 4958 prasdestinatus,

1904 4982 1998 5037 sed
2031 4998 2092 5035 ex
2117 4982 2350 5035 inimico
2383 4981 2602 5033 amicus
2635 4980 2886 5046 effectus,
2925 4983 3164 5049 propter
3191 4993 3362 5048 quem
3391 5000 3418 5026 «
3453 4979 3600 5032 Deus

1906 5077 2029 5125 erat
2058 5070 2117 5123 in
2150 5070 2370 5124 Christo
2403 5068 2684 5122 mundum
2713 5067 3085 5122 reconcilians
3142 5065 3365 5135 sibi(I[
3392 5069 3510 5122 Cor.
3547 5083 3597 5132 v,

1913 5158 2016 5228 19).
2053 5177 2079 5206 δ)
2111 5157 2445 5213 Ideodixiza
2469 5158 2582 5226 Ego
2606 5155 2663 5209 in
2679 5155 2782 5221 eis,
2807 5161 2862 5209 et
2881 5161 2941 5210 tu
2963 5155 3020 5208 in
3037 5171 3157 5220 me;
3185 5176 3210 5203 n
3229 5161 3500 5225 tanquam
3517 5155 3600 5208 di-

1908 5252 2059 5301 ceret
2094 5262 2153 5300 τα
2180 5247 2294 5317 Ego
2319 5245 2374 5299 in
2390 5245 2470 5300 eis
2491 5267 2516 5294 ››
2535 5244 2602 5298 ad
2625 5261 2768 5316 quos
2783 5244 2989 5298 misisti
3013 5260 3135 5309 me;
3161 5267 3180 5292 ι
3212 5249 3267 5297 et
3289 5243 3421 5298 tuin
3438 5260 3547 5308 me,
3574 5265 3600 5288 ιι

1912 5335 2193 5389 mundum
2239 5334 2613 5389 reconcilians
2652 5333 2756 5388 tibi
2796 5349 2898 5402 per
2927 5350 3034 5387 me.
3082 5335 3387 5403 Propterea
3414 5332 3602 5402 sequi-

1914 5429 2008 5477 tur
2036 5424 2210 5478 etiam
2239 5423 2377 5478 illud
2411 5423 2562 5495 quod
2595 5423 2673 5477 ait
2703 5439 2714 5476 :
2751 5443 2776 5474 «
2821 5424 2885 5476 Et
2931 5422 3176 5476 dilexisti
3213 5437 3325 5488 eos,
3360 5421 3505 5474 sicut
3550 5424 3608 5473 et

1913 5528 2004 5567 me
2033 5511 2280 5566 dilexisti
2314 5512 2496 5581 (Ibid.,
2526 5515 2640 5580 ‘23).
2681 5533 2708 5563 »
2758 5513 2819 5566 In
2855 5512 2993 5566 Filio
3041 5511 3254 5581 quippe
3295 5511 3461 5564 Pater
3503 5524 3606 5561 nos

1913 5600 2118 5670 diligit,
2142 5601 2280 5670 quia
2313 5622 2337 5644 «ι
2371 5601 2427 5654 in
2457 5601 2580 5671 ipso
2608 5618 2712 5654 nos
2744 5601 2914 5669 elegit
2951 5604 3078 5652 ante
3111 5597 3309 5652 mundi
3340 5596 3607 5649 constitu-
