3920 6224
274 346 340 397 47
1428 337 1782 393 BATRAMNI
1822 336 2278 395 CORBEIENSIS
2320 335 2625 392 MONACHI
3714 336 3781 388 48

277 472 544 547 tionem].
577 495 603 524 »
641 474 705 528 Et
728 472 820 526 hic
855 472 1049 527 dicens
1087 469 1367 524 mundum
1419 468 1773 523 damnationi
1823 485 1969 538 prae-
2002 473 2043 524 A
2083 474 2253 538 atque
2281 466 2612 537 hujusmodi
2645 482 2878 521 venena.
2910 465 3066 535 fidei,
3098 466 3209 520 nisi
3256 467 3444 521 dicere
3490 467 3778 532 timerem,

277 564 645 629 destinatum,
707 561 1000 632 geminam
1062 559 1311 613 ostendit
1380 558 1970 628 praedestinationem.

277 654 420 707 Item
450 652 510 705 in
529 651 728 705 eodem
752 650 932 720 (tract.
962 650 1037 717 χι)
1072 665 1083 702 :
1110 647 1433 718 [Quomodo
1457 662 1593 716 ergo
1622 662 1736 699 non
1759 645 1973 699 erimus

276 758 405 795 cum
466 739 689 796 Christo
746 738 846 792 ubi
897 744 1002 803 est,
1067 737 1298 807 quando
1357 735 1415 788 in
1468 737 1633 788 Patre
1684 751 1813 788 cum
1874 734 1972 787 illo

276 830 521 905 erimus,
574 828 635 882 in
689 844 803 899 quo
857 832 961 881 est.
1026 827 1220 896 Neque
1279 825 1412 878 hinc
1460 824 1763 893 Apostolus
1811 821 1974 875 nobis

276 918 535 990 quamvis
567 917 827 971 nondum
860 932 980 969 rem
1012 913 1359 979 tenentibus,
1411 913 1509 966 sed
1563 918 1756 966 tamen
1799 911 1971 980 [spem

276 1007 609 1077 gerentibus
647 1006 825 1059 tacuit
859 1022 871 1058 :
911 1003 988 1057 ait
1018 1004 1173 1056 enim
1212 1019 1279 1056 ια
1311 1002 1367 1055 Si
1412 999 1800 1054 resurrexistis
1842 1015 1972 1052 cum

277 1096 518 1161 Christo,
551 1111 680 1166 qua:
713 1110 937 1147 sursum
987 1097 1118 1145 sunt
1151 1091 1410 1162 quaerite,
1466 1089 1563 1144 ubi
1589 1088 1844 1143 Christus
1892 1092 1977 1141 est

275 1184 335 1238 in
368 1184 567 1237 dextra
601 1182 698 1236 Dei
740 1182 983 1247 sedens;
1030 1196 1160 1251 quas
1191 1195 1417 1232 sursum
1448 1183 1581 1231 sunt
1620 1176 1823 1246 sapite,
1857 1191 1974 1228 non

279 1288 405 1342 quae
438 1287 611 1341 super
637 1276 848 1325 terram
879 1286 893 1323 :
932 1268 1143 1322 mortui
1179 1268 1331 1321 enim
1365 1267 1517 1329 estis,
1550 1271 1607 1319 et
1637 1271 1746 1318 Vita
1778 1270 1973 1333 .vestra

278 1359 612 1413 abscondita
643 1363 725 1411 est
771 1374 901 1411 cum
942 1357 1165 1411 Christo
1206 1356 1262 1408 in
1296 1357 1409 1409 Deo
1468 1356 1598 1423 (Col.
1636 1370 1717 1420 Ill,
1774 1353 1907 1423 l-3).
1945 1371 1972 1404 ιο

280 1450 416 1502 Ecce
470 1447 704 1500 interim
763 1462 868 1515 per
916 1446 1085 1499 iidem
1135 1461 1198 1497 ac
1247 1460 1405 1513 spem
1462 1444 1572 1495 vita
1635 1449 1829 1495 nostra
1875 1442 1973 1495 ubi

279 1537 535 1591 Christus
573 1540 676 1601 est,
710 1551 839 1587 cum
872 1534 971 1587 illo
1012 1537 1117 1598 est,
1152 1532 1288 1602 quia
1317 1548 1447 1585 cum
1493 1531 1717 1585 Christo
1768 1531 1824 1583 in
1862 1531 1975 1583 Deo

277 1630 379 1680 est.
407 1628 540 1679 Ecce
566 1626 723 1678 velut
746 1624 867 1694 jam
911 1623 1123 1675 factum
1156 1628 1238 1674 est
1288 1622 1441 1690 quod
1496 1620 1680 1672 oravit
1709 1624 1771 1671 ut
1816 1620 1977 1671 lieret

276 1714 469 1768 dicens
502 1731 514 1767 :
550 1736 569 1761 ‹
610 1713 750 1765 Volo
786 1716 850 1764 ut
900 1711 997 1763 ubi
1031 1728 1137 1779 ego
1189 1726 1337 1771 sum,
1386 1714 1441 1761 et
1480 1708 1563 1760 illi
1605 1708 1721 1760 sint
1753 1722 1976 1759 mecum

282 1805 458 1865 (Joan.
491 1818 619 1854 xvii.
662 1800 772 1870 24).
810 1823 835 1847 ››
860 1799 968 1853 Sed
1028 1814 1180 1851 nunc
1224 1814 1325 1867 per
1352 1798 1551 1863 iidem,
1613 1796 1840 1866 quando
1886 1811 1980 1847 au-

279 1896 396 1944 tem
431 1891 528 1944 fiet
555 1906 659 1959 per
684 1888 969 1957 speciem?
1008 1907 1034 1935 ι(
1068 1888 1207 1941 Cum
1244 1885 1518 1951 Christus,
1552 1884 1758 1954 inquit,
1804 1900 1980 1954 appa-

279 1979 462 2033 ruerit
492 1979 606 2031 vita
642 1984 846 2039 vestra,
874 1982 1009 2029 tunc
1041 1982 1097 2028 et
1127 1992 1223 2027 vos
1253 1974 1600 2044 apparebitis
1631 1990 1756 2025 cum
1792 1973 1889 2025 illo
1922 1973 1981 2025 in

278 2067 465 2138 gloria
495 2067 639 2133 (Col.
679 2082 758 2131 In,
785 2066 859 2134 4).
897 2066 1093 2117 »Τωιε
1117 2063 1523 2133 apparebimus
1551 2062 1701 2132 quod
1722 2067 1854 2113 tunc
1876 2059 1983 2113 eri-

282 2172 428 2220 mus,
471 2155 605 2225 quia
635 2159 773 2207 tunc
804 2153 1104 2223 apparebit
1133 2169 1246 2205 non
1280 2151 1532 2204 inaniter
1566 2167 1667 2202 nos
1698 2149 1756 2203 id
1791 2149 1981 2202 credi-

280 2245 428 2298 disse
460 2260 523 2296 ac
556 2258 813 2312 sperasse
837 2247 1147 2311 antequam
1174 2256 1427 2293 essemus
1449 2240 1578 2292 facti
1602 2244 1656 2291 et
1676 2238 1766 2291 cui
1809 2239 1981 2291 Filius

278 2348 407 2386 cum
430 2332 663 2386 dixisset
693 2348 704 2383 :
734 2350 760 2380 (ι
786 2332 853 2384 Ut
874 2330 1103 2383 videant
1126 2329 1442 2383 claritatem
1468 2344 1679 2393 meam,
1704 2343 1875 2397 quam
1891 2327 1983 2379 de-

280 2421 414 2475 disti
436 2420 599 2487 mihi,
637 2442 663 2469 »
712 2420 987 2474 continuo
1038 2419 1334 2487 subjunxit
1364 2440 1391 2466 (ι
1429 2416 1565 2487 quia
1614 2416 1861 2470 dilexisti
1891 2431 1980 2468 me

280 2513 410 2562 ante
461 2508 667 2561 mundi
715 2508 1230 2560 constitutionem:
1266 2528 1292 2555 ››
1327 2507 1385 2558 in
1434 2507 1531 2558 illo
1586 2505 1741 2557 enim
1788 2504 1984 2557 dilexit

280 2612 385 2650 nos
416 2603 547 2649 ante
582 2596 783 2648 mundi
821 2595 1312 2658 constitutionem,
1346 2599 1403 2646 et
1432 2599 1567 2646 tunc
1614 2592 1981 2662 praedestina-

282 2685 384 2749 vit,
417 2683 654 2753 quodin
700 2682 813 2735 iiue
868 2684 1125 2735 futurum
1160 2687 1243 2735 est
1291 2681 1510 2734 mundi.
1550 2683 1789 2746 «Pater,
1826 2701 1851 2727 ››
1894 2680 1983 2733 in-

284 2773 426 2843 quit,
462 2795 488 2821 ‹‹
513 2774 685 2841 juste,
721 2772 971 2824 mundus
1018 2776 1073 2824 te
1105 2787 1223 2823 non
1258 2769 1527 2839 cognovit
1558 2790 1585 2817 »
1617 2768 1753 2839 quia
1795 2768 1983 2837 justus

283 2878 361 2928 es,
405 2860 534 2913 ideo
562 2868 616 2913 te
646 2875 764 2912 non
809 2860 1080 2928 cognovit
1116 2875 1127 2911 :
1164 2859 1414 2911 mundus
1448 2859 1663 2927 quippe
1698 2858 1791 2910 ille
1819 2856 1982 2910 dam-

281 2950 505 3004 nationi
534 2948 970 3019 prmdestinatus
1008 2947 1213 3001 merito
1245 2964 1361 3001 non
1405 2947 1702 3015 cognovit;
1736 2947 1984 2999 mundus

282 3055 438 3104 vero,
472 3053 644 3108 quem
676 3054 782 3106 per
830 3037 1116 3091 Christum
1151 3036 1557 3100 reconciliavit,
1593 3051 1709 3088 non
1753 3036 1979 3101 merito,
2014 3068 2052 3122 Ο

283 3128 382 3181 sed
413 3126 595 3197 gratia
630 3126 912 3195 cognovit.
960 3125 1105 3188 Quid
1139 3130 1225 3178 cst
1256 3124 1407 3177 enim
1447 3140 1578 3176 eum
1617 3140 1978 3193 cognoscere,

285 3216 395 3269 nisi
421 3216 535 3268 vita
564 3216 820 3267 aeterna?
850 3229 1022 3284 quam
1059 3213 1275 3267 mundo
1322 3214 1593 3266 damnato
1640 3212 1834 3282 utique
1867 3227 1983 3265 non

283 3303 462 3370 dedit,
492 3302 863 3356 reconciliata
886 3302 1061 3355 dedit.
1105 3303 1231 3370 Proi
1256 3306 1411 3353 terea
1452 3300 1649 3369 utique
1676 3322 1696 3347 ε
1733 3300 1982 3352 mundus

283 3408 402 3446 non
437 3391 723 3461 cognovit,
762 3390 894 3460 quia
950 3390 1134 3459 justus
1190 3405 1270 3453 es,
1313 3388 1532 3441 meritis
1563 3389 1708 3457 ejus,
1756 3393 1821 3440 ut
1872 3404 1985 3440 non
2022 3384 2023 3387 “

283 3484 674 3550 cognosceret,
727 3477 1001 3541 tribuisti,
1036 3483 1092 3531 et
1133 3482 1433 3547 propterea
1479 3476 1727 3530 mundus
1785 3492 1981 3529 recon-

282 3568 507 3622 ciliatus
540 3567 824 3637 cognovit.
861 3566 997 3637 quia
1029 3566 1352 3619 misericors
1382 3583 1462 3633 es,
1491 3572 1548 3619 et
1572 3570 1635 3618 ut
1672 3581 1981 3635 cognosce-

282 3663 369 3710 ret
392 3673 505 3710 non
533 3657 583 3709 ei
616 3656 844 3723 merito,
881 3656 977 3709 sed
997 3655 1181 3725 gratia
1212 3652 1573 3725 subvenisti.]
1610 3655 1675 3706 Et
1696 3654 1787 3707 hic
1813 3670 1982 3708 mun-

283 3745 421 3799 dum
468 3745 823 3800 damnationi
873 3744 1354 3814 praedestinatum
1415 3744 1634 3809 dicens,
1690 3744 1981 3814 geminam

280 3835 856 3903 pt‘eedestinationem
893 3834 1163 3901 ostendit,
1197 3833 1471 3904 quoniam
1521 3833 1980 3902 praedestinatio-

280 3939 415 3976 nem
455 3940 654 3977 eorum
690 3923 789 3993 qui
838 3923 1133 3975 salvantur
1164 3922 1427 3990 superius
1486 3922 1671 3991 posita
1720 3922 1983 3992 exempla

281 4012 417 4064 satis
448 4028 735 4080 superque
759 4011 1168 4063 demonstrant.
1236 4012 1376 4064 Item
1442 4010 1499 4062 in
1546 4010 1689 4062 libro
1726 4010 1979 4062 Enchiri-

283 4100 419 4152 dion
448 4098 588 4166 (cap.
629 4100 751 4165 lOO)
781 4118 794 4151 :
820 4098 975 4167 [Herc
994 4104 1126 4151 sunt
1152 4117 1178 4147 (ι
1204 4113 1413 4166 magna
1434 4113 1610 4165 opera
1640 4096 1869 4150 Domini
1890 4114 1982 4150 ex-

282 4185 493 4256 quisita
522 4185 583 4238 in
613 4201 813 4238 omnes
862 4185 1183 4238 voluntates
1228 4185 1351 4253 ejus
1396 4185 1570 4249 (Psal.
1614 4200 1701 4251 cx,
1760 4184 1833 4253 ‘2),
1870 4204 1896 4235 ι)
1925 4190 1982 4238 et

282 4280 399 4327 tam
430 4273 722 4343 sapienter
750 4272 1052 4343 exquisita,
1086 4278 1148 4325 ut
1176 4289 1307 4326 cum
1339 4273 1596 4341 angelica
1631 4278 1687 4326 et
1727 4272 1980 4325 humana

283 4367 541 4417 creatura
568 4366 871 4431 peccasset,
906 4361 960 4414 id
1017 4366 1242 4414 estnon
1296 4360 1448 4431 quod
1502 4360 1618 4425 ille,
1673 4360 1770 4413 sed
1828 4364 1976 4430 quod
2008 4368 2047 4421 ι)

282 4450 462 4505 voluit
513 4450 638 4520 ipsa
686 4448 928 4514 fecisset,
991 4448 1162 4501 etiam
1224 4464 1325 4517 per
1380 4446 1640 4501 eamdem
1697 4453 1973 4500 creaturae

282 4541 658 4601 voluntatem,
719 4553 833 4608 qua
877 4537 1089 4589 factum
1137 4541 1222 4589 est
1268 4535 1422 4605 quod
1481 4536 1712 4589 Creator
1768 4536 1969 4598 noluit,

285 4630 552 4699 impleret
577 4627 699 4698 ipse
729 4625 882 4697 quod
914 4626 1113 4692 voluit,
1143 4624 1290 4677 bene
1339 4629 1504 4677 utens
1551 4630 1606 4677 et
1635 4625 1816 4687 malis,
1850 4630 1973 4678 tan-

284 4734 457 4789 quam
489 4732 712 4771 summe
766 4714 971 4782 bonus,
1014 4714 1080 4767 ad
1137 4730 1339 4767 eorum
1382 4712 1809 4766 damnationem
1834 4729 1976 4782 quos

279 4807 433 4876 juste
462 4802 896 4876 praedestinavit
927 4802 995 4855 ad
1028 4816 1283 4870 poenam,
1306 4806 1363 4853 et
1393 4799 1462 4853 ad
1493 4815 1694 4853 eorum
1732 4802 1975 4855 salutem

287 4911 432 4965 quos
460 4894 707 4964 benigne
739 4888 1168 4962 praedestinavit
1199 4888 1267 4941 ad
1302 4884 1595 4957 gratiam]

356 4985 496 5037 Item
528 4982 588 5035 in
624 4982 770 5035 libro
811 4982 1016 5049 quarto
1052 4978 1121 5031 de
1155 4977 1365 5030 Natura
1413 4980 1467 5029 et
1507 4975 1738 5044 Origine
1771 4974 1979 5029 animae

284 5072 354 5126 ad
382 5070 743 5125 Vincentium
810 5068 1094 5121 Victorem
1124 5065 1242 5135 (lib.
1301 5082 1375 5130 iv,
1431 5080 1550 5133 cap.
1607 5064 1730 5133 tl):
1794 5062 1981 5135 [Absit

285 5156 441 5210 enim
475 5155 583 5209 hoc
604 5154 799 5207 volens
829 5152 1070 5218 diluere,
1104 5156 1168 5203 ut
1187 5149 1392 5217 dicam,
1427 5164 1553 5219 quae
1584 5148 1705 5217 ipse
1739 5148 1931 5203 dixisti
1964 5165 1978 5202 :

285 5244 447 5308 Quod
480 5243 671 5297 anima
696 5258 798 5311 per
825 5255 1057 5294 carnem
1090 5238 1386 5305 meruerit,
1420 5235 1732 5308 inquinari,
1775 5243 1829 5289 et
1860 5252 1981 5290 esse

284 5332 585 5403 peccatrix,
619 5331 843 5384 nullum
888 5328 1107 5382 habens
1138 5332 1268 5382 ante
1317 5333 1634 5398 peccatum,
1678 5341 1794 5396 quo
1830 5330 1981 5378 recte

283 5420 344 5475 id
370 5420 646 5474 meruisse
679 5418 900 5472 dicatur
934 5433 947 5471 :
977 5421 1054 5481 et,
1101 5416 1255 5485 quod
1307 5416 1481 5469 etiam
1531 5415 1655 5469 sine
1698 5414 1981 5483 baptismo

286 5507 594 5579 originalia
622 5512 850 5577 peccata
879 5505 1171 5559 solvantur
1206 5521 1219 5558 :
1254 5509 1329 5572 et,
1370 5504 1533 5568 Quod
1568 5520 1809 5574 regnum
1840 5520 1982 5573 quo-

282 5614 398 5668 que
429 5596 705 5651 cmlorum
755 5611 870 5650 non
929 5593 1229 5663 baptizatis
1261 5593 1317 5647 in
1352 5594 1465 5648 tine
1507 5594 1812 5647 tribuatur.
1856 5595 1985 5649 Haec

2080 560 2322 611 fortasse
2382 557 2451 610 de
2512 558 2616 610 hac
2662 572 2721 610 re
2770 556 3009 610 definire
3057 555 3275 626 aliquid
3329 572 3445 609 non
3497 555 3780 609 timerem.

2083 648 2306 711 Quanto
2334 647 2537 699 melius
2584 645 2762 715 igitur
2789 661 2905 698 non
2956 646 3263 715 separatim
3312 646 3381 699 de
3429 645 3625 698 anima
3672 646 3777 698 dis-

2084 742 2241 805 puto,
2279 740 2335 789 et
2363 735 2587 788 aflirmo
2620 735 2768 804 quod
2820 734 3028 801 nescio,
3082 734 3178 788 sed
3222 734 3375 803 quod
3426 734 3783 803 apertissime

2081 825 2417 893 Apostolum
2460 822 2625 876 video
2671 823 2927 876 docuisse
2962 823 3141 892 (Rom.
3187 840 3237 889 ν,
3272 824 3393 892 ,l8),
3444 822 3784 891 simpliciter

2083 918 2249 966 teneo
2278 929 2289 966 :
2316 934 2344 962 ‹‹
2372 915 2442 966 Ex
2480 929 2591 965 uno
2638 913 2873 965 nomine
2905 928 3105 965 omnes
3134 912 3402 966 homines
3450 912 3531 964 ire
3560 912 3620 964 in
3650 928 3783 966 con-

2083 1001 2513 1055 demnationem
2567 1023 2587 1049 ι
2650 1002 2747 1070 qui
2806 1007 3121 1055 nascuntur
3160 1017 3224 1054 ex
3302 1001 3501 1065 Adam,
3541 1001 3660 1053 nisi
3710 1002 3785 1053 ita

2084 1097 2454 1143 renascantur
2484 1090 2543 1143 in
2591 1089 2834 1156 Christo,
2887 1089 3032 1143 sicut
3080 1090 3329 1143 instituit
3375 1096 3437 1144 ut
3477 1105 3787 1143 renascan-

2083 1184 2195 1245 tur,
2239 1184 2546 1248 antequam
2600 1194 2838 1248 corpore
2898 1178 3241 1243 moriantur,
3291 1194 3433 1248 quos
3488 1178 3785 1248 praedesti-

2086 1267 2239 1320 navit
2274 1267 2341 1320 ad
2383 1273 2659 1320 attentam
2708 1267 2883 1320 vitam
2938 1266 3519 1332 {misericordissimus
3586 1267 3784 1336 gratiae

2086 1356 2320 1425 largitor
2352 1372 2365 1409 :
2395 1356 2492 1426 qui
2524 1362 2604 1408 est
2637 1361 2690 1408 et
2724 1355 2831 1408 illis
2864 1372 3010 1425 quos
3058 1356 3486 1425 praedestinavit
3530 1357 3599 1410 ad
3635 1374 3785 1411 mor-

2084 1449 2198 1497 tem
2247 1450 2523 1497 aeternam
2564 1443 2918 1513 justissimus
2973 1444 3236 1514 supplicii
3288 1444 3659 1517 retributor.]
3728 1448 3787 1500 lu

2085 1533 2174 1586 his
2241 1533 2463 1585 duobus
2532 1533 2875 1585 testimoniis
2946 1533 3407 1587 manifestissime
3502 1539 3789 1588 monstrat

2086 1621 2379 1690 geminam
2412 1621 2751 1674 venerabitis
2799 1621 3156 1691 Augustinus
3199 1622 3787 1691 praedestinationem.

2159 1711 2301 1763 Item
2333 1710 2393 1763 in
2426 1710 2572 1763 libro
2624 1711 2870 1764 secundo
2904 1712 2972 1763 de
3024 1711 3313 1780 Baptismo
3362 1712 3745 1781 parvulorum
3778 1728 3788 1763 :

2090 1796 2182 1868 [Ut
2237 1804 2426 1852 autem
2490 1798 2811 1852 innotescat
2870 1798 3023 1869 quod
3062 1799 3293 1867 latebat,
3344 1804 3398 1853 et
3455 1816 3630 1853 suave
3695 1799 3795 1853 ﬁat

2089 1888 2242 1957 quod
2276 1904 2393 1940 non
2416 1888 2749 1953 delectabat,
2785 1888 2969 1956 gratia
3008 1888 3105 1941 Dei
3137 1894 3237 1951 est,
3281 1904 3395 1959 qua
3421 1888 3659 1957 adjuvat
3689 1890 3793 1942 ho-

2094 1975 2314 2028 minum
2348 1976 2668 2029 voluntates
2706 1992 2719 2030 :
2766 1993 2878 2046 qua
2926 1982 2989 2029 ut
3022 1992 3140 2030 non
3187 1977 3530 2046 adjuventur
3561 1978 3620 2030 in
3654 1977 3796 2048 ipsis

2089 2064 2287 2117 itidem
2322 2081 2490 2117 causa
2539 2072 2645 2130 est,
2704 2081 2821 2117 non
2854 2065 2914 2117 in
2948 2066 3084 2129 Deo,
3117 2066 3231 2117 sive
3276 2066 3593 2119 damnandi
3646 2082 3795 2135 prm-

2088 2152 2355 2206 destinati
2410 2158 2542 2206 sunt
2598 2159 2834 2222 propter
2881 2152 3247 2222 iniquitatem
3296 2154 3612 2223 superbiat;
3679 2154 3795 2206 sive

2089 2246 2287 2293 contra
2319 2240 2499 2309 ipsam
2536 2241 2862 2310 superbiam
2885 2240 3186 2310 judicandi
3213 2248 3269 2295 et
3299 2240 3508 2295 eruditi
3548 2240 3659 2295 filii
3683 2242 3797 2295 sint

2091 2330 2515 2383 misericordiae.
2555 2330 2707 2383 Unde
2755 2329 3029 2383 Jeremias
3078 2347 3208 2384 cum
3242 2331 3516 2384 dixisset:
3572 2351 3599 2381 α
3626 2330 3793 2401 IScio,

2090 2418 2351 2483 Domine,
2386 2418 2521 2487 quia
2560 2434 2675 2471 non
2709 2426 2792 2471 est
2831 2420 2889 2471 in
2924 2419 3157 2472 homine
3206 2420 3320 2472 vita
3368 2420 3511 2489 ejus,
3551 2436 3657 2473 nec
3686 2421 3796 2472 viri

2090 2511 2177 2559 est
2209 2512 2270 2559 ut
2299 2506 2572 2572 ambulet,
2615 2514 2673 2560 et
2721 2507 2933 2577 dirigat
2959 2524 3186 2576 gressus
3243 2524 3396 2573 suos,
3432 2529 3459 2557 ››
3515 2509 3799 2561 continuo

2091 2594 2425 2664 subjungit:
2459 2615 2484 2645 α
2518 2594 2750 2665 Corripe
2799 2612 2911 2661 me,
2964 2595 3204 2649 Domine
3233 2617 3246 2661 ;
3296 2601 3706 2651 verumtamen
3742 2598 3799 2650 in

2086 2683 2321 2753 judicio.
2357 2688 2414 2737 et
2440 2700 2554 2736 non
2581 2683 2640 2736 in
2679 2683 2874 2737 furore
2902 2688 3002 2737 tuo
3027 2684 3153 2754 [Jer-
3196 2701 3252 2748 Ι,
3284 2687 3373 2750 23,
3406 2685 3518 2754 24.)
3571 2705 3599 2733 ››
3652 2686 3802 2739 Tan-

2092 2788 2265 2843 quam
2313 2772 2572 2825 diceret:
2623 2772 2747 2826 Scio
2808 2773 2878 2827 ad
2919 2773 3341 2843 correptionem
3377 2790 3564 2827 meam
3616 2774 3800 2845 perti-

2093 2876 2247 2925 nere,
2282 2860 2436 2930 quod
2469 2861 2658 2914 minus
2685 2860 2784 2914 abs
2823 2867 2878 2914 te
2936 2862 3191 2931 adjuvor,
3235 2868 3296 2915 ut
3345 2863 3593 2932 perfecte
3653 2864 3802 2917 diri-

2092 2954 2302 3018 gantur
2331 2964 2557 3017 gressus
2584 2949 2696 3002 mei
2729 2965 2742 3002 :
2778 2956 3174 3004 verumtamen
3207 2951 3312 3004 hoc
3339 2950 3530 3021 ipsum
3563 2952 3689 3005 noli
3723 2953 3805 3004 sic

2094 3052 2315 3088 mecum
2344 3052 2536 3106 agere,
2569 3041 2845 3107 tanquam
2880 3037 2939 3090 in
2971 3038 3169 3092 furore
3217 3054 3332 3109 quo
3365 3038 3597 3109 iniquos
3629 3040 3803 3093 dam-

2092 3140 2229 3178 nare
2263 3125 2545 3190 statuisti;
2598 3126 2697 3179 sed
2754 3131 3029 3196 tanquam
3074 3126 3134 3179 in
3182 3127 3419 3196 judicio,
3478 3144 3593 3198 quo
3628 3129 3804 3181 doces

2092 3219 2216 3266 tuos
2250 3230 2363 3266 non
2396 3214 2711 3282 superbire.
2749 3215 2903 3267 Unde
2950 3216 3086 3268 alibi
3128 3215 3382 3269 dicitur:
3424 3238 3444 3265 ι
3482 3216 3545 3269 Et
3568 3216 3804 3286 judicia

2091 3306 2187 3355 tua
2261 3301 2610 3370 adjuvabaut
2677 3318 2768 3355 me
2831 3304 2995 3371 (Psal.
3067 3320 3199 3371 χχιι,
3265 3305 3408 3371 175).
3482 3326 3510 3353 ››
3568 3306 3804 3360 Nullius

2091 3388 2329 3459 proinde
2358 3390 2625 3442 humanae
2665 3391 2846 3459 culpa
2878 3391 2935 3443 in
2994 3392 3170 3444 Deum
3240 3392 3453 3445 referas
3509 3409 3754 3449 causam
3787 3414 3801 3464 ;

2090 3477 2359 3530 vitiorum
2391 3493 2641 3547 namque
2669 3477 2927 3532 omnium
2960 3478 3347 3533 humanorum
3379 3498 3551 3535 causa
3588 3500 3803 3553 super-

2090 3566 2182 3620 hia
2214 3563 2341 3636 est.]
2381 3566 2491 3619 Hac
2523 3566 2806 3620 sententia
2853 3568 3101 3622 ostendit
3128 3569 3469 3623 venerabilis
3516 3573 3805 3641 Augusti-

2090 3672 2198 3709 nus
2230 3655 2407 3708 malos
2438 3660 2674 3724 propter
2703 3654 3066 3725 iniquitatem
3107 3657 3397 3726 superbiae
3428 3657 3805 3713 damnationi

2091 3743 2539 3813 praedestinatos,
2584 3758 2701 3796 non
2750 3750 2941 3797 autem
2974 3745 3044 3797 ad
3102 3750 3447 3813 peccatum:
3513 3748 3808 3817 quoniam

2091 3836 2385 3902 peccatum
2418 3847 2535 3884 non
2574 3836 2656 3884 est
2692 3847 2755 3884 ex
2789 3832 2919 3886 Deo.
2970 3833 3165 3903 Neque
3211 3834 3368 3888 enim
3415 3841 3615 3889 auctor
3658 3838 3808 3891 mali

2089 3926 2167 3973 est
2203 3920 2369 3985 Deus,
2414 3936 2597 3989 pmnae
2652 3936 2786 3973 vero
2830 3921 3076 3974 redditio
3129 3938 3194 3975 ex
3231 3924 3342 3977 Deo
3387 3928 3489 3977 est.
3524 3924 3677 3988 Quia
3704 3927 3808 3996 ju-

2089 4012 2238 4060 stum
2271 4012 2355 4061 est
2395 4014 2455 4061 ut
2485 4008 2585 4078 qui
2637 4009 2749 4061 Deo
2778 4025 2883 4078 per
2932 4010 3315 4064 humilitatem
3364 4013 3533 4066 subdi
3578 4015 3805 4081 uoluit,

2088 4101 2323 4163 propter
2379 4096 2708 4164 superbiam
2766 4098 2977 4150 caelesti
3034 4099 3255 4153 ultione
3312 4100 3573 4154 feriatur.
3632 4104 3807 4157 Unde

2088 4181 2517 4251 przedestinatio
2582 4184 2681 4237 Dei
2734 4184 2802 4237 ad
2860 4201 3088 4253 paznam
3157 4192 3261 4253 est,
3307 4206 3483 4259 quam
3541 4191 3807 4246 subituri

2088 4275 2222 4323 sunt
2256 4271 2413 4331 mali,
2446 4271 2546 4341 qui
2568 4274 3017 4340 perseverabunt
3047 4276 3105 4329 in
3137 4276 3444 4348 iniquitate
3480 4294 3493 4335 :
3527 4296 3646 4333 non
3684 4296 3804 4335 au-

2088 4364 2202 4412 tem
2234 4359 2302 4412 ad
2344 4366 2668 4429 peccatum;
2703 4362 2837 4431 quia
2859 4363 3005 4416 Deus
3022 4370 3218 4419 auctor
3242 4368 3376 4420 mali
3408 4384 3525 4422 non
3558 4374 3667 4435 est,
3699 4387 3806 4425 ne-

2082 4463 2193 4517 que
2218 4448 2405 4515 placet
2426 4449 2539 4501 Deo
2561 4449 2853 4519 iniquitas,
2872 4457 3137 4506 eteorum
3170 4471 3298 4524 qum
3329 4463 3603 4527 operatur
3642 4460 3805 4514 Deus

2084 4536 2518 4604 prmdestinator
2544 4542 2657 4602 est;
2692 4538 2973 4607 videlicet,
3018 4542 3105 4594 vel
3144 4542 3431 4597 bonorum
3484 4562 3616 4616 quae
3650 4549 3802 4603 red-

2083 4624 2307 4679 diturus
2338 4628 2420 4677 est
2455 4625 2681 4691 sanctis,
2731 4625 2816 4678 vel
2848 4643 3171 4696 poenarum,
3227 4647 3369 4701 quas
3424 4632 3642 4703 iniquis
3678 4652 3800 4705 pu-

2086 4711 2309 4765 niendis
2340 4712 2603 4765 illaturus
2632 4718 2733 4767 est.
2760 4714 2833 4768 At
2871 4731 3004 4768 vero
3034 4719 3320 4771 malorum
3351 4719 3499 4773 sicut
3536 4737 3657 4775 non
3708 4729 3805 4777 est

2085 4807 2305 4867 auctor,
2343 4800 2419 4853 ita
2450 4817 2552 4853 nec
2592 4802 3051 4871 praedestinator.
3109 4807 3232 4860 Non
3274 4807 3431 4861 enim
3483 4816 3805 4878 peccatum

2086 4905 2149 4943 ex
2189 4890 2301 4942 Deo
2342 4893 2445 4954 est,
2477 4889 2573 4942 sed
2609 4906 2673 4943 ex
2705 4891 2953 4945 diabolo.
2988 4897 3172 4964 Atque
3206 4902 3512 4966 propterea
3546 4915 3805 4956 suorum

2087 4993 2325 5047 operum
2388 4994 2519 5047 qua;
2567 4979 2653 5031 vel
2701 4978 3150 5035 misericorditer
3196 4984 3452 5054 respicit,
3516 4988 3603 5040 vel
3634 4989 3805 5057 juste

2086 5064 2272 5135 punit,
2307 5065 2742 5133 przedestinator
2798 5071 2926 5120 est:
2983 5084 3184 5123 eorum
3244 5076 3439 5126 autem
3478 5079 3629 5144 ;quee
3673 5092 3807 5132 non

2090 5153 2227 5222 agit,
2260 5152 2405 5205 sicut
2468 5152 2672 5207 vindex
2720 5160 2822 5220 est,
2892 5156 2971 5208 ita
3022 5159 3467 5226 praedestinator
3508 5179 3626 5216 non
3682 5172 3809 5222 est.

2091 5241 2231 5293 item
2260 5241 2316 5293 in
2348 5240 2495 5293 libro
2530 5240 2753 5294 decimo
2781 5242 2980 5311 quinto
3014 5246 3083 5299 de
3130 5247 3370 5303 Civitate
3422 5250 3521 5303 Dei
3550 5268 3563 5305 :
3603 5251 3812 5324 [Arbi-

2090 5335 2214 5383 tror
2244 5344 2348 5381 nos
2375 5328 2508 5381 satis
2533 5328 2653 5397 jam
2679 5329 2878 5383 fecisse
2902 5334 3123 5403 magnis
3156 5341 3213 5389 et
3242 5337 3598 5393 difficillimis
3639 5359 3815 5413 quae-

2092 5416 2373 5471 stionibus
2401 5416 2470 5469 de
2501 5416 2673 5469 initio
2703 5418 2785 5470 vel
2817 5418 2886 5473 de
2914 5420 3026 5475 fine
3059 5425 3281 5493 mundi,
3312 5428 3399 5480 vel
3433 5427 3670 5495 animae,
3707 5436 3812 5490 vel

2091 5506 2270 5576 ipsius
2302 5504 2528 5575 generis
2559 5504 2795 5560 humani
2829 5522 2842 5560 :
2893 5511 3046 5579 quod
3075 5512 3134 5565 in
3166 5512 3281 5567 duo
3328 5529 3547 5585 genera
3594 5518 3813 5577 distri-

2091 5593 2352 5659 buimus;
2394 5610 2537 5647 unus
2563 5610 2761 5651 eorum
2792 5596 2892 5668 qui
2932 5600 3250 5655 secundum
3290 5602 3611 5671 hominem,
3649 5609 3815 5665 alte-
