3920 6224
138 330 202 379 49
1246 332 1335 387 DE
1376 332 2044 387 PREDESTINATIONE
2088 332 2223 386 DEI.
2256 361 2324 370 --
2356 332 2486 386 LIB.
2530 332 2598 385 ΙΙ.
3587 331 3656 383 50

136 471 262 510 rum
283 470 492 510 eorum
527 459 633 528 qui
665 459 974 513 secundum
1007 460 1184 513 Deum
1219 460 1434 527 vivunt,
1480 476 1622 531 quas
1669 460 1840 514 etiam
1873 467 1913 519 Α
1953 460 2115 514 docet
2146 459 2215 513 ad
2246 458 2614 529 supplicium,
2677 463 2735 512 et
2784 457 2921 529 quia
2979 458 3125 512 Deus
3163 457 3231 511 ad
3284 454 3654 527 iniquitatem

134 545 370 615 mystice
411 548 785 615 appellamus
826 548 1080 601 civitates
1112 548 1272 611 duas,
1305 548 1411 601 hoc
1453 554 1537 602 est
1583 549 1721 602 duas
1752 566 1840 602 so-

134 634 369 687 cietates
389 634 731 703 hominum,
783 652 1025 708 quarum
1080 653 1193 690 una
1220 643 1324 701 est,
1376 653 1505 707 quae
1552 637 1845 707 praedesti-

134 729 269 776 nata
293 722 467 777 estin
515 731 802 779 ueternum
836 741 1075 796 regnare
1108 741 1235 779 cum
1274 727 1403 791 Deo,
1456 726 1635 779 altera
1679 730 1841 779 {eler-

132 827 276 864 num
310 812 668 881 supplicium
702 814 893 866 subire
920 830 1050 868 cum
1080 813 1362 881 diabolo.)
1412 816 1551 868 Item
1602 817 1661 867 in
1696 814 1842 868 libro

132 900 454 953 novissimo
481 901 553 954 de
604 900 844 955 Civitate
880 903 978 955 Dei
1008 918 1136 955 cum
1170 903 1237 956 de
1270 903 1454 969 bonis,
1507 919 1634 973 qum
1668 903 1843 973 largi-

133 992 235 1041 tur
261 988 431 1042 malis
488 990 658 1056 Deus,
711 991 1063 1061 loqueretur,
1096 991 1176 1045 ait
1208 1008 1220 1044 :
1259 991 1427 1063 [Quid
1468 991 1653 1061 'igitur
1687 991 1845 1045 dabit

134 1077 219 1129 eis
246 1077 405 1146 quod
440 1079 874 1148 praedestinavit
904 1079 972 1133 ad
1007 1081 1201 1145 vitam,
1239 1081 1337 1150 qui
1371 1082 1492 1134 haec
1535 1081 1706 1133 etiam
1738 1080 1845 1133 de-

135 1166 219 1220 dit
242 1166 325 1219 eis
360 1183 507 1238 quos
538 1167 969 1237 praedestinavit
997 1169 1065 1222 ad
1101 1169 1388 1238 mortem.)
1416 1171 1552 1222 [tem
1581 1169 1638 1222 in
1679 1185 1843 1238 expo-

135 1254 347 1307 sitione
379 1256 589 1325 psalmi
641 1256 795 1315 noni.
849 1272 1080 1310 sumens
1112 1258 1503 1311 testimonium
1554 1272 1617 1310 ex
1648 1256 1842 1326 lEvan-

140 1342 292 1413 gelio
330 1359 345 1396 :
375 1365 403 1391 ‹‹
437 1342 571 1415 [Qui
603 1350 793 1397 autem
837 1360 948 1398 non
990 1345 1189 1406 credit,
1220 1365 1247 1392 »
1299 1345 1507 1416 inquit,
1542 1367 1567 1394 «
1604 1345 1723 1414 jam
1752 1346 1842 1415 ju-

140 1432 367 1485 dicatus
411 1438 501 1485 est
547 1434 723 1501 (Joan.
761 1450 840 1498 ιιι,
886 1433 970 1503 18)
999 1450 1010 1486 :
1041 1452 1066 1484 η
1110 1433 1163 1488 id
1198 1438 1300 1500 est,
1336 1434 1444 1486 isto
1492 1435 1715 1487 occulto
1741 1435 1843 1504 ju-

140 1520 287 1573 dicio
322 1522 447 1591 jam
480 1526 835 1591 praeparatus
865 1528 949 1575 est
977 1522 1047 1575 ad
1075 1522 1214 1577 illud
1248 1521 1663 1593 manifestum]
1701 1524 1841 1576 Item

141 1608 386 1662 inferius
428 1626 441 1663 :
477 1609 620 1679 [Non
652 1610 712 1664 in
760 1615 877 1663 toto
906 1612 1073 1664 corde
1106 1611 1414 1665 eoutitetur
1450 1612 1711 1678 Domino,
1746 1612 1844 1681 qui

142 1699 212 1753 de
243 1698 613 1768 providentia
644 1699 765 1767 ejus
796 1699 855 1752 in
900 1700 1093 1769 aliquo
1142 1700 1381 1753 dubitat.
1414 1702 1523 1754 Sed
1563 1700 1697 1771 quia
1725 1702 1843 1768 jam

1951 550 2178 602 nullum
2203 548 2592 619 praedestinat,
2642 547 2940 601 verissima
2993 546 3216 600 ratione
3271 544 3654 611 insinuat;de

1951 654 2065 708 quo
2099 636 2246 691 libro
2274 654 2455 707 pauca
2485 637 2744 706 excipere
2764 637 2937 701 volui,
2962 641 3017 688 et
3039 634 3172 688 huic
3195 635 3357 705 operi
3378 635 3650 688 inserere.

1952 727 2042 779 Ait
2076 725 2275 779 enim:

2023 814 2208 887 [Quod
2241 831 2377 885 ergo
2409 820 2538 867 ante
2562 812 2883 884 gehennam
2919 812 3055 866 mali
3102 818 3367 882 pereunt,
3405 813 3534 866 'non
3570 817 3653 866 est

1951 903 2125 957 divini
2158 904 2369 973 operis,
2404 903 2499 955 scd
2534 902 2771 955 humani
2806 920 2821 954 :
2864 901 3015 971 quod
3045 906 3238 954 autem
3284 901 3341 954 in
3379 903 3645 970 gehenua

1952 991 2193 1060 perituri
2225 996 2374 1056 sunt,
2399 991 2503 1044 hoc
2528 991 2660 1044 facit
2690 990 2788 1044 Dei
2820 990 3080 1060 aequitas,
3133 989 3223 1042 cui
3268 991 3427 1043 nulla
3471 990 3654 1059 placet

1951 1081 2241 1150 peccantis
2291 1080 2584 1149 iniquitas.
2620 1100 2646 1126 ‹‹
2706 1080 2875 1143 Qui»
2930 1078 3084 1131 enim
3139 1077 3325 1147 diligit
3375 1077 3650 1147 iniquita-

1952 1174 2087 1235 tem,
2120 1170 2243 1222 odit
2273 1169 2522 1221 animam
2555 1184 2719 1221 suam
2752 1168 2916 1237 (Psat.
2946 1184 3001 1233 Χ,
3041 1166 3113 1235 6).
3152 1188 3178 1213 ››
3216 1168 3278 1220 Et
3319 1166 3456 1219 dicit
3485 1168 3653 1219 Joan-

1954 1274 2054 1310 nes
2087 1258 2222 1327 quia
2255 1278 2282 1305 «
2336 1257 2534 1311 Omnis
2566 1256 2665 1327 qui
2711 1256 2845 1309 facit
2894 1261 3211 1325 peccatum,
3264 1261 3321 1307 et
3372 1255 3650 1325 iniquita-

1953 1351 2069 1399 tem
2102 1346 2253 1409 t‘acit,
2289 1350 2344 1398 et
2374 1352 2668 1416 peccatum
2703 1349 2787 1399 est
2825 1345 3096 1414 iniquitas
3129 1344 3364 1411 (1Joan.
3404 1360 3483 1410 ιιι,
3513 1343 3587 1412 4).
3622 1364 3647 1391 η

1953 1435 2019 1487 Et
2052 1436 2198 1488 Deus
2226 1451 2330 1505 per
2360 1435 2700 1504 prophetam
2730 1433 2868 1487 dicit
2890 1433 3026 1503 quia
3060 1454 3086 1480 ‹‹
3118 1433 3345 1497 Anima,
3382 1448 3509 1502 quae
3528 1448 3653 1501 pec-

1952 1523 2182 1589 caverit,
2246 1524 2368 1592 ipsa
2417 1522 2694 1576 morietur
2747 1523 3151 1590 (Ezech.xv111,
3187 1521 3262 1589 4).
3313 1542 3339 1568 ››
3386 1522 3463 1575 De
3510 1520 3650 1575 Filio

1953 1617 2145 1665 autem
2180 1612 2275 1665 Dei
2320 1611 2564 1664 Joannes
2594 1611 2729 1664 dicit
2762 1627 2773 1663 :
2810 1632 2837 1659 ‹‹
2870 1610 3087 1664 Scimus
3132 1611 3269 1680 quia
3328 1609 3422 1662 ille
3469 1624 3650 1679 appa-

1954 1700 2087 1764 ruit,
2115 1706 2176 1755 ut
2204 1706 2435 1769 peccata
2479 1700 2727 1765 tolleret,
2776 1704 2831 1753 et
2861 1698 3239 1768 peccatumin
3305 1715 3371 1750 eo
3403 1714 3520 1750 non
3565 1704 3651 1752 est

142 1787 321 1840 cernit
347 1788 577 1840 occulta
617 1787 897 1857 sapientia
933 1788 1049 1855 Dei,
1100 1795 1381 1859 quantum
1437 1789 1508 1841 sit
1556 1789 1838 1842 invisibile
1874 1765 1911 1817 Β
1949 1787 2143 1857 (Joan.
2178 1805 2259 1854 ιιι,
2292 1790 2361 1854 5).
2397 1808 2423 1834 ››
2459 1787 2613 1841 Sicut
2658 1803 2795 1857 ergo
2834 1791 3129 1857 peccatum
3165 1786 3221 1839 in
3273 1801 3340 1838 eo
3390 1801 3510 1838 non
3540 1791 3645 1851 est,

142 1874 453 1946 praemium
491 1875 617 1944 ejus
659 1876 757 1945 qui
790 1876 925 1930 dicit
958 1892 970 1930 :
1006 1899 1031 1923 ‹‹
1062 1877 1387 1931 Gaudemus
1418 1877 1476 1930 in
1512 1877 1839 1931 tribulatio-

141 1964 307 2017 nibus
339 1965 517 2033 (Rom.
552 1979 605 2029 v,
640 1964 711 2031 3),
747 1985 773 2011 ››
814 1970 871 2018 et
920 1965 1406 2036 quemadmodum
1465 1982 1663 2020 omnes
1712 1983 1837 2019 cru-

142 2052 339 2118 ciatus,
392 2052 496 2122 qui
548 2053 922 2122 corporaliter
979 2053 1326 2119 inferuntur,
1385 2059 1483 2107 aut
1541 2059 1841 2108 exerceant

142 2155 450 2193 conversos
481 2139 554 2192 ad
587 2140 784 2205 Deum,
809 2144 905 2193 aut
947 2144 1008 2192 ut
1039 2145 1446 2193 convertantur
1470 2141 1835 2207 admoneant,

143 2229 416 2297 autjnste
465 2227 826 2281 damnationi
866 2228 1081 2283 ultimae
1131 2234 1455 2299 praeparent
1505 2230 1835 2295 obduratos,

143 2323 198 2371 et
220 2317 301 2370 sic
332 2317 535 2370 omnia
565 2317 634 2370 ad
664 2316 871 2370 divinas
896 2318 1263 2388 providentia?
1300 2318 1557 2385 regimen
1589 2319 1839 2372 referan-

142 2413 250 2471 tur,
293 2422 426 2476 qnas
454 2406 616 2459 stulti
646 2407 807 2476 quasi
833 2422 985 2474 casu,
1021 2411 1075 2460 et
1105 2412 1340 2473 temere,
1374 2413 1431 2460 et
1460 2408 1615 2461 nulla
1648 2407 1840 2460 divina

140 2494 643 2549 administratione
670 2494 795 2548 ﬁeri
848 2496 1094 2566 putant.[
1126 2497 1189 2550 In
1237 2496 1319 2549 his
1367 2496 1632 2549 omnibus
1678 2495 1837 2549 testi-

140 2581 347 2634 moniis
379 2582 778 2651 praedestinati
803 2583 1181 2638 ostenduntur
1202 2584 1339 2637 mali
1365 2584 1432 2638 ad
1468 2601 1716 2654 pcenarn,
1742 2584 1839 2638 sed

140 2686 251 2723 non
289 2670 776 2739 praedestinatimad
803 2677 1096 2741 peccatum
1124 2688 1138 2725 :
1164 2673 1435 2743 quoniam
1460 2690 1681 2739 eorum,
1707 2689 1838 2744 quas

137 2759 392 2812 facturus
424 2764 512 2811 est
548 2759 718 2824 Deus,
757 2760 1198 2829 prmdestinator
1228 2766 1339 2827 est;
1374 2777 1503 2831 quae
1547 2778 1677 2815 vero
1723 2778 1837 2815 non

136 2848 285 2915 fecit,
323 2863 430 2901 nec
482 2849 738 2901 facturus
786 2854 889 2907 est,
944 2865 1011 2902 ea
1067 2865 1183 2903 non
1234 2850 1626 2919 pierdestinat.
1686 2850 1832 2914 Quia

137 2942 323 2990 autem
349 2936 721 3006 judicaturus
750 2943 833 2989 est
867 2938 1170 3004 mundum,
1206 2944 1261 2991 et
1294 2939 1503 3008 impios
1528 2940 1683 3009 justo
1711 2956 1838 3010 sup-

137 3023 303 3091 plicio
344 3038 451 3091 pro
482 3022 887 3093 iniquitatibus
917 3024 1034 3077 suis
1080 3024 1473 3093 damnaturus,
1533 3030 1835 3095 propterea

137 3127 258 3164 reos
291 3110 728 3179 predestinavit
774 3112 843 3165 ad
870 3128 1119 3181 poenam,
1169 3118 1224 3166 et
1262 3130 1491 3183 poenam
1541 3114 1832 3183 praedesti-

139 3200 285 3252 navit
316 3199 433 3253 illis
468 3216 480 3252 :
518 3200 586 3253 ad
614 3205 913 3269 peccatum
946 3206 1134 3255 autem
1168 3218 1282 3255 non
1314 3219 1412 3255 eos
1460 3203 1832 3272 praedestina-

137 3289 239 3354 vit;
270 3288 555 3357 quoniam
604 3304 716 3340 non
759 3294 843 3341 est
883 3290 1030 3342 Deus
1062 3296 1258 3343 auctor
1307 3290 1649 3361 iniquitatis,
1685 3308 1831 3361 quo-

136 3377 285 3430 niam
318 3375 720 3446 sicutjustitia
748 3392 815 3429 ex
850 3378 961 3431 Deo
992 3383 1096 3442 est,
1129 3384 1377 3443 et_omne
1412 3395 1556 3449 opus
1587 3380 1829 3447 bonum;

136 3465 208 3517 ita
263 3465 574 3536 iniquitas,
624 3470 681 3519 et
748 3482 918 3520 omne
967 3484 1109 3537 opus
1172 3484 1412 3538 pravum
1474 3485 1540 3522 ex
1581 3468 1828 3522 diabolo.

141 3554 288 3608 Unde
320 3559 382 3607 et
429 3558 663 3607 sanctus
718 3556 1075 3624 Augustinus
1130 3558 1236 3611 hoc
1290 3557 1477 3626 ipsum
1535 3558 1833 3612 insinuans

138 3643 208 3696 ait
232 3643 413 3713 paulo
446 3643 715 3714 superius
749 3659 762 3697 :
794 3643 1041 3714 [Nullius
1070 3646 1309 3715 proinde
1344 3647 1527 3716 culpze
1561 3647 1831 3701 humanae

138 3731 191 3783 in
218 3732 403 3785 Deum
436 3731 798 3785 referendam
831 3749 1061 3787 causam
1096 3750 1109 3787 :
1144 3734 1413 3787 vitiorum
1442 3751 1691 3806 namque
1722 3752 1835 3788 om-

139 3820 283 3874 nium
312 3821 716 3874 humanorum
747 3837 915 3874 causa
968 3822 1233 3893 superbia
1266 3823 1393 3893 est.)
1438 3824 1499 3877 Et
1539 3824 1830 3878 Cassiodo-

140 3923 223 3960 rus
248 3924 387 3962 cum
420 3908 565 3962 dicit
603 3913 929 3977 peccatores
978 3910 1039 3964 in
1081 3911 1582 3981 praedestinatione
1641 3914 1828 3982 repul-

140 4011 220 4050 sos
245 4012 345 4050 eos
375 3996 480 4066 qui
517 3996 828 4051 damnandi
862 4004 995 4051 sunt
1024 3998 1081 4052 in
1115 3999 1354 4069 judicio,
1404 4000 1654 4053 ostendit
1698 4017 1829 4070 pro-

141 4090 250 4153 pter
302 4086 682 4154 iniquitatem
743 4086 1117 4154 damnandos,
1164 4104 1292 4157 qua:
1343 4089 1747 4158 praedestinata
1801 4108 1829 4144 a

142 4174 242 4228 Deo
282 4191 405 4227 non
436 4180 552 4240 est;
590 4175 901 4228 damnandi
933 4191 1065 4229 vero
1100 4175 1207 4246 ipsi
1249 4177 1635 4247 praedestinati
1667 4184 1830 4245 sunt;

144 4265 517 4334 quiajustum
580 4267 758 4316 estut
804 4279 972 4333 pcena
1017 4264 1298 4318 inferatur
1347 4267 1428 4319 eis
1476 4266 1575 4337 qui
1631 4269 1829 4321 nolue-

144 4358 263 4405 runt
329 4351 575 4405 obedire
629 4352 926 4421 praeceptis
976 4352 1236 4422 justitias.
1276 4355 1416 4407 Item
1468 4354 1529 4408 in
1558 4355 1703 4409 libro
1759 4357 1827 4410 de

145 4440 492 4494 Perfectione
518 4439 760 4509 justitize
786 4447 846 4502 (c.
883 4440 967 4511 13)
997 4457 1009 4494 :
1040 4441 1108 4511 [α
1144 4443 1290 4495 Deus
1312 4442 1379 4496 de
1409 4444 1553 4497 creto
1584 4444 1833 4515 respexit

147 4541 304 4595 super
356 4526 514 4581 ﬁlios
572 4526 901 4593 hominum,
936 4532 996 4581 ut
1053 4529 1242 4582 videat
1272 4530 1319 4582 si
1371 4535 1455 4585 est
1505 4532 1833 4603 intelligens

145 4618 231 4663 aut
267 4612 576 4681 requirens
633 4611 810 4664 Deum
860 4614 1025 4677 (Psal.
1078 4616 1222 4681 x111).
1261 4636 1287 4663 »
1319 4616 1432 4669 Hoc
1467 4633 1604 4687 ergo
1649 4638 1676 4666 «
1727 4618 1831 4671 bo-

144 4712 270 4753 nurn
324 4722 352 4747 υ
415 4699 578 4769 quod
637 4704 721 4753 est
750 4700 1043 4770 requirere
1103 4703 1303 4769 Deum,
1349 4724 1377 4751 «
1422 4720 1536 4758 non
1567 4712 1687 4758 erat
1734 4706 1833 4776 qui

142 4786 354 4853 faceret,
385 4804 507 4841 non
546 4792 670 4841 erat
702 4804 882 4859 usque
914 4789 983 4842 ad
1013 4806 1191 4843 unum
1223 4790 1435 4862 (Ibid),
1468 4812 1494 4843 ι)
1554 4794 1650 4846 sed
1679 4794 1736 4846 in
1765 4810 1830 4847 eo

141 4890 336 4943 genere
358 4876 678 4930 hominum
720 4877 874 4947 quod
910 4879 1378 4947 praadestinatum
1413 4888 1496 4935 est
1529 4883 1595 4936 ad
1625 4882 1830 4936 interi-

140 4968 282 5028 tum;
309 4979 489 5035 super
521 4964 627 5018 hos
658 4964 811 5018 enim
862 4968 1106 5036 respexit
1141 4967 1239 5021 Dei
1287 4970 1664 5038 praescientia,
1699 4987 1831 5040 pro-

140 5052 368 5123 tulitque
413 5052 821 5122 sententiam.]
879 5054 1040 5118 Quod
1092 5061 1319 5109 sanctus
1364 5058 1716 5128 Augustinus
1772 5059 1829 5113 in

141 5138 231 5194 hac
258 5140 551 5195 sententia
604 5141 788 5193 malos
822 5141 956 5195 dicit
997 5142 1068 5196 ad
1119 5143 1417 5199 interitum
1469 5147 1835 5216 praedestina-

141 5234 232 5294 tos,
256 5246 326 5283 ne
354 5230 468 5283 hoc
525 5228 875 5299 (interitum)
924 5236 1217 5300 peccatum
1269 5233 1677 5302 intelligamus,
1737 5236 1832 5290 sed

142 5322 330 5387 peccati
363 5319 687 5373 vindictam
722 5334 848 5388 qua:
892 5320 949 5372 in
996 5336 1054 5372 se
1107 5321 1399 5375 reddenda
1438 5327 1521 5376 est
1571 5330 1832 5393 peccato-

142 5408 291 5475 ribus,
328 5410 543 5464 beatus
579 5407 917 5477 Fulgentius
946 5408 1006 5461 in
1038 5409 1181 5463 libro
1221 5411 1286 5463 ad
1330 5412 1643 5465 Monimum
1673 5413 1834 5467 disci-

140 5497 314 5565 pulam
346 5514 529 5551 suum
588 5495 708 5563 (lib.
766 5512 805 5563 1,
836 5511 880 5563 ο,
938 5496 991 5567 6)
1046 5498 1180 5551 satis
1238 5500 1535 5553 manifeste
1589 5501 1830 5554 demon-

140 5589 269 5639 strat.
302 5587 367 5641 In
423 5600 552 5657 quo
609 5581 764 5637 libro
815 5588 871 5637 et
917 5586 1488 5657 praedestinationem
1546 5590 1830 5644 malorum

1948 1879 2026 1931 ita
2056 1881 2349 1948 peccatum
2387 1893 2453 1929 cx
2483 1893 2549 1929 eo
2590 1892 2704 1929 non
2736 1882 2819 1928 est
2851 1892 2864 1929 :
2914 1876 3065 1947 quod
3101 1879 3289 1929 autem
3342 1890 3410 1927 ex
3437 1890 3502 1927 eo
3535 1890 3649 1928 non

1950 1972 2051 2031 est,
2085 1983 2228 2036 opus
2260 1966 2383 2035 ejus
2412 1966 2607 2035 utique
2650 1980 2764 2017 non
2795 1970 2898 2018 est.
2935 1964 3096 2028 Quod
3131 1968 3319 2016 autem
3345 1979 3642 2032 nunquam

1950 2055 2121 2108 estin
2149 2070 2321 2123 opere
2367 2054 2510 2123 ejus,
2557 2069 2856 2123 nunquam
2892 2051 3089 2106 fuitin
3136 2051 3646 2121 praedestinatione

1949 2144 2088 2213 ejus.
2126 2144 2249 2196 Non
2281 2158 2417 2212 ergo
2450 2141 2841 2212 praedestinati
2871 2146 3006 2194 sunt
3037 2140 3174 2194 mali
3233 2140 3301 2193 ad
3353 2141 3458 2193 hoc
3492 2140 3645 2210 quod

1948 2232 2097 2283 male
2129 2235 2460 2300 operantur,
2486 2246 2517 2282 a
2548 2228 3008 2298 concupiscentia
3036 2227 3340 2281 substracti
3365 2232 3420 2281 et
3449 2227 3644 2295 illecti,

1946 2318 2043 2371 sed
2072 2318 2144 2371 ad
2184 2317 2293 2371 hoc
2326 2316 2477 2387 quod
2506 2316 2660 2385 juste
2704 2316 3003 2386 patiuntur
3035 2314 3219 2368 inviti.
3269 2314 3642 2369 Prasdestina-

1946 2406 2121 2459 tionis
2147 2407 2302 2460 enim
2334 2404 2570 2458 nomine
2602 2421 2717 2458 non
2770 2404 2965 2475 aliqua
3013 2403 3323 2457 voluntatis
3372 2404 3645 2458 humanae

1948 2494 2209 2547 coactitia
2263 2493 2569 2547 necessitas
2630 2493 2990 2558 exprimitur,
3051 2493 3149 2546 sed
3196 2492 3521 2545 misericors
3587 2496 3644 2546 et

1941 2582 2095 2652 justa
2125 2582 2305 2635 futuri
2332 2580 2513 2634 divini
2558 2582 2749 2649 operis
2773 2579 3123 2650 sempiterna
3170 2580 3469 2649 dispositio
3502 2596 3644 2650 prte-

1948 2670 2185 2724 dieatnr.
2222 2693 2247 2719 «
2285 2672 2395 2724 Deo
2428 2690 2453 2717 »
2489 2673 2681 2722 autem
2714 2690 2742 2717 «
2777 2667 3249 2737 misericordiam,
3282 2668 3642 2738 etjudicium

1949 2760 2114 2829 (Psal.
2146 2775 2194 2827 c,
2223 2761 2267 2827 1)
2300 2778 2327 2807 ››
2358 2761 2552 2811 cantat
2600 2756 2863 2820 Ecclesia,
2895 2756 3059 2825 cujus
3114 2756 3224 2809 hoc
3276 2772 3417 2826 opus
3448 2760 3534 2810 est
3580 2756 3641 2810 in

1948 2848 2200 2911 homine,
2236 2852 2300 2901 ut
2346 2848 2566 2900 occulto
2606 2845 2913 2899 voluntatis
2961 2861 3100 2906 sum,
3146 2860 3264 2898 non
3316 2849 3511 2898 tamen
3558 2845 3638 2899 iu-

1938 2937 2094 3007 justo
2132 2935 2390 3001 consilio,
2422 2940 2518 2987 aut
2540 2934 2849 3005 gratuitam
2872 2933 3321 2988 misericordiam
3354 2938 3643 3003 praeroget

1948 3024 2178 3089 misero,
2210 3028 2308 3076 aut
2346 3023 2597 3076 debitam
2624 3023 2907 3093 justitiam
2939 3022 3219 3092 rependat
3246 3021 3480 3091 injuste.
3518 3022 3638 3075 Imo

1941 3119 2041 3166 aut
2070 3112 2514 3166 misericorditer
2540 3112 2782 3165 debitori
2811 3111 2988 3165 donet
3017 3110 3173 3181 quod
3207 3110 3253 3164 si
3282 3110 3453 3164 vellet
3474 3109 3639 3179 juste

1940 3206 2135 3271 posset
2164 3200 2387 3270 exigere
2421 3217 2434 3254 :
2464 3205 2564 3253 aut
2587 3200 2739 3269 juste
2765 3216 2894 3253 cum
2922 3200 3110 3253 usuris
3141 3198 3296 3269 quod
3346 3214 3516 3252 suum
3555 3200 3640 3251 est

1942 3290 2150 3360 exigat,
2182 3294 2238 3342 et
2266 3289 2468 3359 iniquo
2494 3288 2739 3343 debitori
2778 3288 2933 3359 quod
2964 3287 3204 3342 debetur
3232 3285 3637 3358 iniquitatibus

1940 3379 2160 3433 reddat.
2194 3381 2271 3432 Ac
2328 3379 2408 3431 sic
2449 3382 2513 3432 ut
2559 3378 2734 3431 istum
2782 3392 3017 3447 prorsus
3058 3375 3361 3446 indignum
3414 3375 3637 3430 miseri-
3712 3385 3721 3391 ‘

1940 3467 2132 3521 cordia
2164 3465 2493 3537 prmveniat,
2527 3471 2625 3519 aut
2655 3466 2819 3519 illum
2849 3465 2925 3518 ita
2948 3465 3187 3535 dignum
3208 3464 3483 3518 inveniat.
3511 3465 3636 3535 Ipse

1940 3558 2153 3613 etenim
2179 3559 2351 3612 donat
2380 3558 2554 3629 gratis
2586 3558 2824 3628 indigno
2856 3556 3121 3626 gratiam,
3149 3570 3264 3624 qua
3286 3554 3634 3624 justiﬁcatns

1938 3647 2151 3717 impius
2183 3646 2544 3700 illuminetur
2582 3661 2820 3699 munere
2861 3644 3029 3698 bonze
3079 3642 3414 3708 voluntatis,
3464 3645 3521 3695 et
3549 3642 3632 3695 fa-

1940 3736 2145 3788 cultate
2176 3735 2342 3787 boum
2386 3733 2837 3803 cooperationis;
2878 3737 2944 3785 ut
2988 3730 3379 3800 praeveniente
3413 3729 3635 3783 miseri-

1939 3823 2133 3877 cordia
2165 3822 2380 3876 bonum
2417 3822 2558 3875 velle
2599 3820 2833 3890 incipiat
2864 3825 2919 3873 et
2973 3820 3359 3889 subsequente
3400 3818 3631 3871 miseri-

1939 3912 2131 3966 cordia
2184 3910 2402 3964 bonum
2459 3910 2613 3981 quod
2661 3911 2779 3962 vult
2817 3909 3001 3963 facere
3049 3908 3252 3961 valeat.
3316 3908 3633 3977 Utrumque

1939 4006 2131 4053 autem
2161 3998 2619 4069 prmdestinando
2653 3999 2819 4063 Deus,
2853 4002 2909 4051 et
2940 3995 3285 4067 praeparavit
3322 3995 3381 4049 in
3412 3995 3510 4048 illa
3531 3995 3632 4066 λιιι-

1939 4087 2332 4142 commutabili
2362 4088 2672 4153 voluntate,
2698 4086 2755 4139 in
2804 4102 2915 4156 qua
2961 4085 3039 4139 sic
3070 4085 3331 4139 futurum
3369 4084 3633 4139 effectum

1938 4176 2194 4231 hominis
2248 4175 2560 4229 renovandi
2623 4174 2924 4245 disposuit,
2982 4179 3046 4228 ut
3086 4175 3206 4243 ejus
3257 4173 3527 4227 voluntas
3574 4174 3633 4227 in

1940 4281 2112 4336 opere
2144 4280 2291 4317 novo
2348 4280 2493 4316 nova
2537 4279 2656 4317 esse
2715 4279 2833 4317 non
2886 4262 3067 4332 possit
3113 4262 3253 4331 (cup.
3314 4260 3392 4329 8).
3452 4262 3635 4315 Donat

1858 4366 1901 4419 ι)
1941 4354 2114 4408 etiam
2171 4351 2417 4424 gratiam
2476 4351 2651 4421 digno
2740 4351 2800 4405 in
2851 4351 3289 4405 retributionem
3338 4350 3634 4419 .mercedis

1941 4452 2190 4511 aeternae,
2224 4448 2286 4497 ut
2316 4443 2530 4497 scilicet
2580 4442 2695 4496 sive
2752 4457 2883 4495 cum
2938 4441 3185 4511 impium
3226 4441 3318 4511 pie
3359 4440 3635 4519 justiticat

1936 4534 2144 4604 justus,
2178 4533 2315 4602 quia
2354 4532 2424 4585 de
2474 4530 2596 4601 ipso
2650 4530 2951 4600 Apostolus
2982 4530 3155 4584 dicit:
3193 4550 3221 4579 «
3273 4530 3342 4584 Ut
3387 4529 3458 4583 sit
3516 4530 3633 4599 ipse

1936 4622 2124 4691 justus
2154 4626 2210 4674 et
2243 4620 2563 4690 justiticans
2593 4636 2745 4686 eum,
2777 4618 2877 4689 qui
2929 4635 2996 4672 ex
3022 4619 3130 4672 ﬁde
3162 4622 3247 4672 est
3301 4620 3430 4672 Jesu
3461 4619 3628 4687 (Rom.

1942 4726 2022 4776 111,
2049 4710 2174 4778 26);
2234 4729 2260 4757 ››
2320 4725 2420 4762 seu
2474 4724 2604 4761 eum
2652 4707 2875 4777 justum
2926 4708 3079 4777 jnste
3137 4706 3422 4775 gloriﬁcat
3476 4705 3628 4775 pius,

1944 4798 2136 4868 «quia
2179 4814 2323 4868 quos
2373 4795 2726 4867 justiticavit,
2780 4795 2906 4848 illos
2963 4799 3018 4847 et
3065 4791 3405 4863 gloriticavit
3455 4792 3631 4859 (Rom.

1941 4903 2057 4953 vni,
2082 4888 2191 4952 30),
2239 4908 2259 4933 ι
2296 4886 2492 4939 eadem
2524 4884 2596 4937 sit
2626 4884 2880 4954 operatio
2924 4881 3125 4951 gratim
3178 4896 3305 4950 quas
3362 4880 3632 4935 meritum

1942 4974 2190 5027 hominis
2222 4974 2457 5035 bonum,
2503 4977 2557 5025 et
2584 4971 2773 5024 initiat
2802 4970 2871 5023 ad
2913 4968 3217 5039 justitiam,
3252 4973 3309 5022 et
3364 4984 3631 5022 consum-

1944 5066 2060 5117 mat
2086 5062 2157 5117 ad
2182 5062 2426 5133 gloriam
2459 5076 2471 5113 :
2511 5059 2696 5128 primo
2747 5057 2806 5111 in
2838 5057 3072 5111 homine
3123 5056 3398 5111 inchoans
3428 5058 3633 5111 volun-

1942 5155 2114 5204 tatem
2146 5151 2376 5215 bonam,
2419 5146 2621 5201 deinde
2660 5144 2921 5199 eamdem
2972 5146 3319 5199 voluntatem
3361 5146 3633 5215 adjuvaus

1940 5238 2285 5303 inchoatam,
2331 5243 2393 5289 ut
2422 5236 2623 5288 eadem
2652 5234 2917 5289 voluntas
2947 5238 3003 5288 et
3052 5234 3248 5288 divino
3301 5235 3451 5289 dono
3486 5233 3629 5287 bona

1942 5327 2034 5394 sit,
2064 5332 2119 5379 et
2147 5325 2338 5379 divino
2370 5321 2656 5392 adjutorio
2690 5323 2900 5377 malam
2932 5339 3201 5394 superare
3229 5321 3631 5390 concupiscen-

1940 5414 2080 5468 tiam
2112 5412 2315 5482 possit;
2349 5416 2404 5464 et
2435 5410 2549 5464 Deo
2583 5410 2917 5477 perticiente
2948 5411 3076 5465 talis
3107 5408 3476 5481 postmodum
3510 5408 3635 5475 ipsa

1940 5503 2203 5556 voluntas
2234 5499 2325 5559 sit,
2357 5503 2419 5551 ut
2473 5497 2679 5550 malam
2726 5500 3246 5569 concupiscentiam
3276 5496 3484 5551 habere
3516 5510 3632 5547 non

1939 5589 2147 5661 possit;
2181 5603 2245 5642 ac
2273 5586 2354 5641 sic
2379 5586 2437 5640 iu
2468 5586 2739 5657 praesenti
2767 5588 2886 5642 vita
2915 5587 3112 5659 gratias
3153 5581 3437 5655 adjutorio
3468 5581 3632 5635 inﬁrv
