3920 6224
254 287 310 337 5]
1401 285 1754 339 RA'l'ltAllNl
1795 296 1802 333 t

2220 287 2255 340 S
2297 285 2599 340 MONACHI
3700 284 3764 336 5'2

253 417 438 472 mitati
470 433 580 470 non
613 417 794 484 cedat,
827 416 886 468 in
941 417 1130 469 futura
1183 420 1378 470 autem
1427 415 1627 487 gratiae
1661 415 1941 470 beneﬁcio
1972 423 2014 476 Α
2055 415 2294 486 punitio.
2330 416 2638 487 Nunquam
2667 414 2848 486 igitur
2879 417 3028 470 Deus
3069 415 3139 470 ad
3172 416 3278 470 hoc
3307 415 3610 469 hominem
3667 429 3763 484 po-

255 507 646 562 intirmitatem
679 521 792 560 non
827 505 1060 572 habeat;
1096 510 1152 559 et
1182 521 1334 559 nunc
1358 511 1643 560 recreetur
1669 507 1944 560 continuo

247 595 543 667 juvamine
588 593 1032 660 medicaminis;
1101 597 1236 647 tunc
1292 610 1424 647 vero
1454 595 1680 648 fruatur
1735 598 1946 648 aeterna

254 683 615 754 plenitudine
645 683 922 737 sanitatis.
951 682 1078 735 Haec
1101 687 1288 736 autem
1325 683 1490 748 Deus,
1538 683 1683 736 sicut
1712 683 1768 736 in
1800 699 1944 754 prae-

256 773 632 828 destinatione
683 787 911 842 semper
956 771 1173 835 habuit,
1208 773 1286 824 sic
1334 787 1437 842 per
1493 773 1732 843 gratiam
1802 772 1948 826 sicut

255 861 762 934 praedestinaverat
789 859 941 914 facit.
979 860 1503 914 l’raedestinatiouis
1542 861 1738 930 itaque
1769 861 1948 932 ipsius

257 951 581 1004 insinuatur
622 949 862 1020 agnitio,
897 965 1026 1003 cum
1075 948 1214 1002 dicit
1260 949 1591 1020 Scriptura:
1629 971 1656 998 ‹‹
1709 953 1769 1004 Et
1799 967 1943 1020 prae-

259 1047 493 1110 paratur
516 1039 777 1093 voluntas
809 1055 841 1092 a
876 1037 1119 1092 Domino
1149 1039 1328 1107 (Prov.
1363 1041 1676 1108 vru,~jua:ta
1711 1042 1883 1106 LXX).
1921 1063 1944 1087 η

262 1131 386 1184 Non
419 1133 610 1183 autem
657 1129 728 1182 ob
793 1127 950 1182 aliud
1007 1133 1324 1198 praeparata
1375 1127 1606 1197 dicitur,
1665 1128 1773 1182 nisi
1815 1129 1951 1199 quia

259 1218 447 1274 danda
475 1217 822 1290 praedicitur.
867 1221 912 1272 A
943 1233 1058 1288 quo
1092 1217 1246 1270 enim
1277 1223 1635 1289 praeparatur
1665 1234 1766 1286 per
1793 1218 1952 1273 boni-

265 1311 438 1362 tatem
489 1307 919 1378 sempiternam,
970 1307 1040 1360 ab
1097 1307 1221 1377 ipso
1269 1306 1438 1360 datur
1484 1323 1588 1378 per
1636 1307 1949 1362 indebitam

261 1396 553 1466 gratiam]
603 1397 663 1449 In
695 1397 800 1450 hac
848 1396 1129 1450 sententia
1176 1396 1314 1466 quid
1359 1397 1506 1450 Deus
1561 1395 1948 1467 praedestinat.

261 1493 318 1540 et
345 1487 481 1557 quid
516 1502 627 1540 non
672 1484 1049 1556 praedestinat
1078 1484 1365 1555 probabili
1395 1486 1617 1540 ratione
1657 1485 1948 1552 discernit,

259 1575 393 1644 quia
427 1575 780 1628 demonstrat
824 1579 1120 1645 peccatum
1147 1591 1263 1627 non
1308 1591 1426 1627 esse
1471 1575 1530 1627 in
1578 1575 1950 1644 praedestina-

259 1665 416 1718 tionc
449 1664 566 1730 Dei,
610 1664 704 1717 sed
737 1679 964 1734 poenam
1009 1663 1245 1734 peccati.
1275 1663 1346 1716 At
1377 1678 1506 1715 vero
1559 1663 1722 1716 beata
1751 1663 1956 1716 merita

261 1757 588 1806 sanctorum
622 1757 677 1806 et
707 1752 1231 1806 remunerationem
1283 1756 1524 1821 utraque
1575 1751 1634 1804 in
1663 1751 1954 1821 praedesti-
1986 1733 2026 1786 Β

259 1841 490 1895 natione
523 1842 618 1896 Dei
647 1857 767 1894 esse
817 1841 1048 1906 fatetur,
1110 1840 1245 1910 quia
1297 1845 1538 1910 utraque
1571 1857 1600 1893 a
1644 1841 1756 1894 Deo
1803 1845 1952 1894 Sunt.

265 1931 387 1983 Non
418 1929 572 1983 enim
607 1929 822 2000 aliquid
863 1929 1000 1983 boni
1033 1928 1246 1983 habent
1276 1929 1475 1996 sancti,
1519 1929 1627 1982 nisi
1656 1947 1688 1983 a
1734 1931 1868 1996 Deo,
1901 1933 1957 1982 et

261 2018 652 2072 remuneratio
684 2035 787 2088 pro
827 2017 1014 2084 bonis,
1049 2034 1176 2088 quae
1206 2022 1505 2089 gesserunt
1547 2018 1731 2084 electi,
1773 2037 1804 2073 a
1843 2020 1956 2073 Deo

261 2112 346 2162 est
401 2112 707 2178 propterea
768 2113 1009 2178 utraque
1063 2123 1097 2160 a
1160 2107 1270 2160 Deo
1327 2111 1460 2160 sunt
1527 2107 1952 2177 praedestinata.

262 2194 404 2247 Item
440 2193 499 2247 in
531 2195 900 2265 sequentibus
931 2197 1069 2266 (cap.
1107 2195 1192 2258 12)
1230 2211 1242 2248 :
1279 2194 1432 2266 [Ideo
1463 2211 1599 2265 ergo
1631 2195 1688 2249 in
1719 2195 1954 2266 promis-

264 2282 336 2335 sis
368 2283 466 2336 l)ei
495 2283 650 2336 nulla
681 2287 766 2338 est
795 2283 1031 2351 falsitas,
1066 2285 1201 2355 quia
1241 2284 1300 2337 in
1335 2283 1606 2338 faciendis
1638 2286 1794 2338 nulla
1830 2287 1956 2338 0m-

263 2371 546 2441 nipotenti
577 2377 662 2425 est
703 2371 1030 2438 difﬁcultas,
1083 2378 1140 2426 et
1169 2377 1480 2443 propterea
1525 2373 1602 2427 ibi
1659 2389 1957 2444 nunquam

265 2461 425 2515 deest
475 2462 784 2515 voluntatis
830 2463 1096 2530 effectus;
1157 2462 1294 2532 quia
1352 2463 1612 2516 voluntas
1664 2463 1786 2533 ipsa
1843 2479 1956 2516 non

267 2550 419 2603 aliud
451 2549 741 2603 invenitur
782 2565 904 2604 esse
949 2567 1123 2621 quam
1167 2551 1366 2605 virtus.
1426 2551 1715 2622 Quidquid
1765 2557 1958 2605 autem

269 2639 388 2691 vult
417 2643 622 2709 potest,
658 2639 755 2710 qui
787 2645 1070 2710 quantum
1119 2639 1240 2695 vult
1291 2645 1512 2694 tantum
1569 2645 1775 2711 potest.
1817 2642 1958 2694 Pro-

267 2733 466 2798 pterea
495 2728 564 2782 de
590 2729 689 2782 illo
721 2729 838 2782 solo
872 2728 1044 2798 digne
1069 2728 1276 2783 dicitur
1310 2745 1322 2782 ε
1362 2750 1388 2778 ‹‹
1440 2730 1646 2784 Omnia
1689 2745 1960 2800 quascun-

271 2834 380 2889 que
411 2817 595 2872 voluit
624 2818 756 2872 fecit
796 2819 972 2886 (Psal.
1015 2835 1144 2872 cxnt
1175 2823 1224 2872 et
1263 2821 1502 2887 cxxxrv).
1541 2838 1566 2868 »
1609 2819 1674 2871 Et
1705 2819 1910 2872 iterum
1947 2835 1957 2872 :

276 2930 296 2956 ι
333 2905 536 2961 Subest
569 2907 722 2960 enim
751 2906 875 2972 tibi,
910 2923 1038 2960 cum
1071 2909 1240 2974 voles,
1271 2923 1435 2978 posse
1469 2909 1624 2976 (Sep.
1659 2923 1758 2974 xu,
1799 2906 1900 2976 18).
1937 2931 1956 2956 η

2054 505 2165 559 tuit
2195 505 2630 575 prwdestinare,
2692 505 2841 576 quod
2902 504 3024 575 ipse
3083 505 3468 574 disposuerat,
3525 509 3584 559 et
3612 519 3762 575 pra:-

2055 601 2219 665 cepto
2251 594 2579 664 prohibere,
2613 597 2671 648 et
2717 593 3110 648 misericordia
3156 593 3397 662 diluere,
3433 597 3489 647 et
3535 591 3764 663 justitia

2054 684 2285 754 punire.
2323 682 2553 754 lniquos
2587 682 2802 755 itaque,
2839 699 2984 754 quos
3015 683 3299 754 praescivit
3331 683 3478 736 Deus
3501 682 3659 736 hanc
3690 681 3768 734 vi-

2055 777 2172 827 tam
2194 773 2252 826 in
2281 777 2513 843 peccato
2542 772 2974 838 terminaturos,
3003 771 3430 842 praedestinavit
3481 770 3768 842 supplicio

2058 861 2470 916 interminabili
2501 861 2826 932 puniendos
2860 877 2873 914 :
2908 861 2968 914 in
3000 877 3144 931 quos
3163 861 3307 914 sicut
3334 859 3629 931 culpanda
3651 875 3764 913 non

2059 955 2141 1004 est
2167 949 2524 1021 praescientia
2567 950 2835 1003 humanae
2885 949 3226 1020 iniquitatis,
3272 949 3353 1002 ita
3385 949 3766 1020 praedestina-

2057 1039 2138 1094 tio
2164 1039 2495 1110 justissima:
2516 1037 2803 1092 laudanda
2833 1042 2916 1091 est
2948 1038 3210 1104 ultionis;
3245 1042 3307 1091 ut
3350 1044 3768 1107 agnosceretur

2061 1145 2174 1182 non
2203 1129 2272 1182 ab
2302 1145 2368 1181 eo
2397 1127 2870 1198 praedestinatum
2911 1127 3205 1181 hominem
3238 1127 3308 1181 ad
3360 1129 3768 1198 qualecunque

2059 1223 2376 1288 peccatum,
2437 1233 2608 1288 quem
2653 1216 3084 1286 praedestinavit;
3129 1215 3346 1286 peccati
3399 1203 3609 1270 merito
3674 1233 3768 1286 pu-

2061 1305 2338 1360 niendum
2381 1305 2521 1377 (cap.
2582 1307 2690 1376 24).
2751 1306 2896 1359 Deus
2955 1304 3151 1375 itaque
3208 1304 3402 1359 omnia
3459 1305 3770 1358 hominum

2061 1413 2252 1466 Opera,
2277 1395 2392 1448 sive
2423 1395 2574 1449 bona
2605 1395 2722 1449 sive
2753 1395 2902 1449 mala
2929 1394 3236 1466 praascivit,
3262 1381 3395 1466 quia
3421 1411 3554 1448 eum
3591 1396 3770 1448 latere

2065 1484 2202 1538 nihil
2233 1485 2442 1555 potuit,
2471 1484 2566 1538 sed
2603 1484 2723 1538 sola
2771 1484 2918 1538 bona
2959 1483 3404 1554 praedestinavit,
3439 1501 3571 1554 quae.
3623 1500 3688 1537 se
3711 1483 3770 1536 in

2061 1573 2196 1628 ﬁliis
2217 1573 2416 1642 gratiae
2467 1574 2747 1628 facturum
2791 1591 2912 1626 esse
2945 1573 3233 1643 pragscivit
3267 1590 3278 1628 :
3313 1574 3460 1626 mala
3505 1589 3649 1626 vero
3685 1573 3768 1627 fu-

2060 1666 2189 1716 tura
2218 1678 2393 1732 opera
2439 1663 2670 1716 illorum
2721 1679 2863 1733 quos
2921 1679 3034 1716 non
3084 1662 3504 1732 prmdestinavit
3553 1663 3630 1717 ad
3683 1679 3769 1716 re-

2063 1767 2264 1822 gnum,
2296 1751 2392 1806 sed
2425 1751 2494 1806 ad
2523 1751 2820 1806 interitum
2863 1745 3150 1826 praescivit
3195 1743 3595 1822 potentissima
3626 1751 3768 1821 {dei-

2064 1845 2200 1908 tate,
2236 1846 2291 1894 et
2319 1840 2604 1895 ordinavit
2632 1841 2874 1911 provida
2904 1840 3157 1894 bonitate
3193 1857 3205 1894 :
3240 1847 3296 1894 et
3328 1841 3462 1911 quia
3493 1839 3774 1912 praescius

2065 1930 2191 1997 fuit,
2219 1930 2367 2002 quod
2397 1931 2593 1984 eadem
2629 1930 2778 1984 mala
2810 1947 2928 1984 non
2959 1931 3148 1984 solum
3189 1930 3310 2001 ipse.
3343 1930 3601 1984 facturus
3659 1945 3772 1983 non

2067 2025 2234 2084 esset,
2269 2021 2364 2073 sed
2411 2037 2512 2073 nec
2560 2020 2732 2072 homo
2777 2019 2836 2072 in
2896 2024 3176 2090 quantum
3232 2019 3283 2072 ei
3337 2019 3638 2073 humiliter
3686 2019 3776 2071 ad-

2067 2108 2343 2176 haesisset,
2381 2109 2442 2162 in
2474 2125 2540 2164 eo
2571 2109 2738 2163 nobis
2769 2107 3221 2180 insuperabilem
3253 2108 3569 2179 potentiam
3621 2124 3772 2178 prae-

2067 2197 2322 2252 scientiaa
2345 2213 2460 2251 suae
2492 2198 2675 2267 magis
2703 2197 2966 2260 ostendit,
3009 2196 3146 2267 quia
3185 2199 3289 2250 nec
3320 2197 3380 2249 in
3417 2195 3583 2251 malis
3617 2212 3770 2265 pra:-

2065 2287 2505 2342 destinationem
2533 2285 2768 2356 iustitiae
2815 2301 2933 2338 suae
2981 2277 3180 2338 vacare
3224 2285 3503 2358 permisit.
3561 2288 3769 2340 Osten-

2067 2391 2233 2429 surus
2263 2375 2456 2446 itaque
2485 2373 2796 2445 Deus‘quid
2829 2373 3186 2428 reddendum
3219 2373 3594 2444 praesciverit,
3635 2373 3772 2444 quid

2069 2465 2421 2528 donandum,
2482 2463 2914 2536 praedestinavit
2953 2463 3084 2516 illos
3119 2463 3190 2517 ad
3223 2457 3592 2538 Supplicium,
3627 2480 3775 2533 quos

2069 2571 2101 2608 a
2133 2569 2192 2606 se
2251 2551 2534 2623 praescivit
2562 2552 2730 2605 mala:
2786 2551 3093 2604 voluntatis
3125 2551 3260 2604 vitio
3310 2549 3693 2616 discessuros;
3725 2557 3780 2604 et

2069 2641 2499 2714 praedestinavit
2533 2641 2602 2694 ad
2657 2656 2922 2710 regnum,
2958 2656 3102 2711 quos
3135 2639 3204 2693 ad
3249 2655 3306 2693 se
3337 2641 3627 2712 praescivit
3667 2639 3774 2693 mi-

2069 2731 2390 2785 sericordim
2442 2730 2847 2800 praevenientis
2905 2729 3117 2783 auxilio
3168 2721 3474 2793 redituros,
3527 2733 3586 2783 et
3620 2729 3682 2784 in
3717 2745 3772 2782 se

2073 2820 2483 2874 misericordias
2542 2807 2944 2889 subsequentis
2989 2818 3201 2872 auxilio
3258 2836 3379 2872 esse
3443 2835 3770 2872 mansuros.

2073 2912 2138 2965 In
2167 2909 2291 2963 istis
2326 2907 2774 2962 miscricordiam
2823 2907 3174 2974 custodiens,
3208 2907 3266 2961 in
3329 2907 3440 2961 illis
3486 2907 3774 2978 justitiam

275 2995 404 3049 ldeo
433 2994 680 3049 diximus
719 3000 939 3048 tantam
1007 2994 1087 3048 ibi
1147 3011 1268 3049 esse
1315 2995 1586 3049 virtutem
1634 2996 1958 3063 voluntatis,
1996 3039 2035 3094 Ο
2076 3004 2277 3053 tenens
2311 3015 2322 3052 :
2353 2997 2472 3051 istis
2503 2997 2652 3070 quod
2685 2995 2950 3068 promisit
2987 2997 3080 3068 pie
3115 2996 3392 3064 tribuens,
3425 2997 3536 3066 illis
3564 2995 3779 3050 nihilo-

273 3089 486 3154 quanla
517 3091 572 3137 et
613 3084 869 3138 voluntas
919 3083 1045 3153 ipsa
1095 3083 1368 3138 virtutis:
1424 3085 1560 3156 quia
1617 3087 1964 3156 cui'semper

273 3174 483 3238 subest,
515 3189 644 3227 cum
679 3174 845 3240 volet,
879 3189 1066 3243 posse,
1103 3190 1217 3227 non
1248 3174 1402 3228 aliud
1457 3180 1542 3228 est
1571 3174 1628 3228 in
1672 3172 1768 3229 illo
1797 3176 1960 3238 velle,

275 3277 446 3332 quam
477 3277 640 3333 posse
665 3262 807 3332 (cap.
865 3262 1153 3333 l3).Quia
1185 3279 1322 3333 ergo
1374 3264 1524 3317 Deus
1563 3265 1720 3318 nulla
1774 3251 1964 3318 neces-

274 3351 437 3404 sitate
494 3352 876 3421 compellitur,
952 3356 1013 3404 ut
1081 3353 1298 3422 aliquid
1375 3353 1577 3406 nolens
1649 3353 1962 3423 permittat,

275 3441 490 3495 nullius
559 3441 755 3511 utique
836 3440 1196 3495 adversitatis
1253 3441 1568 3513 impeditur
1649 3442 1963 3510 obstaculo,

276 3545 390 3599 quo
448 3529 506 3582 id
567 3531 718 3600 quod
787 3529 1069 3601 promisit,
1149 3534 1246 3584 aut
1339 3531 1528 3585 minus
1582 3548 1755 3602 quam
1823 3532 1964 3602 vult,

273 3623 371 3672 aut
401 3619 616 3674 tardius
642 3619 829 3673 faciat.
865 3619 1110 3674 Proinde
1159 3623 1363 3692 potuit,
1398 3620 1542 3674 sicut
1589 3621 1786 3688 voluit,
1819 3638 1966 3692 prae-

273 3708 560 3763 destinare
589 3709 865 3780 quosdam
897 3709 968 3764 ad
999 3709 1263 3780 gloriam,
1298 3711 1572 3781 quosdam
1605 3711 1674 3764 ad
1715 3727 1963 3782 poenam.

275 3797 380 3851 Sed
413 3815 554 3867 quos
583 3798 1011 3868 praedestinavit
1042 3799 1107 3853 ad
1140 3801 1405 3870 gloriam,
1446 3800 1870 3872 praedestinavit
1899 3802 1966 3855 ad

268 3884 552 3954 justitiam
585 3903 765 3956 :quos
794 3892 986 3940 autem
1019 3887 1530 3956 praedestinavitad
1573 3905 1824 3960 poenam,
1849 3905 1966 3942 non

277 3974 786 4043 prasdestinavitad
809 3975 1084 4047 culpam.]
1115 3977 1250 4030 [tem
1267 3975 1692 4048 pauloinferius
1713 3995 1724 4032 :
1747 3975 1828 4050 [In
1844 3993 1970 4030 san-

277 4061 1304 4133 ctisigiturcoronatDeusjustiliam,
1342 4081 1513 4135 quam
1551 4066 1630 4118 eis
1651 4067 1826 4136 gratis
1847 4065 1966 4136 ipse

277 4151 494 4216 tribuit,
551 4151 727 4221 gratis
761 4151 1019 4214 servavit,
1072 4153 1362 4223 gratisque
1421 4153 1673 4224 perfecit.
1733 4155 1968 4226 Iuiquos

275 4243 468 4292 autem
534 4240 930 4293 condemnavit
985 4256 1084 4310 pro
1139 4239 1430 4311 impietate
1492 4241 1578 4294 vel
1667 4242 1964 4312 injustitia,

2075 3087 2265 3141 minus
2321 3087 2470 3158 quod
2529 3086 2786 3157 praedixit
2823 3086 2976 3155 juste
3041 3085 3378 3139 retribueus.
3422 3085 3512 3140 Sic
3573 3091 3770 3139 autem

2075 3177 2220 3231 Deus
2249 3191 2359 3229 non
2389 3174 2583 3229 omnia
2632 3175 2898 3244 promisit
2964 3190 3093 3244 quae
3149 3174 3438 3245 praedixit,
3501 3173 3770 3244 quamvis

2071 3265 2401 3336 pratdixerit
2452 3263 2647 3316 omnia
2696 3279 2824 3333 quas
2879 3263 3149 3333 promisit
3201 3263 3345 3330 sicut
3401 3279 3516 3316 non
3577 3264 3776 3316 omnia

2071 3352 2500 3425 praedestinavit
2530 3369 2654 3424 qum
2725 3351 3030 3422 praescivit,
3083 3352 3342 3426 quamvis
3374 3351 3570 3426 omnia
3633 3369 3778 3423 prae-

2072 3443 2350 3498 destinata
2383 3441 2746 3512 praesciverit.
2785 3441 3075 3494 Praescivit
3127 3441 3282 3494 enim
3329 3441 3634 3498 hominum
3681 3459 3776 3495 vo-

2073 3531 2318 3588 luntates
2349 3531 2527 3584 bonas
2560 3535 2617 3583 et
2657 3530 2832 3583 malas
2869 3545 2882 3582 :
2933 3521 3378 3600 praedestinavit
3408 3535 3600 3582 autem
3663 3545 3776 3583 non

2072 3621 2272 3686 malas,
2306 3619 2402 3673 sed
2434 3618 2614 3672 bonas
2646 3618 2814 3670 solas.
2850 3619 2912 3671 Et
2961 3617 3090 3690 licet
3127 3617 3188 3670 in
3229 3617 3372 3688 ejus
3405 3617 3778 3688 praedestina-

2071 3709 2226 3764 tione
2257 3724 2372 3762 non
2407 3706 2598 3772 fuerit,
2636 3709 2697 3759 ut
2729 3705 3009 3760 malitiam
3061 3705 3341 3782 voluntati
3373 3706 3646 3776 humana;
3680 3708 3774 3762 dc-

2075 3799 2272 3864 disset,
2303 3795 2410 3851 fuit
2437 3789 2722 3849 tamenin
2766 3795 2888 3864 ejus
2933 3787 3636 3866 praedestinatioue,quid
3671 3796 3778 3850 hu-

2077 3903 2261 3940 manae
2319 3884 2622 3939 voluntatis
2683 3883 2918 3938 malitiae
2977 3883 3321 3938 reddidisset
3375 3889 3618 3956 propter
3677 3886 3780 3939 hoc

2075 3976 2230 4048 quia,
2267 3974 2412 4029 sicut
2463 3971 2762 4028 Psalmista
2815 3976 3073 4040 testatur,
3113 3993 3140 4021 ‹‹
3189 3971 3502 4026 lllisericors
3543 3977 3631 4026 est
3659 3975 3776 4044 (Do-

2075 4065 2266 4118 minus
2294 4061 2552 4134 etfjustus
2584 4062 2748 4131 (Psul.
2778 4078 2919 4130 cxrv,
2963 4065 3032 4129 5),
3069 4081 3096 4110 ››
3132 4060 3560 4134 praedestinavit
3594 4061 3784 4132 justos

2077 4153 2145 4208 ad
2193 4153 2457 4224 gloriam,
2491 4151 2718 4222 iniquos
2783 4151 2852 4205 ad
2909 4143 3174 4222 poenam.
3211 4149 3598 4224 Justiticandis
3641 4167 3780 4222 ergo

2077 4248 2245 4314 atque
2277 4241 2664 4312 glorilicandis
2700 4239 3188 4312 praedestinatum
3217 4237 3626 4308 misericordiae
3663 4254 3780 4292 sua:

277 4343 446 4398 quam
481 4327 537 4380 in
569 4326 650 4380 eis
681 4327 802 4396 ipse
837 4343 954 4381 non
1003 4328 1151 4383 fecit.
1209 4330 1271 4382 ln
1317 4329 1430 4382 illis
1473 4329 1625 4384 enim
1663 4347 1836 4400 opera
1867 4348 1967 4385 sua
1997 4343 2037 4397 υ
2078 4348 2220 4402 opus
2251 4329 2512 4401 praedixit
2568 4329 2804 4400 pariter,
2850 4331 2905 4382 et
2963 4327 3254 4404 promisit.
3316 4327 3534 4398 lniquis
3587 4333 3778 4382 autem

275 4416 582 4486 gloriﬁcat;
616 4417 674 4469 in
707 4417 832 4469 istis
879 4421 1068 4470 autem
1103 4433 1276 4486 opera
1313 4435 1430 4472 non
1461 4435 1566 4472 sua
1605 4420 1962 4475 condemnat.

280 4506 393 4558 lloc
431 4505 624 4576 itaque
653 4504 1078 4574 praedestinavit
1113 4507 1277 4573 Deus,
1307 4507 1458 4576 quod
1495 4513 1614 4560 erat
1635 4507 1756 4577 ipse
1780 4507 1965 4562 factu-

279 4607 392 4656 rus,
426 4597 523 4644 aut
555 4591 706 4662 quod
739 4591 922 4643 fuerat
945 4591 1275 4660 largiturus.
1303 4593 1446 4646 lllud
1473 4609 1608 4646 vero
1640 4591 1966 4649 nullatenus

277 4679 722 4747 praedestinavit,
759 4679 910 4748 quod
942 4680 1058 4733 sive
1087 4696 1192 4749 per
1221 4681 1489 4750 gratiam,
1520 4698 1618 4734 seu
1668 4697 1771 4751 per
1791 4682 1964 4752 justi-

275 4769 410 4822 tiam
459 4769 710 4822 facturus
763 4769 883 4839 ipse
932 4785 1046 4822 non
1105 4767 1250 4837 fuit]
1294 4769 1432 4823 Item
1465 4769 1523 4822 in
1575 4769 1774 4823 eodem
1820 4761 1976 4840 (cap.-

273 4857 404 4928 ‘23):
457 4857 765 4928 [Fidelibus
821 4857 1090 4928 congruit
1149 4856 1382 4910 credere
1439 4863 1492 4912 et
1549 4858 1716 4912 fateri
1787 4859 1963 4914 Deum

277 4947 507 5010 bonum,
540 4951 595 5000 et
623 4947 844 5017 justum
885 4945 1179 5016 praescisse
1223 4945 1458 5017 quidem
1513 4953 1835 5017 peccatores
1869 4947 1967 5001 ho-

273 5035 476 5100 mines,
507 5035 640 5107 quia
667 5035 806 5090 nihil
840 5051 972 5089 eum
998 5033 1174 5090 latere
1225 5037 1414 5107 potuit
1455 5035 1783 5091 futurorum
1838 5038 1962 5106 (ne-

273 5141 383 5197 que
416 5125 566 5179 enim
600 5126 685 5180 vel
719 5125 910 5180 futura
965 5133 1174 5192 essent,
1231 5128 1277 5180 si
1325 5127 1386 5180 in
1436 5127 1559 5197 ejus
1605 5127 1962 5198 praescientia

271 5231 386 5270 non
417 5215 676 5281 fuissent,
739 5231 856 5269 non
919 5219 1109 5271 tamen
1167 5217 1598 5288 praedestinasse
1648 5216 1964 5287 quemlibet

270 5303 565 5357 hominem
597 5305 664 5360 ad
689 5309 1016 5375 peccatum;
1045 5305 1180 5377 quia
1207 5307 1252 5360 si
1284 5305 1350 5360 ad
1391 5309 1685 5375 peccatum
1727 5305 1957 5375 aliquod

271 5395 418 5448 Deus
449 5394 738 5448 hominem
773 5393 1229 5464 praedestinaret,
1254 5411 1358 5465 pro
1389 5397 1631 5466 peccatis
1663 5393 1960 5448 hominem

268 5499 382 5537 non
413 5483 666 5554 puniret.
703 5484 801 5538 Dei
833 5483 987 5538 enim
1015 5485 1521 5556 praedestinatione
1555 5489 1652 5538 aut
1699 5490 1956 5556 peccato-

269 5589 396 5625 rum
425 5573 857 5644 pra-parala’est
879 5573 970 5644 pia
1003 5573 1287 5639 remissio,
1315 5575 1956 5645 autpeccatorumjusta
1981 5583 1984 5586 λ

2075 4417 2551 4489 praedestinatum
2581 4417 2822 4485 justitias
2855 4431 2972 4468 sua:
3022 4407 3172 4486 opus
3219 4414 3478 4484 praedixit
3526 4419 3776 4468 tantum-

2075 4507 2264 4574 mod'o,
2307 4522 2422 4559 non
2455 4503 2764 4578 promisit]
2797 4505 2938 4557 Item
2987 4503 3044 4556 in
3089 4503 3292 4576 eodem
3337 4503 3478 4572 (cap.
3511 4507 3601 4570 26)
3637 4520 3651 4558 :
3681 4503 3776 4576 {tu

2075 4594 2282 4647 sanctis
2311 4592 2498 4664 igitur
2528 4591 2885 4662 perfecturus
2931 4597 3018 4644 est
3063 4591 3552 4664 Dpominus,'quod
3595 4599 3660 4646 ut
3692 4611 3776 4646 es-

2076 4688 2202 4738 sent
2254 4682 2416 4747 boni,
2481 4681 2670 4752 gratis
2730 4680 2903 4734 dedit.
2968 4680 3128 4744 Quod
3179 4684 3370 4754 autem
3421 4681 3686 4748 daturus,
3721 4698 3784 4738 se.

2073 4771 2378 4843 praescivit,
2411 4770 2470 4824 in
2501 4776 2718 4824 aeterna
2767 4769 3040 4824 bonitatis
3073 4769 3444 4840 dispositione
3475 4772 3766 4840 praedesti.

2075 4861 2250 4915 navit.
2283 4859 2411 4929 Ipsa
2449 4865 2532 4912 est
2575 4858 2729 4911 enim
2777 4845 3209 4930 praedestinatio
3259 4845 3376 4926 Dei,
3422 4861 3776 4930 sempiterna

2073 4949 2288 5002 scilicet
2338 4947 2636 5019 dispositio
2685 4947 2866 5001 futuri
2924 4947 3116 5017 operis
3175 4947 3293 5000 Dei.
3343 4949 3524 5002 Porro
3584 4956 3776 5004 autem

2071 5037 2131 5091 in
2161 5037 2376 5108 iniquis
2407 5037 2712 5107 puniturus
2740 5041 2842 5102 est,
2875 5035 3028 5106 quod
3053 5041 3114 5090 ut
3140 5040 3330 5090 essent
3360 5036 3493 5090 mali
3525 5053 3644 5092 non
3678 5040 3778 5094 de-

2070 5125 2180 5194 dit;
2216 5143 2320 5180 nec
2350 5143 2445 5179 eos
2476 5125 2546 5180 ad
2601 5123 2970 5195 iniquitatem
3017 5125 3270 5196 aliquam
3315 5127 3774 5196 praedestinavit,

2071 5215 2205 5286 quia
2233 5219 2299 5269 ut
2325 5213 2520 5284 inique
2543 5212 2777 5280 vellent,
2808 5213 2916 5266 hoc
2947 5214 3028 5266 eis
3057 5215 3295 5268 daturus
3327 5215 3449 5284 ipse
3496 5231 3614 5269 non
3651 5216 3768 5270 fuit.

2073 5306 2136 5358 Et
2167 5303 2302 5374 quia
2331 5304 2498 5357 mala:
2529 5301 2840 5356 voluntatis
2871 5318 3244 5372 perseverans
3275 5303 3552 5376 iniquitas
3583 5304 3771 5360 inulta

2071 5409 2366 5448 remanere
2390 5409 2502 5446 non
2531 5391 2750 5458 debuit,
2789 5391 2926 5445 tales
2957 5391 3026 5445 ad
3069 5393 3364 5447 interitum
3403 5393 3769 5464 pra-destina-

2071 5484 2166 5548 vit,
2189 5481 2322 5554 quia
2349 5482 2557 5536 talibus
2582 5481 2753 5552 justas
2795 5481 3118 5558 punitionis
3169 5481 3512 5553 supplicium
3547 5475 3768 5554 pra'paf

2071 5573 2231 5626 ravit.
2266 5571 2426 5637 Quod
2453 5572 2650 5642 otique
2686 5555 3303 5625 manifesto‘Dominus
3351 5565 3473 5640 ipse
3505 5558 3796 5626 sermone
