3920 6224
126 345 182 394 53

1158 339 1247 393 DE
1290 337 1952 395 PILEDESTINA'I‘IONE
1994 338 2132 394 DEl.
2180 367 2248 376 —-
2290 338 2423 394 LIB.
2467 337 2533 390 ll.
3534 335 3600 388 5οὲ

124 472 399 545 perdocuit,
427 472 485 528 in
513 489 581 527 eo
629 473 783 545 quod
817 489 848 527 a
878 489 935 528 se
967 472 1211 528 ostendit
1240 477 1504 545 paratum
1547 489 1656 526 non
1689 489 1785 526 so-
1815 475 1858 528 Α
1897 489 2011 528 non
2046 490 2166 528 esse
2209 473 2359 545 quod
2393 477 2475 527 est
2526 474 2672 527 male
2705 474 2774 528 ab
2827 472 2906 527 eis
2939 473 3277 539 admissum,
3309 473 3407 528 sed
3442 473 3598 544 quod

123 566 222 617 lum
251 579 480 633 regnum
515 561 619 616 ubi
651 563 912 616 laetentur
946 562 1096 628 boni,
1147 563 1240 616 sed
1293 568 1346 615 et
1379 563 1570 631 ignem
1620 566 1782 616 aeter-

119 667 233 703 num
262 648 354 703 ubi
387 648 721 702 crucientur
754 649 907 702 mali.
935 649 1103 704 Bonis
1127 651 1338 703 etenim
1367 651 1624 704 dicturus
1658 655 1781 704 est:

121 761 141 786 ‹‹
179 737 376 796 Venite,
440 737 731 791 benedicti
791 739 970 792 Patris
1020 738 1156 805 mei,
1212 739 1488 809 percipite
1540 755 1783 809 regnum

117 827 249 898 quod
301 826 455 879 vobis
514 831 782 896 paratum
849 832 935 880 est
1009 843 1042 880 a
1099 827 1507 881 constitutione
1582 828 1783 883 mundi

117 917 306 983 (Matth.
331 930 491 981 xxxv,
522 915 633 972 34).
666 936 694 962 ››
732 913 883 967 Malis
914 919 1103 967 autem
1134 915 1388 968 dicturus
1445 920 1528 968 est
1560 932 1571 970 :
1618 939 1636 964 α
1677 918 1779 982 lte,

117 1003 388 1067 maledicti,
435 1002 492 1056 in
551 1004 749 1073 ignem
798 1009 1100 1067 aeternum,
1154 1004 1250 1074 qui
1281 1009 1509 1074 paratus
1539 1011 1626 1058 est
1657 1005 1782 1060 dia-

114 1094 226 1146 bolo
264 1098 314 1146 et
367 1092 590 1162 angelis
647 1093 768 1161 ejus
815 1092 1010 1159 (Ibid,
1073 1094 1182 1158 41).
1246 1116 1264 1141 ν
1323 1094 1459 1146 Ecce
1507 1094 1574 1147 ad
1629 1096 1778 1166 quod

120 1184 243 1235 Dens
271 1181 489 1251 iniquos
513 1185 570 1234 et
600 1180 805 1252 impios
854 1181 1302 1251 praedestinavit,
1336 1181 1394 1235 id
1425 1187 1510 1235 est
1545 1183 1610 1236 ad
1643 1199 1778 1253 sup-

119 1271 569 1340 pliciumjustum,
606 1286 723 1323 non
757 1269 988 1340 aliquod
1018 1286 1161 1340 opus
1209 1270 1521 1339 iujustum;
1564 1271 1630 1324 ad
1665 1289 1778 1342 pce-

118 1375 245 1420 nam,
286 1375 393 1412 non
422 1359 493 1411 ad
525 1359 786 1428 culpam;
821 1359 890 1412 ad
936 1358 1320 1429 punitionem,
1353 1375 1464 1412 non
1497 1360 1563 1414 ad
1592 1364 1775 1413 trans-

117 1451 464 1518 gressionem;
522 1448 593 1501 ad
649 1448 970 1513 interitum,
1025 1465 1197 1519 quem
1251 1449 1334 1502 ira
1375 1448 1514 1518 justi
1563 1450 1776 1504 Judicis

121 1538 443 1608 peccantibus
491 1537 773 1602 reddidit;
819 1554 929 1591 non
979 1539 1046 1591 ad
1080 1538 1398 1605 interitum,
1450 1555 1562 1609 quo
1607 1539 1664 1592 in
1717 1556 1774 1592 se

117 1627 236 1679 iram
290 1626 382 1679 Dei
438 1626 802 1696 peccantium
859 1625 1132 1697 iniquitas
1210 1627 1555 1696 provocavit.
1613 1627 1774 1691 Quod

116 1714 242 1768 beati
263 1714 505 1783 Apostoli
530 1713 864 1784 praediCatio
897 1715 1244 1780 manifestat,
1279 1714 1376 1786 qui
1402 1716 1602 1782 malos,
1628 1733 1772 1786 quos

114 1804 165 1858 in
205 1809 465 1857 aeternum
518 1804 896 1858 damnaturus
942 1809 1026 1858 est
1061 1806 1226 1871 Deus,
1260 1805 1309 1875 [α
1361 1821 1494 1858 vasa
1535 1826 1561 1853 ››
1610 1810 1774 1858 vocat
1807 1777 1844 1832 Β

119 1915 138 1938 α
168 1893 268 1956 irae,
301 1913 325 1939 ››
359 1909 472 1946 non
489 1893 697 1962 culpae.
722 1892 814 1946 Ait
845 1892 998 1946 enim
1029 1908 1041 1946 :
1072 1915 1092 1941 ι
1126 1893 1288 1956 Quod
1321 1893 1368 1946 si
1397 1893 1592 1946 volens
1626 1894 1774 1946 Deus

117 1981 372 2034 ostendere
395 1981 562 2042 iram,
591 1985 648 2034 et
677 1986 870 2034 notam
892 1981 1076 2035 facere
1098 1981 1416 2051 potentiam
1442 1997 1624 2047 suam,
1651 1998 1773 2035 sus-

118 2070 340 2123 tinuitin
375 2070 556 2123 multa
587 2069 863 2139 patientia
883 2086 1012 2123 vasa
1038 2070 1137 2123 irai
1166 2074 1359 2140 aptata
1374 2071 1437 2124 in
1474 2071 1771 2125 interitum

117 2163 167 2212 ut
192 2158 496 2212 ostenderet
526 2158 756 2213 divitias
787 2159 987 2229 gloria:
1026 2175 1142 2213 suae
1172 2159 1232 2212 in
1263 2175 1394 2212 vasa
1445 2160 1772 2214 misericor—

116 2249 217 2312 diae,
247 2264 363 2315 quae
393 2247 742 2316 prmparavit
790 2247 850 2299 in
881 2247 1127 2316 gloriam
1158 2247 1338 2318 (Rom.
1369 2265 1439 2313 rx,
1473 2250 1561 2316 22,
1594 2250 1706 2317 23).
1744 2270 1771 2298 ››

177 2336 226 2389 In
248 2335 342 2388 hac
369 2341 630 2390 extrema
657 2336 938 2389 sententia
970 2336 1288 2390 notandum
1319 2337 1470 2408 quod
1501 2337 1568 2392 de
1597 2338 1774 2390 Evan-

117 2425 241 2494 gelio
269 2439 491 2477 sumens
538 2423 959 2492 testimonium,
990 2424 1072 2478 ait
1121 2424 1562 2495 prmdestiuatos
1595 2427 1776 2480 malos

119 2512 166 2564 in
205 2513 376 2583 ignem
441 2517 754 2578 mternum,
807 2529 872 2566 eo
929 2513 1081 2584 quod
1133 2513 1390 2568 dicturus
1445 2519 1530 2568 est
1577 2514 1773 2568 Domi-

118 2619 203 2655 nus
240 2602 288 2654 in
329 2600 569 2670 judicio,
623 2618 736 2655 non
774 2602 956 2654 solum
1013 2602 1195 2668 bonis,
1251 2607 1310 2655 ut.
1341 2603 1660 2673 percipiunt
1687 2620 1772 2657 re-

119 2706 263 2759 gnum
307 2689 406 2743 Silll
456 2694 730 2760 paratum
779 2705 810 2743 a
864 2690 1268 2745 constitutione
1311 2691 1529 2762 mundi,
1577 2709 1772 2746 verum

117 2777 238 2847 quod
267 2779 419 2831 malis
450 2778 712 2832 dicturus
743 2785 826 2832 est
858 2796 870 2832 :
918 2798 942 2829 α
991 2780 1089 2845 Ite,
1133 2780 1439 2847 maledicti,
1476 2781 1535 2834 in
1583 2779 1773 2850 ignem

118 2872 378 2930 arternum,
413 2868 514 2938 qui
551 2872 787 2938 paratus
832 2874 917 2921 est
951 2868 1177 2922 diabolo
1211 2874 1266 2923 et
1313 2868 1533 2938 angelis
1565 2870 1712 2940 ejus:
1747 2890 1772 2921 υ

117 2972 169 3010 ex
196 2956 284 3010 hoc
310 2957 460 3011 enim
494 2957 778 3028 approbat
811 2957 960 3028 quod
998 2958 1227 3028 iniquos
1259 2964 1313 3012 et
1347 2958 1557 3028 impios
1591 2959 1778 3012 Domi-

118 3061 202 3096 nus
226 3046 707 3115 praedestinaverit
737 3046 806 3099 ad
838 3045 1204 3116 supplicium,
1237 3063 1303 3099 eo
1341 3047 1491 3116 quod
1539 3047 1651 3100 illis
1683 3047 1774 3100 di-

118 3138 278 3186 cturus
308 3140 389 3187 est
417 3151 430 3188 ε
458 3157 485 3182 ‹‹
521 3135 608 3188 Ite
637 3134 695 3187 in
725 3135 917 3205 ignem
940 3140 1238 3188 aeternum.
1276 3153 1298 3186 ι
1319 3135 1475 3189 Unde
1510 3149 1533 3177 α
1555 3135 1652 3206 qui
1684 3152 1777 3188 vo-

120 3222 217 3273 lunt
243 3222 418 3276 dicere
447 3223 608 3292 quod
641 3239 808 3293 paena
841 3223 1245 3294 prmdestinata
1272 3222 1343 3276 sit
1382 3222 1626 3293 injustis,
1658 3240 1774 3276 non

118 3309 279 3379 injusti
310 3311 702 3382 praedestinati
741 3317 872 3366 sunt
911 3313 981 3366 ad
1033 3327 1281 3382 poenam,
1317 3311 1563 3365 viderint
1595 3311 1775 3382 quali-

120 3403 187 3450 ter
206 3399 352 3469 hujus
390 3401 650 3454 auctoris
681 3400 830 3454 dicta
874 3400 1200 3470 intelligant
1233 3417 1245 3454 :
1297 3400 1388 3453 cui
1420 3399 1576 3459 enim
1608 3417 1774 3472 para-

120 3492 194 3539 tur
222 3505 392 3558 pcena,
429 3490 476 3542 is
519 3489 799 3542 nimirum
843 3495 1200 3560 praeparatur
1232 3489 1301 3543 ad
1338 3505 1586 3559 pmnam.
1633 3491 1772 3543 Item

119 3575 164 3628 in
189 3579 366 3631 eodem
415 3579 566 3649 (cap.
601 3580 688 3646 26)
727 3595 739 3631 :
777 3578 955 3648 [Vasis
989 3595 1120 3632 vero
1152 3578 1250 3632 ira:
1282 3595 1580 3650 nunquam
1630 3580 1777 3633 Deus

123 3665 340 3718 redderet
384 3667 711 3734 interitum,
754 3667 800 3720 si
829 3667 954 3734 fnon
987 3672 1370 3738 spontaneum
1423 3666 1779 3721 inveniretur

123 3753 256 3807 homo
295 3755 505 3809 habere
567 3760 909 3825 peccatum:
963 3756 1100 3828 quia
1159 3772 1259 3809 nec
1316 3757 1464 3811 Deus
1519 3757 1778 3826 peccanti

127 3842 469 3914 hominijnste
503 3844 747 3899 inferret
791 3844 961 3915 iram,
1008 3845 1054 3898 si
1107 3846 1282 3900 homo
1315 3862 1377 3899 ex
1411 3846 1778 3916 praedestina-

127 3930 243 3985 tione
271 3933 360 3987 Dei
392 3934 701 3988 cecidisset
730 3935 787 3987 in
823 3935 1052 4004 culpam
1083 3951 1096 3989 :
1129 3935 1223 3988 sed
1254 3934 1386 4006 quia
1416 3952 1644 3989 causam
1675 3935 1780 3989 ini-

128 4021 312 4088 quitatis
344 4039 462 4076 suae
493 4039 564 4077 ex
597 4023 826 4093 propria
857 4023 1032 4077 homo
1075 4023 1274 4077 habuit
1309 4023 1620 4089 voluntate,
1655 4041 1780 4094 pro-

127 4113 278 4176 pterea
312 4111 514 4166 beatus
578 4112 783 4165 Paulus
819 4132 843 4161 α
900 4111 1236 4166 sustinuisse
1267 4133 1292 4162 ι
1339 4112 1540 4166 asserit
1602 4113 1777 4165 Deum

131 4197 217 4250 «in
247 4201 408 4252 multa
469 4199 760 4270 patientia
808 4217 940 4252 vasa
988 4199 1089 4254 irae
1134 4203 1324 4272 aptata
1372 4199 1433 4253 in
1480 4200 1778 4254 interitum

134 4286 263 4342 (Rom.
288 4304 353 4351 ix,
387 4288 502 4359 2t).
542 4311 573 4338 υ
611 4290 737 4343 Herc
758 4288 934 4358 igitur
959 4288 1043 4342 ira
1065 4289 1191 4342 ideo
1223 4288 1431 4342 talibus
1464 4287 1606 4342 vasis
1627 4289 1781 4342 inte-

134 4375 264 4428 ritum
287 4377 557 4446 reddidit,
611 4377 745 4448 quia
774 4376 1251 4430 in‘eismeritum
1294 4376 1631 4430 voluntariae
1679 4376 1783 4430 ini-
1812 4385 1852 4438 ι)

135 4464 318 4530 quitatis
344 4466 589 4519 invenit.
625 4465 925 4529 Quomodo
965 4469 1156 4519 autem
1190 4466 1407 4535 peccati
1446 4483 1606 4520 servo
1637 4465 1782 4520 iram

133 4559 272 4617 jUSlUS
307 4555 589 4608 Dominus
637 4554 942 4622 intulisset,
983 4555 1031 4608 si
1081 4571 1275 4608 servus
1309 4572 1372 4608 ex
1405 4555 1782 4626 praedestina-

138 4640 248 4694 tione
291 4643 892 4715 Domini.peccasset?
961 4644 1025 4697 In
1087 4644 1196 4697 hoc
1254 4643 1446 4715 itaque
1502 4644 1609 4698 ista
1654 4660 1784 4698 vasa

137 4730 241 4783 Deus
267 4733 495 4803 aptavit,
535 4732 600 4784 in
631 4748 744 4803 quo
778 4731 1224 4802 praedestinavit,
1272 4732 1378 4786 hoc
1408 4736 1495 4786 est
1522 4731 1581 4786 in
1631 4733 1784 4786 inte-

135 4819 262 4873 ritum
294 4837 307 4874 :
331 4822 497 4876 illum
527 4821 730 4891 utique
757 4820 1051 4875 interitum
1080 4836 1248 4892 quem
1280 4821 1487 4875 Paulus
1506 4821 1668 4875 malis
1695 4838 1783 4875 re-

132 4916 261 4974 pente
281 4915 765 4981 superventurum
800 4909 1105 4963 denuntiat
1134 4909 1326 4964 dicens
1358 4927 1370 4964 :
1406 4931 1433 4959 ‹‹
1469 4911 1608 4966 Cum
1631 4911 1783 4965 enim

134 4995 345 5065 dixerint,
401 5001 521 5054 Pax
570 5003 629 5052 et
685 5000 978 5064 securitas,
1012 5003 1150 5053 tunc
1195 4999 1530 5070 repentinus
1569 4999 1650 5054 eis
1698 5017 1788 5054 su-

134 5087 368 5150 perveniet
398 5087 682 5142 interitus
729 5087 774 5156 (1
807 5088 991 5141 Thess.
1045 5103 1098 5152 v,
1151 5087 1223 5158 3).
1261 5109 1287 5135 ››
1341 5087 1501 5152 Quod
1540 5088 1585 5141 si
1638 5089 1786 5142 Deus

136 5173 233 5225 tales
256 5175 308 5229 in
338 5181 646 5246 peccatum
700 5175 1138 5245 predestinaret,
1190 5192 1304 5229 non
1349 5193 1448 5230 eos
1480 5177 1787 5247 Apostolus

138 5279 275 5316 «rasa
317 5266 416 5320 ire:
457 5287 488 5315 ››
531 5263 736 5317 mallet
787 5263 1120 5331 nominare,
1170 5263 1266 5317 sed
1314 5265 1528 5334 eulpae;
1576 5279 1680 5316 nec
1726 5262 1785 5316 in

139 5346 375 5408 interitum
421 5353 781 5414 talia-vasa,
831 5352 929 5406 sed
991 5352 1050 5405 in
1107 5356 1404 5423 peccatum
1465 5351 1788 5406 dicerentur

140 5443 294 5506 aptata.
328 5443 494 5497 Nunc
549 5443 748 5494 autem
783 5439 909 5494 ideo
953 5449 977 5475 ⁸
1017 5457 1149 5494 vasa
1199 5439 1300 5494 irae
1335 5461 1356 5488 ι
1402 5440 1688 5507 dicuntur,
1729 5444 1790 5493 ut

140 5530 416 5584 ostendatur
483 5531 549 5584 in
594 5527 810 5583 talibus
863 5544 927 5583 ex
986 5529 1084 5584 Dei
1125 5529 1625 5600 praedestinatione
1679 5528 1789 5582 hoc

185 5683 199 5710 ³
225 5672 285 5727 lle
317 5673 636 5729 Hincmaro
666 5674 724 5725 et
756 5669 1053 5726 similibus.

1898 566 1953 616 et
2004 562 2212 616 talibus
2258 562 2402 616 bene
2454 561 2742 615 redditum
2798 561 2940 631 (cap.
2997 562 3107 630 '27).
3171 563 3317 616 Bene
3378 562 3596 632 quippe

1896 651 2060 704 malis
2090 651 2356 704 interitus
2385 667 2418 704 a
2454 651 2564 704 Deo
2596 650 2867 717 redditur,
2894 650 3155 721 quamvis
3187 651 3260 704 sit
3287 651 3470 704 malus
3502 651 3591 704 in-

1893 739 2098 792 teritus
2128 739 2210 793 eis
2241 739 2339 811 qui
2372 755 2521 793 nunc
2561 739 2717 808 juste
2749 738 3089 792 deseruntur
3133 744 3188 792 et
3222 740 3591 810 postmodum

1885 828 2039 898 juste
2070 828 2507 899 torquebantur.
2563 829 2627 881 In
2659 827 2864 881 talibus
2901 827 3053 881 enim
3089 828 3371 898 judicium
3421 845 3589 884 suum

1892 919 2042 972 Deus
2087 918 2407 972 desertione
2458 917 2705 983 inchoat,
2774 917 3119 970 cruciatione
3190 929 3584 986 consummat;

1892 1022 2024 1060 nam
2057 1011 2114 1060 et
2151 1005 2259 1059 hoc
2286 1011 2560 1076 tempore,
2593 1022 2706 1076 quo
2747 1006 3096 1060 discedentes
3145 1006 3324 1059 malos
3355 1006 3586 1073 deserit,

1893 1096 2040 1148 Deus
2070 1111 2183 1148 non
2217 1101 2489 1166 operatur
2528 1094 2587 1148 in
2619 1095 2700 1148 eis
2737 1095 2888 1164 quod
2931 1094 2983 1148 ei
3012 1093 3291 1165 displicet,
3330 1095 3429 1148 sed
3458 1113 3588 1166 ope-

1890 1189 2045 1237 ratur
2075 1201 2176 1255 per
2206 1200 2302 1237 eos
2331 1185 2482 1254 quod
2529 1184 2582 1238 ei
2631 1185 2834 1254 placet,
2869 1185 3234 1254 postmodum
3284 1184 3364 1237 eis
3399 1185 3584 1239 reddi-

1887 1277 2050 1326 turus
2125 1273 2278 1342 quod
2329 1272 2396 1325 al)
2451 1272 2573 1342 ejus
2623 1273 2850 1342 justitia
2911 1277 3223 1327 merentur.
3289 1273 3586 1342 Recipient

1886 1362 2061 1427 enim,
2105 1377 2218 1414 non
2254 1378 2357 1430 pro
2398 1377 2464 1415 eo
2510 1362 2659 1431 quod
2697 1361 2842 1414 Deus
2888 1361 3032 1415 bene
3083 1379 3216 1414 usus
3259 1366 3345 1415 est
3383 1379 3582 1417 eorum

1885 1451 2152 1520 Operibus
2167 1450 2354 1516 malis,
2375 1451 2466 1503 sed
2486 1467 2586 1519 pro
2603 1467 2669 1504 eo
2685 1449 2836 1521 quod
2855 1450 2961 1520 ipsi
2987 1452 3136 1504 malo
3153 1450 3316 1504 abusi
3334 1456 3466 1504 sunt
3482 1452 3582 1505 Dei

1885 1538 2155 1607 operibus
2185 1538 2362 1592 bonis.
2411 1538 2571 1590 Tales
2608 1538 2798 1608 itaque
2845 1539 2991 1591 Deus
3021 1539 3236 1608 aptavit
3270 1538 3329 1592 in
3377 1539 3576 1592 interi-

1885 1632 2004 1681 tum
2036 1628 2374 1698 punitionis,
2413 1643 2584 1697 quem
2620 1627 2903 1698 peccaturi
2927 1628 3113 1696 justus
3140 1628 3314 1698 judcx
3346 1629 3576 1698 praedec

1883 1716 2192 1770 stinatione
2235 1716 2389 1787 justa
2444 1715 2711 1782 decrevit,
2760 1732 2879 1769 non
2931 1715 2992 1769 in
3047 1722 3366 1787 peccatum,
3421 1717 3574 1787 quod

1885 1804 2057 1858 homo
2092 1821 2203 1858 non
2255 1821 2319 1858 ex
2355 1804 2862 1875 praedestinatione
2898 1804 3087 1859 divina
3140 1806 3238 1859 sed
3269 1822 3337 1859 ex
3372 1805 3576 1858 volun-

1881 1897 1992 1946 tate
2023 1911 2124 1946 sua
2153 1896 2298 1947 male
2329 1894 2786 1964 concupiscendo
2812 1893 2985 1964 coepit
3017 1900 3072 1948 et
3107 1895 3254 1948 male
3285 1894 3576 1964 operando

1882 1982 2137 2051 perfecit.
2169 2005 2196 2032 α
2247 1983 2767 2053 Concupiscentia»
2826 1983 2980 2036 enim
3042 1983 3432 2054 «concipiens
3475 2000 3572 2054 pe-

1883 2072 2032 2143 perit
2076 2077 2394 2142 peccutum,
2446 2077 2741 2143 peccatum
2783 2089 2915 2126 vero
2966 2079 3426 2126 consummatum
3477 2089 3575 2144 ge-

1882 2159 2005 2213 nuit
2027 2159 2145 2230 [al.,
2166 2160 2423 2230 generat]
2450 2164 2690 2213 mortem
2714 2159 2848 2230 (Jac.
2878 2177 2912 2222 ι,
2935 2161 3039 2229 lii).
3062 2179 3084 2211 ν
3104 2162 3225 2213 Non
3239 2176 3374 2230 ergo
3391 2159 3576 2231 iniqui

1882 2247 2269 2318 prasdestinati
2290 2254 2422 2301 sunt
2445 2248 2512 2300 ad
2529 2255 2772 2301 mortem
2787 2247 2992 2301 animae
3018 2249 3282 2318 primam,
3309 2249 3404 2302 sed
3424 2265 3576 2320 pra:-

1883 2336 2151 2390 destiuati
2181 2343 2315 2389 sunt
2344 2336 2412 2390 ad
2435 2337 2764 2398 secundam,
2800 2337 2858 2390 id
2880 2342 2963 2390 est
2984 2357 3011 2384 «
3045 2337 3114 2390 ad
3140 2342 3407 2408 stagnum
3429 2336 3576 2407 ignis

1885 2429 1940 2478 et
1969 2425 2280 2496 sulphuris,
2313 2448 2338 2474 »ι
2364 2426 2431 2479 de
2465 2442 2578 2495 quo
2601 2425 2802 2479 beatus
2826 2426 3070 2480 Joannes
3101 2425 3238 2480 dicit
3270 2443 3282 2480 :
3316 2447 3343 2476 ‹‹
3372 2428 3436 2480 Et
3461 2426 3579 2480 dia-

1885 2514 2050 2568 bolus
2083 2513 2181 2584 qui
2220 2514 2520 2568 seduceth
2551 2531 2646 2567 eos
2680 2514 2883 2568 missus
2914 2519 2997 2568 est
3019 2514 3078 2567 in
3109 2520 3375 2585 stagnum
3425 2514 3578 2585 ignis

1885 2608 1940 2656 et
1969 2601 2260 2672 sulphuris
2292 2602 2484 2671 (ApM.
2518 2619 2607 2670 xx,
2642 2605 2692 2672 9‘)
2721 2619 2734 2660 π
2771 2622 2794 2652 n
2830 2607 2882 2656 et
2905 2602 3018 2655 alio
3047 2603 3211 2656 loco:
3263 2624 3289 2652 α
3319 2605 3379 2657 Et
3425 2619 3578 2656 mors

1885 2696 1940 2745 et
1989 2690 2249 2744 infernus
2320 2690 2479 2744 missi
2533 2695 2665 2744 sunt
2722 2690 2782 2744 in
2837 2695 3106 2761 stagnum
3163 2691 3312 2762 ignis
3373 2691 3578 2760 (Ibid.,

1888 2779 1993 2850 15).
2026 2800 2052 2827 ›)
2093 2781 2220 2835 llaec
2259 2795 2413 2833 mors
2457 2780 2709 2833 secunda
2752 2783 2835 2834 est
2863 2801 2890 2829 ‹‹
2923 2785 3192 2850 stagnum
3240 2779 3423 2851 ignis;
3463 2801 3489 2827 ››
3523 2784 3580 2833 et

1885 2867 1984 2938 qui
2018 2884 2130 2921 non
2164 2872 2250 2921 est
2277 2867 2542 2921 inventus
2584 2869 2643 2922 in
2675 2867 2820 2922 libro
2855 2869 2978 2922 vitae
3011 2868 3274 2939 scriptus,
3312 2891 3337 2916 «
3374 2869 3579 2921 missus

1884 2955 2047 3010 estin
2079 2960 2347 3025 stagnum
2382 2955 2549 3026 ignis.
2584 2977 2612 3005 ››
2637 2957 2851 3011 Rursus
2874 2956 3009 3010 dicit
3042 2973 3054 3010 :
3091 2976 3116 3007 (ι
3153 2956 3349 3010 Dubiis
3386 2963 3575 3010 autem

1885 3050 1940 3098 et
1967 3045 2315 3111 inﬁdelibus,
2365 3043 2788 3114 contaminatis,
2822 3049 2877 3098 et
2930 3044 3256 3107 homicidis,
3288 3049 3344 3098 et
3385 3044 3576 3114 impu-

1884 3133 2045 3201 dicis,
2077 3138 2133 3187 et
2163 3134 2431 3188 veneﬁcis
2469 3138 2525 3188 et
2559 3132 2722 3188 idolis
2775 3134 3172 3200 servientibus,
3208 3139 3264 3188 et
3305 3134 3576 3187 omnibus

1883 3221 2272 3288 mendacibus,
2325 3238 2457 3292 pars
2487 3238 2686 3276 eorum
2739 3221 2800 3276 in
2848 3229 3050 3292 stagno
3085 3223 3310 3276 ardenti
3369 3226 3423 3276 et
3461 3222 3576 3274 sul-

1885 3313 2088 3383 phure,
2142 3311 2294 3382 quod
2344 3315 2426 3365 est
2455 3327 2608 3364 mors
2653 3311 2901 3365 secunda
2943 3312 3136 3381 (Apoc.
3172 3328 3282 3376 xxr,
3323 3311 3400 3379 8).
3436 3331 3463 3358 ››
3503 3311 3577 3364 ιι-

1886 3401 1997 3457 lam
2052 3401 2361 3454 secundam
2412 3405 2704 3470 nuncupat
2737 3405 2980 3455 mortem
3033 3417 3163 3471 qua:
3203 3399 3462 3471 sequitur
3511 3414 3579 3452 ex

1884 3489 2167 3543 sententia
2209 3488 2438 3559 judicis,
2474 3505 2588 3542 non
2617 3489 2776 3543 illam
2810 3505 2936 3561 quae
2991 3489 3281 3560 praecessit
3309 3489 3370 3542 in
3429 3486 3580 3540 mala

1884 3577 2344 3648 concupiscentia
2372 3578 2727 3648 peccatoris]

1956 3667 2061 3720 Per
2090 3666 2284 3720 omnia
2325 3666 2523 3720 doctor
2565 3666 2670 3720 iste
2718 3666 2949 3737 iniquos
2989 3665 3400 3736 praeordinatos
3457 3681 3580 3718 esse

1885 3755 1957 3809 ad
2003 3755 2286 3825 paenalem
2343 3755 2516 3808 vitam
2571 3753 2969 3824 iniquitatibus
3000 3754 3116 3808 suis
3173 3753 3572 3824 dogmatizat:

1886 3845 1955 3898 ad
1985 3849 2280 3913 peccatum
2320 3858 2452 3896 vero
2512 3859 2624 3896 non
2657 3858 2776 3895 esse
2817 3843 3250 3913 praeordinatos,
3303 3843 3577 3913 quoniam

1885 3931 2157 4003 iniquitas
2211 3933 2325 3986 Deo
2375 3947 2489 3984 non
2528 3931 2731 4001 placet,
2776 3947 2876 3984 nec
2920 3947 3119 3986 eorum
3148 3936 3233 3986 est
3285 3931 3578 4002 praedesti-

1887 4027 2076 4088 nator,
2112 4036 2356 4092 quorum
2397 4036 2516 4074 non
2546 4025 2629 4073 est
2669 4023 2885 4074 auctor.
2922 4020 3029 4074 Sed
3060 4037 3187 4075 cum
3242 4019 3431 4074 scierit
3475 4020 3578 4075 ho-

1889 4112 2103 4164 minem
2148 4113 2540 4179 peccaturum,
2599 4113 2655 4163 et
2709 4109 2772 4162 in
2816 4109 3060 4180 peccatis
3113 4125 3576 4180 permansurum,

1890 4198 2311 4270 praedestinavit
2341 4214 2472 4252 eum
2511 4198 2581 4252 ad
2612 4215 2808 4268 poenas
2848 4215 2989 4270 quas
3018 4198 3170 4268 juste
3202 4205 3350 4254 esset
3379 4215 3578 4270 passu-

1891 4305 2008 4356 rus,
2040 4304 2143 4341 nec
2177 4287 2297 4342 haec
2336 4287 2764 4358 praedestinatio
2796 4288 3073 4359 compulit
3115 4304 3246 4342 eum
3277 4287 3342 4342 ad
3395 4304 3582 4359 pecca—

1891 4381 2036 4443 tum,
2075 4384 2174 4431 aut
2219 4382 2370 4431 certe
2421 4393 2485 4431 ex
2519 4379 2853 4432 necessitate
2903 4377 2970 4432 ad
3004 4393 3242 4448 poenas:
3281 4377 3580 4448 quoniam,

1893 4464 2036 4520 sicut
2068 4465 2192 4536 ipse
2230 4469 2470 4519 testatur
2503 4485 2530 4514 «
2564 4464 2662 4536 qui
2695 4466 2887 4520 omnia
2927 4468 3105 4532 novit,
3136 4488 3162 4515 »
3208 4465 3365 4520 novit
3409 4465 3580 4518 etiam

1893 4558 1948 4608 et
1978 4553 2339 4624 singulorum
2392 4554 2562 4622 facta,
2593 4554 2751 4608 novit
2781 4559 2864 4608 et'
2892 4556 3035 4609 lines
3087 4555 3469 4626 singulorum,
3529 4557 3583 4606 et

1893 4660 1958 4699 ex
1989 4660 2054 4698 eo
2104 4643 2257 4714 quod
2305 4643 2367 4696 in
2409 4642 2491 4696 eis
2520 4643 2664 4698 vidit
2693 4648 2747 4699 et
2785 4644 3067 4715 cognovit,
3102 4661 3166 4698 ex
3207 4661 3272 4698 eo
3301 4641 3471 4695 etiam
3530 4648 3585 4696 et

1894 4732 2314 4804 praedestinavit
2355 4732 2493 4804 quid
2528 4733 2598 4787 de
2643 4733 2887 4804 singulis
2937 4738 3084 4787 esset
3142 4736 3393 4786 acturus.
3429 4730 3586 4785 Sicut

1894 4821 2048 4877 enim
2079 4821 2439 4892 praescientia
2471 4821 2593 4892 ejus
2636 4823 2926 4876 neminem
2957 4821 3248 4890 compellit
3285 4819 3354 4873 ad
3387 4835 3582 4888 pecca-

1893 4915 2036 4977 tum,
2073 4927 2204 4964 cum
2257 4911 2455 4982 utique
2490 4911 2804 4981 prmscierit
2833 4911 3192 4980 singulorum
3218 4913 3348 4963 ante
3380 4909 3585 4962 saecula

1893 5003 2107 5054 aeterna
2136 5005 2387 5070 peccata,
2414 5000 2490 5052 ita
2522 5016 2753 5070 quoque
2786 5006 2841 5055 et
2873 4998 3301 5068 praedestinatio
3333 4997 3457 5068 ejus
3490 5013 3585 5051 ne-

1895 5089 2110 5144 minem
2143 5089 2434 5160 compellit
2473 5089 2540 5142 ad
2578 5105 2827 5159 poenam,
2865 5088 2995 5143 licet
3025 5092 3080 5142 et
3109 5093 3418 5160 antequam
3453 5103 3587 5140 nas—

1893 5182 2056 5232 catur
2081 5177 2309 5249 aliquis,
2356 5177 2794 5247 prtedestinatus
2841 5177 2933 5244 sit,
2969 5177 3015 5232 si
3057 5193 3464 5248 permansurus
3505 5179 3590 5229 est

1892 5267 1953 5320 in
1983 5267 2305 5338 iniquitate,
2336 5266 2404 5320 ad
2441 5281 2688 5336 poenam.
2726 5266 2799 5320 Ex
2832 5282 2899 5319 eo
2931 5266 3084 5320 enim
3116 5266 3267 5337 quod
3308 5263 3590 5337 praescivit

1895 5355 2149 5426 singulos
2189 5355 2329 5427 quid
2380 5359 2569 5410 essent
2601 5353 2783 5408 acturi
2839 5371 2904 5408 ex
2957 5371 3024 5409 eo
3078 5360 3133 5408 et
3168 5352 3587 5425 praedestinavit

1896 5445 2210 5498 aeternitate
2233 5443 2459 5498 consilii
2493 5443 2578 5498 sui
2615 5443 2752 5515 quid
2776 5448 2920 5497 esset
2949 5444 3018 5497 de
3041 5443 3282 5512 singulis
3317 5442 3586 5496 facturus.

1901 5533 2040 5588 Item
2102 5532 2467 5588 Cassiodorus
2515 5533 2571 5589 in
2630 5533 2984 5606 expositione
3041 5532 3247 5603 psalmi
3278 5546 3591 5597 cvni,-cum

2470 5672 2498 5690 η
