3920 6224
302 252 365 301 55
1436 245 1793 300 RA'I'RAMNI
1832 254 1850 297 t

2334 242 2639 298 MONACHI
3762 243 3833 293 56

300 382 566 432 tractaret
617 376 953 430 versiculum
1006 392 1136 429 eum
1193 375 1291 445 qui
1349 374 1486 428 dicit
1517 394 1533 428 :
1594 396 1620 423 ‹‹
1657 374 1819 429 Fiant
1870 373 1989 429 nati
2019 376 2061 428 A
2101 371 2193 426 hic
2217 371 2403 442 justus
2435 370 2680 443 amplius
2707 371 3075 442 justiticatur,
3107 372 3319 443 impius
3348 371 3597 444 amplius
3628 371 3836 426 sordi-

303 466 426 536 ejus
466 466 524 519 in
567 464 887 530 interitum,
929 464 988 517 in
1028 464 1395 535 generatione
1428 480 1540 517 una
1574 464 1829 518 deleatur
1883 480 1996 517 no-

302 571 436 608 men
472 556 614 625 ejus,
651 576 678 603 ››
714 554 836 607 haec
888 553 1182 624 subjunxit
1212 570 1223 607 :
1260 553 1635 623 [Eosdemque
1692 558 1859 606 natos
1904 553 1992 606 di-

308 642 407 707 cis,
463 657 605 712 quos
657 641 917 711 superius
974 641 1219 711 pupillos
1269 642 1363 693 ait.
1398 641 1460 694 Et
1497 638 1769 710 quoniam
1813 640 1997 694 solent

302 730 481 800 aliqui
553 734 917 801 peccatorum
982 746 1163 800 genus
1222 744 1542 800 propagare
1590 728 1991 799 longinquum,

302 819 489 890 ipsam
545 834 777 889 quoque
826 834 983 889 spem
1034 818 1144 872 illis
1197 818 1592 889 prosperitatis
1632 818 1889 885 abscidit,
1925 834 1995 871 ne

304 924 419 978 quo
475 923 531 960 se
592 907 743 960 bono
800 907 1064 977 pessima!
1124 912 1347 960 mentes
1401 906 1828 959 consolarentur
1879 906 1995 961 sive

306 994 490 1065 magis
517 1011 633 1048 una
662 995 959 1065 generatio
1005 995 1104 1049 illa
1135 995 1372 1049 dicenda
1399 1000 1502 1063 est,
1540 995 1783 1066 [quando
1813 995 1995 1049 nasci-

304 1100 437 1137 mur
469 1083 527 1136 in
582 1084 857 1153 peccatis;
905 1089 961 1138 et
992 1084 1122 1138 ideo
1156 1083 1298 1154 petit
1336 1088 1397 1138 ut
1441 1084 1509 1138 ad
1554 1084 1882 1150 secundam,
1940 1084 1993 1138 id

306 1177 390 1223 est
420 1170 489 1225 ad
523 1172 1033 1240 regenerationem,
1086 1188 1199 1225 non
1239 1172 1577 1242 perveniant
1609 1190 1621 1227 :
1653 1172 1751 1243 qui
1804 1177 1994 1226 tamen

302 1260 361 1312 in
395 1259 901 1330 preedestinatione
928 1260 1138 1330 repulsi
1163 1265 1380 1314 suntut
1409 1262 1468 1314 in
1500 1261 1687 1331 prima
1736 1266 1999 1331 peccato-

304 1364 432 1401 rum
467 1364 703 1402 suorum
760 1348 897 1403 faece
944 1349 1289 1420 dispereant,
1354 1365 1425 1403 ne
1484 1350 1745 1404 secundae
1802 1350 1999 1403 nativi-

304 1435 436 1490 tatis
482 1436 759 1491 beneﬁcio
808 1438 1079 1508 laqueum
1126 1439 1327 1492 mortis
1387 1438 1670 1508 evadant]
1725 1438 1831 1493 Sed
1876 1440 1998 1492 brae

306 1528 361 1577 et
389 1523 498 1577 illis
548 1524 757 1579 similia
791 1525 1060 1579 dicuntur
1103 1526 1171 1580 de
1201 1527 1315 1580 illis
1364 1527 1463 1597 qui
1494 1527 1554 1580 in
1589 1528 1818 1581 Domini
1843 1527 1995 1597 judi-

304 1612 527 1666 catione
550 1613 860 1668 damnandi
893 1620 1045 1682 sunt,
1089 1620 1144 1669 et
1175 1616 1267 1669 hic
1297 1632 1397 1685 per
1438 1616 1994 1686 praedestinationem

307 1701 569 1769 repulsos
608 1701 768 1767 dixit,
802 1719 943 1773 quos
981 1702 1041 1756 in
1073 1708 1346 1758 aeternam
1381 1704 1803 1758 damnationem
1830 1704 1995 1775 inju-

308 1789 454 1844 dicio
490 1789 797 1843 mittendos
828 1792 1165 1859 pronuntiat
1197 1808 1208 1845 :
1243 1792 1381 1846 vidit
1413 1793 1565 1846 enim
1600 1795 1778 1847 malos
1804 1809 1995 1863 perse-

308 1882 603 1930 veraturos
637 1879 783 1931 Deus
813 1878 870 1932 in
904 1880 1073 1946 malo,
1112 1883 1167 1933 et
1196 1879 1326 1935 ideo
1362 1880 1509 1950 apud
1544 1868 1815 1935 aeternam
1848 1898 1997 1952 prae—

310 1965 605 2020 seientiam
646 1983 807 2019 suam
854 1967 1064 2022 talibus
1112 1969 1539 2038 praedestinavit
1580 1986 1829 2041 poenam.
1875 1972 1995 2025 Non

310 2054 439 2109 ideo
468 2060 662 2108 tamen
712 2057 1138 2126 compelluntur
1166 2058 1233 2111 ad
1265 2074 1489 2128 poenam
1524 2058 1659 2129 quia
1686 2075 1799 2113 non
1830 2075 1895 2113 ex
1930 2076 1996 2112 eo

308 2142 459 2214 quod
508 2143 897 2213 przedestinati
944 2149 1077 2199 sunt
1106 2147 1453 2216 judicantur,
1498 2147 1596 2202 sed
1635 2164 1699 2201 ex
1744 2165 1811 2202 eo
1845 2149 1995 2219 quod

306 2233 634 2300 peeeatores
664 2231 909 2300 prmseiti
952 2240 1102 2299 sunt,
1138 2234 1209 2287 ad
1246 2250 1441 2305 pmnas
1490 2233 1879 2304 prredestinati
1913 2249 1999 2287 co-

306 2324 666 2389 gnoscuntur
698 2336 710 2373 :
756 2321 901 2374 sicut
933 2322 1084 2375 enim
1130 2338 1301 2377 nemo
1350 2327 1538 2394 potest
1566 2323 1853 2394 imputare
1886 2325 1998 2378 Deo

306 2407 461 2477 quod
510 2413 726 2477 peccat.
762 2409 839 2463 ita
883 2426 1110 2481 quoque
1139 2413 1292 2482 quod
1335 2428 1440 2481 pro
1481 2412 1721 2483 peccatis
1752 2414 1997 2483 punien-

305 2495 411 2549 dus
462 2496 554 2549 sit.
586 2498 785 2550 Peccat
816 2498 971 2551 enim
1023 2499 1253 2569 propria
1302 2500 1594 2553 voluntate
1636 2500 1995 2569 delinquens,

312 2583 641 2653 puniendus
682 2590 873 2639 autem
901 2590 985 2639 est
1023 2587 1179 2658 justo
1204 2587 1424 2657 judicio
1448 2588 1759 2657 judicantis
1794 2605 1807 2642 :
1838 2596 1892 2642 ct
1930 2589 2000 2641 si-

304 2678 399 2726 cut
430 2673 645 2743 peccati
702 2690 870 2727 causa
901 2691 1013 2729 non
1057 2693 1119 2729 ex
1155 2676 1254 2730 Dei
1286 2678 1641 2747 praescientia
1689 2678 1995 2747 descendit,

305 2762 439 2832 quia
471 2761 662 2815 nullus
682 2762 887 2817 idcirco
906 2770 1099 2833 peccat
1128 2765 1263 2836 quia
1294 2767 1440 2820 Deus
1469 2782 1601 2820 eum
1632 2771 1998 2837 peccaturum

305 2850 639 2921 prmscierit,
673 2852 766 2904 sed
800 2851 1011 2906 idcirco
1046 2852 1178 2924 quia
1213 2855 1396 2925 magis
1449 2855 1697 2927 propriae
1729 2857 1998 2926 concupi-

2109 462 2293 517 datur.
2330 463 2503 516 Malus
2544 462 2609 515 ad
2634 463 2845 516 bonum
2872 462 3182 533 aliquando
3210 464 3584 530 convertitur,
3621 462 3832 515 bonus
3882 474 3883 477 ‘

2108 552 2176 605 ad
2209 550 2424 604 malum
2459 551 2762 621 aliquando
2797 550 3138 616 reﬂectitur;
3170 552 3291 604 vult
3321 551 3449 622 quis
3470 568 3592 605 esse
3624 552 3835 605 bonus

2108 644 2162 689 et
2201 654 2316 691 non
2349 639 2525 704 valet;
2568 640 2687 692 vult
2735 640 2877 692 alter
2920 655 3041 693 esse
3081 639 3290 704 malus,
3334 644 3388 693 et
3426 655 3542 693 non
3574 640 3837 710 permit.

2108 726 2247 779 titur
2275 726 2532 795 interire,
2578 728 2745 780 datur
2776 728 2825 780 ei
2859 727 2959 799 qui
3020 729 3160 793 vult,
3205 744 3325 781 esse
3372 727 3558 781 bonus
3600 744 3613 782 :
3668 728 3835 781 alius

2108 830 2213 868 nec
2247 813 2386 876 vult,
2418 831 2520 867 nec
2548 815 2716 869 datur
2746 816 2820 883 ei,
2852 821 2917 869 ut
2953 816 3027 869 sit
3055 816 3238 869 bonus
3273 832 3286 869 :
3326 816 3432 869 iste
3462 815 3735 870 nascitur
3772 818 3831 869 in

2107 918 2298 955 errore
2332 906 2386 956 et
2418 904 2691 969 moritur;
2726 904 2821 957 illa
2862 904 2919 957 in
2970 904 3121 958 bono
3170 920 3284 974 quo
3315 904 3488 973 empit
3519 919 3719 974 usque
3770 904 3827 957 in

2106 990 2280 1045 tinem
2307 992 2598 1062 perdurat.
2628 993 2848 1045 Tandiu
2881 992 2985 1045 iste
3017 997 3128 1046 stat
3155 1008 3458 1063 quousque
3490 992 3692 1059 cadat;
3726 994 3824 1046 ille

2106 1081 2254 1133 male
2313 1080 2411 1134 diu
2473 1081 2733 1149 vivendo,
2794 1082 2852 1134 in
2906 1082 3019 1135 ﬁne
3076 1083 3344 1149 salvator,
3399 1087 3824 1152 respectusque

2107 1169 2486 1235 convertitur;
2531 1170 2649 1223 vult
2680 1170 2948 1239 prodesse
2998 1170 3058 1223 in
3088 1171 3243 1226 bono
3291 1172 3475 1241 justus
3522 1187 3630 1224 nec
3665 1186 3823 1241 prae-

2106 1258 2273 1322 valet,
2303 1259 2424 1311 vult
2453 1274 2661 1312 nocere
2696 1259 2877 1312 malus
2918 1263 2973 1313 et
3003 1260 3168 1313 valet.
3204 1261 3314 1313 Iste
3346 1261 3465 1312 vult
3494 1261 3607 1313 Deo
3640 1276 3816 1312 vaca-

2108 1361 2189 1410 re,
2232 1350 2287 1399 et
2336 1346 2538 1399 sreculo
2571 1346 2930 1416 impeditur:
2991 1346 3087 1400 ille
3117 1347 3176 1400 in
3218 1347 3465 1419 negotiis
3516 1348 3819 1417 implicari

2106 1433 2265 1503 cupit
2316 1450 2419 1487 nec
2476 1435 2719 1504 perlicit.
2778 1437 3118 1489 nominatur
3153 1436 3337 1489 malus
3392 1436 3564 1502 bono,
3619 1436 3819 1490 bonus

2106 1522 2414 1577 damnatur
2443 1540 2546 1593 pro
2573 1524 2772 1593 impio,
2806 1523 3018 1593 impius
3046 1524 3365 1577 honoratur
3402 1540 3505 1594 pro
3532 1525 3704 1593 justo
3732 1545 3748 1591 ;
3772 1530 3821 1576 et

2109 1611 2165 1663 in
2207 1611 2310 1665 hac
2357 1616 2513 1665 tanta
2564 1612 2902 1666 obscuritate
2933 1629 3046 1666 non
3106 1614 3255 1667 valet
3314 1614 3491 1666 homo
3551 1614 3818 1668 divinam

2108 1701 2447 1770 perscrutari
2509 1700 2945 1772 dispositionem
2996 1707 3052 1755 et
3106 1701 3393 1755 occultum
3423 1701 3819 1773 praedestina-

2105 1787 2277 1840 tionis
2306 1788 2663 1857 perpendere
2694 1787 3001 1857 ordinem.)

2178 1875 2394 1939 Quibus
2425 1876 2608 1930 verbis
2661 1892 2778 1930 non
2828 1877 3011 1930 solum
3046 1877 3197 1948 quod
3250 1876 3324 1931 sit
3352 1876 3668 1931 electorum
3706 1893 3817 1930 nu-

2106 1978 2297 2017 merus
2328 1964 2563 2035 praemio
2591 1965 2971 2032 coronandus,
3001 1970 3057 2019 et
3086 1965 3462 2035 reproborum
3487 1965 3812 2019 multitudo

2106 2068 2273 2123 paena
2312 2053 2371 2105 in
2412 2053 2631 2123 judicio
2683 2053 2959 2120 ferienda,
3006 2053 3215 2107 divinae
3271 2053 3814 2122 praedestinatiunis

2107 2140 2306 2194 ordine
2338 2142 2681 2211 dispositum
2718 2142 2838 2195 fore
2862 2142 3171 2195 clarissime
3190 2142 3566 2204 demonstrat,
3602 2158 3812 2195 verum

2107 2230 2405 2300 utriusque
2437 2230 2671 2297 ordinis,
2702 2230 2753 2284 id
2786 2236 2869 2284 est
2896 2237 3010 2284 tam
3051 2231 3364 2284 electorum
3396 2246 3566 2301 quam
3603 2247 3812 2301 repro-

2107 2318 2334 2386 borum,
2366 2318 2480 2372 vita
2512 2335 2625 2389 quo
2652 2335 2819 2373 cursu
2848 2335 3029 2390 quove
3063 2319 3289 2373 tramite
3319 2320 3586 2373 volubilis
3636 2337 3814 2374 mun-

2107 2406 2163 2459 di
2195 2411 2453 2477 tempora
2487 2413 2860 2478 pertranseat,
2922 2408 3067 2461 sicut
3096 2408 3332 2478 superni
3389 2408 3814 2463 moderaminis

2112 2495 2294 2565 legem
2339 2512 2456 2549 non
2501 2496 2813 2566 egreditur,
2868 2496 2947 2549 ita
3006 2496 3247 2549 cmlestis
3300 2482 3684 2567 dispositione
3726 2515 3814 2549 se-

2110 2584 2246 2637 creti
2279 2585 2442 2638 docet
2473 2600 2595 2638 esse
2622 2584 3109 2655 praedestinatum.
3149 2586 3532 2656 Utrorumque
3565 2586 3639 2640 de
3670 2586 3808 2644 ﬁne.

2107 2672 2368 2726 videlicet
2423 2673 2735 2726 electorum
2794 2689 2896 2727 seu
2948 2673 3349 2743 reproborum,
3387 2674 3629 2744 loquens
3681 2675 3812 2728 ait:

2111 2760 2369 2831 [Gemina
2418 2765 2499 2815 est
2542 2761 2989 2831 prmdestinalio,
3044 2762 3160 2816 sive
3210 2763 3525 2816 electorum
3581 2763 3655 2817 ad
3721 2778 3810 2815 re-

2110 2850 2327 2919 quiem,
2388 2849 2502 2903 sive
2552 2850 2928 2920 reproborum
2971 2851 3039 2905 ad
3106 2854 3390 2919 mortem]
3458 2852 3810 2906 Hmeautem

306 2938 533 2992 scentim
564 2940 757 2993 obedit
786 2956 957 3011 quam
989 2948 1272 3014 praecepto
1301 2944 1655 3015 prohibentis
1686 2946 1789 2999 Dei
1815 2962 1845 2999 ει
1876 2962 2001 3017 pec.
2030 2961 2068 3015 ο
2111 2938 2540 3008 prmdestinatio
2589 2939 3076 3009 quemadmodum
3151 2940 3209 2993 in
3250 2940 3491 3009 singulis
3531 2946 3811 3010 operetur

306 3034 471 3082 cato:
528 3027 607 3081 ita
666 3045 895 3100 quoque
947 3031 1140 3085 nullus
1188 3033 1399 3087 idcirco
1433 3034 1503 3088 ad
1551 3050 1781 3104 poenam
1820 3036 1993 3100 vadit,

307 3117 441 3187 quia
474 3115 581 3170 hoc
614 3117 671 3170 in
722 3118 821 3171 Dei
875 3119 1377 3189 praedestinatione
1409 3128 1539 3176 ante
1571 3122 1754 3177 fuerat
1786 3138 1799 3177 :
1831 3139 1896 3177 ex
1929 3139 1995 3177 eo

306 3204 460 3257 enim
502 3205 655 3274 quod
680 3206 974 3275 praescitus
1008 3212 1089 3261 est
1116 3208 1173 3261 in
1206 3210 1451 3280 peccatis
1481 3226 1907 3280 permansurus,
1943 3216 1998 3265 et

309 3291 431 3345 sine
465 3292 819 3361 posuitentiaa
845 3294 1027 3348 fructu
1062 3295 1233 3349 vitam
1282 3300 1623 3367 praesentem
1657 3297 1996 3352 terminatu-

307 3396 425 3449 rus,
455 3396 521 3433 ex
572 3396 638 3434 eo
673 3381 978 3451 deputatus
1009 3387 1093 3437 est
1144 3384 1212 3437 ad
1257 3400 1504 3455 poenam.
1542 3377 1607 3439 Et
1652 3385 1797 3439 sicut
1830 3402 1998 3457 causa

304 3467 523 3537 peccati
576 3469 1033 3540 concupiscentia
1084 3477 1187 3539 est,
1223 3489 1335 3543 qua
1366 3473 1546 3544 magis
1580 3474 1843 3529 obeditur
1894 3491 1995 3529 vo-

305 3556 510 3610 luntati
532 3557 718 3611 carnis
748 3574 919 3629 quam
952 3565 1239 3631 praecepto
1262 3561 1474 3630 divino,
1507 3563 1589 3616 ita
1614 3579 1799 3634 poenae.
1826 3563 2000 3635 depu-

302 3643 531 3697 tationis
564 3660 733 3699 causa
790 3650 874 3699 est
905 3648 1120 3716 peccati
1151 3648 1520 3718 perpetratio,
1571 3654 1625 3704 et
1665 3660 1861 3721 postea
1892 3668 1995 3722 pro

302 3739 533 3803 peccato
574 3735 732 3788 nulla
770 3735 945 3805 digna
994 3736 1321 3792 satisfactio.
1370 3740 1511 3794 llinc
1545 3744 1769 3793 sanctus
1816 3741 1996 3794 Isido-

302 3837 399 3873 rus
440 3822 789 3892 llispalensis
820 3824 1141 3895 episcopus,
1200 3827 1327 3880 vitae
1372 3828 1591 3881 meritis
1618 3833 1673 3882 et
1701 3829 1997 3899 sapientiae

302 3908 521 3963 lumine
576 3912 904 3980 praeclarus,
954 3914 1363 3968 catholicorum
1399 3932 1643 3985 sequens
1674 3916 1996 3971 doctrinam

303 3996 729 4065 magistrorum,
764 3998 823 4051 in
856 3999 1003 4053 libro
1035 4002 1284 4055 secundo
1319 4002 1745 4058 Sententiarum
1777 4006 1917 4076 (cap.
1943 4006 1995 4070 6)

303 4084 594 4153 geminam
624 4084 741 4138 fore
767 4086 1335 4154 prmdestinationem
1368 4096 1482 4143 tam
1519 4108 1788 4145 sensuum
1822 4110 1995 4164 quam

309 4171 614 4225 verborum
670 4172 1031 4228 attestatione
1082 4175 1265 4242 docet,
1326 4176 1560 4233 dicens:
1599 4180 1856 4249 [Gemina
1911 4187 1996 4234 est

2107 3025 2367 3097 sequenti
2432 3027 2713 3080 sententia
2786 3032 3080 3080 monstrat.
3144 3028 3435 3098 [Utraque,
3505 3028 3807 3099 inquiens,

2108 3115 2300 3168 divino
2332 3115 2524 3185 agitur
2547 3115 2789 3185 judicio,
2843 3121 2902 3169 ut
2940 3132 3165 3187 semper
3212 3118 3421 3169 electos
3460 3132 3723 3186 superna
3758 3124 3807 3171 et

2106 3202 2381 3257 interiora
2410 3203 2570 3274 sequi
2602 3204 2790 3271 faciat,
2826 3220 3052 3276 semper
3083 3205 3379 3274 reprobos,
3401 3209 3461 3257 ut
3486 3205 3723 3259 inﬁrma
3757 3212 3807 3259 et

2108 3292 2387 3347 exteriora
2459 3293 2764 3361 delectent,
2827 3293 3139 3347 deserendo
3212 3294 3548 3365 permittat.)
3630 3296 3810 3350 Docet

2107 3382 2260 3435 enim
2295 3382 2445 3453 quod
2475 3382 2991 3452 praedestinationis
3023 3384 3161 3436 ordo
3190 3383 3431 3437 ccclestis
3452 3384 3807 3439 discrimine

2101 3471 2305 3541 judicii
2344 3471 2635 3539 liberetur,
2680 3476 2736 3525 et
2778 3472 2984 3526 electos
3037 3472 3214 3525 divini
3272 3472 3486 3526 amoris
3544 3472 3807 3537 ﬂamma,

2106 3560 2471 3627 succendens,
2516 3559 2811 3628 interiora,
2838 3560 2895 3615 id
2930 3566 3015 3615 est
3044 3561 3324 3632 spiritalia
3355 3568 3412 3615 et
3442 3578 3722 3631 superna,
3758 3563 3810 3616 id

2106 3652 2189 3701 est
2218 3648 2486 3714 caelestia,
2538 3648 2937 3719 concupiscere
2993 3666 3222 3720 semper
3269 3650 3438 3703 faciat
3485 3656 3543 3705 et
3598 3652 3805 3723 sequi:

2104 3741 2160 3790 at
2190 3736 2462 3807 reprobos
2488 3736 2642 3806 justo
2674 3737 2906 3808 quidem
2932 3737 3173 3808 judicio,
3238 3738 3578 3792 mortalibus
3611 3745 3810 3795 tamen

2104 3826 2347 3893 occulto,
2383 3826 2518 3879 dum
2549 3824 2834 3880 desiderio
2865 3842 3128 3896 supernae
3159 3827 3362 3896 patriae
3393 3844 3510 3881 non
3540 3827 3808 3893 irradiat,

2107 3920 2276 3984 atque
2299 3930 2395 3967 eos
2423 3913 2728 3968 invisibilis
2757 3914 2787 3967 1'
2802 3914 2897 3967 :‘ni
2927 3930 3122 3968 amore
3154 3920 3405 3968 extorres
3436 3915 3809 3986 derelinquit,

2107 4019 2220 4056 nou
2261 4003 2558 4070 interiora,
2600 4002 2696 4056 sed
2729 4004 3034 4070 exteriora,
3096 4019 3215 4056 non
3247 4019 3515 4074 superna,
3572 4005 3676 4058 sed
3732 4004 3813 4056 in-

2107 4092 2262 4158 tima,
2292 4091 2399 4144 hoc
2426 4096 2511 4144 est
2541 4107 2658 4145 non
2687 4091 2965 4161 spiritalia
2998 4092 3095 4146 sed
3152 4093 3492 4162 corporalia,
3549 4108 3671 4146 non
3704 4110 3812 4147 coc-

2107 4179 2269 4232 lestia
2299 4181 2391 4232 sed
2425 4185 2651 4233 terrena
2696 4180 2845 4233 bona
2896 4180 3139 4250 diligere
3170 4197 3228 4233 se
3265 4182 3479 4252 quique
3505 4181 3807 4252 permittit.

301 4258 747 4329 praedestinatio,
820 4262 936 4315 sive
1013 4262 1328 4317 electorum
1394 4266 1465 4320 ad
1528 4266 1809 4337 requiem,
1876 4269 1992 4323 sive
2024 4248 2067 4301 Ῑ)
2105 4269 2229 4321 Non
2262 4267 2417 4322 enim
2450 4268 2701 4322 veritatis
2733 4268 3039 4340 quisquam
3070 4269 3328 4337 bonum;
3369 4272 3455 4323 vel
3484 4286 3684 4324 amare
3718 4287 3810 4341 po-

301 4347 681 4415 reproborum
713 4348 783 4402 ad
814 4354 1080 4405 mortem.
1115 4353 1362 4423 Utraque
1402 4354 1594 4410 divino
1624 4356 1814 4425 agitur
1838 4357 1995 4426 judi-

301 4436 411 4502 cio,
444 4441 508 4489 ut
539 4451 769 4507 semper
800 4438 1006 4493 electos
1047 4456 1297 4511 superna
1326 4446 1382 4496 et
1409 4445 1682 4498 interiora
1712 4447 1873 4516 sequi
1905 4446 1995 4499 fa-

301 4524 432 4592 ciat,
458 4540 799 4596 semperque
832 4528 1122 4597 reprobos,
1179 4535 1239 4583 ut
1270 4530 1467 4585 infima
1488 4536 1542 4585 et
1573 4533 1853 4587 exteriora
1890 4535 1993 4587 de-

299 4612 528 4679 lectent,
586 4613 899 4669 deserendo
946 4618 1257 4687 permittat.
1320 4619 1476 4673 Sicut
1531 4622 1759 4691 ignorat
1820 4623 1992 4677 homo

298 4702 612 4756 terminum
635 4703 778 4757 lucis
804 4709 861 4758 et
880 4705 1270 4774 tenebrarum,
1306 4707 1392 4761 vel
1415 4709 1719 4779 utriusque
1752 4710 1833 4763 rei
1866 4712 1993 4781 quis

299 4790 545 4859 ﬁnis-sit,
570 4791 647 4845 ita
675 4792 903 4862 plenius
933 4793 1114 4848 nescit
1144 4795 1271 4865 quis
1302 4800 1431 4849 ante
1465 4813 1634 4850 suum
1664 4797 1835 4852 ﬁnem
1871 4800 1993 4854 luce

293 4878 531 4947 justitiae
572 4882 972 4950 praeveniatur,
1016 4883 1102 4936 vel
1164 4884 1291 4954 quis
1338 4891 1703 4955 peccatorum
1743 4888 1993 4941 tenebris

300 4982 486 5037 usque
517 4968 577 5021 in
606 4985 772 5022 suum
813 4970 1125 5024 terminum
1158 4972 1512 5035 obscuretur,
1558 4980 1658 5029 aut
1707 4975 1835 5046 quis
1867 4982 1995 5046 post

300 5055 523 5124 lapsum
581 5056 948 5113 tenebrarum
1007 5076 1312 5115 conversus
1344 5068 1607 5134 resurgat
1661 5064 1728 5119 ad
1786 5065 1988 5119 lucem.

300 5144 513 5198 Cuncta
536 5144 656 5198 haec
690 5146 802 5199 Deo
829 5152 1042 5217 patent,
1071 5150 1360 5205 hominem
1384 5169 1517 5206 vero
1540 5154 1723 5207 latent
1756 5170 1768 5207 :
1796 5170 1989 5225 quam-

298 5232 381 5285 vis
410 5233 698 5301 justorum
742 5236 1097 5291 conversatio
1131 5232 1201 5292 'in
1242 5241 1347 5294 hac
1395 5243 1513 5294 vita
1552 5242 1866 5311 probabilis
1921 5244 1995 5298 sit

300 5319 584 5375 incertum
616 5328 809 5377 tamen
836 5324 1166 5380 hominibus
1199 5344 1339 5397 esse,
1369 5330 1437 5383 ad
1468 5346 1640 5401 quem
1670 5330 1783 5384 sint
1816 5330 1991 5385 ﬁnem

296 5409 707 5479 prmdestinati,
761 5413 857 5467 sed
914 5415 1110 5469 omnia
1157 5418 1431 5470 reservari
1481 5419 1675 5472 futuro
1719 5420 1989 5475 examini.

294 5496 432 5552 Mira
464 5497 760 5570 dispositio
790 5505 875 5556 est
904 5517 1169 5574 supernae.
1200 5504 1639 5574 distributionis,
1687 5523 1789 5578 per
1818 5524 1993 5579 quam

2102 4361 2234 4423 test,
2266 4357 2353 4410 vel
2385 4358 2629 4428 assequi,
2665 4357 2770 4410 nisi
2803 4358 3055 4411 veritatis
3089 4359 3213 4412 luce
3244 4358 3630 4412 commonitus
3674 4360 3795 4429 ipsa

2101 4450 2453 4516 protestante
2477 4446 2734 4499 veritate.
2771 4447 2998 4500 «Nemo
3034 4445 3187 4501 venit
3218 4447 3286 4500 ad
3320 4461 3431 4513 me,
3479 4445 3587 4499 nisi
3631 4446 3801 4501 Pater

2101 4534 2395 4587 attraxerit
2423 4550 2556 4588 eum
2583 4536 2761 4602 (Joun.
2797 4551 2867 4601 vi,
2902 4535 3023 4601 44);
3054 4554 3080 4586 »
3105 4539 3161 4588 et
3191 4534 3326 4589 alibi
3361 4552 3373 4589 :
3421 4556 3448 4583 ‹‹
3481 4536 3665 4589 Nemo
3701 4552 3800 4589 no-

2101 4622 2183 4676 vit
2210 4624 2435 4677 Patrem
2471 4622 2577 4675 nisi
2601 4624 2796 4689 Filius,
2823 4628 2878 4677 et
2926 4623 3017 4677 cui
3045 4623 3310 4689 voluerit,
3346 4623 3521 4681 Filius
3545 4625 3800 4678 revelare

2102 4713 2319 4779 (Matth.
2353 4728 2423 4775 χι,
2448 4712 2569 4779 27);
2599 4730 2626 4761 ι)
2663 4712 2872 4765 attrahi
2904 4717 3099 4765 autem
3128 4712 3199 4765 ad
3229 4711 3516 4766 Christum
3547 4711 3688 4781 quid
3720 4716 3799 4765 est

2104 4800 2214 4853 nisi
2248 4809 2311 4854 ut
2340 4801 2399 4853 in
2441 4816 2573 4853 eum
2612 4801 2874 4853 credatur
2912 4804 2967 4853 et
3014 4800 3300 4855 credendo
3356 4806 3649 4870 sequatur.
3713 4800 3798 4855 Sic

2101 4904 2331 4959 quoque
2354 4904 2454 4959 per
2486 4888 2688 4942 Filium
2716 4889 2953 4941 revelari
2972 4890 3195 4942 Patrem
3229 4904 3347 4942 non
3379 4892 3463 4941 est
3490 4888 3647 4942 aliud
3692 4887 3795 4942 nisi

2102 4977 2237 5030 lidei
2290 4976 2472 5031 oculis
2516 4978 2742 5031 Patrem
2776 4976 2991 5043 videre,
3044 4982 3100 5031 et
3147 4975 3470 5031 dilectionis
3516 4976 3795 5048 obsequio

2102 5065 2388 5132 venerari;
2439 5081 2612 5137 quem
2646 5081 2776 5119 vero
2828 5067 2995 5119 Pater
3049 5065 3237 5119 trahat
3266 5064 3337 5118 ad
3366 5064 3683 5132 Christum,
3747 5068 3798 5117 et

2102 5154 2191 5207 cui
2225 5153 2398 5207 Filius
2445 5154 2654 5207 revelet
2702 5155 2948 5220 Patrem,
3003 5169 3121 5206 non
3148 5153 3422 5218 humano,
3475 5168 3672 5206 verum
3716 5152 3795 5207 di-

2101 5242 2233 5295 vino
2264 5248 2527 5296 censetur
2558 5242 2799 5311 judicio.
2828 5242 2891 5295 Et
2920 5242 2979 5295 in
3017 5243 3121 5295 hac
3143 5240 3375 5313 quidem
3418 5241 3795 5296 mortalitate-

2102 5331 2246 5383 nulli
2276 5332 2566 5400 cognitum
2592 5331 2718 5401 quis
2750 5331 2825 5383 ita
2854 5331 3114 5384 trahatur
3142 5331 3211 5385 ad
3240 5330 3556 5398 Christum,
3589 5331 3673 5384 vel
3707 5326 3792 5385 cui

2103 5418 2180 5473 sic
2239 5420 2414 5475 Filius
2466 5420 2680 5474 revelet
2710 5421 2957 5486 Patrem,
3004 5423 3068 5473 ut
3114 5419 3185 5472 sit
3211 5419 3281 5473 de
3322 5434 3566 5473 numero
3593 5419 3794 5473 electo-

2104 5524 2252 5563 rum.
2326 5509 2468 5563 Hinc
2532 5509 2731 5563 beatus
2810 5508 3057 5563 Isidorus
3110 5507 3499 5579 prosequitur,
3563 5507 3786 5563 dicens:
