3920 6224
56 318 115 372 57
1145 313 1233 369 DE
1272 312 1934 369 PR/EDESTINATIONE
1980 311 2112 366 DEI.
2140 342 2210 350 -κ
2244 312 2368 366 LIB.
2412 313 2480 366 II.
3497 314 3562 366 58

56 447 222 515 [Sicut
250 445 489 516 ignorat
518 446 694 500 homo
738 443 1053 498 terminum
1088 444 1226 497 lucis
1257 447 1313 498 et
1359 443 1744 509 tenebrarum,
1779 449 1821 503 A
1863 442 2061 496 mortis
2091 442 2305 496 exitum
2336 458 2452 495 non
2487 441 2834 512 relinquent.
2872 444 3020 497 Bene
3052 447 3241 498 autem
3269 443 3371 511 ait,
3411 466 3433 493 ι
3460 460 3563 514 per

60 536 138 588 vel
168 534 473 604 utriusque
534 533 619 587 rei
675 533 804 603 quis
837 532 973 587 ﬁnis
1021 532 1135 586 sit:
1173 532 1250 587 ita
1308 533 1532 604 plenius
1571 532 1750 586 nescit

60 624 179 694 quis
236 627 371 676 ante
431 638 604 675 suum
655 622 831 675 ﬁnem
887 622 1010 675 luce
1062 622 1285 691 justitia
1345 621 1746 692 prazveniatur,

58 711 137 763 vel
166 709 291 780 quis
314 715 688 779 peccatorum
718 709 969 763 tenebris
1019 725 1200 780 usque
1249 709 1309 763 in
1341 726 1508 763 suum
1552 709 1750 763 termi-

59 814 184 852 num
215 799 580 863 obscuretur,
617 803 715 851 aut
753 798 883 870 quis
907 803 1034 869 post
1078 800 1301 868 lapsum
1358 800 1747 864 tenebrarum,

59 902 347 940 conversus
408 891 680 957 resurgat
725 886 796 939 ad
828 886 1058 956 lucem]
1121 886 1455 941 Terminum
1517 888 1657 941 lucis
1697 892 1752 941 et

62 978 413 1029 tenebrarum
467 978 698 1045 ignorat
754 975 946 1037 homo,
982 978 1258 1046 quoniam
1310 976 1492 1030 neseit
1546 975 1605 1028 in
1635 992 1750 1046 quo

56 1065 273 1135 justitiae
302 1065 405 1118 lux
432 1080 617 1135 usque
650 1065 717 1117 ad
751 1065 1063 1119 terminum
1091 1065 1244 1133 vitae,
1276 1064 1437 1135 quasi
1469 1081 1649 1135 usque
1682 1065 1751 1118 ad

66 1154 217 1207 ﬁnem
246 1153 360 1207 diei
402 1153 827 1223 perseverabit;
861 1170 1048 1223 neque
1080 1154 1351 1223 cognovit
1402 1154 1460 1206 in
1492 1170 1605 1223 quo
1638 1153 1749 1206 ini-

67 1243 273 1312 quitatis
319 1243 580 1296 tenebraa
636 1246 912 1312 tanquam
972 1242 1151 1296 noctis
1208 1242 1419 1296 umbras
1469 1248 1749 1312 perpetuo

72 1331 290 1384 debeant
322 1347 692 1400 permanere.
721 1331 857 1395 Quis
887 1331 1042 1384 enim
1073 1331 1146 1385 sit
1166 1332 1233 1385 de
1270 1347 1511 1385 numero
1544 1332 1750 1384 electo-

73 1436 199 1485 rum,
234 1425 331 1473 aut
379 1420 520 1491 quis
570 1421 850 1474 habeatur
891 1421 958 1473 de
1004 1424 1156 1474 sorte
1201 1421 1579 1490 reproborum
1634 1421 1749 1474 Deo

76 1509 278 1578 quidem
308 1508 686 1562 manifestum
716 1508 977 1573 habetur,
1009 1509 1278 1562 humanas
1310 1525 1443 1562 vero
1495 1508 1747 1562 scientiae

74 1598 270 1668 penitus
335 1602 424 1651 est
497 1598 853 1651 absconsum.
888 1597 1049 1660 Quod
1111 1597 1281 1666 hujus
1321 1598 1568 1651 auctoris
1620 1614 1749 1651 sen-

75 1684 228 1738 tentia
252 1685 509 1738 declarat
567 1701 697 1739 cum
726 1686 823 1738 ait.
887 1686 1123 1756 [Cuncta
1180 1685 1302 1739 haec
1360 1687 1473 1739 Deo
1530 1691 1725 1757 patent

78 1774 338 1827 hominem
368 1790 513 1828 vero
537 1774 753 1844 latent]
785 1775 998 1828 Deinde
1049 1791 1280 1845 quoque
1332 1774 1621 1829 inculcans
1655 1775 1746 1829 di-

79 1862 198 1914 vinae
228 1862 747 1932 praedestinationis
769 1869 1051 1917 secretum
1088 1864 1277 1917 infert.
1328 1864 1619 1934 [Quamvis
1648 1864 1744 1933 ju~

84 1955 266 2003 storum
292 1952 657 2004 conversatio
684 1952 742 2005 in
778 1952 880 2005 hac
920 1951 1033 2004 vita
1067 1952 1379 2022 probabilis
1440 1952 1528 2020 sit,
1564 1953 1748 2006 incer-

85 2043 184 2091 tum
209 2045 284 2092 est
316 2046 514 2094 tamen
546 2039 878 2094 hominibus
908 2040 976 2093 ad
1015 2056 1186 2111 quem
1237 2041 1411 2095 ﬁnem
1444 2041 1559 2094 sint
1606 2056 1751 2111 prae-

83 2127 333 2193 destinati,
364 2128 467 2181 sed
518 2128 714 2182 omnia
764 2130 1042 2182 reservari
1102 2129 1296 2183 futuro
1356 2130 1650 2199 examini]
1693 2130 1751 2184 Si

82 2215 281 2285 quidem
310 2232 651 2287 quanquam
698 2217 1011 2286 probabilis
1060 2218 1188 2271 vitm
1229 2234 1395 2272 cursu
1450 2219 1751 2273 videantur

80 2305 194 2373 justi
219 2306 589 2371 contendere,
643 2305 781 2375 quid
838 2311 1030 2359 tamen
1090 2307 1284 2360 divino
1354 2307 1749 2377 dispositionis

83 2397 261 2446 secreto
289 2408 493 2446 eorum
532 2393 602 2447 de
650 2393 764 2446 ﬁne
794 2394 1155 2459 decernatur,
1186 2395 1338 2448 illius
1380 2396 1745 2450 solummodo

87 2480 339 2549 sapientiae
366 2480 741 2534 manifestum
775 2485 877 2547 est,
907 2482 1069 2551 cujus
1096 2483 1541 2552 amplitudinem
1574 2485 1751 2539 scien-

87 2569 162 2621 tia:
189 2570 312 2622 nihil
344 2573 541 2639 potest
570 2569 767 2622 latere.
791 2572 862 2623 At
888 2586 1022 2623 vero
1054 2571 1419 2625 mortalitatis
1440 2573 1611 2644 hujus
1644 2574 1747 2627 Lo-

91 2658 268 2711 minem
299 2657 567 2712 tenebras
596 2657 911 2729 patientem
940 2664 1113 2713 tantae
1144 2660 1548 2729 profunditatis
1579 2663 1747 2732 abys-

87 2763 163 2799 sus
187 2762 543 2817 nequaquam
598 2746 863 2813 illustrat,
915 2763 1110 2801 verum
1157 2748 1510 2803 densissima:
1569 2751 1748 2804 noctis

84 2836 291 2905 caligine
323 2835 694 2888 involvuntur
721 2836 935 2902 omnia,
970 2835 1150 2890 donec
1179 2837 1627 2904 venturillumen
1653 2839 1747 2907 ju-

86 2923 191 2975 dicii
221 2925 579 2993 singulorum
611 2924 757 2977 facta
780 2938 894 2994 quo
922 2924 1035 2978 ﬁne
1062 2926 1391 2979 sudaverint
1411 2927 1747 2981 innotescat.

1730 1727 1744 1751 ’
1779 1733 1818 1787 Β

1861 548 2031 603 quam
2064 532 2214 585 viam
2247 530 2538 601 spargitur
2584 532 2699 597 lux,
2734 536 2791 585 et
2836 532 3206 586 tenebrarum
3235 532 3364 604 quis
3404 533 3560 586 locus

1860 621 1952 675 sit.
1988 642 2008 669 ι
2046 620 2162 674 Lux
2192 620 2348 673 enim
2400 619 2607 672 divinm
2640 620 2977 673 visitationis
3030 638 3147 675 non
3194 637 3332 684 uno,
3360 638 3558 675 verum

1860 709 2164 781 multiplici
2197 708 2366 762 modo
2399 708 2709 761 electorum
2744 709 2914 762 corda
2938 710 3247 779 perfundit,
3280 712 3421 764 alios
3452 712 3558 765 isto

1860 798 1999 851 alios
2039 798 2138 852 illo
2190 796 2505 850 clariﬁcans
2557 813 2817 865 munere,
2867 801 3039 869 atque
3093 799 3232 851 istos
3288 799 3357 853 ab
3390 806 3556 853 utero

1861 886 2078 953 matris,
2116 886 2246 939 illos
2296 901 2330 938 a
2378 885 2641 955 pueritiae
2694 892 2970 956 tempore,
3030 886 3133 939 lios
3181 892 3372 941 autem
3404 890 3554 959 aju-

1856 975 2104 1028 ventutis
2138 977 2380 1039 fervore,
2430 974 2737 1027 nonnullos
2788 991 2922 1028 vero
2966 975 3026 1028 in
3086 976 3390 1029 senectutis
3420 993 3554 1047 pro-

1857 1080 2016 1117 cessu
2043 1064 2113 1117 de
2148 1068 2511 1133 peccatorum
2544 1062 2795 1115 tenebris
2824 1062 2893 1116 ad
2934 1064 3120 1117 lucem
3147 1063 3388 1132 justitite
3418 1080 3554 1118 con-

1856 1153 2043 1204 vertit.
2072 1152 2255 1221 Igitur
2287 1150 2563 1221 quoniam
2589 1150 2812 1203 diverso
2840 1151 3151 1221 gratiarum
3183 1167 3419 1204 munere
3461 1168 3552 1205 su-

1856 1256 2071 1311 pernus
2102 1240 2278 1293 Judex
2309 1244 2514 1293 electos
2572 1240 2922 1309 magniﬁcat,
2974 1241 3326 1312 diversisque
3373 1240 3555 1295 aatatis

1857 1329 2213 1400 temporibus
2246 1328 2316 1382 ad
2349 1328 2601 1382 veritatis
2634 1329 2784 1382 viam
2825 1334 3033 1389 evocat,
3083 1330 3286 1383 merito
3326 1330 3552 1399 dicitur,

1859 1437 1886 1469 α
1914 1434 2019 1488 per
2040 1433 2213 1488 quam
2242 1417 2392 1470 viam
2424 1416 2714 1487 spargitur
2749 1417 2839 1472 lux
2880 1433 2892 1471 :
2931 1438 2951 1465 ι
2992 1417 3047 1470 id
3092 1424 3196 1484 est,
3249 1419 3341 1472 lux
3374 1419 3549 1472 caele-

1859 1507 1958 1559 stis
1987 1506 2185 1577 gratim
2246 1509 2465 1559 mentes
2512 1506 2825 1559 electorum
2872 1505 3225 1567 illuminans,
3280 1523 3394 1577 qua
3441 1507 3551 1572 via,

1858 1594 1916 1649 id
1948 1600 2033 1649 est
2062 1611 2174 1666 quo
2206 1610 2471 1665 superum
2504 1593 2893 1664 dispositionis
2923 1594 3121 1648 ordine
3155 1594 3547 1664 dispertiatur,

1856 1700 1972 1738 non
2004 1685 2273 1737 humana:
2331 1683 2541 1736 mentis
2580 1683 2887 1736 inﬁrmitas
2940 1683 3394 1753 comprehendit,
3454 1683 3554 1737 sed

1857 1772 2101 1827 ccelesris
2134 1772 2339 1842 judicii
2389 1777 2607 1825 secreta
2654 1776 2956 1825 noverunt.
2995 1771 3271 1825 Similiter
3321 1788 3551 1844 quoque

1861 1862 2049 1933 «quis
2097 1862 2256 1915 locus
2312 1862 2384 1914 sit
2440 1860 2832 1926 tenebrarum,
2870 1883 2890 1909 ι
2920 1860 2976 1913 id
3040 1865 3142 1925 est,
3198 1860 3260 1913 in
3306 1877 3555 1932 quorum

1858 1953 2123 2007 cordibus
2169 1954 2253 2006 vel
2302 1952 2717 2005 incredulitatis
2766 1952 2986 2005 umbra:
3032 1952 3117 2005 vel
3163 1951 3403 2005 actionis
3434 1968 3557 2022 per-

1859 2058 2037 2096 versae
2078 2041 2325 2095 debeant
2354 2057 2535 2111 usque
2567 2040 2624 2093 in
2659 2040 2831 2093 ﬁnem
2881 2039 3127 2093 tenebrae
3167 2056 3553 2110 perseverare,

1858 2130 2127 2183 humana:
2159 2128 2393 2200 quidem
2434 2127 2687 2181 scientia:
2720 2144 2831 2181 non
2859 2134 3036 2197 patet,
3071 2128 3279 2181 divinas
3309 2144 3442 2182 vero
3475 2144 3560 2182 sa-

1858 2219 2088 2289 pientia:
2122 2223 2323 2271 notum
2365 2222 2468 2271 est.
2507 2217 2647 2270 Hinc
2678 2216 2852 2269 etiam
2890 2217 3180 2270 infertur:
3219 2236 3245 2265 (ι
3281 2222 3342 2270 ut
3383 2216 3555 2271 ducas

1858 2306 2316 2376 unumquodque
2347 2306 2415 2358 ad
2444 2306 2724 2359 terminos
2756 2322 2905 2360 suos.
2945 2326 2972 2353 »
3002 2306 3087 2359 Ad
3119 2305 3394 2359 terminos
3426 2322 3558 2359 suos

1857 2394 2314 2465 unumquodque
2377 2394 2625 2459 ducitur,
2687 2394 2918 2465 quando
2972 2393 3075 2464 qui
3125 2393 3255 2447 ﬁnis
3313 2393 3557 2447 merito-

1861 2499 1988 2537 rum
2084 2482 2269 2553 gratia
2336 2498 2573 2536 suorum
2637 2481 2894 2551 singulos
2961 2485 3190 2535 maneat
3242 2481 3558 2553 unicuique

1857 2571 2168 2636 confertur,
2240 2576 2304 2624 ut
2372 2571 2546 2624 istum
2616 2586 2721 2639 pro
2791 2571 2934 2623 bene
3010 2576 3303 2639 gestorum
3374 2576 3557 2624 certa-

1862 2660 2017 2714 mine
2063 2659 2385 2714 studiorum
2435 2659 2623 2729 gloria
2670 2659 3036 2725 condecoret;
3071 2658 3231 2712 illum
3290 2674 3421 2712 vero
3452 2675 3555 2729 pro

1860 2751 2009 2803 male
2040 2749 2317 2803 factorum
2374 2748 2689 2801 intentione
2744 2747 3005 2801 laborum
3056 2763 3221 2818 poena
3278 2752 3555 2815 coerceat,

1859 2844 2144 2910 quatenus
2174 2838 2337 2892 illum
2365 2837 2452 2889 sui
2487 2853 2685 2890 cursus
2717 2835 2889 2889 ﬁnem
2922 2836 3183 2905 accipiat,
3216 2852 3388 2907 quem
3420 2852 3549 2889 cer-

1863 2922 2096 2977 taminis
2128 2922 2214 2974 sui
2265 2920 2558 2991 proposito
2615 2921 2867 2991 petebat,
2900 2925 2966 2973 ut
3009 2920 3275 2973 videlicet
3323 2920 3424 2989 qui
3453 2936 3556 2991 pro

83 3012 314 3083 Tuncque
352 3016 683 3066 sanctorum
718 3012 832 3065 vita
870 3028 998 3082 quas
1044 3013 1329 3083 probabili
1377 3031 1544 3068 cursu
1574 3015 1743 3085 hujus
1773 3042 1811 3096 Ο
1854 3011 2063 3064 laboris
2096 3009 2182 3064 sui
2208 3011 2394 3064 studio
2451 3010 2694 3063 caelestis
2747 3009 2945 3079 patrim
3005 3008 3268 3079 quassivit
3307 3010 3551 3063 retribu-

86 3099 134 3151 in
158 3101 336 3154 mundi
361 3100 721 3154 volubilitate
763 3100 990 3154 videtur
1020 3100 1288 3171 dirigere,
1343 3103 1738 3157 manifestabi-

87 3194 164 3241 tur
188 3195 367 3243 utrum
400 3189 555 3260 quod
589 3189 770 3258 egisse
804 3188 1107 3243 videbatur
1135 3190 1371 3257 bonum,
1405 3208 1599 3246 amore
1635 3209 1746 3246 sa)-

87 3278 177 3330 culi
200 3294 260 3330 an
286 3294 478 3332 amore
506 3278 752 3331 cmlestis
803 3278 1005 3348 patriae.
1036 3280 1321 3349 peregerit
1356 3297 1369 3334 :
1418 3280 1627 3335 divina:
1660 3286 1745 3335 ta-

88 3381 198 3419 men
223 3365 892 3436 dicitpraadestinationis
908 3367 1168 3421 examine
1192 3368 1549 3439 dispositum,
1574 3386 1745 3440 quem

86 3453 179 3506 sint
204 3455 401 3525 singuli
431 3455 612 3508 ﬁnem
643 3455 931 3521 sortituri;
966 3455 1071 3509 hoc
1101 3461 1185 3510 est
1218 3457 1318 3527 qui
1361 3457 1604 3512 caelestis
1650 3474 1747 3528 pa-

86 3540 188 3596 trie
212 3542 617 3598 beatitudinem
649 3544 997 3614 percepturi,
1028 3544 1245 3615 quique
1277 3546 1547 3615 perennis
1580 3545 1746 3600 mise-

87 3630 171 3682 riae
196 3631 570 3699 calamitatem
596 3632 843 3685 subituri
873 3632 1004 3685 sint.
1045 3633 1203 3686 Unde
1238 3634 1485 3688 secundo
1524 3634 1584 3687 in
1618 3635 1741 3688 loco

90 3720 293 3787 gemina:
321 3719 850 3792 praedestinationis
894 3719 1123 3774 intimat
1170 3727 1451 3776 secretum
1484 3723 1621 3776 dum
1654 3723 1741 3777 di-

92 3806 450 3879 cit:[Sanctos
485 3808 750 3879 quamvis
792 3809 849 3862 in
883 3808 988 3862 hac
1034 3809 1153 3863 vita
1199 3810 1575 3880 probabiliter
1606 3828 1739 3865 con-

96 3903 360 3961 versentur,
395 3898 687 3951 incertum
716 3901 909 3951 tamen
941 3913 1061 3951 esse
1090 3899 1160 3952 ad
1206 3914 1378 3968 quem
1411 3899 1527 3953 sint
1569 3900 1742 3954 linem

95 3982 481 4054 praedestinatiJ
546 3984 792 4037 Dicendo
848 4000 1096 4056 namque
1153 3985 1437 4041 incertum
1500 4004 1618 4041 esse
1674 3989 1745 4043 ad

96 4082 231 4136 Quem
253 4070 357 4126 sint
398 4072 585 4126 ﬁnem
631 4073 1047 4143 praedestinati,
1096 4075 1345 4128 ostendit
1389 4092 1504 4129 non
1545 4092 1745 4131 omnes

97 4155 304 4213 homines
351 4160 420 4215 ad
490 4177 674 4215 unum
716 4163 1228 4216 consummationis
1279 4165 1626 4218 contendere
1677 4166 1743 4219 ﬁ-

99 4260 457 4304 nemzverum
511 4250 652 4303 alios
698 4250 787 4304 sui
834 4251 1046 4305 laboris
1101 4253 1277 4306 ﬁnem
1327 4258 1559 4306 aeternas
1602 4270 1742 4324 prae-

102 4332 237 4390 mium
264 4338 740 4393 remunerationis
772 4345 1148 4407 assecuturos,
1178 4340 1319 4393 alios
1369 4358 1501 4395 vero
1551 4359 1749 4413 perpe-
1777 4342 1815 4394 D

104 4426 188 4475 tua
210 4424 580 4481 damnationis
631 4434 917 4481 tormenta
967 4428 1277 4499 adepturos
1308 4445 1321 4482 :
1358 4429 1456 4499 qui
1494 4445 1626 4483 vero
1671 4431 1749 4484 il-

106 4509 209 4577 lum,
238 4516 388 4585 quive
421 4516 495 4571 ad
531 4516 705 4569 istum
737 4517 1062 4586 pertineant
1094 4518 1289 4584 ﬁnem,
1340 4518 1397 4572 in
1454 4518 1558 4571 hac
1586 4535 1745 4572 mor-

106 4600 287 4656 talitatis
311 4605 563 4676 caligine
594 4605 752 4658 nulla
780 4606 1033 4659 veritatis
1077 4606 1539 4660 manifestatione
1585 4624 1749 4661 com-

105 4689 449 4759 prehenditur;
485 4709 754 4762 supernaa
784 4700 978 4748 tamen
996 4693 1440 4764 dispensationis
1464 4696 1743 4757 examine,

103 4778 517 4842 prmdestinatum
548 4782 672 4836 fore
714 4783 911 4836 doctor
937 4782 1041 4836 iste
1094 4787 1352 4837 testatur.
1402 4784 1576 4854 Cujus
1616 4800 1747 4837 sen-

105 4867 250 4920 tentia:
280 4870 557 4925 Dominus
598 4871 670 4924 ad
720 4871 824 4925 Job
855 4872 1099 4941 loquens
1149 4872 1469 4925 consentire
1518 4872 1745 4926 videtur

105 4952 248 5009 dicens
277 4974 288 5009 :
320 4979 339 5005 ι
373 4960 475 5012 Dic
509 4958 653 5012 mihi
691 4959 738 5012 si
769 4960 915 5012 nosti
950 4959 1146 5013 omnia
1174 4975 1187 5013 :
1242 4975 1346 5029 per
1377 4976 1549 5030 quam
1595 4960 1743 5014 viam

110 5046 330 5113 spargitur
359 5049 476 5113 lux,
514 5053 572 5101 et
621 5048 989 5102 tenebrarum
1042 5048 1169 5119 quis
1202 5049 1361 5102 locus
1417 5049 1519 5117 sit;
1546 5054 1608 5101 ut
1638 5050 1744 5103 du-

112 5145 170 5180 m
205 5136 645 5206 unumquodque
695 5135 765 5189 ad
816 5136 1093 5189 terminos
1141 5152 1272 5189 suos
1319 5137 1454 5205 (Job.
1515 5154 1742 5203 xxxvm,

118 5218 262 5285 17-20).
295 5246 320 5271 ιι
355 5226 524 5279 Lucis
579 5224 814 5278 nomine
844 5229 1171 5279 sanctorum
1230 5224 1427 5290 vitam,
1472 5225 1743 5279 tenebra-

114 5319 199 5360 rum
222 5326 332 5366 vero
367 5313 811 5383 nuncupatione
859 5314 1243 5381 reproborum
1274 5312 1555 5382 designat,
1607 5313 1743 5382 quia

111 5394 303 5455 videlicet
334 5404 468 5468 Deo,
503 5401 603 5457 cui
654 5401 958 5455 manifesta
998 5406 1133 5455 sunt.
1171 5401 1387 5468 omnia,
1423 5401 1741 5455 certissime

113 5481 234 5539 claret
288 5507 428 5561 quos
500 5491 604 5544 lux
666 5505 929 5560 supernae
980 5505 1164 5560 usque
1222 5489 1280 5543 in
1349 5490 1481 5543 vita:
1536 5490 1742 5543 termi-

115 5584 207 5626 num
228 5575 545 5648 illustrabit,
594 5583 657 5633 et
708 5594 850 5649 quos
907 5578 1265 5633 inﬁdelitatis
1311 5577 1561 5633 tenebrae
1608 5582 1741 5633 ante

1853 3100 2091 3166 tionem,
2127 3100 2369 3169 accipiat
2398 3097 2456 3152 in
2503 3114 2738 3152 munere
2797 3098 2950 3168 quod
2983 3098 3255 3167 expetivit
3284 3098 3559 3151 certami-

1858 3206 1929 3244 ne
1963 3206 1975 3243 :
2012 3189 2111 3261 qui
2140 3205 2278 3242 vero
2335 3193 2563 3242 terrena
2620 3204 2724 3258 pro
2779 3187 3126 3251 coelestibus,
3187 3186 3399 3240 caduca
3454 3202 3558 3257 pro

1856 3277 2223 3331 manentibus
2255 3276 2550 3347 appetivit,
2593 3292 2710 3329 non
2743 3281 2974 3331 aeternae
3006 3274 3380 3329 beatitudinis
3408 3291 3553 3345 prm-

1855 3367 2059 3433 mium,
2116 3364 2270 3435 quod
2329 3380 2443 3417 non
2502 3361 2849 3431 concupivit,
2910 3378 3109 3415 verum
3186 3361 3552 3432 sempiterna:

1854 3453 2236 3510 damnationis
2263 3468 2487 3523 pcenam
2520 3451 2793 3514 inveniet,
2815 3466 2917 3521 pro
2941 3466 3054 3520 qua
3087 3450 3392 3525 laboravit;
3421 3466 3562 3521 quo-

1857 3543 2015 3597 niam
2046 3541 2305 3613 quamvis
2355 3541 2568 3594 invitus
2599 3539 2671 3593 ad
2732 3555 2855 3592 eam
2916 3539 3232 3609 perveniat,
3291 3554 3394 3591 nec
3424 3538 3556 3592 licet

1855 3633 2006 3685 male
2036 3646 2280 3702 operans
2330 3645 2526 3699 pcenas
2558 3629 2616 3682 in
2667 3628 2802 3691 ﬁne,
2858 3627 2954 3680 sed
3002 3626 3244 3696 gloriam
3280 3627 3561 3697 concupi-

1854 3725 1988 3783 scat,
2024 3719 2251 3790 quando
2309 3723 2503 3771 tamen
2557 3722 2790 3770 aeternae
2848 3715 3087 3784 pra’mia
3117 3714 3246 3767 vitae
3308 3730 3423 3767 non
3472 3719 3561 3769 est

1854 3812 2209 3878 accepturus,
2258 3822 2361 3876 pro
2419 3821 2533 3876 qua
2591 3820 2706 3858 non
2763 3803 3057 3864 laboravit,
3124 3818 3321 3872 poenas
3365 3802 3554 3872 capiat

1854 3895 2239 3952 damnationis
2298 3900 2540 3948 aeternas
2609 3908 2623 3946 :
2673 3892 2933 3964 quisquis
2993 3890 3147 3945 enim
3208 3889 3554 3961 sempiterni

1853 3985 1991 4039 boni
2018 3985 2117 4039 ﬁet
2142 3999 2363 4054 expers,
2400 3981 2668 4051 perpetui
2701 3996 2936 4050 compos
2967 3979 3106 4033 mali
3141 3978 3405 4032 efﬁcitur.
3448 3979 3558 4043 Qui

1854 4074 1970 4127 sint
2000 4076 2210 4139 autem,
2246 4072 2331 4124 vel
2373 4070 2494 4124 haec
2543 4069 2627 4123 vel
2663 4069 2762 4123 illa
2806 4067 3153 4138 percepturi,
3188 4067 3284 4121 ille
3332 4071 3559 4121 tantum

1856 4162 2031 4227 novit,
2068 4179 2095 4212 ‹‹
2129 4159 2228 4231 qui
2260 4159 2415 4213 ducit
2443 4157 2897 4229 unumquodque
2929 4157 2998 4211 ad
3032 4157 3309 4210 terminos
3340 4172 3490 4210 suos.
3528 4177 3556 4204 η

1854 4252 2021 4306 Solus
2052 4250 2266 4303 etenim
2297 4248 2654 4318 singulorum
2701 4246 2978 4300 terminos
3008 4245 3185 4312 novit,
3220 4245 3320 4316 qui
3371 4244 3558 4299 cordis

1855 4337 2235 4393 intentionem
2268 4336 2719 4406 uniuscujusque
2747 4334 3035 4405 cognovit,
3065 4339 3235 4404 atque
3258 4350 3371 4405 quo
3400 4333 3471 4386 sit
3497 4333 3558 4387 in

1860 4426 2152 4498 proposito
2185 4425 2393 4479 mentis
2431 4428 2899 4495 perseveraturus
2943 4438 3058 4476 non
3105 4422 3353 4493 ignorat.
3388 4423 3557 4492 Isque

1862 4537 1889 4564 ‹‹
1920 4529 2397 4584 unumquemque
2425 4514 2495 4566 ad
2526 4512 2802 4566 terminos
2851 4527 2983 4565 suos
3013 4511 3277 4581 perducit
3306 4531 3333 4560 ››
3367 4526 3379 4564 :
3421 4510 3557 4581 quia

1856 4605 2019 4659 illum
2052 4602 2293 4673 singulis
2325 4600 2719 4655 retributionis
2746 4600 2979 4654 daturus
3011 4604 3097 4654 est
3126 4599 3459 4664 terminum,
3484 4598 3554 4651 ad

1858 4708 2030 4763 quem
2072 4691 2281 4746 mentis
2330 4691 2570 4745 intentio
2627 4706 2789 4743 suam
2848 4689 3055 4743 direxit
3107 4688 3409 4741 actionem.
3467 4687 3554 4740 Sic

1855 4797 1991 4851 ergo
2021 4796 2221 4836 verum
2243 4797 2364 4835 esse
2395 4779 2774 4845 convincitur,
2826 4777 2978 4848 quod
3028 4781 3257 4829 sanctus
3304 4774 3554 4828 Isidorus

1853 4870 1991 4924 dicit
2022 4871 2201 4942 quia:
2264 4868 2559 4942 [Quamvis
2608 4869 2897 4937 justorum
2942 4862 3297 4917 conversatio
3356 4862 3416 4916 in
3447 4863 3552 4917 hac

1853 4959 1969 5013 vita
1999 4958 2313 5031 probabilis
2362 4958 2453 5022 sit,
2490 4958 2769 5009 incertum
2803 4959 2994 5007 tamen
3047 4950 3379 5005 hominibus
3429 4967 3551 5005 esse

1854 5049 1923 5103 ad
1950 5065 2121 5120 quem
2152 5049 2268 5101 sint
2298 5046 2472 5101 ﬁnem
2513 5041 2924 5114 praadestinati,
2976 5041 3073 5094 sed
3122 5040 3315 5094 omnia
3362 5056 3548 5094 reser-

1852 5137 1973 5190 vari
2002 5137 2196 5190 futuro
2239 5130 2532 5202 examini]
2591 5130 2731 5185 Hinc
2772 5128 2947 5184 etiam
3005 5127 3385 5199 subjungens,
3420 5129 3545 5183 ait:

1855 5224 2015 5295 [Mira
2045 5222 2344 5294 dispositio
2375 5226 2460 5274 est
2489 5234 2755 5289 superna:
2776 5216 3216 5285 distributionis,
3246 5232 3348 5288 per
3373 5231 3548 5287 quam

1853 5313 1944 5366 hic
1967 5313 2156 5382 justus
2188 5309 2434 5380 amplius
2460 5307 2827 5378 justiﬁcatur,
2871 5306 3086 5377 impius
3137 5306 3385 5375 amplius
3428 5320 3549 5357 sor-

1853 5398 2128 5471 didatur,]
2161 5405 2217 5452 et
2245 5415 2374 5468 qua)
2406 5402 2745 5468 sequuntur.
2782 5396 3059 5466 Superius
3098 5394 3166 5448 de
3196 5394 3311 5448 ﬁne.
3358 5393 3549 5462 singu-

1849 5491 2035 5543 lorum
2070 5502 2318 5557 superna
2348 5484 2856 5557 praedestinatione
2905 5482 3181 5554 disposito
3208 5479 3541 5550 disputavit,

1851 5577 2139 5649 uuncjam
2170 5576 2373 5633 docere
2398 5574 2618 5650 incipit,
2644 5574 2797 5645 quod
2820 5578 3013 5627 tamen
3041 5571 3352 5625 electorum
3373 5583 3545 5647 quam
