3920 6224
311 305 377 354 51)
1477 300 1832 356 11Α¹1ῚίΑΜΝΙ
1873 299 2341 357 CORBEIENSIS‘
2369 298 2675 354 MONAClll
3761 303 3824 348 6-1)

309 439 694 510 reproborum
724 437 836 492 vita
867 436 1072 493 divinae
1117 436 1517 510 dispositionis
1565 437 1764 492 ordine
1792 437 2003 508 diriga-
2032 436 2080 490 Α
2118 436 2309 507 coepit,
2344 453 2524 508 usque
2553 436 2611 490 in
2667 435 2798 491 vitae
2857 435 3170 490 terminum
3226 451 3339 490 non
3381 434 3700 506 i'elianat,
3740 435 3818 486 vel

311 531 406 582 tur
433 528 492 582 in
519 529 691 599 hujus
737 527 1022 582 curriculo
1065 527 1356 598 temporis.
1414 528 1477 581 Et
1520 527 2003 598 quemadmodum

313 618 674 689 singulorum
706 616 960 671 actiones
999 617 1056 670 in
1107 617 1213 670 hac
1259 616 1375 670 vita
1423 616 1693 671 Conditor
1742 616 2007 688 disponat

308 707 654 778 sempiterno
687 705 1061 776 providentia:
1089 723 1207 760 suae
1237 706 1493 772 consilio,
1537 706 2003 776 praedestinatum

311 797 504 850 habet.
542 796 655 849 Etsi
701 797 858 849 enim
890 795 1140 849 actiones
1193 796 1461 849 humanae
1503 811 1661 849 novae
1707 800 1840 848 sunt
1870 795 2004 865 quia

310 885 679 956 temporales,
741 884 946 939 divinae
1008 890 1200 938 tamen
1265 884 1653 955 dispositionis
1703 885 2004 938 consilium

311 990 425 1028 non
455 980 803 1040 estnovum,
864 973 997 1044 quia
1053 979 1350 1034 asternum.
1390 973 1483 1027 Ait
1540 979 1781 1029 autem:
1845 974 2004 1045 [Mira

311 1067 395 1116 est
424 1063 617 1133 itaque
635 1062 930 1134 dispositio
960 1079 1222 1133 superna:
1244 1062 1681 1132 distributionis,
1705 1079 1808 1133 per
1830 1079 2002 1134 quam

310 1152 404 1206 hic
460 1153 641 1221 justus
708 1152 952 1222 amplius
987 1152 1355 1221 justiticatur,
1398 1157 1453 1206 et
1492 1152 1705 1223 impius
1757 1153 2004 1222 amplius

310 1236 680 1306 sordidatur.)
717 1236 872 1290 Unde
910 1236 1178 1290 scribitur
1222 1236 1279 1289 in
1308 1237 1648 1307 Apocalypsi
1685 1253 1696 1291 :
1736 1258 1762 1286 ‹‹
1812 1239 2005 1292 Justus

304 1325 653 1397 justiﬁcetur
677 1326 882 1391 adhuc,
931 1331 986 1378 et
1030 1326 1130 1396 qui
1174 1325 1233 1378 in
1265 1327 1529 1380 sordibus
1581 1331 1684 1393 est,
1721 1327 2004 1380 sordescat

310 1415 496 1469 adhuc
527 1415 718 1484 (Apoc.
752 1431 886 1480 xxu,
917 1417 1018 1482 11).
1051 1435 1077 1466 ››
1117 1415 1295 1470 Malus
1328 1416 1396 1470 ad
1432 1417 1645 1470 bonum
1693 1415 2001 1486 aliquando

311 1503 680 1572 convertitur,
716 1503 898 1558 bonus
935 1505 1006 1558 ad
1046 1505 1260 1558 malum
1310 1505 1620 1574 aliquando
1669 1506 1997 1559 reﬂectitur.

251 1585 261 1594 ’
309 1594 380 1648 Et
416 1593 720 1663 Apostolus
752 1610 765 1646 :
806 1615 832 1640 ‹‹
868 1595 1011 1663 Ergo
1043 1593 1205 1663 cujus
1238 1594 1356 1646 vult
1388 1596 1532 1647 Deus
1582 1593 1905 1657 miseretur,
1949 1600 2004 1647 et

312 1697 486 1751 quem
519 1680 640 1735 vult
695 1681 931 1735 indurat
985 1682 1156 1752 (Rom.
1222 1698 1297 1749 ix,
1333 1683 1435 1749 18).
1473 1704 1498 1730 ››
1535 1684 1684 1753 [Vult
1725 1683 1854 1754 quis
1883 1700 2003 1737 esse

311 1771 516 1834 bonus,
559 1775 615 1824 et
645 1785 763 1823 non
788 1770 940 1823 valet
972 1785 986 1823 :
1050 1771 1166 1824 vult
1195 1770 1341 1824 alter
1369 1787 1489 1824 esse
1514 1771 1741 1842 imalus,
1797 1776 1851 1825 et
1894 1788 2006 1825 non

313 1857 669 1930 permittitur
720 1857 1002 1927 interire.)
1070 1858 1131 1912 Et
1192 1858 1484 1930 Scriptura
1559 1863 1751 1912 sancta
1825 1860 2002 1914 dicit:

315 1970 338 1995 (ε
375 1945 684 2002 Considera
714 1962 888 2017 opera
933 1945 1178 2010 Domini,
1231 1947 1366 2016 quia
1399 1963 1566 2000 nemo
1598 1951 1784 2016 potest
1831 1947 2004 2001 corri-

313 2051 445 2107 gere
477 2051 649 2106 quem
682 2034 777 2089 ille
807 2034 1128 2105 despexerit
1156 2036 1361 2104 (Eccle.
1385 2052 1480 2102 vu,
1511 2036 1613 2106 14).
1656 2058 1676 2084 ι
1715 2034 1918 2108 [Datur
1957 2035 2006 2089 ei

315 2124 413 2195 qui
445 2124 563 2179 vult
596 2141 719 2178 esse
749 2125 961 2190 bonus;
995 2123 1140 2178 alius
1181 2141 1282 2178 nec
1333 2125 1471 2192 vult,
1519 2140 1621 2178 nec
1662 2124 1715 2178 ei
1746 2125 1913 2178 datur
1944 2129 2009 2179 ut

314 2214 385 2267 sit
414 2211 640 2286 bonus.)
685 2213 993 2282 Apostolus
1041 2228 1310 2282 quoque:
1353 2235 1372 2260 α
1408 2214 1494 2266 An
1531 2228 1645 2266 non
1693 2211 1862 2266 habet
1905 2229 2006 2284 po-

313 2306 570 2356 testatem
599 2302 809 2374 ﬁgulus
865 2301 970 2356 luti
1001 2317 1065 2356 ex
1112 2301 1309 2356 eadem
1367 2318 1556 2355 massa
1607 2303 1791 2355 facere
1849 2303 2005 2355 aliud

310 2391 544 2463 quidem
576 2408 670 2444 vas
717 2390 776 2444 in
829 2391 1133 2457 honorem,
1188 2391 1345 2444 aliud
1406 2407 1538 2445 vero
1593 2391 1654 2444 in
1697 2395 2002 2444 contume-

313 2483 447 2535 liam
480 2481 659 2551 (Rom.
694 2496 764 2547 ix,
798 2481 903 2547 2-1).
939 2501 967 2529 »
1006 2480 1140 2551 [Iste
1170 2479 1423 2533 nascitur
1449 2480 1506 2533 in
1548 2495 1742 2534 errore
1794 2483 1850 2534 et
1881 2496 2006 2534 mo-

314 2569 478 2634 ritur,
511 2569 607 2622 ille
641 2569 702 2622 in
729 2569 880 2622 bono
910 2585 1023 2638 quo
1055 2568 1224 2637 coepit
1255 2584 1434 2638 usque
1475 2567 1533 2621 in
1584 2569 1780 2640 tinem)
1804 2568 2008 2639 perdu-

313 2658 444 2728 rat.)
479 2659 542 2712 Et
571 2658 639 2712 de
672 2657 962 2727 Sapientia
991 2657 1257 2726 psallitur
1289 2673 1302 2710 :
1340 2678 1366 2707 ‹‹
1395 2657 1531 2721 Qum
1561 2657 1767 2728 aperis,
1823 2663 1878 2712 et
1908 2674 2007 2711 ne-

315 2764 408 2801 mo
432 2747 618 2817 aperit
667 2748 859 2816 (Apoc.
911 2763 990 2814 ιιι,
1023 2749 1154 2814 7).»
1221 2745 1468 2819 [Tandiu
1529 2751 1640 2800 stat
1694 2748 1819 2813 iste,
1872 2764 2009 2819 quo-

314 2848 495 2903 usque
529 2834 724 2901 cadat;
756 2834 851 2888 ille
879 2834 975 2888 diu
1009 2835 1154 2888 male
1206 2835 1445 2889 vivendo
1480 2835 1538 2888 in
1565 2836 1678 2890 line
1733 2837 2002 2902 salvetur,

316 2927 718 2993 respectusque
752 2922 1148 2993 convertitur.)
1185 2924 1248 2977 Et
1279 2924 1554 2978 Dominus
1585 2941 1687 2996 per
1727 2926 1957 2997 Moysen
1989 2943 2001 2980 :

318 3032 345 3058 α
378 3012 493 3082 Ego
529 3013 780 3066 occidam
809 3017 864 3066 et
895 3012 1212 3078 viviﬁcabo,
1248 3015 1563 3083 percutiam
1597 3019 1654 3069 et
1683 3031 1786 3085 ego
1820 3015 2006 3069 salva-

316 3100 410 3166 bo,
439 3105 496 3154 et
525 3117 642 3155 non
673 3105 756 3154 est
780 3101 880 3171 qui
911 3101 979 3155 de
1012 3117 1188 3154 manu
1219 3118 1348 3155 mea
1378 3103 1557 3173 possit
1587 3121 1786 3158 eruere
1817 3105 2000 3176 (Deut.

315 3206 480 3256 xxxu,
516 3190 620 3259 39}.
658 3209 685 3242 »
717 3189 871 3263 [Vult
904 3190 1376 3261 prodessejustus
1414 3192 1473 3245 in
1501 3192 1675 3256 bono,
1721 3210 1826 3248 nec
1855 3211 2005 3265 pree-

318 3277 486 3343 valet,
521 3278 642 3331 vult
691 3293 898 3331 nocere
949 3279 1131 3332 malus
1157 3284 1215 3332 et
1235 3279 1382 3332 valet
1415 3295 1426 3332 :
1473 3279 1577 3333 iste
1627 3282 1745 3335 vult
1778 3283 1891 3336 Deo
1921 3299 2009 3337 va-

315 3381 443 3420 care
506 3370 560 3420 et
606 3369 814 3420 saeculo
875 3367 1217 3438 impeditur;
1269 3367 1364 3422 ille
1418 3369 1662 3438 negotiis
1723 3369 2009 3442 implicari

316 3454 494 3525 cupit,
538 3471 642 3510 nec
696 3455 940 3527 perlicit.
1003 3457 1344 3511 Dominatur
1372 3457 1555 3511 malus
1615 3459 1782 3526 bono,
1825 3461 2010 3515 bonus

317 3543 622 3598 damnatur
652 3545 1004 3616 pro,impio,
1057 3545 1269 3616 impius
1313 3545 1630 3602 honoratur
1677 3565 1782 3619 pro
1808 3550 2008 3620 justo.)

323 3633 684 3688 Ecclesiastes
725 3651 1002 3707 quoque:
1049 3658 1075 3684 ‹‹
1128 3637 1222 3690 Est
1261 3637 1498 3703 malum,
1542 3638 1694 3708 quod
1743 3639 1859 3694 vidi
1905 3641 2010 3694 sub

315 3724 431 3777 sole
463 3724 626 3794 quasi
657 3741 761 3795 per
789 3741 1041 3780 errorem
1091 3725 1389 3797 egrediens
1421 3743 1454 3780 a
1499 3727 1639 3781 facie
1687 3728 1961 3800 principis
1995 3746 2008 3783 :

316 3812 566 3882 positum
597 3814 835 3868 stultum
867 3813 924 3868 in
965 3815 1246 3886 dignitate
1281 3815 1540 3882 sublimi,
1588 3821 1645 3871 et
1697 3816 1898 3872 divites
1929 3835 2010 3871 se-

317 3901 450 3954 dere
498 3901 796 3968 deorsum;
841 3903 956 3957 vidi
1004 3920 1196 3957 servos
1252 3903 1313 3958 iu
1367 3905 1551 3974 equis,
1609 3909 1664 3958 et
1724 3906 2012 3977 principes

320 3989 678 4043 ambulantes
716 3990 878 4061 quasi
927 4007 1114 4044 servos
1165 4007 1337 4061 super
1365 3997 1576 4045 terram
1637 3991 1832 4062 (Eccle.
1875 4011 1921 4058 x,
1953 3997 2010 4046 5-

320 4077 394 4146 7).
429 4096 457 4124 ››
490 4079 632 4131 Item
665 4094 678 4130 :
715 4099 741 4126 ‹‹
775 4078 899 4130 Vidi
930 4079 1034 4131 sub
1066 4080 1180 4132 sole
1224 4079 1284 4132 in
1331 4079 1455 4132 loco
1493 4081 1699 4148 judicii
1746 4081 2008 4151 impieta-

318 4171 458 4234 tem,
489 4165 623 4219 etin
654 4167 778 4219 loco
803 4166 1042 4236 justitize
1092 4166 1459 4238 iniquitatem
1494 4168 1685 4238 (Eccle.
1720 4187 1801 4233 Ill,
1840 4173 1943 4238 16).
1987 4192 2008 4220 ι

321 4259 496 4311 Annae
529 4270 756 4325 quoque
796 4255 1102 4325 prophetia
1135 4271 1146 4309 :
1187 4277 1208 4304 α
1264 4257 1540 4310 Dominus
1597 4258 1906 4312 mortilicat
1955 4266 2008 4314 et

2118 525 2247 596 quis
2278 542 2462 596 quove
2495 531 2752 596 tempore
2782 524 2851 578 de
2877 523 3024 579 malo
3051 523 3117 578 ad
3152 523 3367 577 bonum
3401 527 3817 577 convertatur:

2117 630 2214 667 seu
2247 615 2375 685 quis
2404 615 2749 685 quandoque
2790 614 2859 668 de
2904 613 3056 668 bono
3089 613 3158 666 ad
3199 613 3415 666 malum
3464 612 3819 675 reﬂectatur,

2117 703 2323 756 divitum
2383 704 2518 757 dicit
2572 702 3086 773 praedestinationis
3137 701 3338 756 ordine
3388 700 3646 772 disponi.
3716 702 3818 754 Nec

2116 793 2300 846 solum
2350 793 2476 860 ista,
2524 809 2718 846 verum
2752 792 2925 846 etiam
2979 807 3208 844 cursum
3261 791 3398 844 vitae
3430 791 3713 844 humanm
3747 789 3819 842 di-

2115 880 2261 935 vina:
2320 881 2463 952 legis
2521 881 2914 935 moderatione
2967 884 3209 934 testatur
3263 879 3590 933 contineri:
3661 879 3820 947 cujus

2115 986 2345 1041 quoque
2395 969 2559 1024 dictis
2609 985 2898 1023 sacrarum
2943 967 3184 1040 paginas
3229 967 3666 1038 Scripturarum
3699 983 3817 1020 cer-

2115 1059 2306 1113 nimus
2331 1059 2604 1113 attestari.
2635 1059 2770 1124 Qua:
2811 1075 2942 1112 cum
2974 1058 3051 1112 ita
3099 1057 3214 1112 sint
3262 1072 3472 1128 negare
3516 1055 3818 1126 geminam

2114 1149 2230 1202 fore
2258 1147 2820 1220 prmdestiualionem
2862 1147 3052 1201 nescio
3103 1162 3216 1218 qua
3259 1146 3443 1200 fronte
3495 1144 3813 1216 possimus.

2114 1238 2274 1302 Quod
2299 1237 2347 1291 si
2378 1236 2507 1308 quis
2535 1236 2780 1290 auctoris
2826 1237 2994 1306 hujus
3021 1235 3366 1289 sententiam
3411 1232 3716 1304 repudiat,
3749 1237 3816 1287 vi-

2113 1327 2243 1380 deat
2287 1325 2778 1397 quemadmodum
2826 1324 3130 1395 Scripturaa
3179 1327 3385 1376 sancta:
3431 1322 3815 1381 contradicat,

2114 1415 2274 1486 cujus
2321 1414 2646 1469 testimonia
2693 1414 3073 1468 condemnare
3117 1413 3288 1483 hujus
3337 1411 3588 1466 doctoris
3634 1412 3815 1464 sensi-

2117 1505 2220 1558 bus
2253 1503 2487 1558 omnino
2519 1504 2933 1574 eegnoscimus.
2977 1502 3092 1557 Nisi
3137 1502 3281 1556 forte
3335 1501 3483 1555 dicat
3537 1500 3761 1572 aliquis
3790 1518 3818 1551 a

2116 1595 2230 1648 Deo
2259 1594 2538 1647 mundum
2571 1610 2686 1646 non
2723 1591 2860 1662 regi.
2895 1591 3055 1654 Quod
3100 1591 3234 1662 quia
3263 1589 3686 1643 catholicorum
3724 1606 3817 1640 ne-

2117 1698 2211 1736 mo
2243 1699 2453 1753 negare
2480 1681 2795 1753 prazsumit,
2831 1681 3009 1735 claret
3039 1680 3172 1751 quia
3203 1679 3398 1734 divina
3425 1677 3817 1749 dispositione

2118 1787 2233 1825 non
2266 1769 2802 1841 solum'prazsentia,
2837 1785 3034 1822 verum
3068 1769 3240 1822 etiam
3275 1767 3569 1836 praeterita
3601 1782 3821 1836 regun-

2118 1864 2233 1929 tur,
2262 1864 2318 1914 et
2347 1860 2555 1914 futura.
2589 1859 2750 1922 Quod
2783 1873 2912 1911 cum
2947 1858 3022 1910 ita
3050 1858 3122 1910 sit
3166 1859 3357 1911 nullus
3408 1856 3681 1910 lidelium
3726 1855 3823 1908 du-

2117 1949 2261 2003 bitat
2289 1949 2348 2002 in
2385 1951 2494 2003 Deo
2525 1948 2667 2002 nihil
2698 1947 2994 2013 mutabile,
3039 1946 3299 2017 nihilque
3338 1945 3613 1999 variabile
3647 1945 3819 1998 ﬁeri:

2119 2041 2274 2108 quod
2331 2053 2461 2091 cum
2514 2035 2824 2090 certissime
2881 2035 3164 2102 credatur,
3233 2034 3511 2105 sequitur,
3571 2033 3658 2085 uti
3723 2048 3825 2086 nec

2119 2143 2328 2180 novum
2358 2126 2656 2180 consilium
2685 2140 2788 2178 nec
2821 2140 3026 2178 novam
3071 2122 3526 2195 dispositionem,
3573 2139 3688 2175 nee
3722 2138 3822 2175 no-

2118 2231 2252 2269 vum
2301 2215 2453 2285 apud
2511 2216 2688 2268 Deum
2737 2213 3001 2267 ordinem
3053 2229 3174 2266 esse
3233 2212 3572 2264 sentiamus.
3630 2211 3824 2274 Quare

2116 2304 2397 2375 sequitur,
2425 2310 2488 2358 ut
2519 2303 2798 2372 universa,
2835 2318 2964 2373 qua:
2993 2317 3094 2371 per
3129 2300 3282 2354 varia
3317 2310 3645 2370 temporum
3693 2316 3824 2353 cur-

2118 2392 2296 2447 ricula
2319 2392 2539 2463 judicat
2568 2393 2738 2458 Deus,
2772 2396 2872 2445 aut
2899 2389 3156 2461 disponit
3184 2394 3283 2442 aut
3313 2389 3539 2443 ordinat
3568 2389 3633 2441 in
3666 2406 3824 2443 crea-

2118 2487 2249 2536 tura
2269 2499 2392 2549 sua,
2421 2497 2648 2552 semper
2693 2481 2753 2534 in
2809 2479 3127 2535 aeternitate
3184 2478 3403 2532 consilii
3433 2478 3540 2545 sui,
3599 2477 3688 2531 sic
3734 2479 3823 2548 jn-

2119 2572 2325 2641 dicata,
2359 2571 2654 2642 disposita,
2697 2571 2960 2625 ordinata
3015 2570 3267 2634 fuerunt,
3315 2568 3820 2638 quemadmodum

2118 2660 2180 2715 in
2211 2660 2562 2730 temporibus
2598 2660 2666 2713 ab
2697 2659 2822 2729 ipso
2848 2658 3200 2728 judicantur,
3253 2657 3670 2726 disponuntur,
3731 2673 3824 2709 or-

2120 2748 2412 2804 dinantur.
2439 2748 2592 2802 Finis
2608 2751 2800 2801 autem
2823 2752 2940 2800 tam
2965 2747 3264 2808 malorum,
3292 2761 3464 2815 quam
3497 2746 3823 2810 bonorum,

2119 2837 2189 2891 ad
2221 2837 2470 2891 divinam
2502 2835 2732 2906 respicit
2761 2835 3230 2905 dispositionem;
3267 2835 3536 2888 humana:
3582 2851 3825 2906 quoque

2119 2943 2317 2981 cursus
2344 2925 2474 2980 vitae
2501 2925 2708 2980 divinas
2735 2923 3125 2995 dispositionis
3141 2923 3423 2993 judicium
3443 2921 3843 2994 nequaquam

2039 3045 2078 3098 Ο
2115 3015 2263 3086 fugit
2300 3031 2312 3069 :
2349 3020 2589 3086 utraque
2612 3014 2790 3086 igitur
2819 3013 3156 3084 sempiterni
3182 3012 3556 3084 dispositione
3588 3014 3828 3067 consilii

2122 3105 2527 3176 praedestinata
2549 3107 2699 3158 sunt.
2738 3104 2995 3175 Cumque
3024 3118 3139 3157 non
3172 3103 3348 3170 idem,
3379 3118 3574 3156 verum
3609 3103 3829 3156 distin-

2121 3198 2242 3248 ctus
2264 3194 2336 3248 sit
2371 3193 2501 3248 linis
2556 3194 2888 3259 electorum,
2949 3209 3049 3247 seu
3095 3192 3491 3262 reproborum,
3545 3194 3830 3263 quemad-

2121 3284 2355 3339 modum
2387 3283 2558 3337 etiam
2598 3283 2728 3337 vitae
2785 3298 2984 3335 cursus
3039 3298 3259 3350 eorum,
3314 3282 3599 3351 sequitur,
3654 3287 3721 3335 ut
3754 3282 3832 3334 di-

2121 3373 2266 3427 vinas
2299 3371 2811 3444 prmdestinationis
2843 3371 3008 3437 ordo,
3037 3387 3150 3442 quo
3197 3370 3328 3425 linis
3359 3371 3649 3423 bonorum
3705 3387 3828 3423 ma-

2119 3462 2426 3534 lorumque
2475 3460 2784 3527 dirimitur,
2845 3477 2965 3514 non
3030 3459 3179 3513 idem
3233 3460 3325 3525 sit,
3379 3459 3476 3512 sed
3534 3459 3826 3512 diversus.

2121 3551 2620 3616 Quemadmodum
2681 3549 2931 3603 doctoris
2981 3549 3149 3603 istius
3195 3547 3482 3602 sententia
3538 3548 3831 3602 docemur

2119 3641 2359 3694 dicentis
2392 3640 2668 3694 :Gemina
2697 3643 2784 3692 est
2813 3637 3259 3709 praedestinatio,
3294 3642 3402 3690 etc.
3447 3637 3595 3691 Satis
3644 3637 3831 3708 igitur

2121 3728 2423 3782 doctorum
2481 3726 2814 3781 auctoritate
2869 3727 3279 3780 catholicorum
3321 3725 3586 3779 instructi
3621 3742 3830 3780 sumus

2121 3817 2412 3888 geminam
2440 3833 2558 3870 esse
2587 3814 3171 3887 prmdestinatioriem.
3204 3815 3411 3868 Verum
3445 3830 3515 3866 ne
3569 3814 3688 3868 ista
3721 3816 3830 3868 for-

2120 3906 2285 3959 tassis
2313 3904 2482 3959 alicui
2518 3904 2708 3958 minus
2737 3904 3042 3971 sufﬁciant,
3076 3903 3350 3957 addamus
3385 3903 3555 3956 etiam
3595 3903 3830 3974 aliquid

2122 4009 2189 4046 ex
2233 3993 2395 4047 libris
2442 3993 2606 4046 istius
2649 3993 2828 4062 ipsius
2867 3991 3137 4058 auctoris,
3181 4009 3324 4062 quos
3369 4008 3530 4045 nosse
3581 3993 3833 4062 cupien-

2121 4081 2273 4136 tibus
2306 4081 2562 4148 satistiat,
2592 4087 2647 4136 et
2675 4081 3034 4151 acquiescere
3065 4082 3326 4134 nolentes
3353 4079 3833 4135 testimoniorum

2122 4169 2287 4240 copia
2342 4174 2704 4240 superentur.
2764 4171 2825 4223 In
2887 4170 3030 4224 libro
3079 4169 3274 4240 itaque
3325 4169 3830 4232 Ditt‘erentiarum,

2124 4259 2262 4314 dum
2309 4258 2519 4313 Divitiae
2569 4259 2769 4328 gratim
2814 4258 3165 4312 inlusionem
3199 4259 3269 4312 ab
3325 4257 3564 4312 humani
3633 4259 3837 4315 distino

321 4342 586 4404 viviﬁcat,
618 4343 850 4397 deducit
879 4342 1172 4398 adiuferos
1203 4350 1260 4399 et
1289 4344 1530 4399 reducit.
1570 4347 1844 4400 Dominus
1868 4365 2004 4418 pau-
2035 4355 2074 4408 D
2114 4353 2313 4419 gueret
2366 4347 2591 4401 arbitrii
2657 4347 2942 4416 libertate,
3000 4347 3080 4401 sic
3140 4346 3222 4402 ait
3277 4346 3531 4418 (Isidor,
3589 4346 3702 4402 lib.
3773 4367 3831 4412 ιι,

323 4448 514 4503 percm
531 4431 732 4485 facitct
748 4433 908 4492 ditat.
935 4432 1200 4486 humiliat
1217 4434 1554 4488 etsublimat
1574 4436 1784 4504 (Ich.
1824 4454 1879 4500 ιι,
1895 4441 1968 4504 6).
1991 4463 2010 4488 ι

323 4522 578 4592 Cumque
607 4521 729 4575 hmc
740 4521 934 4574 omnia
948 4522 1139 4576 divino
1155 4522 1499 4593 lierijudicio
1522 4540 1692 4578 nemo
1707 4526 2016 4582 catholico-

323 4627 449 4664 rum
489 4609 752 4664 dubitare
773 4610 996 4677 debeat,
1027 4626 1200 4664 causa
1230 4627 1331 4664 cur
1357 4611 1437 4665 ita
1458 4617 1733 4681 gerantur
1764 4614 1870 4668 soli
1906 4616 2017 4670 Deo

322 4704 456 4753 nota
471 4705 572 4768 est,
594 4716 721 4771 quae
744 4705 933 4754 tamen
949 4716 1065 4753 non
1085 4703 1272 4769 potest
1291 4716 1413 4755 esse
1427 4700 1535 4755 nisi
1551 4703 1729 4771 justa,
1764 4709 1850 4758 est
1864 4705 2015 4758 enim

323 4789 541 4856 abillo,
571 4789 733 4859 cujus
766 4788 1064 4859 dispositio
1113 4805 1229 4842 non
1280 4793 1468 4860 potest
1513 4806 1632 4844 esse
1676 4791 1910 4862 injuste.
1958 4795 2018 4848 Et

323 4878 595 4948 quoniam
629 4879 880 4932 humana
911 4877 1111 4948 nequit
1148 4877 1383 4931 scientia
1429 4879 1858 4950 comprehendi,
1903 4897 2019 4935 me-

323 4969 432 5020 rito
472 4967 550 5020 sic
581 4967 750 5036 hujus
781 4967 1078 5021 sententia:
1110 4966 1285 5020 linem
1315 4967 1516 5022 beatus
1540 4968 1792 5023 Isidorus
1822 4971 2016 5024 termi-

327 5061 424 5108 nat
452 5055 644 5108 dicens
676 5071 688 5108 ι
717 5056 804 5126 [Et
850 5055 911 5110 in
958 5056 1062 5110 hac
1113 5060 1269 5110 tanta
1311 5056 1657 5111 obscuritate
1705 5073 1823 5112 non
1869 5059 2021 5112 valet

326 5144 495 5198 homo
526 5143 782 5198 divinam
834 5145 1182 5215 perscrutari
1230 5145 1689 5216 dispositionem,
1734 5152 1792 5201 et
1824 5149 2014 5201 occul-

326 5239 447 5286 tum
515 5232 1037 5303 praedestinationis
1088 5235 1450 5305 perpendere
1506 5235 1816 5306 ordinem.)
1882 5237 2017 5290 Ecce

323 5320 595 5393 pra-fatus
623 5323 823 5377 doctor
853 5323 1151 5378 manifeste
1192 5341 1296 5378 nos
1323 5324 1516 5379 docuit
1569 5325 1714 5379 ﬁnes
1753 5330 1870 5379 tam
1901 5326 2019 5379 ele-

325 5415 568 5478 ctorum,
601 5425 773 5482 qnam
816 5413 1191 5483 reprobor‘um
1248 5414 1680 5484 praedestinatos
1711 5431 1744 5468 a
1797 5417 1930 5480 Deo,
1963 5420 2020 5468 et

325 5518 440 5556 non
467 5503 650 5556 solum
689 5503 850 5568 lines,
884 5519 1081 5556 verum
1110 5504 1283 5557 etiam
1315 5505 1442 5574 quis
1477 5505 1533 5558 in
1563 5505 1715 5559 bono
1747 5521 1874 5575 quae
1905 5522 2017 5559 cae-

326 5591 401 5657 pil
433 5607 614 5661 usque
647 5593 701 5644 in
742 5592 912 5645 linem
944 5597 1286 5660 perseveret,
1319 5592 1563 5662 quisque
1598 5594 1833 5652 malum.
1863 5593 2016 5662 quod

2126 4437 2242 4492 ditl'.
2273 4453 2440 4504 xxxu,
2475 4439 2621 4491 ll5-l
2645 4439 2719 4497 l9.
2757 4437 2878 4508 122)
2912 4453 2924 4491 :

2197 4527 2373 4597 [inter
2398 4525 2596 4596 gratiae
2629 4525 2836 4578 divinae
2857 4525 3222 4592 inlusionem,
3247 4529 3303 4578 et
3335 4523 3571 4578 humani
3593 4525 3833 4580 arbitrii

2125 4616 2481 4670 voluntatem
2532 4615 2639 4668 hoc
2663 4614 2904 4668 interest
2936 4632 2948 4668 :
3009 4614 3312 4668 arbitrium
3353 4619 3439 4667 est
3467 4613 3747 4668 voluntas
3778 4616 3838 4669 li-

2127 4705 2276 4759 herae
2308 4701 2628 4774 potestatis,
2661 4719 2790 4773 qum
2819 4719 2922 4772 per
2948 4719 3006 4755 se
3027 4707 3231 4772 sponte
3266 4701 3350 4755 vel
3379 4701 3529 4755 bona
3560 4701 3651 4754 vel
3680 4704 3838 4757 mala

2125 4797 2394 4864 appetere
2427 4795 2634 4862 potest.
2669 4793 2860 4846 Gratia
2881 4797 3071 4844 autem
3109 4796 3195 4845 est
3236 4789 3442 4844 divinm
3490 4789 3835 4846 misericor-

2127 4882 2236 4936 diae
2267 4881 2588 4951 gratuitum
2618 4882 2853 4946 donum,
2881 4895 2983 4949 per
3015 4878 3170 4950 quod
3202 4884 3257 4933 et
3297 4878 3463 4933 boum
3495 4866 3838 4935 voluntatis
3867 4879 3874 4886 ’

2127 4969 2379 5038 initium,
2443 4974 2501 5024 et
2559 4969 2749 5039 operis
2798 4983 3198 5038 promeremur
3255 4967 3552 5022 ellectum.
3626 4969 3840 5023 Divina

2126 5059 2342 5131 quippe
2400 5057 2586 5128 gratia
2635 5057 2984 5127 praevenitur
3040 5057 3212 5110 homo
3264 5060 3324 5110 ut
3362 5056 3546 5110 bonus
3593 5057 3692 5122 sit,
3737 5076 3838 5112 nec

2125 5149 2444 5203 humanum
2477 5145 2779 5200 arbitrium
2813 5145 2911 5200 Dei
2950 5144 3518 5215 gratiamanteeedit,
3566 5145 3667 5199 sed
3705 5147 3833 5218 ipsa

2127 5236 2311 5308 gratia
2342 5237 2439 5290 Dei
2472 5237 2760 5290 nolentem
2794 5235 3089 5290 hominem
3122 5234 3421 5304 praevenit,
3446 5239 3507 5288 ut
3530 5234 3711 5289 etiam
3749 5238 3841 5290 be-

2127 5343 2199 5380 ne
2226 5326 2377 5380 velit.
2413 5327 2554 5379 Nam
2583 5325 2836 5396 pondere
2867 5323 3053 5378 carnis
3080 5324 3255 5377 homo
3309 5323 3388 5378 sic
3419 5323 3631 5394 agitur,
3668 5331 3738 5379 ut
3769 5329 3840 5381 sit

2127 5415 2196 5469 ad
2219 5420 2512 5486 peccatum
2544 5414 2744 5482 facilis,
2789 5413 2856 5467 ad
2903 5413 3302 5484 paenitendum
3355 5413 3570 5467 tardus.
3647 5415 3840 5471 Habet

2127 5504 2196 5558 de
2226 5521 2283 5558 se
2319 5505 2466 5559 unde
2496 5507 2743 5568 corruat,
2785 5507 2989 5557 etnon
3033 5502 3205 5556 habet
3250 5503 3404 5556 unde
3453 5507 3676 5573 surgat,
3726 5507 3838 5560 nisi

2129 5593 2311 5663 gratia
2342 5593 2687 5657 Conditoris,
2725 5596 2785 5646 ut
2815 5591 3088 5662 erigatur,
3122 5608 3354 5646 manum
3385 5590 3600 5660 jacenti
3627 5599 3834 5648 exten-
