  <div class='ocr_page' id='page_1' title='image "/cluster/home/n/w/nwhite01/storage/ocr_20150623/121/uva.x000827051/038.png"; bbox 0 0 3920 6224; ppageno 0'>
   <div class='ocr_carea' id='block_1_1' title="bbox 57 347 105 416">
    <p class='ocr_par' dir='ltr' id='par_1_1' title="bbox 57 347 105 416">
     <span class='ocr_line' id='line_1_1' title="bbox 57 347 105 416; baseline -0.021 0"><span class='ocrx_word' id='word_1_1' title='bbox 57 347 105 416; x_wconf 72' lang='lat' dir='ltr'><strong>tu</strong></span> 
     </span>
    </p>
   </div>
   <div class='ocr_carea' id='block_1_2' title="bbox 1105 356 2448 413">
    <p class='ocr_par' dir='ltr' id='par_1_2' title="bbox 1105 356 2448 413">
     <span class='ocr_line' id='line_1_2' title="bbox 1105 356 2448 413; baseline -0.004 0"><span class='ocrx_word' id='word_1_2' title='bbox 1105 359 1190 413; x_wconf 78' lang='lat' dir='ltr'><strong>DE</strong></span> <span class='ocrx_word' id='word_1_3' title='bbox 1234 356 1899 413; x_wconf 56' lang='lat' dir='ltr'><strong>l’ll.-l&#39;ll)ES&#39;l‘lNA&#39;|‘lONE</strong></span> <span class='ocrx_word' id='word_1_4' title='bbox 1944 358 2078 412; x_wconf 79' lang='lat' dir='ltr'><strong>DEl.</strong></span> <span class='ocrx_word' id='word_1_5' title='bbox 2116 386 2178 394; x_wconf 95' lang='lat'><strong><em>—</em></strong></span> <span class='ocrx_word' id='word_1_6' title='bbox 2213 358 2337 410; x_wconf 77' lang='lat' dir='ltr'><strong>thl.</strong></span> <span class='ocrx_word' id='word_1_7' title='bbox 2383 357 2448 409; x_wconf 92' lang='lat' dir='ltr'><strong>ll.</strong></span> 
     </span>
    </p>
   </div>
   <div class='ocr_carea' id='block_1_3' title="bbox 3447 361 3514 408">
    <p class='ocr_par' dir='ltr' id='par_1_3' title="bbox 3447 361 3514 408">
     <span class='ocr_line' id='line_1_3' title="bbox 3447 361 3514 408; baseline 0.03 -2"><span class='ocrx_word' id='word_1_8' title='bbox 3447 361 3514 408; x_wconf 75' lang='lat' dir='ltr'><strong>ti.’</strong></span> 
     </span>
    </p>
   </div>
   <div class='ocr_carea' id='block_1_4' title="bbox 57 493 3514 568">
    <p class='ocr_par' dir='ltr' id='par_1_4' title="bbox 57 493 3514 568">
     <span class='ocr_line' id='line_1_4' title="bbox 57 493 3514 568; baseline -0.001 -15"><span class='ocrx_word' id='word_1_9' title='bbox 57 500 149 553; x_wconf 81' lang='lat' dir='ltr'><strong>dat.</strong></span> <span class='ocrx_word' id='word_1_10' title='bbox 179 495 414 568; x_wconf 86' lang='lat' dir='ltr'><strong>Denique</strong></span> <span class='ocrx_word' id='word_1_11' title='bbox 436 495 664 550; x_wconf 84' lang='lat' dir='ltr'><strong>homini</strong></span> <span class='ocrx_word' id='word_1_12' title='bbox 697 511 798 566; x_wconf 88' lang='lat' dir='ltr'><strong>per</strong></span> <span class='ocrx_word' id='word_1_13' title='bbox 829 493 930 549; x_wconf 85' lang='lat' dir='ltr'><strong>Dei</strong></span> <span class='ocrx_word' id='word_1_14' title='bbox 960 493 1200 566; x_wconf 78' lang='lat' dir='ltr'><strong>gratiam</strong></span> <span class='ocrx_word' id='word_1_15' title='bbox 1221 493 1461 549; x_wconf 90' lang='lat' dir='ltr'><strong>liberum</strong></span> <span class='ocrx_word' id='word_1_16' title='bbox 1485 499 1702 549; x_wconf 87' lang='lat' dir='ltr'><strong>restau-</strong></span> <span class='ocrx_word' id='word_1_17' title='bbox 1735 495 1779 550; x_wconf 82' lang='lat' dir='ltr'><strong>A</strong></span> <span class='ocrx_word' id='word_1_18' title='bbox 1817 510 2059 566; x_wconf 82' lang='lat' dir='ltr'><strong>sumque</strong></span> <span class='ocrx_word' id='word_1_19' title='bbox 2094 493 2470 566; x_wconf 84' lang='lat' dir='ltr'><strong>perpendere,</strong></span> <span class='ocrx_word' id='word_1_20' title='bbox 2504 493 2787 549; x_wconf 86' lang='lat' dir='ltr'><strong>fortasssis</strong></span> <span class='ocrx_word' id='word_1_21' title='bbox 2818 495 2886 551; x_wconf 92' lang='lat' dir='ltr'><strong>ad</strong></span> <span class='ocrx_word' id='word_1_22' title='bbox 2929 495 3227 566; x_wconf 82' lang='lat' dir='ltr'><strong>praesentis</strong></span> <span class='ocrx_word' id='word_1_23' title='bbox 3285 511 3514 549; x_wconf 78' lang='lat' dir='ltr'><strong>causam</strong></span> 
     </span>
    </p>
   </div>
   <div class='ocr_carea' id='block_1_5' title="bbox 57 583 1703 660">
    <p class='ocr_par' dir='ltr' id='par_1_5' title="bbox 57 583 1703 660">
     <span class='ocr_line' id='line_1_5' title="bbox 57 583 1703 660; baseline -0.001 -19"><span class='ocrx_word' id='word_1_24' title='bbox 57 593 190 642; x_wconf 87' lang='lat' dir='ltr'><strong>ratur</strong></span> <span class='ocrx_word' id='word_1_25' title='bbox 237 585 550 651; x_wconf 76' lang='lat' dir='ltr'><strong>arbitrium,</strong></span> <span class='ocrx_word' id='word_1_26' title='bbox 612 584 767 656; x_wconf 90' lang='lat' dir='ltr'><strong>quod</strong></span> <span class='ocrx_word' id='word_1_27' title='bbox 803 583 1053 660; x_wconf 83' lang='lat' dir='ltr'><strong>primus</strong></span> <span class='ocrx_word' id='word_1_28' title='bbox 1110 584 1283 638; x_wconf 89' lang='lat' dir='ltr'><strong>homo</strong></span> <span class='ocrx_word' id='word_1_29' title='bbox 1344 584 1703 656; x_wconf 80' lang='lat' dir='ltr'><strong>perdiderat:</strong></span> 
     </span>
    </p>
   </div>
   <div class='ocr_carea' id='block_1_6' title="bbox 54 665 1704 741">
    <p class='ocr_par' dir='ltr' id='par_1_6' title="bbox 54 665 1704 741">
     <span class='ocr_line' id='line_1_6' title="bbox 54 665 1704 741; baseline -0.002 -11"><span class='ocrx_word' id='word_1_30' title='bbox 54 693 166 741; x_wconf 79' lang='lat' dir='ltr'><strong>nam</strong></span> <span class='ocrx_word' id='word_1_31' title='bbox 194 675 277 729; x_wconf 92' lang='lat' dir='ltr'><strong>ille</strong></span> <span class='ocrx_word' id='word_1_32' title='bbox 306 665 506 728; x_wconf 88' lang='lat' dir='ltr'><strong>habuit</strong></span> <span class='ocrx_word' id='word_1_33' title='bbox 549 673 860 738; x_wconf 88' lang='lat' dir='ltr'><strong>inchoandi</strong></span> <span class='ocrx_word' id='word_1_34' title='bbox 907 672 1045 727; x_wconf 89' lang='lat' dir='ltr'><strong>boni</strong></span> <span class='ocrx_word' id='word_1_35' title='bbox 1084 672 1329 728; x_wconf 90' lang='lat' dir='ltr'><strong>liberum</strong></span> <span class='ocrx_word' id='word_1_36' title='bbox 1379 673 1704 739; x_wconf 80' lang='lat' dir='ltr'><strong>arbitrium,</strong></span> 
     </span>
    </p>
   </div>
   <div class='ocr_carea' id='block_1_7' title="bbox 57 761 1709 836">
    <p class='ocr_par' dir='ltr' id='par_1_7' title="bbox 57 761 1709 836">
     <span class='ocr_line' id='line_1_7' title="bbox 57 761 1709 836; baseline -0.001 -18"><span class='ocrx_word' id='word_1_37' title='bbox 57 761 184 836; x_wconf 90' lang='lat' dir='ltr'><strong>quod</strong></span> <span class='ocrx_word' id='word_1_38' title='bbox 212 771 386 818; x_wconf 91' lang='lat' dir='ltr'><strong>tamen</strong></span> <span class='ocrx_word' id='word_1_39' title='bbox 421 762 522 817; x_wconf 88' lang='lat' dir='ltr'><strong>Dei</strong></span> <span class='ocrx_word' id='word_1_40' title='bbox 570 761 859 832; x_wconf 90' lang='lat' dir='ltr'><strong>adjutorio</strong></span> <span class='ocrx_word' id='word_1_41' title='bbox 900 763 1289 834; x_wconf 89' lang='lat' dir='ltr'><strong>perticeretur.</strong></span> <span class='ocrx_word' id='word_1_42' title='bbox 1327 763 1438 816; x_wconf 84' lang='lat' dir='ltr'><strong>Nos</strong></span> <span class='ocrx_word' id='word_1_43' title='bbox 1469 779 1600 817; x_wconf 86' lang='lat' dir='ltr'><strong>vero</strong></span> <span class='ocrx_word' id='word_1_44' title='bbox 1653 767 1709 816; x_wconf 90' lang='lat' dir='ltr'><strong>et</strong></span> 
     </span>
    </p>
   </div>
   <div class='ocr_carea' id='block_1_8' title="bbox 57 849 1708 920">
    <p class='ocr_par' dir='ltr' id='par_1_8' title="bbox 57 849 1708 920">
     <span class='ocr_line' id='line_1_8' title="bbox 57 849 1708 920; baseline -0.002 -13"><span class='ocrx_word' id='word_1_45' title='bbox 57 852 429 907; x_wconf 86' lang='lat' dir='ltr'><strong>inchoationem</strong></span> <span class='ocrx_word' id='word_1_46' title='bbox 465 851 636 905; x_wconf 83' lang='lat' dir='ltr'><strong>liberi</strong></span> <span class='ocrx_word' id='word_1_47' title='bbox 670 850 908 918; x_wconf 89' lang='lat' dir='ltr'><strong>arbitrii,</strong></span> <span class='ocrx_word' id='word_1_48' title='bbox 964 854 1021 906; x_wconf 89' lang='lat' dir='ltr'><strong>et</strong></span> <span class='ocrx_word' id='word_1_49' title='bbox 1051 849 1459 920; x_wconf 81' lang='lat' dir='ltr'><strong>perfectionem</strong></span> <span class='ocrx_word' id='word_1_50' title='bbox 1505 851 1573 905; x_wconf 92' lang='lat' dir='ltr'><strong>de</strong></span> <span class='ocrx_word' id='word_1_51' title='bbox 1610 849 1708 904; x_wconf 85' lang='lat' dir='ltr'><strong>Dei</strong></span> 
     </span>
    </p>
   </div>
   <div class='ocr_carea' id='block_1_9' title="bbox 57 938 1707 1011">
    <p class='ocr_par' dir='ltr' id='par_1_9' title="bbox 57 938 1707 1011">
     <span class='ocr_line' id='line_1_9' title="bbox 57 938 1707 1011; baseline -0.001 -17"><span class='ocrx_word' id='word_1_52' title='bbox 57 942 293 994; x_wconf 83' lang='lat' dir='ltr'><strong>sumimus</strong></span> <span class='ocrx_word' id='word_1_53' title='bbox 324 940 526 1010; x_wconf 88' lang='lat' dir='ltr'><strong>gratia,</strong></span> <span class='ocrx_word' id='word_1_54' title='bbox 556 939 694 1011; x_wconf 90' lang='lat' dir='ltr'><strong>quia</strong></span> <span class='ocrx_word' id='word_1_55' title='bbox 728 945 785 994; x_wconf 88' lang='lat' dir='ltr'><strong>et</strong></span> <span class='ocrx_word' id='word_1_56' title='bbox 813 938 1064 1009; x_wconf 87' lang='lat' dir='ltr'><strong>incipere</strong></span> <span class='ocrx_word' id='word_1_57' title='bbox 1097 943 1151 992; x_wconf 91' lang='lat' dir='ltr'><strong>et</strong></span> <span class='ocrx_word' id='word_1_58' title='bbox 1189 939 1461 1009; x_wconf 82' lang='lat' dir='ltr'><strong>perlicere</strong></span> <span class='ocrx_word' id='word_1_59' title='bbox 1492 940 1707 993; x_wconf 90' lang='lat' dir='ltr'><strong>bonum</strong></span> 
     </span>
    </p>
   </div>
   <div class='ocr_carea' id='block_1_10' title="bbox 54 1027 1710 1101">
    <p class='ocr_par' dir='ltr' id='par_1_10' title="bbox 54 1027 1710 1101">
     <span class='ocr_line' id='line_1_10' title="bbox 54 1027 1710 1101; baseline -0.001 -18"><span class='ocrx_word' id='word_1_60' title='bbox 54 1030 109 1084; x_wconf 91' lang='lat' dir='ltr'><strong>de</strong></span> <span class='ocrx_word' id='word_1_61' title='bbox 137 1030 244 1101; x_wconf 81' lang='lat' dir='ltr'><strong>ipso</strong></span> <span class='ocrx_word' id='word_1_62' title='bbox 271 1029 564 1097; x_wconf 84' lang='lat' dir='ltr'><strong>habemus,</strong></span> <span class='ocrx_word' id='word_1_63' title='bbox 590 1045 624 1082; x_wconf 90' lang='lat' dir='ltr'><strong>a</strong></span> <span class='ocrx_word' id='word_1_64' title='bbox 667 1043 778 1100; x_wconf 88' lang='lat' dir='ltr'><strong>quo</strong></span> <span class='ocrx_word' id='word_1_65' title='bbox 810 1032 864 1082; x_wconf 93' lang='lat' dir='ltr'><strong>et</strong></span> <span class='ocrx_word' id='word_1_66' title='bbox 894 1027 1092 1098; x_wconf 84' lang='lat' dir='ltr'><strong>gratiae</strong></span> <span class='ocrx_word' id='word_1_67' title='bbox 1134 1027 1353 1082; x_wconf 91' lang='lat' dir='ltr'><strong>donum</strong></span> <span class='ocrx_word' id='word_1_68' title='bbox 1400 1028 1618 1095; x_wconf 92' lang='lat' dir='ltr'><strong>datum,</strong></span> <span class='ocrx_word' id='word_1_69' title='bbox 1655 1033 1710 1082; x_wconf 90' lang='lat' dir='ltr'><strong>et</strong></span> 
     </span>
    </p>
   </div>
   <div class='ocr_carea' id='block_1_11' title="bbox 57 1116 1709 1188">
    <p class='ocr_par' dir='ltr' id='par_1_11' title="bbox 57 1116 1709 1188">
     <span class='ocr_line' id='line_1_11' title="bbox 57 1116 1709 1188; baseline -0.001 -16"><span class='ocrx_word' id='word_1_70' title='bbox 57 1121 262 1172; x_wconf 88' lang='lat' dir='ltr'><strong>liberum</strong></span> <span class='ocrx_word' id='word_1_71' title='bbox 286 1117 586 1171; x_wconf 75' lang='lat' dir='ltr'><strong>arbitrium</strong></span> <span class='ocrx_word' id='word_1_72' title='bbox 611 1117 671 1171; x_wconf 92' lang='lat' dir='ltr'><strong>in</strong></span> <span class='ocrx_word' id='word_1_73' title='bbox 703 1116 869 1171; x_wconf 90' lang='lat' dir='ltr'><strong>nobis</strong></span> <span class='ocrx_word' id='word_1_74' title='bbox 899 1121 984 1171; x_wconf 90' lang='lat' dir='ltr'><strong>est</strong></span> <span class='ocrx_word' id='word_1_75' title='bbox 1013 1121 1416 1171; x_wconf 83' lang='lat' dir='ltr'><strong>restauratum.</strong></span> <span class='ocrx_word' id='word_1_76' title='bbox 1453 1117 1548 1170; x_wconf 90' lang='lat' dir='ltr'><strong>Dei</strong></span> <span class='ocrx_word' id='word_1_77' title='bbox 1572 1133 1709 1188; x_wconf 87' lang='lat' dir='ltr'><strong>ergo</strong></span> 
     </span>
    </p>
   </div>
   <div class='ocr_carea' id='block_1_12' title="bbox 57 1206 1708 1278">
    <p class='ocr_par' dir='ltr' id='par_1_12' title="bbox 57 1206 1708 1278">
     <span class='ocr_line' id='line_1_12' title="bbox 57 1206 1708 1278; baseline -0.001 -18"><span class='ocrx_word' id='word_1_78' title='bbox 57 1213 125 1261; x_wconf 89' lang='lat' dir='ltr'><strong>est</strong></span> <span class='ocrx_word' id='word_1_79' title='bbox 161 1208 352 1260; x_wconf 89' lang='lat' dir='ltr'><strong>bonum</strong></span> <span class='ocrx_word' id='word_1_80' title='bbox 403 1206 561 1278; x_wconf 89' lang='lat' dir='ltr'><strong>quod</strong></span> <span class='ocrx_word' id='word_1_81' title='bbox 618 1206 861 1275; x_wconf 80' lang='lat' dir='ltr'><strong>agimus,</strong></span> <span class='ocrx_word' id='word_1_82' title='bbox 919 1211 1158 1277; x_wconf 84' lang='lat' dir='ltr'><strong>propter</strong></span> <span class='ocrx_word' id='word_1_83' title='bbox 1211 1206 1453 1276; x_wconf 81' lang='lat' dir='ltr'><strong>gratiam</strong></span> <span class='ocrx_word' id='word_1_84' title='bbox 1497 1222 1708 1276; x_wconf 77' lang='lat' dir='ltr'><strong>praeve-</strong></span> 
     </span>
    </p>
   </div>
   <div class='ocr_carea' id='block_1_13' title="bbox 59 1295 1712 1365">
    <p class='ocr_par' dir='ltr' id='par_1_13' title="bbox 59 1295 1712 1365">
     <span class='ocr_line' id='line_1_13' title="bbox 59 1295 1712 1365; baseline -0.002 -16"><span class='ocrx_word' id='word_1_85' title='bbox 59 1296 273 1349; x_wconf 84' lang='lat' dir='ltr'><strong>nientcm</strong></span> <span class='ocrx_word' id='word_1_86' title='bbox 302 1299 354 1348; x_wconf 89' lang='lat' dir='ltr'><strong>et</strong></span> <span class='ocrx_word' id='word_1_87' title='bbox 399 1295 898 1365; x_wconf 85' lang='lat' dir='ltr'><strong>subsequentem:</strong></span> <span class='ocrx_word' id='word_1_88' title='bbox 957 1299 1219 1348; x_wconf 87' lang='lat' dir='ltr'><strong>nostrum</strong></span> <span class='ocrx_word' id='word_1_89' title='bbox 1276 1311 1429 1361; x_wconf 84' lang='lat' dir='ltr'><strong>vero,</strong></span> <span class='ocrx_word' id='word_1_90' title='bbox 1478 1299 1712 1365; x_wconf 79' lang='lat' dir='ltr'><strong>propter</strong></span> 
     </span>
    </p>
   </div>
   <div class='ocr_carea' id='block_1_14' title="bbox 60 1382 1711 1455">
    <p class='ocr_par' dir='ltr' id='par_1_14' title="bbox 60 1382 1711 1455">
     <span class='ocr_line' id='line_1_14' title="bbox 60 1382 1711 1455; baseline -0.002 -16"><span class='ocrx_word' id='word_1_91' title='bbox 60 1385 427 1455; x_wconf 79' lang='lat' dir='ltr'><strong>obsequentem</strong></span> <span class='ocrx_word' id='word_1_92' title='bbox 461 1383 631 1438; x_wconf 88' lang='lat' dir='ltr'><strong>liberi</strong></span> <span class='ocrx_word' id='word_1_93' title='bbox 669 1382 890 1437; x_wconf 86' lang='lat' dir='ltr'><strong>arbitrii</strong></span> <span class='ocrx_word' id='word_1_94' title='bbox 928 1384 1304 1438; x_wconf 80' lang='lat' dir='ltr'><strong>voluntatem.</strong></span> <span class='ocrx_word' id='word_1_95' title='bbox 1348 1385 1488 1438; x_wconf 71' lang='lat' dir='ltr'><strong>Nam</strong></span> <span class='ocrx_word' id='word_1_96' title='bbox 1523 1383 1567 1436; x_wconf 88' lang='lat' dir='ltr'><strong>si</strong></span> <span class='ocrx_word' id='word_1_97' title='bbox 1614 1384 1711 1436; x_wconf 87' lang='lat' dir='ltr'><strong>Dei</strong></span> 
     </span>
    </p>
   </div>
   <div class='ocr_carea' id='block_1_15' title="bbox 62 1471 1710 1542">
    <p class='ocr_par' dir='ltr' id='par_1_15' title="bbox 62 1471 1710 1542">
     <span class='ocr_line' id='line_1_15' title="bbox 62 1471 1710 1542; baseline -0.001 -16"><span class='ocrx_word' id='word_1_98' title='bbox 62 1490 158 1526; x_wconf 92' lang='lat' dir='ltr'><strong>non</strong></span> <span class='ocrx_word' id='word_1_99' title='bbox 184 1477 272 1537; x_wconf 89' lang='lat' dir='ltr'><strong>est,</strong></span> <span class='ocrx_word' id='word_1_100' title='bbox 300 1488 396 1526; x_wconf 91' lang='lat' dir='ltr'><strong>cur</strong></span> <span class='ocrx_word' id='word_1_101' title='bbox 424 1471 509 1525; x_wconf 88' lang='lat' dir='ltr'><strong>illi</strong></span> <span class='ocrx_word' id='word_1_102' title='bbox 541 1472 756 1542; x_wconf 88' lang='lat' dir='ltr'><strong>gratias</strong></span> <span class='ocrx_word' id='word_1_103' title='bbox 795 1471 1053 1541; x_wconf 86' lang='lat' dir='ltr'><strong>agimus?</strong></span> <span class='ocrx_word' id='word_1_104' title='bbox 1105 1472 1170 1525; x_wconf 84' lang='lat' dir='ltr'><strong>Et</strong></span> <span class='ocrx_word' id='word_1_105' title='bbox 1199 1471 1245 1524; x_wconf 93' lang='lat' dir='ltr'><strong>si</strong></span> <span class='ocrx_word' id='word_1_106' title='bbox 1299 1476 1556 1526; x_wconf 87' lang='lat' dir='ltr'><strong>nostrum</strong></span> <span class='ocrx_word' id='word_1_107' title='bbox 1597 1488 1710 1524; x_wconf 90' lang='lat' dir='ltr'><strong>non</strong></span> 
     </span>
    </p>
   </div>
   <div class='ocr_carea' id='block_1_16' title="bbox 63 1561 1711 1632">
    <p class='ocr_par' dir='ltr' id='par_1_16' title="bbox 63 1561 1711 1632">
     <span class='ocr_line' id='line_1_16' title="bbox 63 1561 1711 1632; baseline -0.002 -16"><span class='ocrx_word' id='word_1_108' title='bbox 63 1569 150 1626; x_wconf 85' lang='lat' dir='ltr'><strong>est,</strong></span> <span class='ocrx_word' id='word_1_109' title='bbox 190 1578 276 1614; x_wconf 87' lang='lat' dir='ltr'><strong>cur</strong></span> <span class='ocrx_word' id='word_1_110' title='bbox 318 1562 755 1615; x_wconf 85' lang='lat' dir='ltr'><strong>retributionem</strong></span> <span class='ocrx_word' id='word_1_111' title='bbox 805 1561 1092 1614; x_wconf 89' lang='lat' dir='ltr'><strong>bonorum</strong></span> <span class='ocrx_word' id='word_1_112' title='bbox 1143 1577 1382 1632; x_wconf 90' lang='lat' dir='ltr'><strong>operum</strong></span> <span class='ocrx_word' id='word_1_113' title='bbox 1444 1565 1711 1631; x_wconf 81' lang='lat' dir='ltr'><strong>expecta-</strong></span> 
     </span>
    </p>
   </div>
   <div class='ocr_carea' id='block_1_17' title="bbox 64 1649 1708 1720">
    <p class='ocr_par' dir='ltr' id='par_1_17' title="bbox 64 1649 1708 1720">
     <span class='ocr_line' id='line_1_17' title="bbox 64 1649 1708 1720; baseline -0.001 -16"><span class='ocrx_word' id='word_1_114' title='bbox 64 1654 206 1704; x_wconf 76' lang='lat' dir='ltr'><strong>mus?</strong></span> <span class='ocrx_word' id='word_1_115' title='bbox 237 1650 467 1704; x_wconf 81' lang='lat' dir='ltr'><strong>Proinde</strong></span> <span class='ocrx_word' id='word_1_116' title='bbox 504 1666 644 1720; x_wconf 87' lang='lat' dir='ltr'><strong>ergo</strong></span> <span class='ocrx_word' id='word_1_117' title='bbox 675 1649 733 1702; x_wconf 87' lang='lat' dir='ltr'><strong>in</strong></span> <span class='ocrx_word' id='word_1_118' title='bbox 782 1666 848 1702; x_wconf 91' lang='lat' dir='ltr'><strong>eo</strong></span> <span class='ocrx_word' id='word_1_119' title='bbox 884 1649 1038 1720; x_wconf 89' lang='lat' dir='ltr'><strong>quod</strong></span> <span class='ocrx_word' id='word_1_120' title='bbox 1071 1649 1255 1720; x_wconf 90' lang='lat' dir='ltr'><strong>gratia</strong></span> <span class='ocrx_word' id='word_1_121' title='bbox 1304 1649 1400 1704; x_wconf 91' lang='lat' dir='ltr'><strong>Dei</strong></span> <span class='ocrx_word' id='word_1_122' title='bbox 1432 1649 1708 1720; x_wconf 81' lang='lat' dir='ltr'><strong>praeveni-</strong></span> 
     </span>
    </p>
   </div>
   <div class='ocr_carea' id='block_1_18' title="bbox 64 1737 1709 1809">
    <p class='ocr_par' dir='ltr' id='par_1_18' title="bbox 64 1737 1709 1809">
     <span class='ocr_line' id='line_1_18' title="bbox 64 1737 1709 1809; baseline -0.001 -17"><span class='ocrx_word' id='word_1_123' title='bbox 64 1755 188 1800; x_wconf 87' lang='lat' dir='ltr'><strong>mur,</strong></span> <span class='ocrx_word' id='word_1_124' title='bbox 221 1740 307 1793; x_wconf 87' lang='lat' dir='ltr'><strong>Dei</strong></span> <span class='ocrx_word' id='word_1_125' title='bbox 335 1744 418 1792; x_wconf 88' lang='lat' dir='ltr'><strong>est</strong></span> <span class='ocrx_word' id='word_1_126' title='bbox 449 1755 462 1793; x_wconf 91' lang='lat'>:</span> <span class='ocrx_word' id='word_1_127' title='bbox 495 1738 558 1792; x_wconf 90' lang='lat' dir='ltr'><strong>in</strong></span> <span class='ocrx_word' id='word_1_128' title='bbox 607 1755 673 1792; x_wconf 91' lang='lat' dir='ltr'><strong>eo</strong></span> <span class='ocrx_word' id='word_1_129' title='bbox 705 1754 837 1792; x_wconf 85' lang='lat' dir='ltr'><strong>vero</strong></span> <span class='ocrx_word' id='word_1_130' title='bbox 872 1737 1028 1809; x_wconf 90' lang='lat' dir='ltr'><strong>quod</strong></span> <span class='ocrx_word' id='word_1_131' title='bbox 1065 1738 1133 1791; x_wconf 90' lang='lat' dir='ltr'><strong>ad</strong></span> <span class='ocrx_word' id='word_1_132' title='bbox 1183 1738 1326 1792; x_wconf 85' lang='lat' dir='ltr'><strong>bene</strong></span> <span class='ocrx_word' id='word_1_133' title='bbox 1357 1739 1709 1809; x_wconf 83' lang='lat' dir='ltr'><strong>operandam</strong></span> 
     </span>
    </p>
   </div>
   <div class='ocr_carea' id='block_1_19' title="bbox 63 1827 1710 1900">
    <p class='ocr_par' dir='ltr' id='par_1_19' title="bbox 63 1827 1710 1900">
     <span class='ocr_line' id='line_1_19' title="bbox 63 1827 1710 1900; baseline -0.001 -19"><span class='ocrx_word' id='word_1_134' title='bbox 63 1827 459 1900; x_wconf 68' lang='lat' dir='ltr'><strong>praevenientem</strong></span> <span class='ocrx_word' id='word_1_135' title='bbox 490 1828 740 1899; x_wconf 84' lang='lat' dir='ltr'><strong>gratiam</strong></span> <span class='ocrx_word' id='word_1_136' title='bbox 766 1827 1082 1898; x_wconf 77' lang='lat' dir='ltr'><strong>sequimur,</strong></span> <span class='ocrx_word' id='word_1_137' title='bbox 1108 1831 1366 1881; x_wconf 83' lang='lat' dir='ltr'><strong>nostrum</strong></span> <span class='ocrx_word' id='word_1_138' title='bbox 1393 1832 1494 1882; x_wconf 90' lang='lat' dir='ltr'><strong>est.</strong></span> <span class='ocrx_word' id='word_1_139' title='bbox 1532 1828 1710 1882; x_wconf 85' lang='lat' dir='ltr'><strong>Nemo</strong></span> 
     </span>
    </p>
   </div>
   <div class='ocr_carea' id='block_1_20' title="bbox 64 1914 1712 1986">
    <p class='ocr_par' dir='ltr' id='par_1_20' title="bbox 64 1914 1712 1986">
     <span class='ocr_line' id='line_1_20' title="bbox 64 1914 1712 1986; baseline 0.001 -18"><span class='ocrx_word' id='word_1_140' title='bbox 64 1923 226 1970; x_wconf 82' lang='lat' dir='ltr'><strong>autem</strong></span> <span class='ocrx_word' id='word_1_141' title='bbox 270 1915 488 1986; x_wconf 84' lang='lat' dir='ltr'><strong>Domini</strong></span> <span class='ocrx_word' id='word_1_142' title='bbox 527 1915 772 1986; x_wconf 85' lang='lat' dir='ltr'><strong>gratiam</strong></span> <span class='ocrx_word' id='word_1_143' title='bbox 825 1914 1043 1970; x_wconf 88' lang='lat' dir='ltr'><strong>meritis</strong></span> <span class='ocrx_word' id='word_1_144' title='bbox 1073 1915 1376 1984; x_wconf 87' lang='lat' dir='ltr'><strong>antecedit,</strong></span> <span class='ocrx_word' id='word_1_145' title='bbox 1413 1920 1474 1970; x_wconf 93' lang='lat' dir='ltr'><strong>ut</strong></span> <span class='ocrx_word' id='word_1_146' title='bbox 1519 1919 1712 1970; x_wconf 90' lang='lat' dir='ltr'><strong>tenere</strong></span> 
     </span>
    </p>
   </div>
   <div class='ocr_carea' id='block_1_21' title="bbox 64 2003 1712 2078">
    <p class='ocr_par' dir='ltr' id='par_1_21' title="bbox 64 2003 1712 2078">
     <span class='ocr_line' id='line_1_21' title="bbox 64 2003 1712 2078; baseline 0 -20"><span class='ocrx_word' id='word_1_147' title='bbox 64 2021 173 2058; x_wconf 87' lang='lat' dir='ltr'><strong>eum</strong></span> <span class='ocrx_word' id='word_1_148' title='bbox 199 2003 344 2078; x_wconf 85' lang='lat' dir='ltr'><strong>quasi</strong></span> <span class='ocrx_word' id='word_1_149' title='bbox 389 2004 712 2058; x_wconf 87' lang='lat' dir='ltr'><strong>debitorem</strong></span> <span class='ocrx_word' id='word_1_150' title='bbox 743 2003 919 2074; x_wconf 80' lang='lat' dir='ltr'><strong>possit</strong></span> <span class='ocrx_word' id='word_1_151' title='bbox 951 2020 962 2056; x_wconf 91' lang='lat'><strong>:</strong></span> <span class='ocrx_word' id='word_1_152' title='bbox 999 2004 1095 2057; x_wconf 90' lang='lat' dir='ltr'><strong>sed</strong></span> <span class='ocrx_word' id='word_1_153' title='bbox 1127 2003 1271 2058; x_wconf 93' lang='lat' dir='ltr'><strong>miro</strong></span> <span class='ocrx_word' id='word_1_154' title='bbox 1304 2004 1475 2058; x_wconf 89' lang='lat' dir='ltr'><strong>modo</strong></span> <span class='ocrx_word' id='word_1_155' title='bbox 1514 2021 1712 2075; x_wconf 84' lang='lat' dir='ltr'><strong>aequus</strong></span> 
     </span>
    </p>
   </div>
   <div class='ocr_carea' id='block_1_22' title="bbox 65 2093 1710 2165">
    <p class='ocr_par' dir='ltr' id='par_1_22' title="bbox 65 2093 1710 2165">
     <span class='ocr_line' id='line_1_22' title="bbox 65 2093 1710 2165; baseline 0 -19"><span class='ocrx_word' id='word_1_156' title='bbox 65 2094 290 2146; x_wconf 88' lang='lat' dir='ltr'><strong>omnibus</strong></span> <span class='ocrx_word' id='word_1_157' title='bbox 333 2093 634 2158; x_wconf 88' lang='lat' dir='ltr'><strong>Conditor,</strong></span> <span class='ocrx_word' id='word_1_158' title='bbox 684 2093 825 2147; x_wconf 89' lang='lat' dir='ltr'><strong>alios</strong></span> <span class='ocrx_word' id='word_1_159' title='bbox 874 2093 1336 2164; x_wconf 88' lang='lat' dir='ltr'><strong>praedestinando</strong></span> <span class='ocrx_word' id='word_1_160' title='bbox 1396 2094 1710 2165; x_wconf 82' lang='lat' dir='ltr'><strong>praeelegit,</strong></span> 
     </span>
    </p>
   </div>
   <div class='ocr_carea' id='block_1_23' title="bbox 64 2181 1710 2253">
    <p class='ocr_par' dir='ltr' id='par_1_23' title="bbox 64 2181 1710 2253">
     <span class='ocr_line' id='line_1_23' title="bbox 64 2181 1710 2253; baseline 0.002 -18"><span class='ocrx_word' id='word_1_161' title='bbox 64 2182 183 2236; x_wconf 87' lang='lat' dir='ltr'><strong>alios</strong></span> <span class='ocrx_word' id='word_1_162' title='bbox 219 2197 335 2236; x_wconf 88' lang='lat' dir='ltr'><strong>vero</strong></span> <span class='ocrx_word' id='word_1_163' title='bbox 363 2182 425 2236; x_wconf 85' lang='lat' dir='ltr'><strong>in</strong></span> <span class='ocrx_word' id='word_1_164' title='bbox 467 2182 587 2236; x_wconf 88' lang='lat' dir='ltr'><strong>suis</strong></span> <span class='ocrx_word' id='word_1_165' title='bbox 619 2181 808 2253; x_wconf 82' lang='lat' dir='ltr'><strong>pravis</strong></span> <span class='ocrx_word' id='word_1_166' title='bbox 838 2182 1097 2236; x_wconf 88' lang='lat' dir='ltr'><strong>moribus</strong></span> <span class='ocrx_word' id='word_1_167' title='bbox 1118 2183 1275 2252; x_wconf 86' lang='lat' dir='ltr'><strong>justo</strong></span> <span class='ocrx_word' id='word_1_168' title='bbox 1300 2182 1518 2253; x_wconf 85' lang='lat' dir='ltr'><strong>judicio</strong></span> <span class='ocrx_word' id='word_1_169' title='bbox 1549 2183 1710 2238; x_wconf 91' lang='lat' dir='ltr'><strong>dere-</strong></span> 
     </span>
    </p>
   </div>
   <div class='ocr_carea' id='block_1_24' title="bbox 65 2271 1712 2342">
    <p class='ocr_par' dir='ltr' id='par_1_24' title="bbox 65 2271 1712 2342">
     <span class='ocr_line' id='line_1_24' title="bbox 65 2271 1712 2342; baseline 0.001 -17"><span class='ocrx_word' id='word_1_170' title='bbox 65 2271 219 2342; x_wconf 82' lang='lat' dir='ltr'><strong>liquit.</strong></span> <span class='ocrx_word' id='word_1_171' title='bbox 271 2272 420 2326; x_wconf 74' lang='lat' dir='ltr'><strong>LTnde</strong></span> <span class='ocrx_word' id='word_1_172' title='bbox 467 2271 832 2325; x_wconf 88' lang='lat' dir='ltr'><strong>verissimum</strong></span> <span class='ocrx_word' id='word_1_173' title='bbox 881 2275 965 2326; x_wconf 89' lang='lat' dir='ltr'><strong>est</strong></span> <span class='ocrx_word' id='word_1_174' title='bbox 993 2271 1192 2341; x_wconf 84' lang='lat' dir='ltr'><strong>gratiae</strong></span> <span class='ocrx_word' id='word_1_175' title='bbox 1232 2287 1438 2325; x_wconf 90' lang='lat' dir='ltr'><strong>munus</strong></span> <span class='ocrx_word' id='word_1_176' title='bbox 1482 2289 1598 2326; x_wconf 86' lang='lat' dir='ltr'><strong>non</strong></span> <span class='ocrx_word' id='word_1_177' title='bbox 1648 2290 1712 2327; x_wconf 83' lang='lat' dir='ltr'><strong>ex</strong></span> 
     </span>
    </p>
   </div>
   <div class='ocr_carea' id='block_1_25' title="bbox 68 2347 1710 2432">
    <p class='ocr_par' dir='ltr' id='par_1_25' title="bbox 68 2347 1710 2432">
     <span class='ocr_line' id='line_1_25' title="bbox 68 2347 1710 2432; baseline 0.001 -18"><span class='ocrx_word' id='word_1_178' title='bbox 68 2361 279 2414; x_wconf 76' lang='lat' dir='ltr'><strong>humana</strong></span> <span class='ocrx_word' id='word_1_179' title='bbox 310 2347 538 2425; x_wconf 75' lang='lat' dir='ltr'><strong>virtute,</strong></span> <span class='ocrx_word' id='word_1_180' title='bbox 581 2361 668 2414; x_wconf 87' lang='lat' dir='ltr'><strong>vel</strong></span> <span class='ocrx_word' id='word_1_181' title='bbox 703 2377 767 2413; x_wconf 83' lang='lat' dir='ltr'><strong>ex</strong></span> <span class='ocrx_word' id='word_1_182' title='bbox 799 2360 1004 2413; x_wconf 90' lang='lat' dir='ltr'><strong>merito</strong></span> <span class='ocrx_word' id='word_1_183' title='bbox 1039 2359 1258 2413; x_wconf 89' lang='lat' dir='ltr'><strong>arbitrii</strong></span> <span class='ocrx_word' id='word_1_184' title='bbox 1289 2361 1580 2432; x_wconf 80' lang='lat' dir='ltr'><strong>consequi,</strong></span> <span class='ocrx_word' id='word_1_185' title='bbox 1615 2361 1710 2415; x_wconf 90' lang='lat' dir='ltr'><strong>sed</strong></span> 
     </span>
    </p>
   </div>
   <div class='ocr_carea' id='block_1_26' title="bbox 67 2448 1712 2520">
    <p class='ocr_par' dir='ltr' id='par_1_26' title="bbox 67 2448 1712 2520">
     <span class='ocr_line' id='line_1_26' title="bbox 67 2448 1712 2520; baseline 0.002 -18"><span class='ocrx_word' id='word_1_186' title='bbox 67 2450 167 2502; x_wconf 86' lang='lat' dir='ltr'><strong>sola</strong></span> <span class='ocrx_word' id='word_1_187' title='bbox 192 2449 377 2503; x_wconf 81' lang='lat' dir='ltr'><strong>divinae</strong></span> <span class='ocrx_word' id='word_1_188' title='bbox 424 2449 658 2520; x_wconf 86' lang='lat' dir='ltr'><strong>pietatis</strong></span> <span class='ocrx_word' id='word_1_189' title='bbox 705 2448 960 2503; x_wconf 86' lang='lat' dir='ltr'><strong>bonitate</strong></span> <span class='ocrx_word' id='word_1_190' title='bbox 991 2449 1213 2520; x_wconf 90' lang='lat' dir='ltr'><strong>largiri.</strong></span> <span class='ocrx_word' id='word_1_191' title='bbox 1269 2449 1507 2514; x_wconf 88' lang='lat' dir='ltr'><strong>Quidam</strong></span> <span class='ocrx_word' id='word_1_192' title='bbox 1557 2450 1712 2505; x_wconf 89' lang='lat' dir='ltr'><strong>enim</strong></span> 
     </span>
    </p>
   </div>
   <div class='ocr_carea' id='block_1_27' title="bbox 70 2537 1713 2609">
    <p class='ocr_par' dir='ltr' id='par_1_27' title="bbox 70 2537 1713 2609">
     <span class='ocr_line' id='line_1_27' title="bbox 70 2537 1713 2609; baseline 0.004 -21"><span class='ocrx_word' id='word_1_193' title='bbox 70 2538 360 2607; x_wconf 46' lang='lat' dir='ltr'><strong>gratissimae.</strong></span> <span class='ocrx_word' id='word_1_194' title='bbox 384 2537 792 2592; x_wconf 88' lang='lat' dir='ltr'><strong>misericordiae</strong></span> <span class='ocrx_word' id='word_1_195' title='bbox 825 2538 946 2608; x_wconf 84' lang='lat' dir='ltr'><strong>ejus</strong></span> <span class='ocrx_word' id='word_1_196' title='bbox 976 2538 1380 2609; x_wconf 83' lang='lat' dir='ltr'><strong>praevenientis</strong></span> <span class='ocrx_word' id='word_1_197' title='bbox 1400 2539 1569 2593; x_wconf 89' lang='lat' dir='ltr'><strong>domo</strong></span> <span class='ocrx_word' id='word_1_198' title='bbox 1597 2541 1713 2594; x_wconf 83' lang='lat' dir='ltr'><strong>sal—</strong></span> 
     </span>
    </p>
   </div>
   <div class='ocr_carea' id='block_1_28' title="bbox 68 2626 1712 2699">
    <p class='ocr_par' dir='ltr' id='par_1_28' title="bbox 68 2626 1712 2699">
     <span class='ocr_line' id='line_1_28' title="bbox 68 2626 1712 2699; baseline 0.005 -24"><span class='ocrx_word' id='word_1_199' title='bbox 68 2630 254 2692; x_wconf 80' lang='lat' dir='ltr'><strong>vantur,</strong></span> <span class='ocrx_word' id='word_1_200' title='bbox 292 2626 469 2680; x_wconf 77' lang='lat' dir='ltr'><strong>etlecti</strong></span> <span class='ocrx_word' id='word_1_201' title='bbox 510 2649 535 2674; x_wconf 82' lang='grc'><strong>‹‹</strong></span> <span class='ocrx_word' id='word_1_202' title='bbox 572 2643 702 2678; x_wconf 84' lang='lat' dir='ltr'><strong>vasa</strong></span> <span class='ocrx_word' id='word_1_203' title='bbox 748 2626 1186 2698; x_wconf 66' lang='lat' dir='ltr'><strong>misericordiae;</strong></span> <span class='ocrx_word' id='word_1_204' title='bbox 1219 2650 1246 2678; x_wconf 85' lang='grc'><strong>››</strong></span> <span class='ocrx_word' id='word_1_205' title='bbox 1299 2629 1535 2699; x_wconf 90' lang='lat' dir='ltr'><strong>quidam</strong></span> <span class='ocrx_word' id='word_1_206' title='bbox 1579 2645 1712 2684; x_wconf 89' lang='lat' dir='ltr'><strong>vero</strong></span> 
     </span>
    </p>
   </div>
   <div class='ocr_carea' id='block_1_29' title="bbox 71 2714 1710 2786">
    <p class='ocr_par' dir='ltr' id='par_1_29' title="bbox 71 2714 1710 2786">
     <span class='ocr_line' id='line_1_29' title="bbox 71 2714 1710 2786; baseline 0.004 -21"><span class='ocrx_word' id='word_1_207' title='bbox 71 2714 332 2781; x_wconf 80' lang='lat' dir='ltr'><strong>reprobati,</strong></span> <span class='ocrx_word' id='word_1_208' title='bbox 382 2717 452 2769; x_wconf 90' lang='lat' dir='ltr'><strong>ad</strong></span> <span class='ocrx_word' id='word_1_209' title='bbox 519 2731 874 2786; x_wconf 76' lang='lat' dir='ltr'><strong>paenamque-</strong></span> <span class='ocrx_word' id='word_1_210' title='bbox 913 2715 1286 2786; x_wconf 89' lang='lat' dir='ltr'><strong>predestinati</strong></span> <span class='ocrx_word' id='word_1_211' title='bbox 1344 2717 1710 2785; x_wconf 88' lang='lat' dir='ltr'><strong>damnantur,</strong></span> 
     </span>
    </p>
   </div>
   <div class='ocr_carea' id='block_1_30' title="bbox 67 2801 1711 2874">
    <p class='ocr_par' dir='ltr' id='par_1_30' title="bbox 67 2801 1711 2874">
     <span class='ocr_line' id='line_1_30' title="bbox 67 2801 1711 2874; baseline 0.004 -22"><span class='ocrx_word' id='word_1_212' title='bbox 67 2801 214 2855; x_wconf 88' lang='lat' dir='ltr'><strong>etl&#39;ccti</strong></span> <span class='ocrx_word' id='word_1_213' title='bbox 244 2824 268 2848; x_wconf 74' lang='grc' dir='ltr'><strong>ε(</strong></span> <span class='ocrx_word' id='word_1_214' title='bbox 297 2819 424 2856; x_wconf 89' lang='lat' dir='ltr'><strong>vasa</strong></span> <span class='ocrx_word' id='word_1_215' title='bbox 466 2803 591 2856; x_wconf 78' lang='lat' dir='ltr'><strong>irae.</strong></span> <span class='ocrx_word' id='word_1_216' title='bbox 625 2827 651 2852; x_wconf 72' lang='grc' dir='ltr'><strong>ι»</strong></span> <span class='ocrx_word' id='word_1_217' title='bbox 678 2802 838 2866; x_wconf 88' lang='lat' dir='ltr'><strong>Quod</strong></span> <span class='ocrx_word' id='word_1_218' title='bbox 879 2805 1143 2874; x_wconf 85' lang='lat' dir='ltr'><strong>exemplo</strong></span> <span class='ocrx_word' id='word_1_219' title='bbox 1177 2805 1246 2858; x_wconf 86' lang='lat' dir='ltr'><strong>de</strong></span> <span class='ocrx_word' id='word_1_220' title='bbox 1281 2827 1301 2852; x_wconf 77' lang='grc' dir='ltr'>ι</span> <span class='ocrx_word' id='word_1_221' title='bbox 1340 2805 1484 2859; x_wconf 86' lang='lat' dir='ltr'><strong>Esau</strong></span> <span class='ocrx_word' id='word_1_222' title='bbox 1511 2810 1567 2860; x_wconf 86' lang='lat' dir='ltr'><strong>et</strong></span> <span class='ocrx_word' id='word_1_223' title='bbox 1619 2807 1711 2861; x_wconf 83' lang='lat' dir='ltr'><strong>Ja-</strong></span> 
     </span>
    </p>
   </div>
   <div class='ocr_carea' id='block_1_31' title="bbox 73 2890 1714 2964">
    <p class='ocr_par' dir='ltr' id='par_1_31' title="bbox 73 2890 1714 2964">
     <span class='ocr_line' id='line_1_31' title="bbox 73 2890 1714 2964; baseline 0.005 -25"><span class='ocrx_word' id='word_1_224' title='bbox 73 2890 157 2941; x_wconf 87' lang='lat' dir='ltr'><strong>cob</strong></span> <span class='ocrx_word' id='word_1_225' title='bbox 187 2912 203 2935; x_wconf 70' lang='grc' dir='ltr'><strong>ι</strong></span> <span class='ocrx_word' id='word_1_226' title='bbox 239 2891 473 2946; x_wconf 87' lang='lat' dir='ltr'><strong>necdum</strong></span> <span class='ocrx_word' id='word_1_227' title='bbox 526 2893 676 2946; x_wconf 78' lang='lat' dir='ltr'><strong>natis</strong></span> <span class='ocrx_word' id='word_1_228' title='bbox 715 2891 1029 2961; x_wconf 87' lang='lat' dir='ltr'><strong>colligitur,</strong></span> <span class='ocrx_word' id='word_1_229' title='bbox 1071 2892 1170 2964; x_wconf 85' lang='lat' dir='ltr'><strong>qui</strong></span> <span class='ocrx_word' id='word_1_230' title='bbox 1212 2893 1347 2948; x_wconf 90' lang='lat' dir='ltr'><strong>dum</strong></span> <span class='ocrx_word' id='word_1_231' title='bbox 1382 2897 1570 2948; x_wconf 89' lang='lat' dir='ltr'><strong>essent</strong></span> <span class='ocrx_word' id='word_1_232' title='bbox 1598 2910 1714 2948; x_wconf 82' lang='lat' dir='ltr'><strong>una</strong></span> 
     </span>
    </p>
   </div>
   <div class='ocr_carea' id='block_1_32' title="bbox 64 2980 1715 3053">
    <p class='ocr_par' dir='ltr' id='par_1_32' title="bbox 64 2980 1715 3053">
     <span class='ocr_line' id='line_1_32' title="bbox 64 2980 1715 3053; baseline 0.004 -23"><span class='ocrx_word' id='word_1_233' title='bbox 64 2980 386 3049; x_wconf 84' lang='lat' dir='ltr'><strong>conceptione</strong></span> <span class='ocrx_word' id='word_1_234' title='bbox 441 2981 530 3034; x_wconf 81' lang='lat' dir='ltr'><strong>vel</strong></span> <span class='ocrx_word' id='word_1_235' title='bbox 578 2989 744 3052; x_wconf 89' lang='lat' dir='ltr'><strong>partu</strong></span> <span class='ocrx_word' id='word_1_236' title='bbox 779 2981 934 3048; x_wconf 89' lang='lat' dir='ltr'><strong>editi,</strong></span> <span class='ocrx_word' id='word_1_237' title='bbox 968 2982 1207 3053; x_wconf 88' lang='lat' dir='ltr'><strong>parique</strong></span> <span class='ocrx_word' id='word_1_238' title='bbox 1239 2999 1382 3036; x_wconf 80' lang='lat' dir='ltr'><strong>nexu</strong></span> <span class='ocrx_word' id='word_1_239' title='bbox 1419 2982 1715 3052; x_wconf 85' lang='lat' dir='ltr'><strong>originalis</strong></span> 
     </span>
    </p>
   </div>
   <div class='ocr_carea' id='block_1_33' title="bbox 65 3069 1782 3162">
    <p class='ocr_par' dir='ltr' id='par_1_33' title="bbox 65 3069 1782 3162">
     <span class='ocr_line' id='line_1_33' title="bbox 65 3069 1782 3162; baseline 0.003 -44"><span class='ocrx_word' id='word_1_240' title='bbox 65 3069 240 3135; x_wconf 82' lang='lat' dir='ltr'><strong>peccati</strong></span> <span class='ocrx_word' id='word_1_241' title='bbox 268 3069 500 3135; x_wconf 86' lang='lat' dir='ltr'><strong>astricti,</strong></span> <span class='ocrx_word' id='word_1_242' title='bbox 536 3070 779 3123; x_wconf 85' lang='lat' dir='ltr'><strong>alterum</strong></span> <span class='ocrx_word' id='word_1_243' title='bbox 828 3074 1022 3124; x_wconf 89' lang='lat' dir='ltr'><strong>tamen</strong></span> <span class='ocrx_word' id='word_1_244' title='bbox 1054 3087 1252 3124; x_wconf 91' lang='lat' dir='ltr'><strong>eorum</strong></span> <span class='ocrx_word' id='word_1_245' title='bbox 1303 3071 1371 3125; x_wconf 87' lang='lat' dir='ltr'><strong>ad</strong></span> <span class='ocrx_word' id='word_1_246' title='bbox 1406 3089 1462 3126; x_wconf 92' lang='lat' dir='ltr'><strong>se</strong></span> <span class='ocrx_word' id='word_1_247' title='bbox 1495 3072 1712 3126; x_wconf 84' lang='lat' dir='ltr'><strong>miseri-</strong></span> <span class='ocrx_word' id='word_1_248' title='bbox 1745 3109 1782 3162; x_wconf 60' lang='grc' dir='ltr'>Ο</span> 
     </span>
    </p>
   </div>
   <div class='ocr_carea' id='block_1_34' title="bbox 64 3156 1714 3232">
    <p class='ocr_par' dir='ltr' id='par_1_34' title="bbox 64 3156 1714 3232">
     <span class='ocr_line' id='line_1_34' title="bbox 64 3156 1714 3232; baseline 0.004 -24"><span class='ocrx_word' id='word_1_249' title='bbox 64 3156 235 3211; x_wconf 84' lang='lat' dir='ltr'><strong>cordiae</strong></span> <span class='ocrx_word' id='word_1_250' title='bbox 287 3157 493 3212; x_wconf 87' lang='lat' dir='ltr'><strong>divinae</strong></span> <span class='ocrx_word' id='word_1_251' title='bbox 539 3159 895 3228; x_wconf 84' lang='lat' dir='ltr'><strong>praeveniens</strong></span> <span class='ocrx_word' id='word_1_252' title='bbox 948 3159 1174 3212; x_wconf 86' lang='lat' dir='ltr'><strong>bonitas</strong></span> <span class='ocrx_word' id='word_1_253' title='bbox 1232 3160 1482 3230; x_wconf 83' lang='lat' dir='ltr'><strong>gratuita</strong></span> <span class='ocrx_word' id='word_1_254' title='bbox 1530 3162 1714 3232; x_wconf 83' lang='lat' dir='ltr'><strong>gratia</strong></span> 
     </span>
    </p>
   </div>
   <div class='ocr_carea' id='block_1_35' title="bbox 64 3247 1712 3320">
    <p class='ocr_par' dir='ltr' id='par_1_35' title="bbox 64 3247 1712 3320">
     <span class='ocr_line' id='line_1_35' title="bbox 64 3247 1712 3320; baseline 0.005 -25"><span class='ocrx_word' id='word_1_255' title='bbox 64 3247 226 3310; x_wconf 76' lang='lat' dir='ltr'><strong>traxit;</strong></span> <span class='ocrx_word' id='word_1_256' title='bbox 262 3247 504 3300; x_wconf 88' lang='lat' dir='ltr'><strong>alterum</strong></span> <span class='ocrx_word' id='word_1_257' title='bbox 539 3247 785 3320; x_wconf 85' lang='lat' dir='ltr'><strong>quadam</strong></span> <span class='ocrx_word' id='word_1_258' title='bbox 821 3248 1059 3318; x_wconf 78' lang='lat' dir='ltr'><strong>justitiae</strong></span> <span class='ocrx_word' id='word_1_259' title='bbox 1093 3248 1390 3302; x_wconf 88' lang='lat' dir='ltr'><strong>severitate</strong></span> <span class='ocrx_word' id='word_1_260' title='bbox 1424 3249 1555 3302; x_wconf 90' lang='lat' dir='ltr'><strong>odio</strong></span> <span class='ocrx_word' id='word_1_261' title='bbox 1604 3250 1712 3303; x_wconf 88' lang='lat' dir='ltr'><strong>ha—</strong></span> 
     </span>
    </p>
   </div>
   <div class='ocr_carea' id='block_1_36' title="bbox 69 3332 1715 3408">
    <p class='ocr_par' dir='ltr' id='par_1_36' title="bbox 69 3332 1715 3408">
     <span class='ocr_line' id='line_1_36' title="bbox 69 3332 1715 3408; baseline 0.005 -25"><span class='ocrx_word' id='word_1_262' title='bbox 69 3332 212 3386; x_wconf 84' lang='lat' dir='ltr'><strong>bitum</strong></span> <span class='ocrx_word' id='word_1_263' title='bbox 243 3335 293 3388; x_wconf 93' lang='lat' dir='ltr'><strong>in</strong></span> <span class='ocrx_word' id='word_1_264' title='bbox 332 3351 520 3390; x_wconf 88' lang='lat' dir='ltr'><strong>massa</strong></span> <span class='ocrx_word' id='word_1_265' title='bbox 556 3336 891 3408; x_wconf 87' lang='lat' dir='ltr'><strong>perditionis</strong></span> <span class='ocrx_word' id='word_1_266' title='bbox 925 3337 1188 3391; x_wconf 88' lang='lat' dir='ltr'><strong>relictum</strong></span> <span class='ocrx_word' id='word_1_267' title='bbox 1222 3337 1530 3392; x_wconf 85' lang='lat' dir='ltr'><strong>damnavit.</strong></span> <span class='ocrx_word' id='word_1_268' title='bbox 1561 3337 1715 3392; x_wconf 88' lang='lat' dir='ltr'><strong>Sicut</strong></span> 
     </span>
    </p>
   </div>
   <div class='ocr_carea' id='block_1_37' title="bbox 69 3425 1709 3496">
    <p class='ocr_par' dir='ltr' id='par_1_37' title="bbox 69 3425 1709 3496">
     <span class='ocr_line' id='line_1_37' title="bbox 69 3425 1709 3496; baseline 0.004 -23"><span class='ocrx_word' id='word_1_269' title='bbox 69 3427 109 3473; x_wconf 88' lang='lat' dir='ltr'><strong>et</strong></span> <span class='ocrx_word' id='word_1_270' title='bbox 133 3439 215 3491; x_wconf 88' lang='lat' dir='ltr'><strong>per</strong></span> <span class='ocrx_word' id='word_1_271' title='bbox 250 3426 589 3496; x_wconf 83' lang='lat' dir='ltr'><strong>prophetam</strong></span> <span class='ocrx_word' id='word_1_272' title='bbox 637 3425 788 3479; x_wconf 87' lang='lat' dir='ltr'><strong>idem</strong></span> <span class='ocrx_word' id='word_1_273' title='bbox 841 3425 1116 3480; x_wconf 88' lang='lat' dir='ltr'><strong>Dominus</strong></span> <span class='ocrx_word' id='word_1_274' title='bbox 1173 3427 1430 3496; x_wconf 85' lang='lat' dir='ltr'><strong>loquitur</strong></span> <span class='ocrx_word' id='word_1_275' title='bbox 1471 3427 1663 3480; x_wconf 88' lang='lat' dir='ltr'><strong>dicens</strong></span> <span class='ocrx_word' id='word_1_276' title='bbox 1697 3443 1709 3480; x_wconf 90' lang='lat'><strong>:</strong></span> 
     </span>
    </p>
   </div>
   <div class='ocr_carea' id='block_1_38' title="bbox 75 3511 1710 3584">
    <p class='ocr_par' dir='ltr' id='par_1_38' title="bbox 75 3511 1710 3584">
     <span class='ocr_line' id='line_1_38' title="bbox 75 3511 1710 3584; baseline 0.004 -22"><span class='ocrx_word' id='word_1_277' title='bbox 75 3537 78 3550; x_wconf 80' lang='grc' dir='ltr'>ι</span> <span class='ocrx_word' id='word_1_278' title='bbox 141 3511 278 3566; x_wconf 82' lang='lat' dir='ltr'><strong>Jacob</strong></span> <span class='ocrx_word' id='word_1_279' title='bbox 333 3514 528 3580; x_wconf 75' lang='lat' dir='ltr'><strong>dilexi,</strong></span> <span class='ocrx_word' id='word_1_280' title='bbox 586 3515 726 3568; x_wconf 85' lang='lat' dir='ltr'><strong>Esau</strong></span> <span class='ocrx_word' id='word_1_281' title='bbox 787 3520 979 3568; x_wconf 85' lang='lat' dir='ltr'><strong>autem</strong></span> <span class='ocrx_word' id='word_1_282' title='bbox 1039 3515 1170 3568; x_wconf 90' lang='lat' dir='ltr'><strong>odio</strong></span> <span class='ocrx_word' id='word_1_283' title='bbox 1220 3515 1394 3568; x_wconf 87' lang='lat' dir='ltr'><strong>habui</strong></span> <span class='ocrx_word' id='word_1_284' title='bbox 1448 3517 1599 3584; x_wconf 72' lang='grc' dir='ltr'><strong>(Μαι.</strong></span> <span class='ocrx_word' id='word_1_285' title='bbox 1666 3533 1710 3582; x_wconf 88' lang='grc' dir='ltr'><strong>ι;</strong></span> 
     </span>
    </p>
   </div>
   <div class='ocr_carea' id='block_1_39' title="bbox 73 3591 1714 3675">
    <p class='ocr_par' dir='ltr' id='par_1_39' title="bbox 73 3591 1714 3675">
     <span class='ocr_line' id='line_1_39' title="bbox 73 3591 1714 3675; baseline 0.005 -23"><span class='ocrx_word' id='word_1_286' title='bbox 73 3601 193 3655; x_wconf 81' lang='lat' dir='ltr'><strong>Rom.</strong></span> <span class='ocrx_word' id='word_1_287' title='bbox 227 3607 360 3667; x_wconf 68' lang='lat' dir='ltr'><strong>1a).»</strong></span> <span class='ocrx_word' id='word_1_288' title='bbox 402 3603 567 3657; x_wconf 86' lang='lat' dir='ltr'><strong>Unde</strong></span> <span class='ocrx_word' id='word_1_289' title='bbox 599 3591 954 3674; x_wconf 86' lang='lat' dir='ltr'><strong>consequens</strong></span> <span class='ocrx_word' id='word_1_290' title='bbox 1003 3609 1087 3658; x_wconf 76' lang='lat' dir='ltr'><strong>est</strong></span> <span class='ocrx_word' id='word_1_291' title='bbox 1131 3604 1304 3658; x_wconf 82' lang='lat' dir='ltr'><strong>nullis</strong></span> <span class='ocrx_word' id='word_1_292' title='bbox 1359 3606 1714 3675; x_wconf 58' lang='lat' dir='ltr'><strong>praevenien-</strong></span> 
     </span>
    </p>
   </div>
   <div class='ocr_carea' id='block_1_40' title="bbox 76 3688 1714 3762">
    <p class='ocr_par' dir='ltr' id='par_1_40' title="bbox 76 3688 1714 3762">
     <span class='ocr_line' id='line_1_40' title="bbox 76 3688 1714 3762; baseline 0.007 -24"><span class='ocrx_word' id='word_1_293' title='bbox 76 3688 190 3741; x_wconf 90' lang='lat' dir='ltr'><strong>tibus</strong></span> <span class='ocrx_word' id='word_1_294' title='bbox 239 3691 447 3745; x_wconf 91' lang='lat' dir='ltr'><strong>meritis</strong></span> <span class='ocrx_word' id='word_1_295' title='bbox 496 3690 741 3745; x_wconf 82' lang='lat' dir='ltr'><strong>conferri</strong></span> <span class='ocrx_word' id='word_1_296' title='bbox 782 3693 1050 3762; x_wconf 88' lang='lat' dir='ltr'><strong>gratiam,</strong></span> <span class='ocrx_word' id='word_1_297' title='bbox 1101 3693 1202 3748; x_wconf 85' lang='lat' dir='ltr'><strong>sed</strong></span> <span class='ocrx_word' id='word_1_298' title='bbox 1248 3694 1370 3748; x_wconf 90' lang='lat' dir='ltr'><strong>sola</strong></span> <span class='ocrx_word' id='word_1_299' title='bbox 1417 3695 1714 3749; x_wconf 87' lang='lat' dir='ltr'><strong>vocatione</strong></span> 
     </span>
    </p>
   </div>
   <div class='ocr_carea' id='block_1_41' title="bbox 74 3775 1715 3856">
    <p class='ocr_par' dir='ltr' id='par_1_41' title="bbox 74 3775 1715 3856">
     <span class='ocr_line' id='line_1_41' title="bbox 74 3775 1715 3856; baseline 0.006 -28"><span class='ocrx_word' id='word_1_300' title='bbox 74 3775 254 3833; x_wconf 63' lang='lat' dir='ltr'><strong>divina?</strong></span> <span class='ocrx_word' id='word_1_301' title='bbox 282 3781 473 3852; x_wconf 74' lang='lat' dir='ltr'><strong>Neque</strong></span> <span class='ocrx_word' id='word_1_302' title='bbox 506 3797 858 3852; x_wconf 84' lang='lat' dir='ltr'><strong>quemquam</strong></span> <span class='ocrx_word' id='word_1_303' title='bbox 892 3781 1096 3835; x_wconf 81' lang='lat' dir='ltr'><strong>salvari</strong></span> <span class='ocrx_word' id='word_1_304' title='bbox 1123 3783 1236 3836; x_wconf 87' lang='lat' dir='ltr'><strong>sive</strong></span> <span class='ocrx_word' id='word_1_305' title='bbox 1269 3783 1548 3851; x_wconf 91' lang='lat' dir='ltr'><strong>damnari,</strong></span> <span class='ocrx_word' id='word_1_306' title='bbox 1582 3784 1715 3856; x_wconf 89' lang='lat' dir='ltr'><strong>eligi</strong></span> 
     </span>
    </p>
   </div>
   <div class='ocr_carea' id='block_1_42' title="bbox 77 3866 1716 3942">
    <p class='ocr_par' dir='ltr' id='par_1_42' title="bbox 77 3866 1716 3942">
     <span class='ocr_line' id='line_1_42' title="bbox 77 3866 1716 3942; baseline 0.006 -26"><span class='ocrx_word' id='word_1_307' title='bbox 77 3866 139 3917; x_wconf 76' lang='lat' dir='ltr'><strong>vel</strong></span> <span class='ocrx_word' id='word_1_308' title='bbox 166 3869 452 3936; x_wconf 75' lang='lat' dir='ltr'><strong>r‘eprobari,</strong></span> <span class='ocrx_word' id='word_1_309' title='bbox 509 3870 622 3923; x_wconf 89' lang='lat' dir='ltr'><strong>nisi</strong></span> <span class='ocrx_word' id='word_1_310' title='bbox 656 3887 720 3923; x_wconf 82' lang='lat' dir='ltr'><strong>ex</strong></span> <span class='ocrx_word' id='word_1_311' title='bbox 754 3871 1046 3941; x_wconf 87' lang='lat' dir='ltr'><strong>proposito</strong></span> <span class='ocrx_word' id='word_1_312' title='bbox 1084 3872 1552 3942; x_wconf 89' lang='lat' dir='ltr'><strong>praedestinantis</strong></span> <span class='ocrx_word' id='word_1_313' title='bbox 1593 3874 1716 3942; x_wconf 89' lang='lat' dir='ltr'><strong>Dei,</strong></span> 
     </span>
    </p>
   </div>
   <div class='ocr_carea' id='block_1_43' title="bbox 75 3954 1712 4028">
    <p class='ocr_par' dir='ltr' id='par_1_43' title="bbox 75 3954 1712 4028">
     <span class='ocr_line' id='line_1_43' title="bbox 75 3954 1712 4028; baseline 0.007 -23"><span class='ocrx_word' id='word_1_314' title='bbox 75 3954 327 4024; x_wconf 83' lang='lat' dir='ltr'><strong>quijnstus</strong></span> <span class='ocrx_word' id='word_1_315' title='bbox 372 3964 458 4012; x_wconf 87' lang='lat' dir='ltr'><strong>est</strong></span> <span class='ocrx_word' id='word_1_316' title='bbox 509 3959 570 4012; x_wconf 91' lang='lat' dir='ltr'><strong>in</strong></span> <span class='ocrx_word' id='word_1_317' title='bbox 618 3959 956 4028; x_wconf 89' lang='lat' dir='ltr'><strong>reprobatis,</strong></span> <span class='ocrx_word' id='word_1_318' title='bbox 1010 3959 1330 4024; x_wconf 85' lang='lat' dir='ltr'><strong>misericors</strong></span> <span class='ocrx_word' id='word_1_319' title='bbox 1360 3961 1420 4014; x_wconf 92' lang='lat' dir='ltr'><strong>in</strong></span> <span class='ocrx_word' id='word_1_320' title='bbox 1480 3961 1712 4016; x_wconf 88' lang='lat' dir='ltr'><strong>electis:</strong></span> 
     </span>
    </p>
   </div>
   <div class='ocr_carea' id='block_1_44' title="bbox 79 4041 1717 4128">
    <p class='ocr_par' dir='ltr' id='par_1_44' title="bbox 79 4041 1717 4128">
     <span class='ocr_line' id='line_1_44' title="bbox 79 4041 1717 4128; baseline 0.007 -37"><span class='ocrx_word' id='word_1_321' title='bbox 79 4045 393 4128; x_wconf 48' lang='lat' dir='ltr'><strong>«&#39;l&#39;nirersae</strong></span> <span class='ocrx_word' id='word_1_322' title='bbox 456 4047 586 4122; x_wconf 20' lang='lat' dir='ltr'><strong>viae.</strong></span> <span class='ocrx_word' id='word_1_323' title='bbox 623 4041 869 4101; x_wconf 45' lang='lat' dir='ltr'><strong>&#39;Domini</strong></span> <span class='ocrx_word' id='word_1_324' title='bbox 942 4048 1336 4113; x_wconf 86' lang='lat' dir='ltr'><strong>misericordia</strong></span> <span class='ocrx_word' id='word_1_325' title='bbox 1400 4054 1455 4104; x_wconf 91' lang='lat' dir='ltr'><strong>et</strong></span> <span class='ocrx_word' id='word_1_326' title='bbox 1511 4051 1717 4105; x_wconf 87' lang='lat' dir='ltr'><strong>veritas</strong></span> 
     </span>
    </p>
   </div>
   <div class='ocr_carea' id='block_1_45' title="bbox 80 4131 1716 4212">
    <p class='ocr_par' dir='ltr' id='par_1_45' title="bbox 80 4131 1716 4212">
     <span class='ocr_line' id='line_1_45' title="bbox 80 4131 1716 4212; baseline 0.007 -30"><span class='ocrx_word' id='word_1_327' title='bbox 80 4131 214 4190; x_wconf 66' lang='lat' dir='ltr'><strong>ﬁPsat.</strong></span> <span class='ocrx_word' id='word_1_328' title='bbox 242 4151 378 4198; x_wconf 68' lang='lat' dir='ltr'><strong>xxxv,</strong></span> <span class='ocrx_word' id='word_1_329' title='bbox 418 4137 528 4206; x_wconf 70' lang='lat' dir='ltr'><strong>l0).</strong></span> <span class='ocrx_word' id='word_1_330' title='bbox 569 4157 597 4185; x_wconf 87' lang='lat'>»</span> <span class='ocrx_word' id='word_1_331' title='bbox 622 4136 814 4212; x_wconf 54' lang='grc' dir='ltr'><strong>εΟιηυςξ</strong></span> <span class='ocrx_word' id='word_1_332' title='bbox 859 4141 1050 4191; x_wconf 87' lang='lat' dir='ltr'><strong>autem</strong></span> <span class='ocrx_word' id='word_1_333' title='bbox 1105 4137 1320 4192; x_wconf 82' lang='lat' dir='ltr'><strong>donum</strong></span> <span class='ocrx_word' id='word_1_334' title='bbox 1367 4139 1567 4209; x_wconf 73' lang='lat' dir='ltr'><strong>gratiae</strong></span> <span class='ocrx_word' id='word_1_335' title='bbox 1601 4156 1716 4194; x_wconf 89' lang='lat' dir='ltr'><strong>non</strong></span> 
     </span>
    </p>
   </div>
   <div class='ocr_carea' id='block_1_46' title="bbox 77 4221 1712 4297">
    <p class='ocr_par' dir='ltr' id='par_1_46' title="bbox 77 4221 1712 4297">
     <span class='ocr_line' id='line_1_46' title="bbox 77 4221 1712 4297; baseline 0.009 -28"><span class='ocrx_word' id='word_1_336' title='bbox 77 4221 286 4276; x_wconf 80' lang='lat' dir='ltr'><strong>omnibus</strong></span> <span class='ocrx_word' id='word_1_337' title='bbox 314 4225 382 4279; x_wconf 92' lang='lat' dir='ltr'><strong>ad</strong></span> <span class='ocrx_word' id='word_1_338' title='bbox 428 4225 722 4296; x_wconf 87' lang='lat' dir='ltr'><strong>integrum</strong></span> <span class='ocrx_word' id='word_1_339' title='bbox 769 4227 955 4292; x_wconf 84' lang='lat' dir='ltr'><strong>datur,</strong></span> <span class='ocrx_word' id='word_1_340' title='bbox 991 4227 1086 4281; x_wconf 91' lang='lat' dir='ltr'><strong>sed</strong></span> <span class='ocrx_word' id='word_1_341' title='bbox 1121 4227 1366 4297; x_wconf 90' lang='lat' dir='ltr'><strong>singulis</strong></span> <span class='ocrx_word' id='word_1_342' title='bbox 1415 4229 1560 4283; x_wconf 91' lang='lat' dir='ltr'><strong>dona</strong></span> <span class='ocrx_word' id='word_1_343' title='bbox 1593 4229 1712 4284; x_wconf 86' lang='lat' dir='ltr'><strong>sin-</strong></span> 
     </span>
    </p>
   </div>
   <div class='ocr_carea' id='block_1_47' title="bbox 77 4309 1713 4387">
    <p class='ocr_par' dir='ltr' id='par_1_47' title="bbox 77 4309 1713 4387">
     <span class='ocr_line' id='line_1_47' title="bbox 77 4309 1713 4387; baseline 0.007 -27"><span class='ocrx_word' id='word_1_344' title='bbox 77 4309 176 4375; x_wconf 74' lang='lat' dir='ltr'><strong>guia</strong></span> <span class='ocrx_word' id='word_1_345' title='bbox 200 4311 515 4368; x_wconf 77' lang='lat' dir='ltr'><strong>dividuntur</strong></span> <span class='ocrx_word' id='word_1_346' title='bbox 545 4314 782 4384; x_wconf 88' lang='lat' dir='ltr'><strong>scilicet,</strong></span> <span class='ocrx_word' id='word_1_347' title='bbox 840 4319 904 4369; x_wconf 84' lang='lat' dir='ltr'><strong>ut</strong></span> <span class='ocrx_word' id='word_1_348' title='bbox 937 4315 1100 4386; x_wconf 87' lang='lat' dir='ltr'><strong>quasi</strong></span> <span class='ocrx_word' id='word_1_349' title='bbox 1148 4317 1406 4387; x_wconf 87' lang='lat' dir='ltr'><strong>corporis</strong></span> <span class='ocrx_word' id='word_1_350' title='bbox 1458 4318 1713 4372; x_wconf 87' lang='lat' dir='ltr'><strong>membra</strong></span> 
     </span>
    </p>
   </div>
   <div class='ocr_carea' id='block_1_48' title="bbox 78 4395 1784 4478">
    <p class='ocr_par' dir='ltr' id='par_1_48' title="bbox 78 4395 1784 4478">
     <span class='ocr_line' id='line_1_48' title="bbox 78 4395 1784 4478; baseline 0.008 -33"><span class='ocrx_word' id='word_1_351' title='bbox 78 4395 250 4465; x_wconf 77' lang='lat' dir='ltr'><strong>singula</strong></span> <span class='ocrx_word' id='word_1_352' title='bbox 275 4403 456 4457; x_wconf 86' lang='lat' dir='ltr'><strong>olticia</strong></span> <span class='ocrx_word' id='word_1_353' title='bbox 489 4402 762 4471; x_wconf 85' lang='lat' dir='ltr'><strong>habeant,</strong></span> <span class='ocrx_word' id='word_1_354' title='bbox 793 4408 848 4458; x_wconf 90' lang='lat' dir='ltr'><strong>et</strong></span> <span class='ocrx_word' id='word_1_355' title='bbox 887 4404 1538 4476; x_wconf 41' lang='lat' dir='ltr'><strong>alterjindulgeatalteri</strong></span> <span class='ocrx_word' id='word_1_356' title='bbox 1586 4405 1706 4478; x_wconf 78' lang='lat' dir='ltr'><strong>[al.,</strong></span> <span class='ocrx_word' id='word_1_357' title='bbox 1746 4406 1784 4458; x_wconf 92' lang='lat' dir='ltr'><strong>D</strong></span> 
     </span>
    </p>
   </div>
   <div class='ocr_carea' id='block_1_49' title="bbox 80 4483 1711 4563">
    <p class='ocr_par' dir='ltr' id='par_1_49' title="bbox 80 4483 1711 4563">
     <span class='ocr_line' id='line_1_49' title="bbox 80 4483 1711 4563; baseline 0.009 -27"><span class='ocrx_word' id='word_1_358' title='bbox 80 4483 277 4556; x_wconf 72' lang='lat' dir='ltr'><strong>indigeat</strong></span> <span class='ocrx_word' id='word_1_359' title='bbox 329 4491 567 4562; x_wconf 75' lang='lat' dir='ltr'><strong>altero],</strong></span> <span class='ocrx_word' id='word_1_360' title='bbox 614 4492 766 4563; x_wconf 92' lang='lat' dir='ltr'><strong>quod</strong></span> <span class='ocrx_word' id='word_1_361' title='bbox 837 4509 955 4547; x_wconf 91' lang='lat' dir='ltr'><strong>non</strong></span> <span class='ocrx_word' id='word_1_362' title='bbox 1015 4494 1185 4549; x_wconf 89' lang='lat' dir='ltr'><strong>habet</strong></span> <span class='ocrx_word' id='word_1_363' title='bbox 1240 4495 1400 4559; x_wconf 89' lang='lat' dir='ltr'><strong>alter.</strong></span> <span class='ocrx_word' id='word_1_364' title='bbox 1466 4497 1711 4550; x_wconf 87' lang='lat' dir='ltr'><strong>Proinde</strong></span> 
     </span>
    </p>
   </div>
   <div class='ocr_carea' id='block_1_50' title="bbox 80 4569 1712 4646">
    <p class='ocr_par' dir='ltr' id='par_1_50' title="bbox 80 4569 1712 4646">
     <span class='ocr_line' id='line_1_50' title="bbox 80 4569 1712 4646; baseline 0.009 -22"><span class='ocrx_word' id='word_1_365' title='bbox 80 4579 279 4631; x_wconf 78' lang='lat' dir='ltr'><strong>omnium</strong></span> <span class='ocrx_word' id='word_1_366' title='bbox 309 4569 448 4646; x_wconf 77' lang='lat' dir='ltr'><strong>ﬁant</strong></span> <span class='ocrx_word' id='word_1_367' title='bbox 478 4571 812 4645; x_wconf 87' lang='lat' dir='ltr'><strong>communia</strong></span> <span class='ocrx_word' id='word_1_368' title='bbox 841 4582 978 4636; x_wconf 92' lang='lat' dir='ltr'><strong>dum</strong></span> <span class='ocrx_word' id='word_1_369' title='bbox 1010 4583 1156 4637; x_wconf 84' lang='lat' dir='ltr'><strong>ﬁunt</strong></span> <span class='ocrx_word' id='word_1_370' title='bbox 1199 4583 1427 4638; x_wconf 88' lang='lat' dir='ltr'><strong>sibimet</strong></span> <span class='ocrx_word' id='word_1_371' title='bbox 1455 4585 1712 4638; x_wconf 88' lang='lat' dir='ltr'><strong>membra</strong></span> 
     </span>
    </p>
   </div>
   <div class='ocr_carea' id='block_1_51' title="bbox 81 4661 1711 4744">
    <p class='ocr_par' dir='ltr' id='par_1_51' title="bbox 81 4661 1711 4744">
     <span class='ocr_line' id='line_1_51' title="bbox 81 4661 1711 4744; baseline 0.01 -32"><span class='ocrx_word' id='word_1_372' title='bbox 81 4661 264 4719; x_wconf 68' lang='lat' dir='ltr'><strong>invicem</strong></span> <span class='ocrx_word' id='word_1_373' title='bbox 300 4669 665 4739; x_wconf 63' lang='lat' dir='ltr'><strong>necessaria]</strong></span> <span class='ocrx_word' id='word_1_374' title='bbox 723 4670 919 4726; x_wconf 90' lang='lat' dir='ltr'><strong>Totius</strong></span> <span class='ocrx_word' id='word_1_375' title='bbox 971 4671 1208 4742; x_wconf 88' lang='lat' dir='ltr'><strong>capituli</strong></span> <span class='ocrx_word' id='word_1_376' title='bbox 1242 4678 1456 4727; x_wconf 77' lang='lat' dir='ltr'><strong>textum</strong></span> <span class='ocrx_word' id='word_1_377' title='bbox 1497 4690 1711 4744; x_wconf 81' lang='lat' dir='ltr'><strong>ponere</strong></span> 
     </span>
    </p>
   </div>
   <div class='ocr_carea' id='block_1_52' title="bbox 78 4751 1712 4833">
    <p class='ocr_par' dir='ltr' id='par_1_52' title="bbox 78 4751 1712 4833">
     <span class='ocr_line' id='line_1_52' title="bbox 78 4751 1712 4833; baseline 0.01 -33"><span class='ocrx_word' id='word_1_378' title='bbox 78 4751 218 4814; x_wconf 77' lang='lat' dir='ltr'><strong>libuit,</strong></span> <span class='ocrx_word' id='word_1_379' title='bbox 245 4773 304 4810; x_wconf 87' lang='lat' dir='ltr'><strong>ne</strong></span> <span class='ocrx_word' id='word_1_380' title='bbox 334 4759 465 4828; x_wconf 82' lang='lat' dir='ltr'><strong>quis</strong></span> <span class='ocrx_word' id='word_1_381' title='bbox 501 4757 1042 4827; x_wconf 83' lang='lat' dir='ltr'><strong>nobiscalumniam</strong></span> <span class='ocrx_word' id='word_1_382' title='bbox 1066 4760 1442 4832; x_wconf 90' lang='lat' dir='ltr'><strong>intorqueret,</strong></span> <span class='ocrx_word' id='word_1_383' title='bbox 1485 4761 1533 4816; x_wconf 87' lang='lat' dir='ltr'><strong>si</strong></span> <span class='ocrx_word' id='word_1_384' title='bbox 1587 4779 1712 4833; x_wconf 87' lang='lat' dir='ltr'><strong>par-</strong></span> 
     </span>
    </p>
   </div>
   <div class='ocr_carea' id='block_1_53' title="bbox 81 4842 1710 4920">
    <p class='ocr_par' dir='ltr' id='par_1_53' title="bbox 81 4842 1710 4920">
     <span class='ocr_line' id='line_1_53' title="bbox 81 4842 1710 4920; baseline 0.009 -28"><span class='ocrx_word' id='word_1_385' title='bbox 81 4842 163 4893; x_wconf 53' lang='lat' dir='ltr'><strong>tem</strong></span> <span class='ocrx_word' id='word_1_386' title='bbox 194 4860 496 4916; x_wconf 81' lang='lat' dir='ltr'><strong>excerpere,</strong></span> <span class='ocrx_word' id='word_1_387' title='bbox 553 4852 776 4916; x_wconf 88' lang='lat' dir='ltr'><strong>partem</strong></span> <span class='ocrx_word' id='word_1_388' title='bbox 829 4865 960 4902; x_wconf 91' lang='lat' dir='ltr'><strong>vero</strong></span> <span class='ocrx_word' id='word_1_389' title='bbox 1005 4849 1384 4904; x_wconf 88' lang='lat' dir='ltr'><strong>voluissemus</strong></span> <span class='ocrx_word' id='word_1_390' title='bbox 1424 4851 1710 4920; x_wconf 91' lang='lat' dir='ltr'><strong>omittere,</strong></span> 
     </span>
    </p>
   </div>
   <div class='ocr_carea' id='block_1_54' title="bbox 78 4935 1712 5012">
    <p class='ocr_par' dir='ltr' id='par_1_54' title="bbox 78 4935 1712 5012">
     <span class='ocr_line' id='line_1_54' title="bbox 78 4935 1712 5012; baseline 0.009 -36"><span class='ocrx_word' id='word_1_391' title='bbox 78 4935 291 4999; x_wconf 69' lang='lat' dir='ltr'><strong>tanquam</strong></span> <span class='ocrx_word' id='word_1_392' title='bbox 320 4935 830 5012; x_wconf 75' lang='lat' dir='ltr'><strong>corrumpentibus</strong></span> <span class='ocrx_word' id='word_1_393' title='bbox 859 4941 1160 4991; x_wconf 90' lang='lat' dir='ltr'><strong>auctorum</strong></span> <span class='ocrx_word' id='word_1_394' title='bbox 1191 4937 1525 5004; x_wconf 89' lang='lat' dir='ltr'><strong>sententias,</strong></span> <span class='ocrx_word' id='word_1_395' title='bbox 1559 4944 1615 4992; x_wconf 91' lang='lat' dir='ltr'><strong>et</strong></span> <span class='ocrx_word' id='word_1_396' title='bbox 1641 4939 1712 4992; x_wconf 87' lang='lat' dir='ltr'><strong>ad</strong></span> 
     </span>
    </p>
   </div>
   <div class='ocr_carea' id='block_1_55' title="bbox 82 5022 1712 5097">
    <p class='ocr_par' dir='ltr' id='par_1_55' title="bbox 82 5022 1712 5097">
     <span class='ocr_line' id='line_1_55' title="bbox 82 5022 1712 5097; baseline 0.01 -33"><span class='ocrx_word' id='word_1_397' title='bbox 82 5023 234 5072; x_wconf 62' lang='lat' dir='ltr'><strong>nostra</strong></span> <span class='ocrx_word' id='word_1_398' title='bbox 273 5022 478 5076; x_wconf 88' lang='lat' dir='ltr'><strong>seriem</strong></span> <span class='ocrx_word' id='word_1_399' title='bbox 512 5023 936 5094; x_wconf 77' lang='lat' dir='ltr'><strong>adiuventionis</strong></span> <span class='ocrx_word' id='word_1_400' title='bbox 989 5025 1488 5097; x_wconf 89' lang='lat' dir='ltr'><strong>detorquentibus.</strong></span> <span class='ocrx_word' id='word_1_401' title='bbox 1539 5027 1712 5097; x_wconf 83' lang='lat' dir='ltr'><strong>Cujus</strong></span> 
     </span>
    </p>
   </div>
   <div class='ocr_carea' id='block_1_56' title="bbox 82 5110 1711 5176">
    <p class='ocr_par' dir='ltr' id='par_1_56' title="bbox 82 5110 1711 5176">
     <span class='ocr_line' id='line_1_56' title="bbox 82 5110 1711 5176; baseline 0.006 -16"><span class='ocrx_word' id='word_1_402' title='bbox 82 5120 249 5176; x_wconf 68' lang='lat' dir='ltr'><strong>quoque</strong></span> <span class='ocrx_word' id='word_1_403' title='bbox 284 5110 589 5164; x_wconf 82' lang='lat' dir='ltr'><strong>calumniae</strong></span> <span class='ocrx_word' id='word_1_404' title='bbox 639 5111 1066 5169; x_wconf 85' lang='lat' dir='ltr'><strong>denotationem</strong></span> <span class='ocrx_word' id='word_1_405' title='bbox 1095 5113 1274 5169; x_wconf 89' lang='lat' dir='ltr'><strong>vitare</strong></span> <span class='ocrx_word' id='word_1_406' title='bbox 1304 5114 1557 5169; x_wconf 88' lang='lat' dir='ltr'><strong>volentes</strong></span> <span class='ocrx_word' id='word_1_407' title='bbox 1611 5133 1711 5170; x_wconf 86' lang='lat' dir='ltr'><strong>su-</strong></span> 
     </span>
    </p>
   </div>
   <div class='ocr_carea' id='block_1_57' title="bbox 85 5197 1709 5275">
    <p class='ocr_par' dir='ltr' id='par_1_57' title="bbox 85 5197 1709 5275">
     <span class='ocr_line' id='line_1_57' title="bbox 85 5197 1709 5275; baseline 0.01 -33"><span class='ocrx_word' id='word_1_408' title='bbox 85 5205 153 5257; x_wconf 78' lang='lat' dir='ltr'><strong>pra</strong></span> <span class='ocrx_word' id='word_1_409' title='bbox 177 5197 466 5264; x_wconf 84' lang='lat' dir='ltr'><strong>positorum</strong></span> <span class='ocrx_word' id='word_1_410' title='bbox 508 5200 819 5254; x_wconf 85' lang='lat' dir='ltr'><strong>sententias</strong></span> <span class='ocrx_word' id='word_1_411' title='bbox 848 5207 1166 5270; x_wconf 90' lang='lat' dir='ltr'><strong>auctorum,</strong></span> <span class='ocrx_word' id='word_1_412' title='bbox 1197 5203 1503 5275; x_wconf 82' lang='lat' dir='ltr'><strong>Augustini</strong></span> <span class='ocrx_word' id='word_1_413' title='bbox 1555 5204 1709 5258; x_wconf 90' lang='lat' dir='ltr'><strong>vide-</strong></span> 
     </span>
    </p>
   </div>
   <div class='ocr_carea' id='block_1_58' title="bbox 86 5279 1708 5364">
    <p class='ocr_par' dir='ltr' id='par_1_58' title="bbox 86 5279 1708 5364">
     <span class='ocr_line' id='line_1_58' title="bbox 86 5279 1708 5364; baseline 0.009 -32"><span class='ocrx_word' id='word_1_414' title='bbox 86 5279 172 5336; x_wconf 80' lang='lat' dir='ltr'><strong>licet</strong></span> <span class='ocrx_word' id='word_1_415' title='bbox 195 5291 236 5339; x_wconf 88' lang='lat' dir='ltr'><strong>et</strong></span> <span class='ocrx_word' id='word_1_416' title='bbox 261 5288 620 5360; x_wconf 89' lang='lat' dir='ltr'><strong>reliquorum</strong></span> <span class='ocrx_word' id='word_1_417' title='bbox 670 5289 914 5362; x_wconf 88' lang='lat' dir='ltr'><strong>longiori</strong></span> <span class='ocrx_word' id='word_1_418' title='bbox 951 5291 1180 5355; x_wconf 87' lang='lat' dir='ltr'><strong>circulo,</strong></span> <span class='ocrx_word' id='word_1_419' title='bbox 1219 5309 1283 5346; x_wconf 88' lang='lat' dir='ltr'><strong>ac</strong></span> <span class='ocrx_word' id='word_1_420' title='bbox 1314 5309 1458 5364; x_wconf 91' lang='lat' dir='ltr'><strong>pene</strong></span> <span class='ocrx_word' id='word_1_421' title='bbox 1506 5310 1708 5364; x_wconf 89' lang='lat' dir='ltr'><strong>super-</strong></span> 
     </span>
    </p>
   </div>
   <div class='ocr_carea' id='block_1_59' title="bbox 87 5371 1711 5453">
    <p class='ocr_par' dir='ltr' id='par_1_59' title="bbox 87 5371 1711 5453">
     <span class='ocr_line' id='line_1_59' title="bbox 87 5371 1711 5453; baseline 0.01 -33"><span class='ocrx_word' id='word_1_422' title='bbox 87 5371 161 5422; x_wconf 80' lang='lat' dir='ltr'><strong>iluo</strong></span> <span class='ocrx_word' id='word_1_423' title='bbox 186 5376 428 5432; x_wconf 83' lang='lat' dir='ltr'><strong>adnotare</strong></span> <span class='ocrx_word' id='word_1_424' title='bbox 460 5377 806 5446; x_wconf 86' lang='lat' dir='ltr'><strong>maluimus;</strong></span> <span class='ocrx_word' id='word_1_425' title='bbox 843 5379 1156 5452; x_wconf 88' lang='lat' dir='ltr'><strong>deligentes</strong></span> <span class='ocrx_word' id='word_1_426' title='bbox 1196 5381 1384 5453; x_wconf 87' lang='lat' dir='ltr'><strong>potius</strong></span> <span class='ocrx_word' id='word_1_427' title='bbox 1434 5383 1711 5453; x_wconf 82' lang='lat' dir='ltr'><strong>supeitlui</strong></span> 
     </span>
    </p>
   </div>
   <div class='ocr_carea' id='block_1_60' title="bbox 83 5457 1708 5552">
    <p class='ocr_par' dir='ltr' id='par_1_60' title="bbox 83 5457 1708 5542">
     <span class='ocr_line' id='line_1_60' title="bbox 83 5457 1708 5542; baseline 0.01 -33"><span class='ocrx_word' id='word_1_428' title='bbox 83 5457 131 5511; x_wconf 81' lang='lat' dir='ltr'><strong>de</strong></span> <span class='ocrx_word' id='word_1_429' title='bbox 153 5463 459 5535; x_wconf 81' lang='lat' dir='ltr'><strong>loquacitate</strong></span> <span class='ocrx_word' id='word_1_430' title='bbox 519 5466 721 5534; x_wconf 90' lang='lat' dir='ltr'><strong>videri,</strong></span> <span class='ocrx_word' id='word_1_431' title='bbox 760 5485 931 5539; x_wconf 90' lang='lat' dir='ltr'><strong>quam</strong></span> <span class='ocrx_word' id='word_1_432' title='bbox 978 5470 1440 5542; x_wconf 86' lang='lat' dir='ltr'><strong>reprehensionis</strong></span> <span class='ocrx_word' id='word_1_433' title='bbox 1491 5471 1708 5526; x_wconf 86' lang='lat' dir='ltr'><strong>crimen</strong></span> 
     </span>
    </p>
   </div>
   <div class='ocr_carea' id='block_1_61' title="bbox 84 5555 1708 5631">
    <p class='ocr_par' dir='ltr' id='par_1_61' title="bbox 84 5555 1708 5631">
     <span class='ocr_line' id='line_1_61' title="bbox 84 5555 1708 5631; baseline 0.007 -28"><span class='ocrx_word' id='word_1_434' title='bbox 84 5561 128 5629; x_wconf 57' lang='lat' dir='ltr'><strong>ue</strong></span> <span class='ocrx_word' id='word_1_435' title='bbox 169 5557 554 5610; x_wconf 79' lang='lat' dir='ltr'><strong>sententiarum</strong></span> <span class='ocrx_word' id='word_1_436' title='bbox 611 5555 916 5628; x_wconf 80' lang='lat' dir='ltr'><strong>violatione</strong></span> <span class='ocrx_word' id='word_1_437' title='bbox 955 5559 1309 5614; x_wconf 86' lang='lat' dir='ltr'><strong>contrahere.</strong></span> <span class='ocrx_word' id='word_1_438' title='bbox 1365 5559 1445 5615; x_wconf 91' lang='lat' dir='ltr'><strong>Si.</strong></span> <span class='ocrx_word' id='word_1_439' title='bbox 1470 5559 1597 5631; x_wconf 83' lang='lat' dir='ltr'><strong>quis</strong></span> <span class='ocrx_word' id='word_1_440' title='bbox 1639 5569 1708 5614; x_wconf 88' lang='lat' dir='ltr'><strong>ta-</strong></span> 
     </span>
    </p>
   </div>
   <div class='ocr_carea' id='block_1_62' title="bbox 89 5633 1704 5718">
    <p class='ocr_par' dir='ltr' id='par_1_62' title="bbox 89 5633 1704 5718">
     <span class='ocr_line' id='line_1_62' title="bbox 89 5633 1704 5718; baseline 0.012 -35"><span class='ocrx_word' id='word_1_441' title='bbox 89 5651 176 5691; x_wconf 74' lang='lat' dir='ltr'><strong>men</strong></span> <span class='ocrx_word' id='word_1_442' title='bbox 199 5633 345 5712; x_wconf 82' lang='lat' dir='ltr'><strong>hujus</strong></span> <span class='ocrx_word' id='word_1_443' title='bbox 374 5643 687 5698; x_wconf 77' lang='lat' dir='ltr'><strong>sententiae</strong></span> <span class='ocrx_word' id='word_1_444' title='bbox 722 5645 958 5700; x_wconf 88' lang='lat' dir='ltr'><strong>voluerit</strong></span> <span class='ocrx_word' id='word_1_445' title='bbox 1005 5647 1334 5718; x_wconf 86' lang='lat' dir='ltr'><strong>diligentius</strong></span> <span class='ocrx_word' id='word_1_446' title='bbox 1366 5648 1533 5702; x_wconf 89' lang='lat' dir='ltr'><strong>verba</strong></span> <span class='ocrx_word' id='word_1_447' title='bbox 1577 5664 1704 5702; x_wconf 85' lang='lat' dir='ltr'><strong>seu-</strong></span> 
     </span>
    </p>
   </div>
   <div class='ocr_carea' id='block_1_63' title="bbox 1818 583 3508 656">
    <p class='ocr_par' dir='ltr' id='par_1_63' title="bbox 1818 583 3508 656">
     <span class='ocr_line' id='line_1_63' title="bbox 1818 583 3508 656; baseline -0.001 -17"><span class='ocrx_word' id='word_1_448' title='bbox 1818 583 2039 654; x_wconf 86' lang='lat' dir='ltr'><strong>negotii</strong></span> <span class='ocrx_word' id='word_1_449' title='bbox 2069 583 2210 639; x_wconf 89' lang='lat' dir='ltr'><strong>nihil</strong></span> <span class='ocrx_word' id='word_1_450' title='bbox 2243 583 2386 638; x_wconf 90' lang='lat' dir='ltr'><strong>inea</strong></span> <span class='ocrx_word' id='word_1_451' title='bbox 2414 585 2770 655; x_wconf 80' lang='lat' dir='ltr'><strong>superﬂuum</strong></span> <span class='ocrx_word' id='word_1_452' title='bbox 2796 601 2895 638; x_wconf 90' lang='lat' dir='ltr'><strong>nos</strong></span> <span class='ocrx_word' id='word_1_453' title='bbox 2929 586 3182 655; x_wconf 86' lang='lat' dir='ltr'><strong>posuisse</strong></span> <span class='ocrx_word' id='word_1_454' title='bbox 3210 584 3508 656; x_wconf 61' lang='lat' dir='ltr'><strong>judicabit.</strong></span> 
     </span>
    </p>
   </div>
   <div class='ocr_carea' id='block_1_64' title="bbox 1820 673 3508 744">
    <p class='ocr_par' dir='ltr' id='par_1_64' title="bbox 1820 673 3508 744">
     <span class='ocr_line' id='line_1_64' title="bbox 1820 673 3508 744; baseline -0.003 -15"><span class='ocrx_word' id='word_1_455' title='bbox 1820 673 2264 729; x_wconf 89' lang='lat' dir='ltr'><strong>Commendatur</strong></span> <span class='ocrx_word' id='word_1_456' title='bbox 2315 673 2470 728; x_wconf 91' lang='lat' dir='ltr'><strong>enim</strong></span> <span class='ocrx_word' id='word_1_457' title='bbox 2526 673 2584 727; x_wconf 90' lang='lat' dir='ltr'><strong>in</strong></span> <span class='ocrx_word' id='word_1_458' title='bbox 2639 689 2705 727; x_wconf 90' lang='lat' dir='ltr'><strong>ea</strong></span> <span class='ocrx_word' id='word_1_459' title='bbox 2759 673 2890 744; x_wconf 91' lang='lat' dir='ltr'><strong>quid</strong></span> <span class='ocrx_word' id='word_1_460' title='bbox 2946 675 3198 728; x_wconf 90' lang='lat' dir='ltr'><strong>humano</strong></span> <span class='ocrx_word' id='word_1_461' title='bbox 3257 673 3508 741; x_wconf 85' lang='lat' dir='ltr'><strong>arbitrio,</strong></span> 
     </span>
    </p>
   </div>
   <div class='ocr_carea' id='block_1_65' title="bbox 1820 761 3511 834">
    <p class='ocr_par' dir='ltr' id='par_1_65' title="bbox 1820 761 3511 834">
     <span class='ocr_line' id='line_1_65' title="bbox 1820 761 3511 834; baseline -0.001 -17"><span class='ocrx_word' id='word_1_462' title='bbox 1820 763 1956 834; x_wconf 87' lang='lat' dir='ltr'><strong>quid</strong></span> <span class='ocrx_word' id='word_1_463' title='bbox 2005 761 2209 817; x_wconf 88' lang='lat' dir='ltr'><strong>divinae</strong></span> <span class='ocrx_word' id='word_1_464' title='bbox 2255 761 2455 833; x_wconf 78' lang='lat' dir='ltr'><strong>gratiae</strong></span> <span class='ocrx_word' id='word_1_465' title='bbox 2512 761 2823 816; x_wconf 85' lang='lat' dir='ltr'><strong>debeamus</strong></span> <span class='ocrx_word' id='word_1_466' title='bbox 2873 761 3184 831; x_wconf 84' lang='lat' dir='ltr'><strong>assignare,</strong></span> <span class='ocrx_word' id='word_1_467' title='bbox 3242 763 3511 834; x_wconf 84' lang='lat' dir='ltr'><strong>quodque</strong></span> 
     </span>
    </p>
   </div>
   <div class='ocr_carea' id='block_1_66' title="bbox 1819 849 3510 923">
    <p class='ocr_par' dir='ltr' id='par_1_66' title="bbox 1819 849 3510 923">
     <span class='ocr_line' id='line_1_66' title="bbox 1819 849 3510 923; baseline 0 -19"><span class='ocrx_word' id='word_1_468' title='bbox 1819 852 2075 922; x_wconf 85' lang='lat' dir='ltr'><strong>ejusdem</strong></span> <span class='ocrx_word' id='word_1_469' title='bbox 2106 852 2299 923; x_wconf 81' lang='lat' dir='ltr'><strong>gratiae</strong></span> <span class='ocrx_word' id='word_1_470' title='bbox 2335 851 2548 904; x_wconf 90' lang='lat' dir='ltr'><strong>donum</strong></span> <span class='ocrx_word' id='word_1_471' title='bbox 2605 867 2721 904; x_wconf 90' lang='lat' dir='ltr'><strong>non</strong></span> <span class='ocrx_word' id='word_1_472' title='bbox 2755 849 3006 904; x_wconf 88' lang='lat' dir='ltr'><strong>hominis</strong></span> <span class='ocrx_word' id='word_1_473' title='bbox 3053 852 3276 917; x_wconf 90' lang='lat' dir='ltr'><strong>merito,</strong></span> <span class='ocrx_word' id='word_1_474' title='bbox 3315 868 3510 905; x_wconf 88' lang='lat' dir='ltr'><strong>verum</strong></span> 
     </span>
    </p>
   </div>
   <div class='ocr_carea' id='block_1_67' title="bbox 1819 938 3509 1012">
    <p class='ocr_par' dir='ltr' id='par_1_67' title="bbox 1819 938 3509 1012">
     <span class='ocr_line' id='line_1_67' title="bbox 1819 938 3509 1012; baseline -0.001 -17"><span class='ocrx_word' id='word_1_475' title='bbox 1819 941 2052 1012; x_wconf 89' lang='lat' dir='ltr'><strong>superni</strong></span> <span class='ocrx_word' id='word_1_476' title='bbox 2086 941 2341 995; x_wconf 90' lang='lat' dir='ltr'><strong>muneris</strong></span> <span class='ocrx_word' id='word_1_477' title='bbox 2373 939 2728 1008; x_wconf 80' lang='lat' dir='ltr'><strong>benignitate</strong></span> <span class='ocrx_word' id='word_1_478' title='bbox 2769 938 3118 1005; x_wconf 79' lang='lat' dir='ltr'><strong>conferatur,</strong></span> <span class='ocrx_word' id='word_1_479' title='bbox 3153 939 3359 1010; x_wconf 87' lang='lat' dir='ltr'><strong>cuique</strong></span> <span class='ocrx_word' id='word_1_480' title='bbox 3400 939 3509 993; x_wconf 88' lang='lat' dir='ltr'><strong>lar-</strong></span> 
     </span>
    </p>
   </div>
   <div class='ocr_carea' id='block_1_68' title="bbox 1821 1026 3514 1101">
    <p class='ocr_par' dir='ltr' id='par_1_68' title="bbox 1821 1026 3514 1101">
     <span class='ocr_line' id='line_1_68' title="bbox 1821 1026 3514 1101; baseline 0 -19"><span class='ocrx_word' id='word_1_481' title='bbox 1821 1031 2028 1101; x_wconf 90' lang='lat' dir='ltr'><strong>giatur,</strong></span> <span class='ocrx_word' id='word_1_482' title='bbox 2063 1030 2272 1100; x_wconf 90' lang='lat' dir='ltr'><strong>cuique</strong></span> <span class='ocrx_word' id='word_1_483' title='bbox 2299 1034 2564 1098; x_wconf 90' lang='lat' dir='ltr'><strong>negetur,</strong></span> <span class='ocrx_word' id='word_1_484' title='bbox 2590 1026 2769 1081; x_wconf 90' lang='lat' dir='ltr'><strong>divini</strong></span> <span class='ocrx_word' id='word_1_485' title='bbox 2804 1027 3212 1082; x_wconf 88' lang='lat' dir='ltr'><strong>moderaminis</strong></span> <span class='ocrx_word' id='word_1_486' title='bbox 3242 1027 3315 1082; x_wconf 90' lang='lat' dir='ltr'><strong>sit</strong></span> <span class='ocrx_word' id='word_1_487' title='bbox 3346 1028 3514 1099; x_wconf 78' lang='lat' dir='ltr'><strong>aequi-</strong></span> 
     </span>
    </p>
   </div>
   <div class='ocr_carea' id='block_1_69' title="bbox 1820 1116 3513 1188">
    <p class='ocr_par' dir='ltr' id='par_1_69' title="bbox 1820 1116 3513 1188">
     <span class='ocr_line' id='line_1_69' title="bbox 1820 1116 3513 1188; baseline -0.002 -16"><span class='ocrx_word' id='word_1_488' title='bbox 1820 1123 1933 1172; x_wconf 89' lang='lat' dir='ltr'><strong>tate</strong></span> <span class='ocrx_word' id='word_1_489' title='bbox 1967 1119 2328 1188; x_wconf 90' lang='lat' dir='ltr'><strong>dispositum.</strong></span> <span class='ocrx_word' id='word_1_490' title='bbox 2369 1117 2458 1171; x_wconf 89' lang='lat' dir='ltr'><strong>Sic</strong></span> <span class='ocrx_word' id='word_1_491' title='bbox 2511 1133 2646 1186; x_wconf 91' lang='lat' dir='ltr'><strong>ergo</strong></span> <span class='ocrx_word' id='word_1_492' title='bbox 2678 1116 3088 1170; x_wconf 89' lang='lat' dir='ltr'><strong>commendans</strong></span> <span class='ocrx_word' id='word_1_493' title='bbox 3119 1132 3369 1183; x_wconf 88' lang='lat' dir='ltr'><strong>causam,</strong></span> <span class='ocrx_word' id='word_1_494' title='bbox 3403 1133 3513 1187; x_wconf 88' lang='lat' dir='ltr'><strong>qua</strong></span> 
     </span>
    </p>
   </div>
   <div class='ocr_carea' id='block_1_70' title="bbox 1819 1204 3512 1277">
    <p class='ocr_par' dir='ltr' id='par_1_70' title="bbox 1819 1204 3512 1277">
     <span class='ocr_line' id='line_1_70' title="bbox 1819 1204 3512 1277; baseline -0.002 -17"><span class='ocrx_word' id='word_1_495' title='bbox 1819 1207 1905 1260; x_wconf 91' lang='lat' dir='ltr'><strong>vel</strong></span> <span class='ocrx_word' id='word_1_496' title='bbox 1936 1205 2101 1260; x_wconf 91' lang='lat' dir='ltr'><strong>electi</strong></span> <span class='ocrx_word' id='word_1_497' title='bbox 2132 1205 2542 1277; x_wconf 89' lang='lat' dir='ltr'><strong>justiticantur,</strong></span> <span class='ocrx_word' id='word_1_498' title='bbox 2583 1205 2668 1258; x_wconf 88' lang='lat' dir='ltr'><strong>vel</strong></span> <span class='ocrx_word' id='word_1_499' title='bbox 2701 1204 2926 1276; x_wconf 89' lang='lat' dir='ltr'><strong>reprobi</strong></span> <span class='ocrx_word' id='word_1_500' title='bbox 2955 1205 3296 1259; x_wconf 88' lang='lat' dir='ltr'><strong>deseruntur</strong></span> <span class='ocrx_word' id='word_1_501' title='bbox 3327 1221 3340 1259; x_wconf 88' lang='lat'><strong>:</strong></span> <span class='ocrx_word' id='word_1_502' title='bbox 3375 1221 3512 1276; x_wconf 71' lang='lat' dir='ltr'><strong>pra:-</strong></span> 
     </span>
    </p>
   </div>
   <div class='ocr_carea' id='block_1_71' title="bbox 1820 1293 3512 1362">
    <p class='ocr_par' dir='ltr' id='par_1_71' title="bbox 1820 1293 3512 1362">
     <span class='ocr_line' id='line_1_71' title="bbox 1820 1293 3512 1362; baseline -0.002 -12"><span class='ocrx_word' id='word_1_503' title='bbox 1820 1294 2218 1350; x_wconf 89' lang='lat' dir='ltr'><strong>destinationis</strong></span> <span class='ocrx_word' id='word_1_504' title='bbox 2249 1295 2506 1348; x_wconf 89' lang='lat' dir='ltr'><strong>ordinem</strong></span> <span class='ocrx_word' id='word_1_505' title='bbox 2543 1293 2708 1348; x_wconf 89' lang='lat' dir='ltr'><strong>docet</strong></span> <span class='ocrx_word' id='word_1_506' title='bbox 2743 1309 2863 1348; x_wconf 90' lang='lat' dir='ltr'><strong>esse</strong></span> <span class='ocrx_word' id='word_1_507' title='bbox 2895 1294 3204 1362; x_wconf 86' lang='lat' dir='ltr'><strong>diversum,</strong></span> <span class='ocrx_word' id='word_1_508' title='bbox 3239 1310 3350 1348; x_wconf 89' lang='lat' dir='ltr'><strong>non</strong></span> <span class='ocrx_word' id='word_1_509' title='bbox 3384 1293 3512 1346; x_wconf 88' lang='lat' dir='ltr'><strong>sim-</strong></span> 
     </span>
    </p>
   </div>
   <div class='ocr_carea' id='block_1_72' title="bbox 1820 1383 3512 1456">
    <p class='ocr_par' dir='ltr' id='par_1_72' title="bbox 1820 1383 3512 1456">
     <span class='ocr_line' id='line_1_72' title="bbox 1820 1383 3512 1456; baseline -0.002 -18"><span class='ocrx_word' id='word_1_510' title='bbox 1820 1385 2024 1456; x_wconf 90' lang='lat' dir='ltr'><strong>plicem</strong></span> <span class='ocrx_word' id='word_1_511' title='bbox 2048 1400 2061 1450; x_wconf 90' lang='lat'>;</span> <span class='ocrx_word' id='word_1_512' title='bbox 2089 1389 2148 1438; x_wconf 90' lang='lat' dir='ltr'><strong>ut</strong></span> <span class='ocrx_word' id='word_1_513' title='bbox 2179 1387 2368 1438; x_wconf 84' lang='lat' dir='ltr'><strong>autem</strong></span> <span class='ocrx_word' id='word_1_514' title='bbox 2402 1400 2529 1454; x_wconf 85' lang='lat' dir='ltr'><strong>quae</strong></span> <span class='ocrx_word' id='word_1_515' title='bbox 2563 1383 2810 1437; x_wconf 84' lang='lat' dir='ltr'><strong>diximus</strong></span> <span class='ocrx_word' id='word_1_516' title='bbox 2843 1384 3205 1437; x_wconf 79' lang='lat' dir='ltr'><strong>manifestata</strong></span> <span class='ocrx_word' id='word_1_517' title='bbox 3231 1383 3391 1449; x_wconf 88' lang='lat' dir='ltr'><strong>tiaut,</strong></span> <span class='ocrx_word' id='word_1_518' title='bbox 3425 1386 3512 1436; x_wconf 91' lang='lat' dir='ltr'><strong>to-</strong></span> 
     </span>
    </p>
   </div>
   <div class='ocr_carea' id='block_1_73' title="bbox 1822 1471 3162 1544">
    <p class='ocr_par' dir='ltr' id='par_1_73' title="bbox 1822 1471 3162 1544">
     <span class='ocr_line' id='line_1_73' title="bbox 1822 1471 3162 1544; baseline -0.002 -16"><span class='ocrx_word' id='word_1_519' title='bbox 1822 1473 1936 1528; x_wconf 90' lang='lat' dir='ltr'><strong>tius</strong></span> <span class='ocrx_word' id='word_1_520' title='bbox 1966 1472 2104 1526; x_wconf 81' lang='lat' dir='ltr'><strong>texti</strong></span> <span class='ocrx_word' id='word_1_521' title='bbox 2137 1472 2447 1544; x_wconf 85' lang='lat' dir='ltr'><strong>capitulum</strong></span> <span class='ocrx_word' id='word_1_522' title='bbox 2482 1472 2728 1526; x_wconf 88' lang='lat' dir='ltr'><strong>breviter</strong></span> <span class='ocrx_word' id='word_1_523' title='bbox 2755 1471 3162 1543; x_wconf 77' lang='lat' dir='ltr'><strong>expendamus.</strong></span> 
     </span>
    </p>
   </div>
   <div class='ocr_carea' id='block_1_74' title="bbox 1898 1559 3510 1632">
    <p class='ocr_par' dir='ltr' id='par_1_74' title="bbox 1898 1559 3510 1632">
     <span class='ocr_line' id='line_1_74' title="bbox 1898 1559 3510 1632; baseline -0.001 -18"><span class='ocrx_word' id='word_1_524' title='bbox 1898 1563 2070 1630; x_wconf 83' lang='lat' dir='ltr'><strong>[lnter</strong></span> <span class='ocrx_word' id='word_1_525' title='bbox 2115 1561 2336 1632; x_wconf 79' lang='lat' dir='ltr'><strong>gratiae,</strong></span> <span class='ocrx_word' id='word_1_526' title='bbox 2392 1559 2598 1631; x_wconf 90' lang='lat' dir='ltr'><strong>inquit,</strong></span> <span class='ocrx_word' id='word_1_527' title='bbox 2658 1559 2865 1614; x_wconf 76' lang='lat' dir='ltr'><strong>divinae</strong></span> <span class='ocrx_word' id='word_1_528' title='bbox 2912 1559 3279 1624; x_wconf 88' lang='lat' dir='ltr'><strong>infusiouem,</strong></span> <span class='ocrx_word' id='word_1_529' title='bbox 3313 1564 3370 1614; x_wconf 93' lang='lat' dir='ltr'><strong>et</strong></span> <span class='ocrx_word' id='word_1_530' title='bbox 3408 1559 3510 1613; x_wconf 83' lang='lat' dir='ltr'><strong>hu-</strong></span> 
     </span>
    </p>
   </div>
   <div class='ocr_carea' id='block_1_75' title="bbox 1823 1647 3510 1705">
    <p class='ocr_par' dir='ltr' id='par_1_75' title="bbox 1823 1647 3510 1705">
     <span class='ocr_line' id='line_1_75' title="bbox 1823 1647 3510 1705; baseline -0.001 -1"><span class='ocrx_word' id='word_1_531' title='bbox 1823 1651 1980 1705; x_wconf 89' lang='lat' dir='ltr'><strong>mani</strong></span> <span class='ocrx_word' id='word_1_532' title='bbox 2027 1650 2246 1704; x_wconf 90' lang='lat' dir='ltr'><strong>arbitrii</strong></span> <span class='ocrx_word' id='word_1_533' title='bbox 2304 1649 2652 1703; x_wconf 73' lang='lat' dir='ltr'><strong>voluntatem</strong></span> <span class='ocrx_word' id='word_1_534' title='bbox 2715 1649 2820 1703; x_wconf 88' lang='lat' dir='ltr'><strong>hoc</strong></span> <span class='ocrx_word' id='word_1_535' title='bbox 2872 1647 3128 1702; x_wconf 85' lang='lat' dir='ltr'><strong>interest.</strong></span> <span class='ocrx_word' id='word_1_536' title='bbox 3198 1648 3510 1703; x_wconf 79' lang='lat' dir='ltr'><strong>Arbitrium</strong></span> 
     </span>
    </p>
   </div>
   <div class='ocr_carea' id='block_1_76' title="bbox 1824 1737 3512 1809">
    <p class='ocr_par' dir='ltr' id='par_1_76' title="bbox 1824 1737 3512 1809">
     <span class='ocr_line' id='line_1_76' title="bbox 1824 1737 3512 1809; baseline -0.002 -15"><span class='ocrx_word' id='word_1_537' title='bbox 1824 1744 1908 1794; x_wconf 89' lang='lat' dir='ltr'><strong>est</strong></span> <span class='ocrx_word' id='word_1_538' title='bbox 1948 1739 2207 1794; x_wconf 87' lang='lat' dir='ltr'><strong>voluntas</strong></span> <span class='ocrx_word' id='word_1_539' title='bbox 2259 1739 2451 1792; x_wconf 81' lang='lat' dir='ltr'><strong>liberae</strong></span> <span class='ocrx_word' id='word_1_540' title='bbox 2491 1737 2807 1808; x_wconf 88' lang='lat' dir='ltr'><strong>potestatis,</strong></span> <span class='ocrx_word' id='word_1_541' title='bbox 2858 1754 2986 1809; x_wconf 89' lang='lat' dir='ltr'><strong>quae</strong></span> <span class='ocrx_word' id='word_1_542' title='bbox 3034 1753 3137 1807; x_wconf 91' lang='lat' dir='ltr'><strong>per</strong></span> <span class='ocrx_word' id='word_1_543' title='bbox 3186 1753 3244 1790; x_wconf 87' lang='lat' dir='ltr'><strong>se</strong></span> <span class='ocrx_word' id='word_1_544' title='bbox 3288 1741 3512 1806; x_wconf 85' lang='lat' dir='ltr'><strong>sponte,</strong></span> 
     </span>
    </p>
   </div>
   <div class='ocr_carea' id='block_1_77' title="bbox 1822 1826 3518 1898">
    <p class='ocr_par' dir='ltr' id='par_1_77' title="bbox 1822 1826 3518 1898">
     <span class='ocr_line' id='line_1_77' title="bbox 1822 1826 3518 1898; baseline -0.001 -17"><span class='ocrx_word' id='word_1_545' title='bbox 1822 1829 1911 1882; x_wconf 87' lang='lat' dir='ltr'><strong>vel</strong></span> <span class='ocrx_word' id='word_1_546' title='bbox 1936 1829 2086 1883; x_wconf 89' lang='lat' dir='ltr'><strong>bona</strong></span> <span class='ocrx_word' id='word_1_547' title='bbox 2115 1829 2200 1883; x_wconf 90' lang='lat' dir='ltr'><strong>vel</strong></span> <span class='ocrx_word' id='word_1_548' title='bbox 2242 1829 2390 1882; x_wconf 88' lang='lat' dir='ltr'><strong>mala</strong></span> <span class='ocrx_word' id='word_1_549' title='bbox 2431 1831 2699 1898; x_wconf 88' lang='lat' dir='ltr'><strong>appetere</strong></span> <span class='ocrx_word' id='word_1_550' title='bbox 2735 1829 2920 1896; x_wconf 88' lang='lat' dir='ltr'><strong>potest</strong></span> <span class='ocrx_word' id='word_1_551' title='bbox 2955 1840 2967 1880; x_wconf 91' lang='lat'>:</span> <span class='ocrx_word' id='word_1_552' title='bbox 2999 1826 3180 1896; x_wconf 86' lang='lat' dir='ltr'><strong>gratia</strong></span> <span class='ocrx_word' id='word_1_553' title='bbox 3212 1839 3402 1880; x_wconf 85' lang='lat' dir='ltr'><strong>autem</strong></span> <span class='ocrx_word' id='word_1_554' title='bbox 3434 1830 3518 1880; x_wconf 87' lang='lat' dir='ltr'><strong>est</strong></span> 
     </span>
    </p>
   </div>
   <div class='ocr_carea' id='block_1_78' title="bbox 1821 1914 3518 1987">
    <p class='ocr_par' dir='ltr' id='par_1_78' title="bbox 1821 1914 3518 1987">
     <span class='ocr_line' id='line_1_78' title="bbox 1821 1914 3518 1987; baseline -0.002 -16"><span class='ocrx_word' id='word_1_555' title='bbox 1821 1917 2030 1972; x_wconf 83' lang='lat' dir='ltr'><strong>divinae</strong></span> <span class='ocrx_word' id='word_1_556' title='bbox 2061 1917 2464 1972; x_wconf 78' lang='lat' dir='ltr'><strong>misericordiae</strong></span> <span class='ocrx_word' id='word_1_557' title='bbox 2523 1915 2839 1987; x_wconf 88' lang='lat' dir='ltr'><strong>gratuitum</strong></span> <span class='ocrx_word' id='word_1_558' title='bbox 2891 1914 3128 1980; x_wconf 90' lang='lat' dir='ltr'><strong>donum,</strong></span> <span class='ocrx_word' id='word_1_559' title='bbox 3156 1930 3259 1985; x_wconf 90' lang='lat' dir='ltr'><strong>per</strong></span> <span class='ocrx_word' id='word_1_560' title='bbox 3281 1915 3432 1986; x_wconf 91' lang='lat' dir='ltr'><strong>quod</strong></span> <span class='ocrx_word' id='word_1_561' title='bbox 3463 1919 3518 1968; x_wconf 93' lang='lat' dir='ltr'><strong>et</strong></span> 
     </span>
    </p>
   </div>
   <div class='ocr_carea' id='block_1_79' title="bbox 1821 2003 3518 2076">
    <p class='ocr_par' dir='ltr' id='par_1_79' title="bbox 1821 2003 3518 2076">
     <span class='ocr_line' id='line_1_79' title="bbox 1821 2003 3518 2076; baseline -0.003 -15"><span class='ocrx_word' id='word_1_562' title='bbox 1821 2007 1987 2062; x_wconf 89' lang='lat' dir='ltr'><strong>bonae</strong></span> <span class='ocrx_word' id='word_1_563' title='bbox 2017 2007 2324 2061; x_wconf 87' lang='lat' dir='ltr'><strong>voluntatis</strong></span> <span class='ocrx_word' id='word_1_564' title='bbox 2365 2005 2592 2059; x_wconf 92' lang='lat' dir='ltr'><strong>initium</strong></span> <span class='ocrx_word' id='word_1_565' title='bbox 2624 2009 2680 2058; x_wconf 87' lang='lat' dir='ltr'><strong>et</strong></span> <span class='ocrx_word' id='word_1_566' title='bbox 2711 2003 2900 2076; x_wconf 90' lang='lat' dir='ltr'><strong>operis</strong></span> <span class='ocrx_word' id='word_1_567' title='bbox 2943 2019 3338 2074; x_wconf 89' lang='lat' dir='ltr'><strong>promeremur</strong></span> <span class='ocrx_word' id='word_1_568' title='bbox 3382 2003 3518 2057; x_wconf 79' lang='lat' dir='ltr'><strong>etl‘e-</strong></span> 
     </span>
    </p>
   </div>
   <div class='ocr_carea' id='block_1_80' title="bbox 1822 2091 3515 2168">
    <p class='ocr_par' dir='ltr' id='par_1_80' title="bbox 1822 2091 3515 2168">
     <span class='ocr_line' id='line_1_80' title="bbox 1822 2091 3515 2168; baseline -0.003 -19"><span class='ocrx_word' id='word_1_569' title='bbox 1822 2095 2024 2168; x_wconf 90' lang='lat' dir='ltr'><strong>ctum.]</strong></span> <span class='ocrx_word' id='word_1_570' title='bbox 2057 2097 2181 2149; x_wconf 82' lang='lat' dir='ltr'><strong>llaec</strong></span> <span class='ocrx_word' id='word_1_571' title='bbox 2211 2095 2402 2148; x_wconf 90' lang='lat' dir='ltr'><strong>dicens</strong></span> <span class='ocrx_word' id='word_1_572' title='bbox 2452 2092 2726 2159; x_wconf 87' lang='lat' dir='ltr'><strong>insinuat,</strong></span> <span class='ocrx_word' id='word_1_573' title='bbox 2760 2091 2915 2163; x_wconf 91' lang='lat' dir='ltr'><strong>quod</strong></span> <span class='ocrx_word' id='word_1_574' title='bbox 2965 2091 3130 2146; x_wconf 88' lang='lat' dir='ltr'><strong>liberi</strong></span> <span class='ocrx_word' id='word_1_575' title='bbox 3166 2091 3236 2145; x_wconf 88' lang='lat' dir='ltr'><strong>sit</strong></span> <span class='ocrx_word' id='word_1_576' title='bbox 3271 2091 3515 2157; x_wconf 83' lang='lat' dir='ltr'><strong>arbitrii,</strong></span> 
     </span>
    </p>
   </div>
   <div class='ocr_carea' id='block_1_81' title="bbox 1822 2180 3518 2255">
    <p class='ocr_par' dir='ltr' id='par_1_81' title="bbox 1822 2180 3518 2255">
     <span class='ocr_line' id='line_1_81' title="bbox 1822 2180 3518 2255; baseline -0.002 -18"><span class='ocrx_word' id='word_1_577' title='bbox 1822 2188 1888 2238; x_wconf 88' lang='lat' dir='ltr'><strong>ut.</strong></span> <span class='ocrx_word' id='word_1_578' title='bbox 1918 2183 2162 2255; x_wconf 79' lang='lat' dir='ltr'><strong>prOpriae</strong></span> <span class='ocrx_word' id='word_1_579' title='bbox 2215 2181 2526 2236; x_wconf 88' lang='lat' dir='ltr'><strong>voluntatis</strong></span> <span class='ocrx_word' id='word_1_580' title='bbox 2572 2181 2973 2248; x_wconf 89' lang='lat' dir='ltr'><strong>intentionem,</strong></span> <span class='ocrx_word' id='word_1_581' title='bbox 3010 2181 3094 2234; x_wconf 87' lang='lat' dir='ltr'><strong>vel</strong></span> <span class='ocrx_word' id='word_1_582' title='bbox 3125 2181 3194 2235; x_wconf 91' lang='lat' dir='ltr'><strong>ad</strong></span> <span class='ocrx_word' id='word_1_583' title='bbox 3233 2180 3388 2234; x_wconf 89' lang='lat' dir='ltr'><strong>bona</strong></span> <span class='ocrx_word' id='word_1_584' title='bbox 3416 2180 3518 2235; x_wconf 89' lang='lat' dir='ltr'><strong>eli-</strong></span> 
     </span>
    </p>
   </div>
   <div class='ocr_carea' id='block_1_82' title="bbox 1822 2269 3518 2344">
    <p class='ocr_par' dir='ltr' id='par_1_82' title="bbox 1822 2269 3518 2344">
     <span class='ocr_line' id='line_1_82' title="bbox 1822 2269 3518 2344; baseline -0.001 -18"><span class='ocrx_word' id='word_1_585' title='bbox 1822 2275 2030 2344; x_wconf 89' lang='lat' dir='ltr'><strong>genda,</strong></span> <span class='ocrx_word' id='word_1_586' title='bbox 2064 2273 2149 2327; x_wconf 91' lang='lat' dir='ltr'><strong>vel</strong></span> <span class='ocrx_word' id='word_1_587' title='bbox 2177 2272 2245 2326; x_wconf 92' lang='lat' dir='ltr'><strong>ad</strong></span> <span class='ocrx_word' id='word_1_588' title='bbox 2277 2273 2426 2326; x_wconf 91' lang='lat' dir='ltr'><strong>mala</strong></span> <span class='ocrx_word' id='word_1_589' title='bbox 2452 2270 2812 2342; x_wconf 86' lang='lat' dir='ltr'><strong>reprobanda</strong></span> <span class='ocrx_word' id='word_1_590' title='bbox 2845 2270 3077 2340; x_wconf 84' lang='lat' dir='ltr'><strong>dirigat,</strong></span> <span class='ocrx_word' id='word_1_591' title='bbox 3108 2273 3172 2324; x_wconf 90' lang='lat' dir='ltr'><strong>ut</strong></span> <span class='ocrx_word' id='word_1_592' title='bbox 3210 2274 3400 2324; x_wconf 86' lang='lat' dir='ltr'><strong>autem</strong></span> <span class='ocrx_word' id='word_1_593' title='bbox 3433 2269 3518 2324; x_wconf 93' lang='lat' dir='ltr'><strong>vel</strong></span> 
     </span>
    </p>
   </div>
   <div class='ocr_carea' id='block_1_83' title="bbox 1823 2359 3518 2429">
    <p class='ocr_par' dir='ltr' id='par_1_83' title="bbox 1823 2359 3518 2429">
     <span class='ocr_line' id='line_1_83' title="bbox 1823 2359 3518 2429; baseline -0.001 -15"><span class='ocrx_word' id='word_1_594' title='bbox 1823 2361 1984 2415; x_wconf 81' lang='lat' dir='ltr'><strong>bonae</strong></span> <span class='ocrx_word' id='word_1_595' title='bbox 2042 2360 2347 2415; x_wconf 90' lang='lat' dir='ltr'><strong>voluntatis</strong></span> <span class='ocrx_word' id='word_1_596' title='bbox 2404 2359 2724 2426; x_wconf 82' lang='lat' dir='ltr'><strong>exordium,</strong></span> <span class='ocrx_word' id='word_1_597' title='bbox 2784 2359 2872 2412; x_wconf 91' lang='lat' dir='ltr'><strong>vel</strong></span> <span class='ocrx_word' id='word_1_598' title='bbox 2941 2363 3107 2413; x_wconf 81' lang='lat' dir='ltr'><strong>rectae</strong></span> <span class='ocrx_word' id='word_1_599' title='bbox 3167 2359 3518 2429; x_wconf 88' lang='lat' dir='ltr'><strong>operationis</strong></span> 
     </span>
    </p>
   </div>
   <div class='ocr_carea' id='block_1_84' title="bbox 1823 2447 3519 2516">
    <p class='ocr_par' dir='ltr' id='par_1_84' title="bbox 1823 2447 3519 2516">
     <span class='ocr_line' id='line_1_84' title="bbox 1823 2447 3519 2516; baseline -0.002 -12"><span class='ocrx_word' id='word_1_600' title='bbox 1823 2449 2080 2504; x_wconf 87' lang='lat' dir='ltr'><strong>obtineat</strong></span> <span class='ocrx_word' id='word_1_601' title='bbox 2109 2449 2396 2515; x_wconf 81' lang='lat' dir='ltr'><strong>etfeclum,</strong></span> <span class='ocrx_word' id='word_1_602' title='bbox 2437 2465 2553 2502; x_wconf 89' lang='lat' dir='ltr'><strong>non</strong></span> <span class='ocrx_word' id='word_1_603' title='bbox 2585 2447 2702 2502; x_wconf 90' lang='lat' dir='ltr'><strong>suis</strong></span> <span class='ocrx_word' id='word_1_604' title='bbox 2750 2447 2990 2516; x_wconf 90' lang='lat' dir='ltr'><strong>viribus,</strong></span> <span class='ocrx_word' id='word_1_605' title='bbox 3043 2463 3241 2501; x_wconf 90' lang='lat' dir='ltr'><strong>verum</strong></span> <span class='ocrx_word' id='word_1_606' title='bbox 3275 2447 3519 2501; x_wconf 82' lang='lat' dir='ltr'><strong>caelestis</strong></span> 
     </span>
    </p>
   </div>
   <div class='ocr_carea' id='block_1_85' title="bbox 1821 2536 3518 2608">
    <p class='ocr_par' dir='ltr' id='par_1_85' title="bbox 1821 2536 3518 2608">
     <span class='ocr_line' id='line_1_85' title="bbox 1821 2536 3518 2608; baseline -0.003 -16"><span class='ocrx_word' id='word_1_607' title='bbox 1821 2539 2018 2608; x_wconf 84' lang='lat' dir='ltr'><strong>gratiae</strong></span> <span class='ocrx_word' id='word_1_608' title='bbox 2049 2539 2196 2592; x_wconf 91' lang='lat' dir='ltr'><strong>dono</strong></span> <span class='ocrx_word' id='word_1_609' title='bbox 2226 2543 2628 2608; x_wconf 79' lang='lat' dir='ltr'><strong>consequatur.</strong></span> <span class='ocrx_word' id='word_1_610' title='bbox 2663 2537 2802 2590; x_wconf 87' lang='lat' dir='ltr'><strong>Nam</strong></span> <span class='ocrx_word' id='word_1_611' title='bbox 2823 2537 2977 2607; x_wconf 89' lang='lat' dir='ltr'><strong>quod</strong></span> <span class='ocrx_word' id='word_1_612' title='bbox 3013 2536 3176 2590; x_wconf 86' lang='lat' dir='ltr'><strong>bonae</strong></span> <span class='ocrx_word' id='word_1_613' title='bbox 3209 2537 3518 2590; x_wconf 87' lang='lat' dir='ltr'><strong>voluntatis</strong></span> 
     </span>
    </p>
   </div>
   <div class='ocr_carea' id='block_1_86' title="bbox 1826 2624 3518 2697">
    <p class='ocr_par' dir='ltr' id='par_1_86' title="bbox 1826 2624 3518 2697">
     <span class='ocr_line' id='line_1_86' title="bbox 1826 2624 3518 2697; baseline -0.001 -16"><span class='ocrx_word' id='word_1_614' title='bbox 1826 2627 2254 2682; x_wconf 88' lang='lat' dir='ltr'><strong>inchoationem</strong></span> <span class='ocrx_word' id='word_1_615' title='bbox 2286 2627 2496 2681; x_wconf 88' lang='lat' dir='ltr'><strong>habere</strong></span> <span class='ocrx_word' id='word_1_616' title='bbox 2529 2642 2904 2696; x_wconf 86' lang='lat' dir='ltr'><strong>nequeamus,</strong></span> <span class='ocrx_word' id='word_1_617' title='bbox 2929 2624 3038 2678; x_wconf 89' lang='lat' dir='ltr'><strong>nisi</strong></span> <span class='ocrx_word' id='word_1_618' title='bbox 3069 2626 3305 2696; x_wconf 89' lang='lat' dir='ltr'><strong>superni</strong></span> <span class='ocrx_word' id='word_1_619' title='bbox 3335 2627 3518 2697; x_wconf 88' lang='lat' dir='ltr'><strong>gratia</strong></span> 
     </span>
    </p>
   </div>
   <div class='ocr_carea' id='block_1_87' title="bbox 1825 2713 3516 2787">
    <p class='ocr_par' dir='ltr' id='par_1_87' title="bbox 1825 2713 3516 2787">
     <span class='ocr_line' id='line_1_87' title="bbox 1825 2713 3516 2787; baseline -0.001 -17"><span class='ocrx_word' id='word_1_620' title='bbox 1825 2717 2132 2787; x_wconf 89' lang='lat' dir='ltr'><strong>largitoris,</strong></span> <span class='ocrx_word' id='word_1_621' title='bbox 2165 2716 2472 2787; x_wconf 84' lang='lat' dir='ltr'><strong>Apostolus</strong></span> <span class='ocrx_word' id='word_1_622' title='bbox 2504 2715 2660 2768; x_wconf 91' lang='lat' dir='ltr'><strong>testis</strong></span> <span class='ocrx_word' id='word_1_623' title='bbox 2691 2719 2797 2782; x_wconf 90' lang='lat' dir='ltr'><strong>est,</strong></span> <span class='ocrx_word' id='word_1_624' title='bbox 2850 2714 2949 2785; x_wconf 92' lang='lat' dir='ltr'><strong>qui</strong></span> <span class='ocrx_word' id='word_1_625' title='bbox 2996 2713 3073 2768; x_wconf 90' lang='lat' dir='ltr'><strong>ait</strong></span> <span class='ocrx_word' id='word_1_626' title='bbox 3105 2731 3117 2768; x_wconf 87' lang='lat'><strong>:</strong></span> <span class='ocrx_word' id='word_1_627' title='bbox 3158 2733 3186 2765; x_wconf 71' lang='grc' dir='ltr'><strong>α</strong></span> <span class='ocrx_word' id='word_1_628' title='bbox 3237 2715 3383 2779; x_wconf 87' lang='lat' dir='ltr'><strong>Quid</strong></span> <span class='ocrx_word' id='word_1_629' title='bbox 3417 2715 3516 2768; x_wconf 86' lang='lat' dir='ltr'><strong>ba-</strong></span> 
     </span>
    </p>
   </div>
   <div class='ocr_carea' id='block_1_88' title="bbox 1823 2791 3519 2876">
    <p class='ocr_par' dir='ltr' id='par_1_88' title="bbox 1823 2791 3519 2876">
     <span class='ocr_line' id='line_1_88' title="bbox 1823 2791 3519 2876; baseline -0.002 -16"><span class='ocrx_word' id='word_1_630' title='bbox 1823 2805 1921 2860; x_wconf 87' lang='lat' dir='ltr'><strong>bes</strong></span> <span class='ocrx_word' id='word_1_631' title='bbox 1948 2806 2100 2876; x_wconf 90' lang='lat' dir='ltr'><strong>quod</strong></span> <span class='ocrx_word' id='word_1_632' title='bbox 2128 2791 2244 2859; x_wconf 69' lang='lat' dir='ltr'><strong>non</strong></span> <span class='ocrx_word' id='word_1_633' title='bbox 2270 2804 2572 2875; x_wconf 85' lang='lat' dir='ltr'><strong>accepisti?</strong></span> <span class='ocrx_word' id='word_1_634' title='bbox 2596 2825 2623 2853; x_wconf 87' lang='grc'><strong>››</strong></span> <span class='ocrx_word' id='word_1_635' title='bbox 2650 2803 2696 2874; x_wconf 87' lang='lat' dir='ltr'><strong>(I</strong></span> <span class='ocrx_word' id='word_1_636' title='bbox 2725 2806 2842 2860; x_wconf 80' lang='lat' dir='ltr'><strong>Cor.</strong></span> <span class='ocrx_word' id='word_1_637' title='bbox 2870 2820 2942 2870; x_wconf 84' lang='grc' dir='ltr'><strong>ιγ,</strong></span> <span class='ocrx_word' id='word_1_638' title='bbox 2978 2807 3056 2874; x_wconf 87' lang='lat'><strong>7.)</strong></span> <span class='ocrx_word' id='word_1_639' title='bbox 3088 2802 3144 2857; x_wconf 91' lang='lat' dir='ltr'><strong>Si</strong></span> <span class='ocrx_word' id='word_1_640' title='bbox 3167 2819 3304 2874; x_wconf 89' lang='lat' dir='ltr'><strong>ergo</strong></span> <span class='ocrx_word' id='word_1_641' title='bbox 3324 2803 3401 2857; x_wconf 89' lang='lat' dir='ltr'><strong>nil</strong></span> <span class='ocrx_word' id='word_1_642' title='bbox 3423 2804 3519 2857; x_wconf 91' lang='lat' dir='ltr'><strong>ha-</strong></span> 
     </span>
    </p>
   </div>
   <div class='ocr_carea' id='block_1_89' title="bbox 1823 2893 3519 2965">
    <p class='ocr_par' dir='ltr' id='par_1_89' title="bbox 1823 2893 3519 2965">
     <span class='ocr_line' id='line_1_89' title="bbox 1823 2893 3519 2965; baseline -0.002 -16"><span class='ocrx_word' id='word_1_643' title='bbox 1823 2896 2023 2950; x_wconf 89' lang='lat' dir='ltr'><strong>bemus</strong></span> <span class='ocrx_word' id='word_1_644' title='bbox 2044 2895 2151 2948; x_wconf 90' lang='lat' dir='ltr'><strong>nisi</strong></span> <span class='ocrx_word' id='word_1_645' title='bbox 2172 2895 2323 2965; x_wconf 89' lang='lat' dir='ltr'><strong>quod</strong></span> <span class='ocrx_word' id='word_1_646' title='bbox 2344 2910 2592 2963; x_wconf 87' lang='lat' dir='ltr'><strong>superno</strong></span> <span class='ocrx_word' id='word_1_647' title='bbox 2607 2909 2939 2946; x_wconf 88' lang='lat' dir='ltr'><strong>concessum</strong></span> <span class='ocrx_word' id='word_1_648' title='bbox 2957 2908 3194 2946; x_wconf 85' lang='lat' dir='ltr'><strong>munere</strong></span> <span class='ocrx_word' id='word_1_649' title='bbox 3216 2893 3380 2946; x_wconf 87' lang='lat' dir='ltr'><strong>nobis</strong></span> <span class='ocrx_word' id='word_1_650' title='bbox 3404 2893 3519 2946; x_wconf 84' lang='lat' dir='ltr'><strong>fue-</strong></span> 
     </span>
    </p>
   </div>
   <div class='ocr_carea' id='block_1_90' title="bbox 1824 2981 3519 3052">
    <p class='ocr_par' dir='ltr' id='par_1_90' title="bbox 1824 2981 3519 3052">
     <span class='ocr_line' id='line_1_90' title="bbox 1824 2981 3519 3052; baseline -0.002 -14"><span class='ocrx_word' id='word_1_651' title='bbox 1824 2984 1917 3050; x_wconf 89' lang='lat' dir='ltr'><strong>rit,</strong></span> <span class='ocrx_word' id='word_1_652' title='bbox 1951 3000 2055 3037; x_wconf 88' lang='lat' dir='ltr'><strong>nec</strong></span> <span class='ocrx_word' id='word_1_653' title='bbox 2099 2984 2263 3038; x_wconf 84' lang='lat' dir='ltr'><strong>bonae</strong></span> <span class='ocrx_word' id='word_1_654' title='bbox 2297 2981 2600 3036; x_wconf 82' lang='lat' dir='ltr'><strong>voluntatis</strong></span> <span class='ocrx_word' id='word_1_655' title='bbox 2641 2981 3214 3052; x_wconf 88' lang='lat' dir='ltr'><strong>quantulumcunque</strong></span> <span class='ocrx_word' id='word_1_656' title='bbox 3267 2981 3519 3035; x_wconf 88' lang='lat' dir='ltr'><strong>valemus</strong></span> 
     </span>
    </p>
   </div>
   <div class='ocr_carea' id='block_1_91' title="bbox 1827 3070 3520 3142">
    <p class='ocr_par' dir='ltr' id='par_1_91' title="bbox 1827 3070 3520 3142">
     <span class='ocr_line' id='line_1_91' title="bbox 1827 3070 3520 3142; baseline -0.001 -15"><span class='ocrx_word' id='word_1_657' title='bbox 1827 3072 2301 3142; x_wconf 88' lang='lat' dir='ltr'><strong>adipisciarbitrii</strong></span> <span class='ocrx_word' id='word_1_658' title='bbox 2331 3071 2545 3126; x_wconf 89' lang='lat' dir='ltr'><strong>viribus</strong></span> <span class='ocrx_word' id='word_1_659' title='bbox 2568 3071 2825 3138; x_wconf 90' lang='lat' dir='ltr'><strong>humani,</strong></span> <span class='ocrx_word' id='word_1_660' title='bbox 2857 3070 2902 3124; x_wconf 90' lang='lat' dir='ltr'><strong>si</strong></span> <span class='ocrx_word' id='word_1_661' title='bbox 2927 3087 3040 3124; x_wconf 91' lang='lat' dir='ltr'><strong>non</strong></span> <span class='ocrx_word' id='word_1_662' title='bbox 3065 3070 3241 3125; x_wconf 90' lang='lat' dir='ltr'><strong>divini</strong></span> <span class='ocrx_word' id='word_1_663' title='bbox 3265 3071 3520 3125; x_wconf 87' lang='lat' dir='ltr'><strong>muneris</strong></span> 
     </span>
    </p>
   </div>
   <div class='ocr_carea' id='block_1_92' title="bbox 1825 3159 3521 3232">
    <p class='ocr_par' dir='ltr' id='par_1_92' title="bbox 1825 3159 3521 3232">
     <span class='ocr_line' id='line_1_92' title="bbox 1825 3159 3521 3232; baseline -0.001 -17"><span class='ocrx_word' id='word_1_664' title='bbox 1825 3162 1894 3216; x_wconf 87' lang='lat' dir='ltr'><strong>de</strong></span> <span class='ocrx_word' id='word_1_665' title='bbox 1916 3162 2072 3215; x_wconf 84' lang='lat' dir='ltr'><strong>fonte</strong></span> <span class='ocrx_word' id='word_1_666' title='bbox 2108 3161 2273 3215; x_wconf 88' lang='lat' dir='ltr'><strong>nobis</strong></span> <span class='ocrx_word' id='word_1_667' title='bbox 2301 3161 2688 3215; x_wconf 84' lang='lat' dir='ltr'><strong>emanavcrit:</strong></span> <span class='ocrx_word' id='word_1_668' title='bbox 2720 3161 2872 3232; x_wconf 88' lang='lat' dir='ltr'><strong>quod</strong></span> <span class='ocrx_word' id='word_1_669' title='bbox 2905 3164 3096 3214; x_wconf 90' lang='lat' dir='ltr'><strong>autem</strong></span> <span class='ocrx_word' id='word_1_670' title='bbox 3128 3159 3345 3231; x_wconf 90' lang='lat' dir='ltr'><strong>aliquid</strong></span> <span class='ocrx_word' id='word_1_671' title='bbox 3386 3160 3521 3214; x_wconf 90' lang='lat' dir='ltr'><strong>boui</strong></span> 
     </span>
    </p>
   </div>
   <div class='ocr_carea' id='block_1_93' title="bbox 1824 3249 3518 3322">
    <p class='ocr_par' dir='ltr' id='par_1_93' title="bbox 1824 3249 3518 3322">
     <span class='ocr_line' id='line_1_93' title="bbox 1824 3249 3518 3322; baseline -0.002 -17"><span class='ocrx_word' id='word_1_672' title='bbox 1824 3250 1944 3305; x_wconf 89' lang='lat' dir='ltr'><strong>sine</strong></span> <span class='ocrx_word' id='word_1_673' title='bbox 1973 3251 2166 3305; x_wconf 81' lang='lat' dir='ltr'><strong>divina</strong></span> <span class='ocrx_word' id='word_1_674' title='bbox 2198 3251 2383 3320; x_wconf 90' lang='lat' dir='ltr'><strong>gratia</strong></span> <span class='ocrx_word' id='word_1_675' title='bbox 2415 3266 2770 3322; x_wconf 85' lang='lat' dir='ltr'><strong>nequeamus</strong></span> <span class='ocrx_word' id='word_1_676' title='bbox 2800 3250 3044 3317; x_wconf 76' lang='lat' dir='ltr'><strong>efﬁcere,</strong></span> <span class='ocrx_word' id='word_1_677' title='bbox 3077 3249 3260 3320; x_wconf 88' lang='lat' dir='ltr'><strong>ipsius</strong></span> <span class='ocrx_word' id='word_1_678' title='bbox 3289 3265 3385 3302; x_wconf 89' lang='lat' dir='ltr'><strong>ore</strong></span> <span class='ocrx_word' id='word_1_679' title='bbox 3419 3249 3518 3302; x_wconf 86' lang='lat' dir='ltr'><strong>Ve-</strong></span> 
     </span>
    </p>
   </div>
   <div class='ocr_carea' id='block_1_94' title="bbox 1825 3337 3519 3410">
    <p class='ocr_par' dir='ltr' id='par_1_94' title="bbox 1825 3337 3519 3410">
     <span class='ocr_line' id='line_1_94' title="bbox 1825 3337 3519 3410; baseline -0.001 -18"><span class='ocrx_word' id='word_1_680' title='bbox 1825 3339 2006 3392; x_wconf 88' lang='lat' dir='ltr'><strong>ritatis</strong></span> <span class='ocrx_word' id='word_1_681' title='bbox 2047 3339 2391 3393; x_wconf 89' lang='lat' dir='ltr'><strong>instruimur</strong></span> <span class='ocrx_word' id='word_1_682' title='bbox 2420 3339 2498 3392; x_wconf 87' lang='lat' dir='ltr'><strong>ita</strong></span> <span class='ocrx_word' id='word_1_683' title='bbox 2527 3338 2814 3410; x_wconf 90' lang='lat' dir='ltr'><strong>loquentis</strong></span> <span class='ocrx_word' id='word_1_684' title='bbox 2848 3355 2860 3394; x_wconf 90' lang='lat'><strong>:</strong></span> <span class='ocrx_word' id='word_1_685' title='bbox 2899 3357 2926 3390; x_wconf 74' lang='grc' dir='ltr'><strong>α</strong></span> <span class='ocrx_word' id='word_1_686' title='bbox 2957 3339 3089 3392; x_wconf 90' lang='lat' dir='ltr'><strong>Sine</strong></span> <span class='ocrx_word' id='word_1_687' title='bbox 3121 3354 3212 3391; x_wconf 91' lang='lat' dir='ltr'><strong>me</strong></span> <span class='ocrx_word' id='word_1_688' title='bbox 3243 3337 3382 3391; x_wconf 88' lang='lat' dir='ltr'><strong>nihil</strong></span> <span class='ocrx_word' id='word_1_689' title='bbox 3416 3354 3519 3408; x_wconf 90' lang='lat' dir='ltr'><strong>po-</strong></span> 
     </span>
    </p>
   </div>
   <div class='ocr_carea' id='block_1_95' title="bbox 1825 3425 3518 3498">
    <p class='ocr_par' dir='ltr' id='par_1_95' title="bbox 1825 3425 3518 3498">
     <span class='ocr_line' id='line_1_95' title="bbox 1825 3425 3518 3498; baseline -0.002 -16"><span class='ocrx_word' id='word_1_690' title='bbox 1825 3427 1984 3482; x_wconf 90' lang='lat' dir='ltr'><strong>testis</strong></span> <span class='ocrx_word' id='word_1_691' title='bbox 2021 3428 2206 3482; x_wconf 88' lang='lat' dir='ltr'><strong>facere</strong></span> <span class='ocrx_word' id='word_1_692' title='bbox 2241 3427 2404 3496; x_wconf 87' lang='lat' dir='ltr'><strong>(Joan</strong></span> <span class='ocrx_word' id='word_1_693' title='bbox 2436 3444 2525 3495; x_wconf 74' lang='lat' dir='ltr'><strong>xv,</strong></span> <span class='ocrx_word' id='word_1_694' title='bbox 2577 3427 2650 3498; x_wconf 78' lang='lat'><strong>5).</strong></span> <span class='ocrx_word' id='word_1_695' title='bbox 2684 3449 2712 3476; x_wconf 82' lang='lat'><strong>»</strong></span> <span class='ocrx_word' id='word_1_696' title='bbox 2746 3429 2870 3482; x_wconf 81' lang='lat' dir='ltr'><strong>Jam</strong></span> <span class='ocrx_word' id='word_1_697' title='bbox 2922 3443 3075 3490; x_wconf 81' lang='lat' dir='ltr'><strong>vero,</strong></span> <span class='ocrx_word' id='word_1_698' title='bbox 3125 3426 3280 3497; x_wconf 88' lang='lat' dir='ltr'><strong>quod</strong></span> <span class='ocrx_word' id='word_1_699' title='bbox 3328 3425 3518 3480; x_wconf 83' lang='lat' dir='ltr'><strong>divina</strong></span> 
     </span>
    </p>
   </div>
   <div class='ocr_carea' id='block_1_96' title="bbox 1824 3515 3515 3588">
    <p class='ocr_par' dir='ltr' id='par_1_96' title="bbox 1824 3515 3515 3588">
     <span class='ocr_line' id='line_1_96' title="bbox 1824 3515 3515 3588; baseline -0.002 -17"><span class='ocrx_word' id='word_1_700' title='bbox 1824 3517 2010 3588; x_wconf 89' lang='lat' dir='ltr'><strong>gratia</strong></span> <span class='ocrx_word' id='word_1_701' title='bbox 2057 3517 2500 3588; x_wconf 72' lang='lat' dir='ltr'><strong>praeveniantur,</strong></span> <span class='ocrx_word' id='word_1_702' title='bbox 2547 3521 2602 3571; x_wconf 86' lang='lat' dir='ltr'><strong>et</strong></span> <span class='ocrx_word' id='word_1_703' title='bbox 2654 3515 2725 3570; x_wconf 87' lang='lat' dir='ltr'><strong>ad</strong></span> <span class='ocrx_word' id='word_1_704' title='bbox 2773 3515 2918 3570; x_wconf 86' lang='lat' dir='ltr'><strong>bene</strong></span> <span class='ocrx_word' id='word_1_705' title='bbox 2967 3515 3299 3576; x_wconf 86' lang='lat' dir='ltr'><strong>volendum,</strong></span> <span class='ocrx_word' id='word_1_706' title='bbox 3351 3520 3407 3569; x_wconf 89' lang='lat' dir='ltr'><strong>et</strong></span> <span class='ocrx_word' id='word_1_707' title='bbox 3446 3517 3515 3568; x_wconf 90' lang='lat' dir='ltr'><strong>ad</strong></span> 
     </span>
    </p>
   </div>
   <div class='ocr_carea' id='block_1_97' title="bbox 1824 3603 3518 3677">
    <p class='ocr_par' dir='ltr' id='par_1_97' title="bbox 1824 3603 3518 3677">
     <span class='ocr_line' id='line_1_97' title="bbox 1824 3603 3518 3677; baseline -0.001 -17"><span class='ocrx_word' id='word_1_708' title='bbox 1824 3612 1976 3661; x_wconf 90' lang='lat' dir='ltr'><strong>recte</strong></span> <span class='ocrx_word' id='word_1_709' title='bbox 2039 3607 2328 3676; x_wconf 89' lang='lat' dir='ltr'><strong>agendum</strong></span> <span class='ocrx_word' id='word_1_710' title='bbox 2396 3605 2658 3677; x_wconf 91' lang='lat' dir='ltr'><strong>sequenti</strong></span> <span class='ocrx_word' id='word_1_711' title='bbox 2730 3605 2928 3658; x_wconf 88' lang='lat' dir='ltr'><strong>beatus</strong></span> <span class='ocrx_word' id='word_1_712' title='bbox 2983 3605 3230 3659; x_wconf 88' lang='lat' dir='ltr'><strong>Isidorus</strong></span> <span class='ocrx_word' id='word_1_713' title='bbox 3279 3603 3518 3658; x_wconf 87' lang='lat' dir='ltr'><strong>lectione</strong></span> 
     </span>
    </p>
   </div>
   <div class='ocr_carea' id='block_1_98' title="bbox 1824 3692 3520 3763">
    <p class='ocr_par' dir='ltr' id='par_1_98' title="bbox 1824 3692 3520 3763">
     <span class='ocr_line' id='line_1_98' title="bbox 1824 3692 3520 3763; baseline -0.003 -13"><span class='ocrx_word' id='word_1_714' title='bbox 1824 3701 2062 3750; x_wconf 88' lang='lat' dir='ltr'><strong>testatur</strong></span> <span class='ocrx_word' id='word_1_715' title='bbox 2090 3695 2322 3749; x_wconf 90' lang='lat' dir='ltr'><strong>dicens:</strong></span> <span class='ocrx_word' id='word_1_716' title='bbox 2375 3694 2596 3761; x_wconf 72' lang='lat' dir='ltr'><strong>{Divina</strong></span> <span class='ocrx_word' id='word_1_717' title='bbox 2652 3693 2865 3763; x_wconf 90' lang='lat' dir='ltr'><strong>quippe</strong></span> <span class='ocrx_word' id='word_1_718' title='bbox 2921 3694 3106 3763; x_wconf 86' lang='lat' dir='ltr'><strong>gratia</strong></span> <span class='ocrx_word' id='word_1_719' title='bbox 3169 3692 3520 3761; x_wconf 82' lang='lat' dir='ltr'><strong>praevenitur</strong></span> 
     </span>
    </p>
   </div>
   <div class='ocr_carea' id='block_1_99' title="bbox 1823 3777 3584 3850">
    <p class='ocr_par' dir='ltr' id='par_1_99' title="bbox 1823 3777 3584 3850">
     <span class='ocr_line' id='line_1_99' title="bbox 1823 3777 3584 3850; baseline -0.002 -12"><span class='ocrx_word' id='word_1_720' title='bbox 1823 3784 2015 3850; x_wconf 89' lang='lat' dir='ltr'><strong>homo,</strong></span> <span class='ocrx_word' id='word_1_721' title='bbox 2066 3787 2128 3838; x_wconf 87' lang='lat' dir='ltr'><strong>ut</strong></span> <span class='ocrx_word' id='word_1_722' title='bbox 2181 3783 2366 3837; x_wconf 87' lang='lat' dir='ltr'><strong>bonus</strong></span> <span class='ocrx_word' id='word_1_723' title='bbox 2420 3783 2513 3847; x_wconf 88' lang='lat' dir='ltr'><strong>sit,</strong></span> <span class='ocrx_word' id='word_1_724' title='bbox 2555 3797 2660 3836; x_wconf 88' lang='lat' dir='ltr'><strong>nec</strong></span> <span class='ocrx_word' id='word_1_725' title='bbox 2722 3782 3039 3835; x_wconf 88' lang='lat' dir='ltr'><strong>humanum</strong></span> <span class='ocrx_word' id='word_1_726' title='bbox 3072 3780 3374 3834; x_wconf 87' lang='lat' dir='ltr'><strong>arbitrium</strong></span> <span class='ocrx_word' id='word_1_727' title='bbox 3417 3781 3518 3834; x_wconf 90' lang='lat' dir='ltr'><strong>Dei</strong></span> <span class='ocrx_word' id='word_1_728' title='bbox 3581 3777 3584 3784; x_wconf 82' lang='grc'><em>’</em></span> 
     </span>
    </p>
   </div>
   <div class='ocr_carea' id='block_1_100' title="bbox 1825 3869 3513 3946">
    <p class='ocr_par' dir='ltr' id='par_1_100' title="bbox 1825 3869 3513 3946">
     <span class='ocr_line' id='line_1_100' title="bbox 1825 3869 3513 3946; baseline -0.003 -18"><span class='ocrx_word' id='word_1_729' title='bbox 1825 3874 2069 3946; x_wconf 89' lang='lat' dir='ltr'><strong>gratiam</strong></span> <span class='ocrx_word' id='word_1_730' title='bbox 2104 3873 2404 3932; x_wconf 86' lang='lat' dir='ltr'><strong>antecedit,</strong></span> <span class='ocrx_word' id='word_1_731' title='bbox 2445 3871 2542 3926; x_wconf 84' lang='lat' dir='ltr'><strong>sed</strong></span> <span class='ocrx_word' id='word_1_732' title='bbox 2573 3872 2693 3941; x_wconf 89' lang='lat' dir='ltr'><strong>ipsa</strong></span> <span class='ocrx_word' id='word_1_733' title='bbox 2725 3871 2907 3940; x_wconf 86' lang='lat' dir='ltr'><strong>gratia</strong></span> <span class='ocrx_word' id='word_1_734' title='bbox 2941 3869 3040 3924; x_wconf 87' lang='lat' dir='ltr'><strong>Dei</strong></span> <span class='ocrx_word' id='word_1_735' title='bbox 3087 3869 3378 3924; x_wconf 89' lang='lat' dir='ltr'><strong>nolentem</strong></span> <span class='ocrx_word' id='word_1_736' title='bbox 3412 3870 3513 3924; x_wconf 86' lang='lat' dir='ltr'><strong>ho-</strong></span> 
     </span>
    </p>
   </div>
   <div class='ocr_carea' id='block_1_101' title="bbox 1828 3959 3516 4034">
    <p class='ocr_par' dir='ltr' id='par_1_101' title="bbox 1828 3959 3516 4034">
     <span class='ocr_line' id='line_1_101' title="bbox 1828 3959 3516 4034; baseline -0.004 -17"><span class='ocrx_word' id='word_1_737' title='bbox 1828 3964 2040 4017; x_wconf 90' lang='lat' dir='ltr'><strong>minem</strong></span> <span class='ocrx_word' id='word_1_738' title='bbox 2087 3961 2384 4034; x_wconf 87' lang='lat' dir='ltr'><strong>praevenit,</strong></span> <span class='ocrx_word' id='word_1_739' title='bbox 2429 3965 2488 4014; x_wconf 93' lang='lat' dir='ltr'><strong>ut</strong></span> <span class='ocrx_word' id='word_1_740' title='bbox 2533 3961 2703 4014; x_wconf 88' lang='lat' dir='ltr'><strong>etiam</strong></span> <span class='ocrx_word' id='word_1_741' title='bbox 2755 3960 2898 4013; x_wconf 89' lang='lat' dir='ltr'><strong>bene</strong></span> <span class='ocrx_word' id='word_1_742' title='bbox 2951 3959 3125 4028; x_wconf 65' lang='lat' dir='ltr'><strong>velit]</strong></span> <span class='ocrx_word' id='word_1_743' title='bbox 3178 3959 3320 4013; x_wconf 88' lang='lat' dir='ltr'><strong>Cum</strong></span> <span class='ocrx_word' id='word_1_744' title='bbox 3363 3959 3516 4012; x_wconf 86' lang='lat' dir='ltr'><strong>enim</strong></span> 
     </span>
    </p>
   </div>
   <div class='ocr_carea' id='block_1_102' title="bbox 1826 4048 3520 4118">
    <p class='ocr_par' dir='ltr' id='par_1_102' title="bbox 1826 4048 3520 4118">
     <span class='ocr_line' id='line_1_102' title="bbox 1826 4048 3520 4118; baseline -0.002 -13"><span class='ocrx_word' id='word_1_745' title='bbox 1826 4052 2010 4105; x_wconf 88' lang='lat' dir='ltr'><strong>malus</strong></span> <span class='ocrx_word' id='word_1_746' title='bbox 2046 4054 2214 4118; x_wconf 79' lang='lat' dir='ltr'><strong>esset,</strong></span> <span class='ocrx_word' id='word_1_747' title='bbox 2257 4049 2478 4104; x_wconf 89' lang='lat' dir='ltr'><strong>arbitrii</strong></span> <span class='ocrx_word' id='word_1_748' title='bbox 2511 4048 2598 4102; x_wconf 92' lang='lat' dir='ltr'><strong>sui</strong></span> <span class='ocrx_word' id='word_1_749' title='bbox 2630 4049 2982 4102; x_wconf 85' lang='lat' dir='ltr'><strong>voluntatem</strong></span> <span class='ocrx_word' id='word_1_750' title='bbox 3017 4048 3085 4102; x_wconf 87' lang='lat' dir='ltr'><strong>ad</strong></span> <span class='ocrx_word' id='word_1_751' title='bbox 3126 4049 3341 4102; x_wconf 88' lang='lat' dir='ltr'><strong>malum</strong></span> <span class='ocrx_word' id='word_1_752' title='bbox 3371 4064 3520 4102; x_wconf 82' lang='lat' dir='ltr'><strong>com-</strong></span> 
     </span>
    </p>
   </div>
   <div class='ocr_carea' id='block_1_103' title="bbox 1829 4135 3520 4207">
    <p class='ocr_par' dir='ltr' id='par_1_103' title="bbox 1829 4135 3520 4207">
     <span class='ocr_line' id='line_1_103' title="bbox 1829 4135 3520 4207; baseline -0.002 -14"><span class='ocrx_word' id='word_1_753' title='bbox 1829 4139 2108 4193; x_wconf 88' lang='lat' dir='ltr'><strong>mittendo</strong></span> <span class='ocrx_word' id='word_1_754' title='bbox 2147 4138 2339 4192; x_wconf 89' lang='lat' dir='ltr'><strong>divina</strong></span> <span class='ocrx_word' id='word_1_755' title='bbox 2385 4138 2696 4192; x_wconf 88' lang='lat' dir='ltr'><strong>clementer</strong></span> <span class='ocrx_word' id='word_1_756' title='bbox 2743 4153 2872 4190; x_wconf 80' lang='lat' dir='ltr'><strong>cum</strong></span> <span class='ocrx_word' id='word_1_757' title='bbox 2905 4135 3089 4206; x_wconf 88' lang='lat' dir='ltr'><strong>gratia</strong></span> <span class='ocrx_word' id='word_1_758' title='bbox 3143 4137 3411 4207; x_wconf 74' lang='lat' dir='ltr'><strong>respexit,</strong></span> <span class='ocrx_word' id='word_1_759' title='bbox 3465 4143 3520 4190; x_wconf 91' lang='lat' dir='ltr'><strong>et</strong></span> 
     </span>
    </p>
   </div>
   <div class='ocr_carea' id='block_1_104' title="bbox 1826 4225 3519 4298">
    <p class='ocr_par' dir='ltr' id='par_1_104' title="bbox 1826 4225 3519 4298">
     <span class='ocr_line' id='line_1_104' title="bbox 1826 4225 3519 4298; baseline 0 -18"><span class='ocrx_word' id='word_1_760' title='bbox 1826 4227 2135 4282; x_wconf 89' lang='lat' dir='ltr'><strong>voluntatis</strong></span> <span class='ocrx_word' id='word_1_761' title='bbox 2166 4227 2326 4282; x_wconf 78' lang='lat' dir='ltr'><strong>bonan</strong></span> <span class='ocrx_word' id='word_1_762' title='bbox 2371 4225 2721 4298; x_wconf 88' lang='lat' dir='ltr'><strong>principium</strong></span> <span class='ocrx_word' id='word_1_763' title='bbox 2767 4225 3126 4296; x_wconf 87' lang='lat' dir='ltr'><strong>iuspirando,</strong></span> <span class='ocrx_word' id='word_1_764' title='bbox 3177 4225 3519 4292; x_wconf 83' lang='lat' dir='ltr'><strong>desiderium</strong></span> 
     </span>
    </p>
   </div>
   <div class='ocr_carea' id='block_1_105' title="bbox 1829 4312 3520 4386">
    <p class='ocr_par' dir='ltr' id='par_1_105' title="bbox 1829 4312 3520 4386">
     <span class='ocr_line' id='line_1_105' title="bbox 1829 4312 3520 4386; baseline -0.002 -16"><span class='ocrx_word' id='word_1_765' title='bbox 1829 4315 2062 4370; x_wconf 89' lang='lat' dir='ltr'><strong>malitiae</strong></span> <span class='ocrx_word' id='word_1_766' title='bbox 2085 4316 2152 4370; x_wconf 93' lang='lat' dir='ltr'><strong>ad</strong></span> <span class='ocrx_word' id='word_1_767' title='bbox 2185 4314 2452 4369; x_wconf 90' lang='lat' dir='ltr'><strong>bonitatis</strong></span> <span class='ocrx_word' id='word_1_768' title='bbox 2482 4331 2737 4369; x_wconf 89' lang='lat' dir='ltr'><strong>amorem</strong></span> <span class='ocrx_word' id='word_1_769' title='bbox 2780 4314 3078 4382; x_wconf 88' lang='lat' dir='ltr'><strong>convertit,</strong></span> <span class='ocrx_word' id='word_1_770' title='bbox 3117 4321 3176 4368; x_wconf 91' lang='lat' dir='ltr'><strong>ut</strong></span> <span class='ocrx_word' id='word_1_771' title='bbox 3205 4312 3306 4386; x_wconf 89' lang='lat' dir='ltr'><strong>qui</strong></span> <span class='ocrx_word' id='word_1_772' title='bbox 3337 4315 3520 4368; x_wconf 88' lang='lat' dir='ltr'><strong>malus</strong></span> 
     </span>
    </p>
   </div>
   <div class='ocr_carea' id='block_1_106' title="bbox 1823 4392 3523 4476">
    <p class='ocr_par' dir='ltr' id='par_1_106' title="bbox 1823 4392 3523 4476">
     <span class='ocr_line' id='line_1_106' title="bbox 1823 4392 3523 4476; baseline -0.001 -18"><span class='ocrx_word' id='word_1_773' title='bbox 1823 4405 2010 4460; x_wconf 84' lang='lat' dir='ltr'><strong>fuerat</strong></span> <span class='ocrx_word' id='word_1_774' title='bbox 2056 4392 2368 4476; x_wconf 85' lang='lat' dir='ltr'><strong>diligendo,</strong></span> <span class='ocrx_word' id='word_1_775' title='bbox 2421 4405 2762 4476; x_wconf 88' lang='lat' dir='ltr'><strong>agendoque</strong></span> <span class='ocrx_word' id='word_1_776' title='bbox 2791 4404 3061 4473; x_wconf 65' lang='lat' dir='ltr'><strong>ﬁmalum,</strong></span> <span class='ocrx_word' id='word_1_777' title='bbox 3119 4402 3302 4458; x_wconf 88' lang='lat' dir='ltr'><strong>bonus</strong></span> <span class='ocrx_word' id='word_1_778' title='bbox 3359 4404 3523 4457; x_wconf 87' lang='lat' dir='ltr'><strong>tieret</strong></span> 
     </span>
    </p>
   </div>
   <div class='ocr_carea' id='block_1_107' title="bbox 1825 4492 3521 4565">
    <p class='ocr_par' dir='ltr' id='par_1_107' title="bbox 1825 4492 3521 4565">
     <span class='ocr_line' id='line_1_107' title="bbox 1825 4492 3521 4565; baseline -0.001 -19"><span class='ocrx_word' id='word_1_779' title='bbox 1825 4494 2090 4559; x_wconf 89' lang='lat' dir='ltr'><strong>amando,</strong></span> <span class='ocrx_word' id='word_1_780' title='bbox 2123 4494 2488 4565; x_wconf 87' lang='lat' dir='ltr'><strong>gerendoque</strong></span> <span class='ocrx_word' id='word_1_781' title='bbox 2521 4495 2755 4548; x_wconf 88' lang='lat' dir='ltr'><strong>bonum.</strong></span> <span class='ocrx_word' id='word_1_782' title='bbox 2781 4495 2934 4548; x_wconf 89' lang='lat' dir='ltr'><strong>llanc</strong></span> <span class='ocrx_word' id='word_1_783' title='bbox 2961 4492 3368 4564; x_wconf 79' lang='lat' dir='ltr'><strong>praeventiouis</strong></span> <span class='ocrx_word' id='word_1_784' title='bbox 3397 4509 3521 4562; x_wconf 85' lang='lat' dir='ltr'><strong>gra-</strong></span> 
     </span>
    </p>
   </div>
   <div class='ocr_carea' id='block_1_108' title="bbox 1824 4580 3518 4652">
    <p class='ocr_par' dir='ltr' id='par_1_108' title="bbox 1824 4580 3518 4652">
     <span class='ocr_line' id='line_1_108' title="bbox 1824 4580 3518 4652; baseline -0.001 -16"><span class='ocrx_word' id='word_1_785' title='bbox 1824 4581 1962 4636; x_wconf 90' lang='lat' dir='ltr'><strong>tiam</strong></span> <span class='ocrx_word' id='word_1_786' title='bbox 1994 4583 2405 4638; x_wconf 89' lang='lat' dir='ltr'><strong>commendaus</strong></span> <span class='ocrx_word' id='word_1_787' title='bbox 2435 4582 2726 4652; x_wconf 87' lang='lat' dir='ltr'><strong>Scriptura</strong></span> <span class='ocrx_word' id='word_1_788' title='bbox 2766 4582 2938 4636; x_wconf 88' lang='lat' dir='ltr'><strong>dicit:</strong></span> <span class='ocrx_word' id='word_1_789' title='bbox 2977 4601 3005 4632; x_wconf 74' lang='grc' dir='ltr'><strong>ι(</strong></span> <span class='ocrx_word' id='word_1_790' title='bbox 3046 4580 3184 4646; x_wconf 90' lang='lat' dir='ltr'><strong>Quis</strong></span> <span class='ocrx_word' id='word_1_791' title='bbox 3221 4581 3380 4652; x_wconf 90' lang='lat' dir='ltr'><strong>prior</strong></span> <span class='ocrx_word' id='word_1_792' title='bbox 3420 4581 3518 4634; x_wconf 88' lang='lat' dir='ltr'><strong>de-</strong></span> 
     </span>
    </p>
   </div>
   <div class='ocr_carea' id='block_1_109' title="bbox 1823 4669 3520 4742">
    <p class='ocr_par' dir='ltr' id='par_1_109' title="bbox 1823 4669 3520 4742">
     <span class='ocr_line' id='line_1_109' title="bbox 1823 4669 3520 4742; baseline -0.002 -19"><span class='ocrx_word' id='word_1_793' title='bbox 1823 4669 1907 4723; x_wconf 92' lang='lat' dir='ltr'><strong>dit</strong></span> <span class='ocrx_word' id='word_1_794' title='bbox 1954 4671 2025 4734; x_wconf 89' lang='lat' dir='ltr'><strong>ei,</strong></span> <span class='ocrx_word' id='word_1_795' title='bbox 2083 4677 2138 4726; x_wconf 93' lang='lat' dir='ltr'><strong>et</strong></span> <span class='ocrx_word' id='word_1_796' title='bbox 2187 4671 2472 4724; x_wconf 88' lang='lat' dir='ltr'><strong>tribuetur</strong></span> <span class='ocrx_word' id='word_1_797' title='bbox 2511 4671 2632 4725; x_wconf 89' lang='lat' dir='ltr'><strong>illi?</strong></span> <span class='ocrx_word' id='word_1_798' title='bbox 2669 4671 2944 4742; x_wconf 89' lang='lat' dir='ltr'><strong>quoniam</strong></span> <span class='ocrx_word' id='word_1_799' title='bbox 2996 4686 3067 4723; x_wconf 78' lang='lat' dir='ltr'><strong>ex</strong></span> <span class='ocrx_word' id='word_1_800' title='bbox 3116 4669 3262 4739; x_wconf 90' lang='lat' dir='ltr'><strong>ipso,</strong></span> <span class='ocrx_word' id='word_1_801' title='bbox 3323 4672 3378 4722; x_wconf 88' lang='lat' dir='ltr'><strong>et</strong></span> <span class='ocrx_word' id='word_1_802' title='bbox 3417 4683 3520 4737; x_wconf 88' lang='lat' dir='ltr'><strong>per</strong></span> 
     </span>
    </p>
   </div>
   <div class='ocr_carea' id='block_1_110' title="bbox 1823 4757 3515 4829">
    <p class='ocr_par' dir='ltr' id='par_1_110' title="bbox 1823 4757 3515 4829">
     <span class='ocr_line' id='line_1_110' title="bbox 1823 4757 3515 4829; baseline -0.004 -19"><span class='ocrx_word' id='word_1_803' title='bbox 1823 4757 2034 4828; x_wconf 90' lang='lat' dir='ltr'><strong>ipsum,</strong></span> <span class='ocrx_word' id='word_1_804' title='bbox 2083 4763 2136 4813; x_wconf 91' lang='lat' dir='ltr'><strong>et</strong></span> <span class='ocrx_word' id='word_1_805' title='bbox 2186 4759 2246 4812; x_wconf 88' lang='lat' dir='ltr'><strong>in</strong></span> <span class='ocrx_word' id='word_1_806' title='bbox 2295 4759 2414 4829; x_wconf 90' lang='lat' dir='ltr'><strong>ipso</strong></span> <span class='ocrx_word' id='word_1_807' title='bbox 2450 4764 2584 4812; x_wconf 89' lang='lat' dir='ltr'><strong>sunt</strong></span> <span class='ocrx_word' id='word_1_808' title='bbox 2612 4758 2805 4812; x_wconf 88' lang='lat' dir='ltr'><strong>omnia</strong></span> <span class='ocrx_word' id='word_1_809' title='bbox 2852 4761 3023 4824; x_wconf 82' lang='lat' dir='ltr'><strong>(Rom.</strong></span> <span class='ocrx_word' id='word_1_810' title='bbox 3067 4773 3142 4820; x_wconf 71' lang='lat' dir='ltr'><strong>xu,</strong></span> <span class='ocrx_word' id='word_1_811' title='bbox 3206 4757 3292 4820; x_wconf 78' lang='grc'><strong>35,</strong></span> <span class='ocrx_word' id='word_1_812' title='bbox 3340 4757 3453 4823; x_wconf 84' lang='grc'><strong>36).</strong></span> <span class='ocrx_word' id='word_1_813' title='bbox 3489 4774 3515 4804; x_wconf 84' lang='grc'><strong>››</strong></span> 
     </span>
    </p>
   </div>
   <div class='ocr_carea' id='block_1_111' title="bbox 1821 4841 3516 4917">
    <p class='ocr_par' dir='ltr' id='par_1_111' title="bbox 1821 4841 3516 4917">
     <span class='ocr_line' id='line_1_111' title="bbox 1821 4841 3516 4917; baseline -0.003 -17"><span class='ocrx_word' id='word_1_814' title='bbox 1821 4847 2162 4900; x_wconf 86' lang='lat' dir='ltr'><strong>Annectitur</strong></span> <span class='ocrx_word' id='word_1_815' title='bbox 2192 4852 2382 4901; x_wconf 87' lang='lat' dir='ltr'><strong>autem</strong></span> <span class='ocrx_word' id='word_1_816' title='bbox 2414 4863 2606 4916; x_wconf 90' lang='lat' dir='ltr'><strong>causa,</strong></span> <span class='ocrx_word' id='word_1_817' title='bbox 2636 4864 2763 4917; x_wconf 82' lang='lat' dir='ltr'><strong>quae</strong></span> <span class='ocrx_word' id='word_1_818' title='bbox 2799 4846 2942 4898; x_wconf 89' lang='lat' dir='ltr'><strong>vires</strong></span> <span class='ocrx_word' id='word_1_819' title='bbox 2969 4842 3217 4898; x_wconf 89' lang='lat' dir='ltr'><strong>hominis</strong></span> <span class='ocrx_word' id='word_1_820' title='bbox 3257 4841 3327 4896; x_wconf 89' lang='lat' dir='ltr'><strong>ad</strong></span> <span class='ocrx_word' id='word_1_821' title='bbox 3365 4842 3516 4896; x_wconf 87' lang='lat' dir='ltr'><strong>bene</strong></span> 
     </span>
    </p>
   </div>
   <div class='ocr_carea' id='block_1_112' title="bbox 1823 4930 3517 5005">
    <p class='ocr_par' dir='ltr' id='par_1_112' title="bbox 1823 4930 3517 5005">
     <span class='ocr_line' id='line_1_112' title="bbox 1823 4930 3517 5005; baseline -0.002 -17"><span class='ocrx_word' id='word_1_822' title='bbox 1823 4935 2108 5005; x_wconf 88' lang='lat' dir='ltr'><strong>agendum</strong></span> <span class='ocrx_word' id='word_1_823' title='bbox 2134 4936 2308 4990; x_wconf 77' lang='lat' dir='ltr'><strong>efﬁcit</strong></span> <span class='ocrx_word' id='word_1_824' title='bbox 2338 4935 2670 5002; x_wconf 88' lang='lat' dir='ltr'><strong>imbecilles,</strong></span> <span class='ocrx_word' id='word_1_825' title='bbox 2705 4934 2814 4988; x_wconf 89' lang='lat' dir='ltr'><strong>nisi</strong></span> <span class='ocrx_word' id='word_1_826' title='bbox 2855 4931 3031 4988; x_wconf 90' lang='lat' dir='ltr'><strong>divini</strong></span> <span class='ocrx_word' id='word_1_827' title='bbox 3055 4931 3311 4985; x_wconf 87' lang='lat' dir='ltr'><strong>muneris</strong></span> <span class='ocrx_word' id='word_1_828' title='bbox 3342 4930 3517 4985; x_wconf 79' lang='lat' dir='ltr'><strong>fuerit</strong></span> 
     </span>
    </p>
   </div>
   <div class='ocr_carea' id='block_1_113' title="bbox 1821 5020 3517 5094">
    <p class='ocr_par' dir='ltr' id='par_1_113' title="bbox 1821 5020 3517 5094">
     <span class='ocr_line' id='line_1_113' title="bbox 1821 5020 3517 5094; baseline -0.002 -17"><span class='ocrx_word' id='word_1_829' title='bbox 1821 5024 2032 5080; x_wconf 80' lang='lat' dir='ltr'><strong>auxilio</strong></span> <span class='ocrx_word' id='word_1_830' title='bbox 2063 5026 2384 5091; x_wconf 88' lang='lat' dir='ltr'><strong>roboratus;</strong></span> <span class='ocrx_word' id='word_1_831' title='bbox 2417 5025 2553 5078; x_wconf 88' lang='lat' dir='ltr'><strong>dicit</strong></span> <span class='ocrx_word' id='word_1_832' title='bbox 2583 5024 2775 5094; x_wconf 86' lang='lat' dir='ltr'><strong>itaque</strong></span> <span class='ocrx_word' id='word_1_833' title='bbox 2807 5039 2818 5076; x_wconf 93' lang='lat'><strong>:</strong></span> <span class='ocrx_word' id='word_1_834' title='bbox 2857 5022 3022 5092; x_wconf 74' lang='lat' dir='ltr'><strong>{Nam</strong></span> <span class='ocrx_word' id='word_1_835' title='bbox 3045 5020 3300 5091; x_wconf 88' lang='lat' dir='ltr'><strong>pondere</strong></span> <span class='ocrx_word' id='word_1_836' title='bbox 3330 5021 3517 5074; x_wconf 88' lang='lat' dir='ltr'><strong>carnis</strong></span> 
     </span>
    </p>
   </div>
   <div class='ocr_carea' id='block_1_114' title="bbox 1818 5109 3513 5185">
    <p class='ocr_par' dir='ltr' id='par_1_114' title="bbox 1818 5109 3513 5185">
     <span class='ocr_line' id='line_1_114' title="bbox 1818 5109 3513 5185; baseline -0.001 -18"><span class='ocrx_word' id='word_1_837' title='bbox 1818 5113 1994 5168; x_wconf 90' lang='lat' dir='ltr'><strong>homo</strong></span> <span class='ocrx_word' id='word_1_838' title='bbox 2022 5114 2100 5168; x_wconf 92' lang='lat' dir='ltr'><strong>sic</strong></span> <span class='ocrx_word' id='word_1_839' title='bbox 2131 5115 2342 5185; x_wconf 90' lang='lat' dir='ltr'><strong>agitur,</strong></span> <span class='ocrx_word' id='word_1_840' title='bbox 2375 5117 2436 5166; x_wconf 92' lang='lat' dir='ltr'><strong>ut</strong></span> <span class='ocrx_word' id='word_1_841' title='bbox 2461 5113 2532 5166; x_wconf 90' lang='lat' dir='ltr'><strong>sit</strong></span> <span class='ocrx_word' id='word_1_842' title='bbox 2561 5113 2628 5166; x_wconf 90' lang='lat' dir='ltr'><strong>ad</strong></span> <span class='ocrx_word' id='word_1_843' title='bbox 2671 5111 3019 5182; x_wconf 88' lang='lat' dir='ltr'><strong>peccandum</strong></span> <span class='ocrx_word' id='word_1_844' title='bbox 3052 5109 3255 5174; x_wconf 76' lang='lat' dir='ltr'><strong>facilis,</strong></span> <span class='ocrx_word' id='word_1_845' title='bbox 3291 5109 3360 5163; x_wconf 89' lang='lat' dir='ltr'><strong>ad</strong></span> <span class='ocrx_word' id='word_1_846' title='bbox 3394 5126 3513 5180; x_wconf 78' lang='lat' dir='ltr'><strong>pae-</strong></span> 
     </span>
    </p>
   </div>
   <div class='ocr_carea' id='block_1_115' title="bbox 1821 5199 3514 5266">
    <p class='ocr_par' dir='ltr' id='par_1_115' title="bbox 1821 5199 3514 5266">
     <span class='ocr_line' id='line_1_115' title="bbox 1821 5199 3514 5266; baseline -0.003 -10"><span class='ocrx_word' id='word_1_847' title='bbox 1821 5203 2119 5257; x_wconf 90' lang='lat' dir='ltr'><strong>nitendum</strong></span> <span class='ocrx_word' id='word_1_848' title='bbox 2151 5203 2364 5256; x_wconf 88' lang='lat' dir='ltr'><strong>tardus.</strong></span> <span class='ocrx_word' id='word_1_849' title='bbox 2403 5200 2582 5255; x_wconf 81' lang='lat' dir='ltr'><strong>Habet</strong></span> <span class='ocrx_word' id='word_1_850' title='bbox 2610 5199 2679 5254; x_wconf 88' lang='lat' dir='ltr'><strong>de</strong></span> <span class='ocrx_word' id='word_1_851' title='bbox 2719 5215 2776 5253; x_wconf 88' lang='lat' dir='ltr'><strong>se</strong></span> <span class='ocrx_word' id='word_1_852' title='bbox 2815 5199 2963 5252; x_wconf 91' lang='lat' dir='ltr'><strong>unde</strong></span> <span class='ocrx_word' id='word_1_853' title='bbox 3010 5204 3258 5266; x_wconf 85' lang='lat' dir='ltr'><strong>corruat,</strong></span> <span class='ocrx_word' id='word_1_854' title='bbox 3289 5203 3345 5253; x_wconf 91' lang='lat' dir='ltr'><strong>et</strong></span> <span class='ocrx_word' id='word_1_855' title='bbox 3397 5215 3514 5252; x_wconf 92' lang='lat' dir='ltr'><strong>nou</strong></span> 
     </span>
    </p>
   </div>
   <div class='ocr_carea' id='block_1_116' title="bbox 1818 5287 3512 5359">
    <p class='ocr_par' dir='ltr' id='par_1_116' title="bbox 1818 5287 3512 5359">
     <span class='ocr_line' id='line_1_116' title="bbox 1818 5287 3512 5359; baseline -0.003 -13"><span class='ocrx_word' id='word_1_856' title='bbox 1818 5292 1990 5347; x_wconf 85' lang='lat' dir='ltr'><strong>habet</strong></span> <span class='ocrx_word' id='word_1_857' title='bbox 2035 5291 2186 5345; x_wconf 89' lang='lat' dir='ltr'><strong>unde</strong></span> <span class='ocrx_word' id='word_1_858' title='bbox 2218 5294 2430 5359; x_wconf 86' lang='lat' dir='ltr'><strong>surgat,</strong></span> <span class='ocrx_word' id='word_1_859' title='bbox 2476 5288 2583 5342; x_wconf 91' lang='lat' dir='ltr'><strong>nisi</strong></span> <span class='ocrx_word' id='word_1_860' title='bbox 2614 5288 2799 5359; x_wconf 85' lang='lat' dir='ltr'><strong>gratia</strong></span> <span class='ocrx_word' id='word_1_861' title='bbox 2832 5287 3174 5354; x_wconf 88' lang='lat' dir='ltr'><strong>Conditoris,</strong></span> <span class='ocrx_word' id='word_1_862' title='bbox 3209 5293 3271 5342; x_wconf 88' lang='lat' dir='ltr'><strong>ut</strong></span> <span class='ocrx_word' id='word_1_863' title='bbox 3328 5287 3512 5358; x_wconf 88' lang='lat' dir='ltr'><strong>eriga-</strong></span> 
     </span>
    </p>
   </div>
   <div class='ocr_carea' id='block_1_117' title="bbox 1820 5377 3514 5449">
    <p class='ocr_par' dir='ltr' id='par_1_117' title="bbox 1820 5377 3514 5449">
     <span class='ocr_line' id='line_1_117' title="bbox 1820 5377 3514 5449; baseline -0.004 -15"><span class='ocrx_word' id='word_1_864' title='bbox 1820 5387 1932 5448; x_wconf 91' lang='lat' dir='ltr'><strong>tur,</strong></span> <span class='ocrx_word' id='word_1_865' title='bbox 1980 5396 2215 5433; x_wconf 89' lang='lat' dir='ltr'><strong>manum</strong></span> <span class='ocrx_word' id='word_1_866' title='bbox 2266 5377 2478 5448; x_wconf 87' lang='lat' dir='ltr'><strong>jacenti</strong></span> <span class='ocrx_word' id='word_1_867' title='bbox 2517 5377 2817 5449; x_wconf 64' lang='lat' dir='ltr'><strong>porrigat]</strong></span> <span class='ocrx_word' id='word_1_868' title='bbox 2852 5380 3063 5432; x_wconf 83' lang='lat' dir='ltr'><strong>l’ontus</strong></span> <span class='ocrx_word' id='word_1_869' title='bbox 3111 5378 3301 5449; x_wconf 86' lang='lat' dir='ltr'><strong>itaque</strong></span> <span class='ocrx_word' id='word_1_870' title='bbox 3331 5377 3514 5430; x_wconf 87' lang='lat' dir='ltr'><strong>carnis</strong></span> 
     </span>
    </p>
   </div>
   <div class='ocr_carea' id='block_1_118' title="bbox 1820 5465 3515 5541">
    <p class='ocr_par' dir='ltr' id='par_1_118' title="bbox 1820 5465 3515 5541">
     <span class='ocr_line' id='line_1_118' title="bbox 1820 5465 3515 5541; baseline -0.002 -19"><span class='ocrx_word' id='word_1_871' title='bbox 1820 5469 1957 5541; x_wconf 90' lang='lat' dir='ltr'><strong>quid</strong></span> <span class='ocrx_word' id='word_1_872' title='bbox 1994 5473 2095 5535; x_wconf 91' lang='lat' dir='ltr'><strong>est,</strong></span> <span class='ocrx_word' id='word_1_873' title='bbox 2130 5467 2237 5522; x_wconf 89' lang='lat' dir='ltr'><strong>nisi</strong></span> <span class='ocrx_word' id='word_1_874' title='bbox 2286 5467 2614 5538; x_wconf 87' lang='lat' dir='ltr'><strong>corruptela</strong></span> <span class='ocrx_word' id='word_1_875' title='bbox 2666 5467 2920 5539; x_wconf 86' lang='lat' dir='ltr'><strong>peccati?</strong></span> <span class='ocrx_word' id='word_1_876' title='bbox 2970 5468 3123 5521; x_wconf 85' lang='lat' dir='ltr'><strong>Hanc</strong></span> <span class='ocrx_word' id='word_1_877' title='bbox 3156 5465 3347 5537; x_wconf 87' lang='lat' dir='ltr'><strong>itaque</strong></span> <span class='ocrx_word' id='word_1_878' title='bbox 3395 5481 3515 5518; x_wconf 91' lang='lat' dir='ltr'><strong>cor-</strong></span> 
     </span>
    </p>
   </div>
   <div class='ocr_carea' id='block_1_119' title="bbox 1820 5555 3526 5629">
    <p class='ocr_par' dir='ltr' id='par_1_119' title="bbox 1820 5555 3526 5629">
     <span class='ocr_line' id='line_1_119' title="bbox 1820 5555 3526 5629; baseline -0.002 -17"><span class='ocrx_word' id='word_1_879' title='bbox 1820 5557 2103 5629; x_wconf 82' lang='lat' dir='ltr'><strong>ruptelam</strong></span> <span class='ocrx_word' id='word_1_880' title='bbox 2155 5555 2382 5624; x_wconf 80' lang='lat' dir='ltr'><strong>incidit,</strong></span> <span class='ocrx_word' id='word_1_881' title='bbox 2431 5557 2660 5628; x_wconf 91' lang='lat' dir='ltr'><strong>quando</strong></span> <span class='ocrx_word' id='word_1_882' title='bbox 2709 5562 2840 5628; x_wconf 88' lang='lat' dir='ltr'><strong>post</strong></span> <span class='ocrx_word' id='word_1_883' title='bbox 2894 5556 3038 5628; x_wconf 90' lang='lat' dir='ltr'><strong>ligni</strong></span> <span class='ocrx_word' id='word_1_884' title='bbox 3077 5555 3236 5610; x_wconf 88' lang='lat' dir='ltr'><strong>vetiti</strong></span> <span class='ocrx_word' id='word_1_885' title='bbox 3281 5559 3526 5625; x_wconf 85' lang='lat' dir='ltr'><strong>gustum.</strong></span> 
     </span>
    </p>
   </div>
   <div class='ocr_carea' id='block_1_120' title="bbox 1818 5643 3509 5717">
    <p class='ocr_par' dir='ltr' id='par_1_120' title="bbox 1818 5643 3509 5717">
     <span class='ocr_line' id='line_1_120' title="bbox 1818 5643 3509 5717; baseline -0.003 -17"><span class='ocrx_word' id='word_1_886' title='bbox 1818 5645 1998 5717; x_wconf 84' lang='lat' dir='ltr'><strong>aperti</strong></span> <span class='ocrx_word' id='word_1_887' title='bbox 2057 5650 2188 5700; x_wconf 89' lang='lat' dir='ltr'><strong>sunt</strong></span> <span class='ocrx_word' id='word_1_888' title='bbox 2239 5646 2291 5700; x_wconf 89' lang='lat' dir='ltr'><strong>ei</strong></span> <span class='ocrx_word' id='word_1_889' title='bbox 2344 5646 2511 5706; x_wconf 88' lang='lat' dir='ltr'><strong>oculi.</strong></span> <span class='ocrx_word' id='word_1_890' title='bbox 2573 5652 2627 5700; x_wconf 89' lang='lat' dir='ltr'><strong>et.</strong></span> <span class='ocrx_word' id='word_1_891' title='bbox 2684 5646 2956 5700; x_wconf 87' lang='lat' dir='ltr'><strong>uuditatis</strong></span> <span class='ocrx_word' id='word_1_892' title='bbox 3016 5660 3134 5698; x_wconf 82' lang='lat' dir='ltr'><strong>suae</strong></span> <span class='ocrx_word' id='word_1_893' title='bbox 3185 5643 3509 5714; x_wconf 84' lang='lat' dir='ltr'><strong>squalorem</strong></span> 
     </span>
    </p>
   </div>
  </div>
