3920 6224
381 282 447 333 63

379 415 624 488 aspexit;
653 412 872 484 apertio
901 411 1147 482 denique
1187 410 1283 465 illa
1319 411 1640 479 oculorum,
1675 409 2076 480 concupiscen-
2105 412 2145 464 Α

379 504 458 558 tia
487 502 801 556 carnalium
835 500 1051 554 exstitit
1095 499 1448 570 passionum,
1494 505 1549 553 et
1604 499 1735 553 inde
1768 514 1825 553 se
1858 498 2078 551 nudum

383 590 700 661 obstupuit,
729 606 841 661 quo
871 606 929 643 se
963 589 1232 642 virtutum
1275 594 1426 641 veste
1454 588 1760 658 spoliatum
1800 586 2030 641 erubuit
2062 603 2076 640 :

379 697 481 735 nec
505 680 624 750 jam
683 678 743 732 in
774 678 959 731 calore
991 677 1223 746 superni
1255 676 1466 730 amoris
1514 677 1844 741 consistens,
1878 692 2077 729 verum

380 770 450 824 ad
512 766 756 821 carnalis
824 765 1299 835 concupiscentim
1373 764 1714 819 desiderium
1783 782 2077 834 corruens,

379 857 588 912 divinm
619 853 960 908 visitationis
1013 853 1330 924 alloquium
1361 854 1432 907 ad
1484 870 1681 907 auram
1740 854 1899 907 audit
1952 859 2082 923 post

380 944 700 999 meridiem.
766 943 884 998 Hoc
943 942 1136 1012 itaque
1195 942 1445 1013 pondere
1509 942 1745 1012 peccati,
1816 941 2080 996 videlicet

380 1030 839 1101 concupiscentia
867 1028 1181 1083 carnalium
1232 1030 1581 1099 passionum,
1636 1030 1823 1099 agitur
1879 1030 2075 1096 homo,

384 1126 447 1175 ut
476 1120 548 1173 sit
587 1119 655 1173 ad
690 1120 1043 1190 peccandum
1084 1118 1279 1183 facilis,
1316 1118 1386 1171 ad
1427 1118 1823 1187 paenitendum
1883 1122 2077 1171 autem

382 1209 580 1264 tardus
612 1225 623 1261 :
654 1207 789 1278 quia
819 1223 885 1283 ex
917 1223 1029 1278 quo
1077 1207 1264 1261 cordis
1313 1206 1508 1260 oculos
1539 1207 1605 1260 ad
1641 1207 2074 1263 delectationem

381 1296 596 1369 peccati
628 1297 870 1367 aperuit,
931 1312 995 1349 ex
1045 1312 1112 1350 eo
1160 1297 1376 1349 clausos
1422 1296 1494 1349 ad
1527 1311 1778 1349 amorem
1837 1296 2077 1365 justitim

382 1385 586 1452 tenuit,
622 1389 678 1438 et
710 1388 1014 1456 postquam
1070 1384 1294 1437 virtutis
1325 1389 1535 1438 vestem
1565 1384 1776 1449 amisit,
1831 1384 2077 1438 infirmi-

384 1473 515 1528 tatis
550 1472 865 1527 nuditatem
903 1472 1135 1544 accepit.
1172 1472 1292 1537 Qua
1341 1473 1410 1526 de
1460 1488 1518 1526 re
1549 1488 1678 1526 cum
1734 1489 1834 1543 per
1890 1472 2077 1526 cordis

385 1564 696 1617 caecitatem
729 1562 932 1633 nequit
962 1560 1177 1616 bonum
1210 1561 1560 1632 conspicere,
1595 1577 1695 1633 per
1724 1560 2077 1614 infirmitatis

386 1657 577 1705 autem
609 1650 981 1716 debilitatem,
1016 1666 1145 1721 qum
1169 1656 1319 1704 recta
1350 1656 1482 1705 sunt
1513 1667 1626 1704 non
1648 1650 1796 1703 valet
1824 1650 2069 1720 operari,

384 1744 604 1793 constat
664 1740 915 1810 profecto
981 1717 1145 1809 juxta
1227 1740 1406 1793 sancti
1472 1739 1641 1809 hujus
1694 1717 2072 1795 sententiam:
2112 1717 2150 1772 Β

386 1828 548 1893 Quod
606 1828 926 1882 mortalitas
976 1833 1169 1881 nostra
1217 1828 1391 1881 habet
1423 1828 1492 1881 de
1540 1845 1598 1881 se
1634 1829 1782 1882 unde
1830 1834 2075 1894 corruat,

384 1921 441 1971 et
473 1931 591 1969 non
623 1915 793 1968 habet
824 1914 977 1967 unde
1006 1920 1219 1984 surgat.
1268 1917 1331 1969 Et
1360 1916 1504 1970 bene
1535 1916 1604 1970 de
1640 1933 1697 1969 se
1729 1916 1881 1987 quod
1912 1916 2075 1970 intir-

385 2003 600 2059 mitatis
639 2008 725 2058 est
752 2002 923 2057 homo
964 2003 1174 2057 habere
1214 2003 1457 2057 dicitur:
1486 2004 1757 2074 quoniam
1809 2009 1863 2057 et
1913 2005 2077 2058 cmci-

384 2091 518 2147 tatis
550 2092 845 2157 damnum,
876 2096 929 2144 et
966 2091 1318 2146 inﬁrmitatis
1348 2093 1649 2163 penuriam
1699 2092 1767 2146 de
1799 2109 1857 2146 se
1888 2109 2077 2147 susce-

382 2182 487 2253 pit,
522 2180 750 2251 quando
783 2181 1015 2251 superni
1048 2181 1281 2235 luminis
1304 2181 1660 2252 prmsidium,
1692 2198 1805 2252 quo
1852 2182 2078 2252 sapien-

382 2271 476 2325 tim
510 2271 725 2337 lumen,
777 2274 833 2323 et
885 2269 1081 2323 salutis
1129 2271 1395 2325 virtutem
1458 2272 1931 2342 consequebatur,
1978 2288 2079 2342 per

382 2358 828 2414 inobedientiam
875 2359 1156 2429 superbus
1204 2358 1396 2415 amisit
1430 2375 1443 2412 :
1484 2375 1668 2430 neque
1704 2361 1822 2412 suis
1865 2358 2079 2412 viribus

382 2446 617 2516 adipisci
640 2447 760 2516 jam
800 2447 965 2513 valet,
1010 2446 1161 2516 quod
1191 2448 1370 2517 culpm
1401 2462 1520 2499 sum
1554 2446 1775 2499 meritis
1806 2446 2074 2516 perdidit,

391 2535 503 2588 nisi
552 2535 756 2604 gratia,
815 2534 1132 2588 Conditoris
1186 2535 1588 2589 misericordiae
1619 2552 1736 2588 sum
1792 2551 1985 2596 manu,
2024 2540 2081 2587 et

386 2625 570 2677 cordis
601 2624 909 2679 caecitatem
946 2630 1254 2694 removeat,
1286 2630 1341 2679 et
1372 2624 1595 2679 virtutis
1625 2625 2077 2680 incolumitatem

384 2712 615 2780 tribuat,
664 2717 943 2783 quatenus
971 2712 1021 2766 ei
1056 2713 1295 2783 justitim
1345 2715 1537 2768 lumen
1587 2714 1888 2784 refulgeat,
1941 2719 1995 2767 et
2028 2712 2079 2767 ei

386 2817 558 2873 quam
594 2801 794 2863 cernit,
839 2801 1074 2871 justitim
1104 2817 1207 2871 per
1252 2802 1475 2856 virtutis
1506 2818 1765 2873 gressum
1797 2802 2078 2856 inhmrere

384 2888 582 2960 possit.
625 2890 787 2955 Quod
820 2894 1010 2943 autem
1066 2891 1419 2961 protoplasto
1452 2891 1614 2945 liberi
1648 2891 1795 2945 vires
1856 2890 2079 2944 arbitrii

385 2979 760 3032 successerint
817 2982 945 3032 ante
1005 2979 1475 3049 transgressionis
1521 2979 1764 3042 ruinam,
1829 2979 2079 3032 insinuat

384 3082 513 3120 cum
542 3066 836 3137 subjungit
871 3082 883 3121 :
920 3066 1198 3138 [Denique
1243 3068 1465 3121 homini
1520 3084 1625 3138 per
1677 3068 1777 3122 Dei
1836 3069 2076 3139 gratiam

383 3156 631 3210 liberum
688 3160 1038 3217 restauratur
1085 3155 1403 3221 arbitrium,
1435 3157 1586 3227 quod
1621 3156 1842 3227 primus
1904 3158 2077 3211 homo

384 3243 729 3315 perdiderat.
777 3244 917 3297 Nam
958 3243 1054 3297 ille
1082 3243 1285 3297 habuit
1317 3244 1453 3297 boni
1496 3244 1802 3299 inchoandi
1833 3245 2079 3299 liberum

386 3332 713 3395 arbitrium,
773 3332 927 3403 quod
988 3336 1179 3387 tamen
1235 3332 1621 3401 Deiadjutorio
1662 3333 2073 3404 perficeretur:

386 3437 488 3475 nos
519 3437 651 3474 vero
683 3426 736 3474 et
758 3420 1187 3475 inchoationem
1219 3421 1383 3475 liberi
1421 3421 1662 3491 arbitrii,
1691 3429 1747 3477 et
1774 3423 2079 3493 perfectio—

388 3525 521 3563 nem
575 3509 644 3563 de
700 3509 799 3563 Dei
842 3509 1122 3564 sumimus
1177 3509 1391 3580 gratia;
1424 3510 1557 3581 quia
1608 3516 1665 3565 et
1715 3510 1988 3581 incipere,
2024 3516 2081 3565 et

385 3598 662 3670 perlicere
713 3598 929 3653 bonum
962 3599 1031 3653 de
1083 3598 1205 3670 ipso
1250 3599 1547 3666 habemus,
1584 3617 1613 3653 a
1640 3616 1753 3671 quo
1784 3605 1839 3655 et
1876 3600 2079 3671 gratim

386 3686 603 3741 donum
634 3687 856 3755 datum,
897 3691 952 3741 et
1000 3687 1245 3742 liberum
1298 3687 1603 3743 arbitrium
1657 3689 1717 3743 in
1773 3689 1937 3743 nobis
1996 3693 2081 3743 est

386 3777 809 3847 restauratum]
852 3777 1129 3831 Docemur
1183 3778 1376 3848 itaque
1427 3784 1557 3833 ante
1615 3778 1824 3832 divinm
1876 3779 2077 3848 gratim

383 3866 811 3935 perceptionem
862 3865 1028 3935 longe
1059 3882 1160 3919 nos
1188 3866 1375 3935 jacere
1406 3867 1553 3920 infra
1601 3867 1776 3937 primi
1830 3866 2078 3920 hominis

384 3954 788 4007 conditionem.
842 3954 943 4007 llle
983 3954 1231 4025 denique
1278 3955 1408 4009 talis
1455 3956 1718 4009 conditus
1761 3956 1963 4022 fuerat,
2018 3960 2080 4008 ut

387 4040 553 4094 liberi
621 4041 843 4094 arbitrii
896 4046 1178 4110 potestate
1229 4042 1469 4111 justitim
1526 4044 1765 4109 bonum,
1821 4049 1875 4097 et
1934 4044 2077 4097 velle

387 4132 597 4199 posset,
647 4135 703 4182 et
735 4129 985 4198 Operari,
1020 4145 1122 4183 nos
1155 4146 1287 4184 vero
1321 4147 1583 4185 caremus
1633 4137 1880 4202 utroque
1914 4148 1927 4185 :
1973 4148 2076 4185 nec

387 4216 539 4270 enim
589 4217 675 4270 vel
726 4218 888 4285 velle,
939 4219 1023 4270 vel
1081 4218 1265 4272 facere
1321 4219 1538 4273 bonum
1611 4220 1831 4289 adiacet
1888 4221 2072 4286 nobis,

386 4304 495 4359 nisi
535 4304 713 4357 divini
747 4306 1000 4359 muneris
1029 4306 1290 4377 largitate
1338 4308 1509 4361 fuerit
1562 4309 1904 4378 prmstitum.
1973 4310 2074 4363 Ma-
2106 4318 2146 4372 1)

384 4409 589 4447 nemus
655 4392 847 4463 itaque
921 4394 982 4448 in
1049 4394 1306 4465 ejusdem
1364 4401 1514 4450 sorte
1590 4397 1955 4463 conditionis,
2017 4399 2077 4452 in

386 4498 560 4553 quam
629 4482 820 4552 lapsus
890 4482 986 4536 ille
1043 4483 1249 4537 decidit
1312 4489 1439 4555 post
1516 4486 2070 4556 transgressionem:

385 4575 449 4625 ut
540 4571 694 4624 enim
768 4569 852 4623 illi
939 4570 1277 4642 priusquam
1356 4579 1660 4643 peccasset,
1731 4579 1787 4628 et
1845 4574 2075 4629 inchoa-

386 4659 482 4726 tio,
562 4664 618 4712 et
687 4659 1106 4714 consummatio
1183 4660 1321 4714 boni
1376 4674 1480 4732 per
1532 4662 1697 4715 liberi
1747 4662 2075 4719 facultatem

385 4746 614 4818 patebat
689 4747 937 4814 arbitrii;
1006 4749 1085 4802 ita
1182 4754 1311 4819 post
1384 4750 1575 4805 delicti
1649 4755 1892 4819 reatum,
1974 4770 2076 4807 nec

384 4836 639 4907 incipere
693 4852 798 4889 nec
852 4836 1121 4907 perficere
1169 4836 1387 4890 bonum
1442 4837 1524 4890 illi
1579 4840 1851 4908 possibile
1908 4857 2075 4895 mau-

384 4924 475 4977 sit.
510 4924 862 4978 lnﬁrmitatis
908 4924 1191 4996 siquidem
1222 4925 1472 4996 proprim
1501 4927 1667 4997 culpa
1709 4930 2076 4999 premebatur

385 5013 452 5067 ad
496 5013 740 5084 lapsum,
801 5014 899 5083 qui
952 5014 1138 5067 noluit
1186 5014 1545 5068 rectitudinis
1601 5021 1809 5071 statum
1851 5035 2072 5075 servare

385 5106 513 5156 ante
545 5108 787 5158 reatum.
824 5103 934 5156 Nos
958 5104 1213 5174 ’quoque
1246 5102 1403 5157 illius
1450 5104 1521 5158 de
1559 5106 1745 5159 radice
1799 5110 2074 5176 germinis

381 5191 703 5263 propagati,
734 5208 864 5246 cum
888 5191 1080 5246 delicti
1123 5192 1387 5263 contagio
1415 5193 1695 5247 traximus
1723 5193 2072 5251 infirmitatis

383 5280 791 5346 conditionem,
824 5287 888 5335 ut
943 5297 1047 5335 nec
1074 5280 1291 5335 bonum
1326 5282 1595 5336 inchoare
1628 5299 1729 5352 per
1772 5284 2073 5339 voluntatis

381 5366 545 5420 honm
576 5366 859 5436 possimus
910 5369 1277 5437 desiderium,
1334 5386 1439 5424 nec
1485 5370 1624 5423 illud
1687 5372 1919 5442 exsequi
1973 5387 2075 5442 per

382 5459 591 5509 sanctae
622 5453 1311 5528 devotionisobsequium.
1346 5457 1466 5522 Qua
1494 5458 1564 5512 de
1598 5474 1657 5512 re
1680 5463 1741 5512 ut
1772 5462 1839 5513 ad
1860 5466 2075 5513 utrum-

380 5556 495 5617 que
528 5542 840 5598 reddemur
888 5543 1083 5599 idonei
1136 5544 1304 5603 liberi
1345 5546 1493 5600 vires
1522 5546 1766 5612 arbitrii,
1814 5563 1957 5618 quas
2012 5546 2073 5603 in

1542 275 1903 329 RATRAMNI
1940 274 2392 330 COBBEIENSIS
2434 273 2745 330 MONAClll

3793 279 3840 329 64

2186 412 2420 478 parente
2451 409 2638 480 primo
2669 408 3049 479 perdidimus,
3081 407 3260 462 divini
3281 407 3543 461 muneris
3576 406 3751 479 gratia
3774 424 3839 463 no~

2190 497 2276 551 bis
2312 497 2711 563 restituuntur,
2745 503 2809 551 ut
2846 502 2899 550 et
2946 498 3220 567 incipere,
3263 502 3319 551 et
3361 496 3639 567 perlicere
3670 498 3838 551 bonum

2190 604 2293 658 per
2322 587 2420 640 Dei
2472 587 2713 657 gratiam
2739 587 2859 656 jam
2891 587 3195 651 valeamus,
3231 586 3328 657 qui
3364 586 3525 657 prius
3570 585 3837 640 inefﬁcaces

2191 691 2291 746 per
2349 676 2700 729 infirmitatis
2748 676 3101 729 debilitatem
3159 675 3231 729 ad
3292 674 3397 729 ista
3455 675 3833 731 reddebamur:

2190 764 2341 818 unde
2372 765 2582 818 bonum
2607 764 2757 835 quod
2789 763 3013 834 agimus
3058 768 3315 817 nostrum
3348 764 3571 833 pariter
3599 763 3837 834 divinique

2191 853 2446 907 muneris
2479 868 2600 906 esse
2633 853 3046 923 subsequenter
3089 852 3404 905 erudimur.
3440 852 3591 905 Dicit
3645 851 3835 922 itaque:

2191 943 2314 1012 [Dei
2347 958 2482 1011 ergo
2516 946 2600 995 est
2638 941 2851 995 bonum
2903 941 3053 1012 quod
3086 941 3331 1011 agimus,
3367 945 3608 1011 propter
3645 943 3838 1010 gratiam

2188 1030 2632 1100 prmvenientem
2692 1034 2743 1082 et
2795 1028 3287 1099 subsequentem:
3340 1035 3607 1081 nostrum
3669 1034 3833 1085 autem.

2188 1125 2424 1190 propter
2452 1118 2864 1188 obsequentem
2901 1117 3065 1171 liberi
3117 1116 3342 1170 arbitrii
3398 1117 3725 1170 facultatem
3756 1116 3836 1184 fol,

2186 1206 2581 1276 voluntatem].
2621 1207 2759 1259 Nam
2794 1205 2869 1271 si,
2919 1205 3018 1259 Dei
3068 1221 3183 1258 non
3236 1208 3341 1269 est,
3370 1220 3472 1257 cur
3531 1205 3613 1258 illi
3674 1206 3836 1274 gratias

2187 1295 2448 1367 agimus?
2499 1301 2554 1349 et
2586 1295 2632 1348 si
2664 1300 2923 1348 nostrum
2974 1310 3090 1348 non
3140 1298 3245 1356 est,
3294 1309 3396 1346 cur
3442 1292 3836 1347 retributionem

2187 1386 2471 1439 bonorum
2512 1400 2751 1454 operum
2807 1383 3230 1454 expectamus?]
3295 1383 3482 1437 Claret
3536 1382 3728 1453 itaque
3769 1380 3836 1433 b0-

2189 1490 2326 1527 num
2362 1472 2511 1544 quod
2544 1478 2725 1539 agunt
2753 1472 2949 1537 sancti,
2984 1488 3087 1525 nec
3119 1472 3196 1525 sic
3229 1471 3437 1525 divinm
3465 1471 3671 1541 gratim
3701 1469 3835 1539 depu-

2188 1562 2318 1629 tari,
2353 1567 2414 1615 ut
2461 1560 2627 1615 liberi
2659 1561 2880 1614 arbitrii
2921 1561 3155 1615 facultas
3203 1560 3511 1625 auferatur,
3546 1564 3647 1613 aut
3688 1559 3756 1611 sic
3791 1558 3837 1609 li-

2188 1652 2323 1706 bero
2355 1650 2746 1721 deputandum
2771 1650 3026 1716 arbitrio,
3062 1654 3122 1703 ut
3154 1649 3361 1703 divinm
3413 1649 3619 1719 gratim
3676 1663 3838 1701 munus

2188 1740 2539 1807 abdicemus,
2562 1755 2805 1810 quorum
2840 1740 3083 1792 alterum
3106 1738 3344 1792 humani
3367 1738 3581 1792 laboris
3612 1736 3838 1791 meritum

2189 1830 2353 1895 tollit,
2381 1828 2625 1881 alterum
2659 1833 2850 1880 autem
2874 1826 3073 1897 gratim
3105 1828 3318 1880 donum
3344 1827 3595 1897 denegat
3627 1830 3839 1878 rutrum~

2187 1934 2297 1988 que
2319 1917 2737 1987 blasphemum,
2779 1921 3087 1986 utrumque
3112 1915 3391 1969 catholico
3419 1914 3678 1985 dogmati
3705 1914 3839 1966 claret

2187 2022 2305 2059 esse
2352 2003 2721 2059 contrarium.
2777 2005 3136 2074 Quapropter
3194 2008 3257 2057 ut
3311 2009 3368 2056 et
3423 2003 3630 2056 divinm
3680 2000 3834 2071 gratia

2188 2109 2398 2148 munus
2428 2093 2826 2159 contiteamur,
2854 2098 2912 2146 et
2930 2092 3170 2146 humani
3205 2091 3393 2144 meriti
3426 2091 3729 2160 prmmium
3757 2104 3839 2141 non

2186 2198 2464 2252 negemus
2498 2181 2806 2234 secundum
2845 2180 3095 2233 doctoris
3126 2180 3297 2248 hujus
3342 2179 3729 2232 eruditionem
3769 2176 3839 2228 bo-

2188 2287 2323 2325 num
2359 2270 2510 2341 quod
2536 2270 2811 2338 gerimus,
2845 2274 2901 2322 et
2933 2269 3029 2322 Dei
3052 2285 3173 2322 esse
3196 2268 3473 2334 dicamus,
3496 2274 3555 2321 et
3587 2272 3839 2320 nostrum:

2190 2360 2285 2414 Dei
2321 2366 2556 2430 propter
2582 2358 2825 2429 gratiam
2856 2357 3300 2427 prmvenientem
3329 2362 3385 2410 et
3415 2357 3837 2427 subsequentem.

2189 2450 2451 2503 Nostrum
2508 2451 2745 2517 propter
2792 2446 3010 2499 arbitrii
3067 2446 3386 2499 libertatem
3444 2445 3837 2514 obsequentem.

2196 2539 2443 2593 Proinde
2486 2538 2658 2608 igitur
2684 2538 2829 2589 sicut
2861 2536 3011 2591 idem
3064 2536 3265 2589 doctor
3293 2535 3372 2588 ait
3404 2551 3416 2589 :
3470 2535 3577 2604 [In
3611 2551 3678 2587 eo
3726 2530 3840 2602 quod

2189 2628 2372 2698 gratia
2402 2625 2788 2697 prtevenimur
2819 2625 2914 2679 Dei
2946 2630 3062 2677 est:
3097 2624 3157 2677 in
3184 2640 3249 2677 eo
3274 2640 3425 2690 vero,
3459 2624 3615 2694 quod
3640 2621 3709 2675 ad
3733 2621 3839 2674 bene

2189 2717 2549 2788 operandum
2604 2715 3050 2785 prmvenientem
3102 2712 3345 2783 gratiam
3408 2713 3725 2782 sequimur,
3769 2723 3840 2761 no-

2189 2813 2368 2860 strum
2403 2800 2523 2859 est:
2559 2820 2729 2858 nemo
2762 2808 2952 2857 autem
2990 2803 3085 2856 Dei
3126 2802 3367 2873 gratiam
3403 2801 3620 2855 meritis
3652 2803 3837 2851 antece-

2187 2896 2288 2962 dit,
2325 2899 2384 2948 ut
2414 2899 2610 2948 tenere
2643 2909 2772 2945 eum
2817 2892 2979 2963 quasi
3014 2892 3331 2945 debitorem
3371 2890 3593 2960 possit.]
3618 2889 3674 2943 Si
3716 2899 3841 2939 nemo

2191 2985 2417 3040 Domini
2453 2983 2694 3055 gratiam
2718 2982 3020 3045 antecedit,
3052 2997 3157 3035 nec
3185 2982 3244 3033 in
3276 2980 3469 3050 aliquo
3523 2978 3679 3032 bono
3723 2976 3840 3045 quis-

2190 3090 2360 3144 quam
2387 3088 2558 3142 opere
2603 3071 2918 3125 debitorem
2953 3085 3084 3122 eum
3134 3074 3328 3122 tenere
3371 3072 3573 3138 potest,
3627 3064 3842 3135 sequitur

2189 3168 2252 3216 ut
2299 3177 2469 3215 omne
2513 3177 2658 3230 opus
2705 3160 2918 3213 bonum
2949 3166 3005 3212 et
3028 3158 3215 3212 omnis
3254 3163 3405 3210 recta
3454 3158 3711 3210 voluntas
3772 3149 3840 3205 Dei

2190 3252 2373 3321 gratia
2401 3249 2788 3320 praeveniente
2820 3247 3187 3301 conferantur
3215 3246 3440 3300 homini
3475 3262 3487 3299 :
3518 3261 3649 3316 qum
3701 3243 3742 3295 si
3770 3238 3840 3293 Dei

2189 3340 2371 3410 gratia
2423 3338 2775 3402 tribuuntur,
2827 3341 3048 3390 constat
3088 3352 3287 3389 omnes
3322 3335 3503 3388 malos
3549 3349 3671 3388 esse
3720 3333 3839 3383 ante-

2189 3444 2361 3499 quam
2385 3427 2583 3497 gratim
2612 3425 2761 3478 dono
2793 3425 3184 3494 corrigantur:
3219 3424 3266 3477 si
3298 3428 3491 3476 autem
3520 3436 3718 3475 omnes
3746 3418 3841 3468 sunt

2189 3517 2325 3570 mali
2375 3516 2682 3584 antequam
2738 3513 2923 3583 gratia
2975 3512 3359 3583 praeveniente
3415 3511 3483 3564 de
3535 3510 3699 3565 malis
3742 3501 3842 3559 boni

2190 3604 2528 3669 efficiantur,
2563 3603 2752 3655 nullus
2778 3608 2864 3655 est
2893 3601 3095 3665 bonus,
3134 3601 3243 3653 nisi
3275 3616 3445 3671 quem
3476 3599 3661 3669 gratia
3689 3590 3843 3649 fecerit

2186 3694 2427 3748 bonum.
2465 3690 2593 3744 Etsi
2628 3690 2817 3744 nullus
2847 3690 3030 3743 bonus
3056 3694 3155 3751 est,
3180 3688 3289 3741 nisi
3309 3704 3481 3758 quem
3512 3687 3724 3741 bonum
3750 3695 3841 3751 δην

2187 3784 2267 3837 tia
2304 3784 2556 3852 prmstat,
2586 3784 2649 3832 ut
2680 3778 2886 3849 aliquis
2917 3778 3099 3831 bonus
3131 3777 3221 3840 sit,
3255 3777 3441 3847 gratia
3471 3773 3834 3845 praevenitur:

2189 3877 2250 3926 ut
2279 3877 2471 3925 autem
2501 3868 2708 3938 aliquis
2749 3884 2862 3920 non
2916 3867 3099 3920 bonus
3130 3865 3433 3931 efﬁciatur,
3466 3865 3669 3927 eadem
3703 3855 3843 3930 gratia

2187 3958 2490 4021 deseritur,
2531 3956 2739 4027 quibus
2780 3959 2971 4007 autem
3018 3954 3231 4008 donum
3268 3953 3467 4023 gratim
3522 3952 3751 4009 tribuat,
3803 3946 3840 3994 et

2189 4046 2398 4116 quibus
2428 4045 2740 4098 abscondat
2777 4043 2837 4096 in
2868 4042 3041 4107 illius,
3078 4047 3161 4095 est
3194 4042 3436 4111 judicio,
3468 4042 3633 4110 cujus
3680 4042 3734 4091 et
3770 4033 3842 4085 d0-

2188 4150 2347 4188 num.
2414 4134 2574 4188 Unde
2625 4136 2681 4185 et
2728 4130 3025 4202 sequitur:
3081 4129 3212 4200 [Sed
3260 4130 3408 4183 miro
3458 4129 3631 4183 modo
3682 4132 3843 4193 mquus

2188 4221 2456 4275 omnibus
2500 4220 2795 4285 Conditor,
2854 4219 2996 4273 alios
3044 4217 3508 4289 prmdestinando
3562 4206 3841 4287 praeelegit.

2186 4310 2329 4365 alios
2358 4325 2490 4363 vero
2522 4309 2579 4363 in
2625 4308 2740 4362 suis
2774 4307 2960 4378 pravis
2995 4306 3253 4360 moribus
3277 4306 3434 4376 justo
3460 4303 3679 4376 judicio
3718 4299 3842 4353 dere-

2189 4398 2450 4469 linquit.]
2479 4399 2607 4454 Hmc
2640 4396 2919 4467 estigitur
2937 4395 3166 4466 gemina
3194 4394 3624 4465 prmdestinatio
3647 4380 3843 4460 superni

2187 4486 2384 4558 judicii
2406 4487 2610 4540 librata
2639 4484 2988 4549 discrimine,
3030 4482 3299 4536 videlicet
3323 4487 3388 4536 ut
3413 4481 3493 4535 eis
3523 4481 3720 4552 gratim
3750 4487 3842 4527 mu-

2191 4592 2301 4630 nus
2335 4575 2609 4629 divinitus
2630 4572 2926 4643 largiatur,
2960 4587 3103 4642 quos
3128 4568 3463 4624 aeternitatis
3482 4586 3601 4623 sum
3640 4558 3842 4621 concilio

2187 4664 2430 4718 caelestis
2472 4669 2668 4716 auctor
2692 4662 2759 4714 ad
2796 4661 2903 4713 hoc
2948 4658 3273 4729 disposuit:
3329 4658 3411 4711 eis
3440 4674 3574 4711 vero
3627 4646 3845 4710 muneris

2187 4753 2359 4822 hujus
2380 4751 2597 4805 donum
2628 4748 2958 4813 abscondat,
2992 4762 3135 4817 quos
3167 4745 3466 4816 dispositio
3496 4741 3725 4816 superni
3774 4737 3843 4805 ju'

2186 4842 2326 4896 dicis
2349 4840 2405 4893 in
2449 4838 2563 4891 suis
2593 4837 2918 4907 relinquere
2948 4834 3327 4905 pravitatibus
3352 4834 3620 4888 decreVIt.
3658 4824 3845 4885 Etenim

2185 4930 2319 4984 dum
2355 4926 2750 4996 unusquisque
2792 4924 2959 4991 (sicut
2985 4924 3286 4993 superiora
3315 4922 3620 4983 testantur)
3645 4932 3751 4974 non
3781 4907 3842 4964 sui

2188 5018 2413 5082 merito,
2447 5015 2541 5070 sed
2576 5014 2765 5069 divina
2797 5012 2981 5083 gratia
3013 5012 3083 5065 ad
3106 5011 3325 5065 bonum
3351 5011 3419 5063 de
3468 5012 3621 5064 malo
3651 5013 3842 5062 conver-

2186 5106 2343 5168 titur,
2378 5106 2474 5159 ille
2506 5101 2905 5157 tantummodo
2937 5099 3120 5171 gratia
3161 5099 3531 5169 praevenitur,
3576 5111 3735 5170 quem
3763 5102 3841 5141 €18-
3878 5156 3879 5159 η

2185 5197 2322 5250 lcste
2364 5192 2639 5265 judicium
2666 5191 2864 5244 statuit
2898 5184 3387 5260 praeveniendum.
3426 5188 3526 5241 Ille
3552 5202 3681 5241 vero
3708 5179 3843 5247 hujus
3878 5184 3879 5187 “

2184 5284 2424 5337 extorris
2454 5281 2651 5353 gratim
2678 5279 2981 5343 deseritur,
3016 5292 3189 5347 quem
3234 5292 3519 5346 supernus
3553 5274 3753 5329 arbiter
3777 5266 3844 5319 ὀρ·
3878 5276 3879 5279 ‘

2184 5372 2361 5426 crevit
2390 5351 2504 5424 non
2527 5366 3013 5438 praeveniendum.
3040 5366 3180 5419 Hinc
3199 5380 3430 5435 quoque
3470 5359 3841 5435 subjungituri
3877 5351 3879 5356 4

2187 5459 2368 5528 [Unde
2400 5456 2763 5511 verissimum
2796 5459 2881 5508 est
2912 5454 3107 5524 gratim
3146 5469 3358 5507 munus
3388 5469 3503 5507 non
3534 5470 3601 5507 ex
3632 5452 3846 5505 humana
3878 5522 3879 5529 γ

2184 5546 2411 5611 virtute,
2472 5544 2560 5599 vel
2608 5559 2676 5599 ex
2735 5541 2939 5596 merito
2987 5539 3234 5606 arbitrii,
3287 5539 3385 5597 sed
3439 5540 3620 5595 solius
3678 5530 3879 5627 divina‘
