3920 6224
67 350 132 400 66
1175 349 1264 403 DE
1307 347 1976 405 PRAEDESTINATIONE
2018 351 2155 405 DEI.
2191 381 2256 389 —
2290 350 2416 404 LIB.
2467 354 2534 406 II.
3512 359 3583 409 66

56 474 343 530 bonitatis
370 477 586 547 pietate
619 476 858 550 largiri.]
895 478 1117 533 Etenim
1149 495 1279 534 cum
1326 484 1545 534 constet
1605 495 1777 533 omne
1807 484 1850 536 A
1888 484 2073 535 terum
2116 498 2248 536 vero
2275 481 2513 552 justitia:
2563 484 2863 537 severitate
2894 483 2951 538 in
3002 500 3185 538 massa
3244 485 3581 556 perditionis

54 581 239 634 genus
272 566 604 623 humanum
640 568 698 622 in
730 569 920 622 radice
951 584 1068 621 suae
1100 568 1338 638 originis
1383 567 1557 622 fuisse
1605 569 1769 621 dam-

54 660 260 708 natum
320 657 470 710 sicut
528 673 731 711 omnes
776 657 846 711 ab
881 673 994 711 uno
1030 664 1266 727 parente
1316 658 1622 723 nascimur,
1692 658 1771 710 sic

51 759 255 797 omnes
286 745 358 798 in
387 761 505 798 uno
546 746 786 800 homine
831 746 1031 800 mortis
1077 746 1358 800 sententia
1411 746 1636 800 multati
1669 763 1770 799 su-

54 848 178 884 mus
214 848 228 885 :
266 833 379 903 qui
410 850 543 888 vero
584 834 657 889 ab
687 851 754 888 ea
801 834 1140 899 liberantur,
1175 834 1383 889 divinae
1418 836 1645 905 pictatis
1676 835 1771 887 bo-

49 921 229 973 nitate
262 922 622 988 liberantur;
658 924 758 994 qui
795 930 990 977 autem
1040 923 1109 977 ab
1154 940 1221 977 ea
1257 940 1373 977 non
1422 924 1765 991 liberantur,

50 1009 103 1061 in
135 1025 205 1062 ea
236 1025 362 1080 qua
396 1012 656 1064 damnati
706 1018 841 1065 sunt
892 1011 1177 1065 sententia
1224 1012 1611 1065 dimittuntur.
1659 1012 1768 1064 Nec

50 1096 270 1150 habent
346 1115 465 1151 non
542 1099 768 1152 liberati
844 1099 997 1169 quod
1063 1101 1131 1152 de
1195 1099 1580 1154 damnationis
1650 1116 1766 1152 sua:

54 1201 223 1253 paena
254 1192 627 1257 querantur:
663 1188 941 1258 quoniam
994 1189 1101 1242 hoc
1150 1188 1231 1241 eis
1279 1188 1557 1256 redditur,
1614 1191 1765 1259 quod

45 1275 203 1343 juste
234 1283 563 1329 merentur.
609 1277 828 1331 Habent
881 1291 1015 1331 vero
1075 1276 1298 1330 liberati
1352 1277 1502 1330 unde
1559 1277 1768 1347 gratias

51 1364 310 1432 erepturi
342 1381 453 1418 suo
485 1365 730 1427 solvant,
784 1366 1057 1435 quoniam
1106 1365 1309 1419 similis
1340 1373 1395 1420 et
1440 1366 1543 1419 hos
1597 1383 1769 1436 poena

50 1453 411 1519 contineret,
452 1454 497 1508 si
532 1453 742 1507 divinre
791 1454 1018 1524 pietatis
1050 1455 1273 1508 bonitas
1306 1456 1385 1507 eis
1416 1472 1531 1509 non
1577 1457 1769 1509 subve-

51 1540 253 1593 nisset.
301 1543 456 1612 Ergo
511 1542 604 1596 cui
650 1542 849 1609 gratia:
899 1559 1107 1597 munus
1156 1543 1538 1614 impertiatur,
1590 1550 1645 1597 et
1678 1546 1767 1597 cui

50 1645 171 1682 non
202 1630 502 1684 tribuatur
536 1631 744 1684 divinae
783 1631 1176 1702 dispositionis
1207 1632 1418 1702 judicio
1478 1634 1767 1703 pondera-

48 1726 161 1771 tur.
198 1718 577 1790 Quapropter
618 1727 859 1791 apparet
916 1722 1161 1792 geminae
1238 1721 1764 1791 prtedestinationis

50 1822 173 1859 esse
203 1823 538 1874 censuram,
583 1810 856 1879 quoniam
906 1811 1049 1862 alter
1076 1826 1276 1863 eorum
1325 1811 1467 1863 ordo
1522 1816 1624 1875 est,
1670 1810 1768 1880 qui

52 1911 157 1963 per
186 1895 443 1965 gratiam
480 1897 821 1963 liberantur,
853 1904 906 1951 et
937 1900 1080 1951 alter
1107 1914 1307 1951 eorum
1346 1898 1443 1968 qui
1473 1899 1577 1952 sub
1608 1899 1768 1952 dam-

54 1982 317 2036 nationis
350 2001 471 2038 suae
512 1986 795 2039 sententia
825 1988 1186 2040 deseruntur.
1229 1988 1503 2057 Sequitur
1530 1996 1719 2041 autem
1748 2003 1760 2041 :

52 2070 338 2141 [Quidam
370 2075 526 2127 enim
560 2075 906 2145 gratissimae
958 2075 1365 2130 misericordiae
1397 2077 1524 2148 ejus
1558 2094 1768 2146 praeve-

52 2162 272 2214 nientis
306 2163 523 2216 auxilio
569 2164 882 2227 salvantur,
919 2164 1099 2219 effecti
1134 2181 1147 2219 :
1185 2186 1212 2213 «
1262 2181 1396 2219 vasa
1450 2166 1768 2218 misericor-

50 2248 160 2301 dia:
196 2267 210 2302 :
253 2272 274 2297 ι
315 2251 548 2319 quidam
581 2268 716 2304 vero
751 2252 982 2321 reprobi
1012 2253 1080 2306 ad
1114 2269 1343 2322 poenam
1372 2252 1768 2323 praedestinati

52 2336 437 2407 damnantur,
498 2340 685 2394 effecti
755 2360 781 2391 ‹‹
846 2358 977 2395 vasa
1028 2342 1145 2395 iraa
1202 2340 1249 2413 ν]
1307 2341 1416 2406 Qui
1475 2343 1768 2395 salvantur

52 2428 265 2495 gratia:
302 2428 454 2481 dono
480 2432 803 2493 salvantur;
846 2430 947 2499 qui
978 2436 1166 2483 autem
1194 2446 1227 2484 a
1257 2432 1435 2483 salute
1469 2434 1770 2483 remanent

54 2516 258 2581 alieni,
294 2534 412 2570 non
440 2518 595 2571 fuere
627 2518 696 2571 de
735 2535 978 2571 numero
1010 2520 1077 2572 ad
1112 2520 1352 2572 salutem
1386 2518 1766 2587 praedestina-

56 2612 271 2658 torum.
315 2605 403 2659 Illi
450 2606 699 2677 denique
733 2607 909 2659 divini
946 2606 1201 2660 muneris
1262 2607 1597 2677 dignatione
1637 2612 1769 2660 sunt

52 2693 187 2746 facti
226 2716 248 2741 ο
289 2710 424 2747 vasa
456 2695 902 2761 misericordiae;
944 2718 962 2743 ι
1000 2696 1091 2749 isti
1123 2712 1255 2749 vero
1287 2696 1569 2749 sententia
1594 2696 1768 2766 justas

54 2782 453 2836 damnationis
485 2782 669 2837 allecti
706 2806 725 2832 ι
754 2800 883 2837 vasa
914 2784 1047 2837 iraa:
1085 2807 1103 2832 ι
1143 2784 1370 2855 utrique
1404 2786 1597 2854 itaque
1629 2801 1769 2855 prse-

54 2869 371 2935 destinati;
402 2870 535 2940 quia
586 2877 642 2924 et
696 2872 798 2937 illi,
835 2872 1153 2949 qui‘salute
1198 2872 1357 2942 digni
1417 2873 1766 2941 efliciuntur,

54 2973 117 3009 ex
152 2960 691 3026 praedestinationis
719 2961 1014 3030 proposito
1049 2981 1074 3008 ‹‹
1108 2977 1238 3014 vasa
1298 2961 1702 3016 misericordire
1736 2983 1763 3009 »

54 3047 248 3099 effecti
277 3051 436 3113 sunt,
470 3053 526 3101 et
552 3048 671 3137 isti,
705 3048 804 3119 qui
832 3050 1014 3103 salute
1066 3050 1389 3104 redduntur
1419 3050 1663 3122 indigni,
1692 3051 1763 3104 si-
1794 3081 1834 3137 ο

54 3134 283 3188 militer
344 3151 411 3188 ex
459 3136 981 3205 prredestinationis
1038 3138 1335 3208 proposito
1388 3139 1574 3193 etfecti
1628 3146 1762 3195 sunt

60 3246 79 3271 ι
109 3240 254 3277 vasa
284 3225 411 3277 iraa.
446 3244 473 3275 π
518 3226 814 3296 Siquidem
860 3227 1005 3281 sicut
1045 3229 1348 3298 proposuit
1395 3228 1586 3282 divina
1634 3245 1765 3283 cen-

56 3329 217 3374 sura,
249 3329 401 3383 quos
430 3315 624 3383 gratize
673 3331 793 3368 suae
827 3315 976 3369 dono
1019 3316 1377 3386 justiﬁcaret,
1411 3318 1490 3371 sic
1536 3334 1765 3388 quoque

60 3403 364 3471 proposuit
396 3419 535 3472 quos
566 3404 637 3456 ab
660 3403 832 3474 hujus
852 3405 1050 3474 gratiae
1077 3421 1313 3459 munere
1346 3420 1556 3460 vacuos
1586 3407 1767 3461 relin-

63 3498 281 3559 queret.
320 3490 494 3559 Cujus
520 3492 1038 3562 praadestinationis
1090 3494 1386 3563 geminum
1432 3495 1631 3549 doctor
1659 3496 1767 3550 iste

61 3579 479 3632 commendans
521 3580 898 3650 propositum,
952 3581 1021 3634 de
1081 3581 1392 3634 electorum
1454 3582 1634 3634 salute
1687 3579 1769 3633 sic

62 3669 254 3721 intulit
289 3684 303 3721 :
346 3665 611 3739 [Quidam
648 3668 802 3721 enim
839 3668 1161 3739 gratissimo
1205 3668 1616 3723 misericordiae
1647 3669 1769 3739 ejus

60 3757 469 3825 pravenientis
499 3757 713 3809 auxilio
747 3758 1061 3823 salvantur,
1096 3756 1281 3811 effecti
1312 3778 1340 3806 ‹‹
1382 3774 1512 3811 vasa
1541 3756 1766 3811 miseri-

63 3846 291 3899 cordia.
332 3868 363 3895 ›
402 3846 537 3899 Ecce
592 3846 763 3899 unius
814 3846 1339 3916 praedestinationis
1382 3847 1764 3917 propositum,

64 3934 217 4002 quod
244 3934 661 3989 commendans
693 3937 1001 4006 Apostolus
1027 3937 1107 3989 ait
1135 3952 1147 3989 :
1203 3955 1231 3986 (ι
1263 3936 1414 4000 Quos
1460 3935 1765 4006 prrescivit,

64 4023 248 4076 hoset
292 4022 734 4093 praedestinavit
767 4027 940 4091 (Rom.
979 4041 1097 4090 vin,
1151 4026 1261 4094 29).
1311 4044 1337 4074 ι)
1395 4027 1468 4079 At
1523 4041 1656 4078 vero
1697 4025 1766 4079 de

66 4111 449 4179 reproborum
496 4112 868 4166 damnatione
916 4113 1111 4167 doctor
1173 4113 1421 4167 Isidorus
1475 4114 1551 4167 ita
1582 4113 1763 4169 dicit:

67 4199 305 4261 Quidam
336 4217 477 4254 vero
510 4201 800 4272 reprobati
834 4202 903 4256 ad
930 4218 1158 4272 poenam
1193 4202 1582 4272 prtedestinati
1614 4203 1770 4256 dam-

74 4294 298 4351 nantur,
330 4289 521 4343 eﬂ'ecti
560 4305 741 4342 «vasa
777 4289 898 4356 irae,
925 4312 952 4339 ››
984 4289 1362 4343 nihilominus
1393 4290 1545 4344 aliud
1579 4296 1765 4345 osten-

1882 570 2251 636 derelictum;
2307 572 2552 625 alterum
2588 573 2703 626 Deo
2766 572 3035 626 dilectum
3087 574 3277 641 fuisse,
3335 577 3579 631 alterum

1882 663 2072 713 autem
2115 678 2147 713 a
2205 660 2527 713 dilectionis
2591 661 2775 730 gratia
2832 664 3029 732 procul
3093 664 3408 733 repulsum.
3470 667 3580 720 Nec

1880 752 2071 800 tamen
2100 748 2315 819 aliquid
2350 753 2447 803 aut
2480 750 2649 813 hunc,
2684 756 2783 803 aut
2834 750 2995 804 illum
3047 752 3251 821 egisse,
3306 754 3457 807 unde
3491 756 3577 808 vel

1880 836 1974 889 ille
2006 836 2191 907 diligi,
2234 838 2319 893 vel
2384 838 2475 891 hic
2534 838 2666 892 odio
2716 839 2917 892 haberi
2975 841 3295 895 meruisset.
3356 841 3466 896 Sed
3517 842 3573 896 in

1884 930 2125 995 utroque
2152 926 2362 980 divina:
2403 926 2799 997 dispositionis
2824 927 3106 996 judicium
3136 928 3415 983 diversam
3451 946 3574 983 me-

1878 1013 2122 1067 ritorum
2156 1020 2370 1068 sortem
2400 1016 2681 1082 exhibuit,
2716 1021 2781 1069 ut
2809 1017 2980 1071 Jacob
3012 1017 3277 1071 videlicet
3320 1018 3574 1087 eligeret,

1882 1101 2029 1154 Esau
2062 1118 2194 1155 vero
2228 1102 2581 1173 reprobaret.
2615 1103 2777 1167 Quod
2828 1104 2896 1157 de
2953 1105 3178 1158 duobus
3225 1105 3472 1176 geminis
3493 1108 3576 1160 di-

1878 1190 2010 1243 vina
2043 1190 2377 1245 auctoritate
2411 1193 2683 1245 docemur
2712 1193 2889 1245 Deum
2923 1192 3141 1260 fecisse,
3198 1194 3305 1248 hoc
3348 1211 3577 1265 quoque

1879 1279 1948 1332 de
1983 1279 2244 1332 universo
2276 1280 2502 1350 generis
2542 1280 2780 1334 humani
2811 1297 3048 1352 corpore
3093 1283 3343 1336 di\inam
3409 1300 3577 1353 agere

1877 1366 2312 1438 dispositionem
2345 1369 2607 1423 dubitare
2636 1385 3001 1440 nequaquam
3056 1370 3348 1425 debemus.
3383 1373 3577 1442 Neque

1879 1456 2031 1510 enim
2064 1456 2504 1527 dispensationis
2554 1474 2672 1512 sua:
2721 1459 3217 1528 gubernationem,
3268 1476 3381 1530 qua
3416 1477 3578 1514 mun-

1879 1545 2015 1599 dum
2052 1546 2195 1615 regit
2228 1548 2574 1611 universum,
2608 1547 2755 1600 infra
2784 1548 3027 1601 duorum
3057 1546 3357 1601 hominum
3390 1565 3575 1619 angu-

1878 1634 2011 1686 stias
2046 1634 2370 1687 coarctavit.
2422 1635 2631 1688 Verum
2675 1634 2735 1688 in
2780 1635 2973 1703 paucis
3027 1651 3130 1688 nos
3180 1636 3405 1689 erudire
3445 1640 3574 1691 ’ςαξ-

1880 1721 2032 1774 lestis
2070 1722 2376 1791 prudentia
2443 1722 2641 1788 voluit,
2701 1723 2839 1793 quid
2898 1724 2966 1777 de
3029 1724 3305 1778 universis
3364 1724 3576 1778 sentire

1879 1809 2175 1864 debemus.
2232 1811 2385 1865 Unde
2436 1812 2659 1865 caeleste
2717 1812 3007 1864 oraculum
3074 1813 3240 1865 matri
3298 1812 3357 1865 in
3416 1818 3575 1866 utero

1877 1898 2129 1965 habenti,
2166 1904 2223 1953 et
2271 1915 2443 1969 super
2502 1899 2716 1954 eisdem
2773 1900 3025 1970 parvulis
3085 1900 3395 1955 sciscitanti
3454 1902 3570 1956 ait:

1884 2006 1903 2030 α
1939 1985 2073 2037 Duae
2104 1990 2301 2054 gentes
2348 1986 2408 2039 in
2440 1989 2603 2039 utero
2662 1990 2759 2039 tuo
2818 1986 2952 2050 sint,
3010 1991 3065 2039 et
3124 1986 3238 2041 duo
3268 1987 3469 2057 populi
3509 2003 3577 2041 ex

1880 2078 2038 2126 utero
2067 2090 2170 2126 suo
2216 2073 2585 2143 egredientur
2630 2074 2781 2139 (Gen.
2815 2088 2948 2141 xxv,
2980 2076 3091 2140 23),
3129 2094 3155 2123 »
3180 2074 3235 2128 id
3279 2064 3364 2129 est
3393 2075 3574 2144 ﬁgura

1878 2161 1992 2215 sive
2024 2162 2326 2231 prophetia
2353 2162 2596 2215 duorum
2627 2162 2976 2232 populorum
3016 2179 3027 2216 :
3069 2179 3254 2234 neque
3305 2164 3460 2217 enim
3490 2164 3576 2217 illi

1879 2250 1992 2303 duo
2027 2250 2221 2321 populi
2257 2255 2521 2320 poterant
2552 2250 2847 2321 appellari,
2879 2251 2975 2305 sed
3008 2251 3279 2321 appellati
3309 2258 3443 2306 sunt
3473 2268 3576 2305 no-

1878 2337 2053 2404 mine,
2084 2338 2233 2409 quod
2266 2339 2543 2408 gerebant
2600 2339 2894 2409 mysterio;
2934 2338 3195 2393 videlicet
3240 2341 3376 2393 dicti
3430 2340 3576 2409 {sunt

1877 2427 1989 2480 duo
2020 2426 2237 2497 populi,
2285 2426 2777 2496 quoniamﬁotius
2836 2427 3076 2481 humani
3138 2428 3366 2498 generis
3417 2428 3573 2499 ﬁgu-

1877 2532 2000 2569 ram
2033 2515 2327 2584 gerebant,
2362 2516 2419 2568 iu
2453 2515 2593 2569 duas
2622 2522 2801 2569 sortes
2833 2522 3106 2585 tanquam
3132 2516 3188 2569 in
3216 2517 3357 2570 duos
3386 2534 3571 2587 popu-

1876 2606 1959 2658 los
1981 2603 2301 2669 distributi,
2360 2620 2531 2657 unam
2578 2603 2839 2658 videlicet
2900 2605 3236 2673 electorum,
3296 2622 3421 2676 quae
3471 2606 3575 2660 sub

1875 2692 2066 2757 Jacob,
2110 2695 2347 2746 alteram
2391 2692 2770 2763 reproborum
2844 2708 2973 2762 quas
3024 2692 3129 2746 sub
3190 2694 3334 2746 Esau
3388 2695 3575 2764 specie

1876 2781 2249 2851 ligurabatur.
2280 2780 2387 2844 Qui
2426 2780 2539 2834 duo
2570 2780 2768 2850 populi
2818 2780 3040 2834 duabus
3093 2797 3322 2852 quoque
3376 2783 3573 2836 civita-

1878 2870 2026 2924 tibus
2071 2886 2173 2941 per
2228 2874 2552 2923 sanctarum
2614 2869 2851 2940 paginas
2904 2869 3347 2940 Seiipturarum,
3412 2871 3573 2924 Jeru-

1876 2959 2052 3011 salem
2111 2957 2373 3011 videlicet
2448 2974 2510 3010 ac
2587 2957 2858 3027 Babylon,
2937 2956 3313 3026 signiﬁcatur.
3395 2958 3578 3027 Igitur

1879 3045 2367 3117 quemadmodum
2418 3045 2663 3099 duorum
2715 3045 3078 3116 geminorum
3128 3045 3388 3099 videmus
3435 3046 3574 3099 alle-

1876 3152 2004 3189 rum
2039 3134 2273 3206 quidem
2305 3134 2598 3189 electionis
2630 3134 2817 3205 gratia
2869 3134 3141 3188 dilectum
3197 3136 3443 3188 alterum
3476 3150 3573 3187 ve-

1875 3240 1941 3277 ro
2002 3224 2302 3277 severitate
2361 3223 2600 3294 justitize
2657 3224 2788 3277 odio
2858 3222 3177 3276 habitum:
3256 3222 3336 3276 sic
3403 3223 3575 3277 nimi-

1876 3328 2006 3366 rum
2056 3312 2498 3382 intelligendum
2557 3316 2641 3365 est
2702 3310 2994 3364 electionis
3054 3312 3332 3381 populum
3391 3312 3577 3381 gratia

1878 3401 2074 3455 divina
2112 3402 2413 3463 salvatum,
2473 3400 2852 3471 reprobornm
2901 3404 3093 3454 autem
3140 3399 3575 3454 multitudinem

1877 3490 2119 3544 caelestis
2144 3490 2385 3560 justitite
2419 3489 2720 3543 severitate
2761 3488 3116 3555 damnatam,
3159 3494 3330 3559 atque
3377 3489 3437 3543 in
3487 3489 3573 3543 di-

1878 3579 2021 3633 vinas
2079 3578 2467 3649 dispositionis
2518 3578 2737 3649 judicio
2793 3577 3094 3631 definitum
3154 3593 3325 3648 quem
3390 3577 3576 3647 gratia

1879 3670 2072 3733 salvet,
2104 3674 2205 3723 aut
2234 3684 2405 3739 quem
2432 3666 2657 3737 justitia
2697 3667 2947 3721 damnet.
2992 3665 3138 3718 Hinc
3185 3682 3413 3736 quoque
3447 3665 3575 3720 bea-

1878 3763 1967 3812 tus
2027 3757 2278 3812 Isidorus
2333 3756 2550 3810 infert:
2618 3753 2794 3826 [Unde
2851 3769 3208 3823 consequens
3257 3757 3340 3807 est
3399 3754 3574 3808 nullis

1878 3845 2360 3917 praevenientibus
2391 3844 2611 3898 meritis
2667 3841 2913 3896 conferri
2969 3841 3236 3911 gratiam,
3301 3841 3397 3896 sed
3454 3842 3573 3896 sola

1878 3935 2171 3990 vocatione
2204 3933 2417 4000 divina,
2496 3947 2680 4003 neque
2755 3944 3105 4001 quemquam
3183 3930 3386 3984 salvari
3453 3930 3571 3985 sive

1879 4022 2161 4089 damnari,
2198 4020 2305 4075 nisi
2338 4037 2402 4075 ex
2452 4020 2742 4091 proposito
2792 4018 3251 4088 praedestinantis
3286 4018 3405 4079 Dei,
3471 4019 3573 4090 qui

1873 4113 2063 4183 justus
2089 4117 2174 4165 est
2203 4111 2261 4163 in
2292 4107 2627 4179 reprobatis,
2662 4106 2983 4160 misericors
3017 4106 3074 4159 in
3106 4106 3300 4160 electis
3331 4123 3344 4161 :
3383 4130 3412 4187 ‹‹⁸
3442 4109 3570 4162 uni-

1883 4216 2057 4253 versa:
2107 4198 2211 4251 viai
2271 4195 2501 4251 Domini
2564 4194 2975 4261 misericordia,
3028 4198 3084 4247 et
3139 4194 3343 4248 veritas
3400 4196 3568 4261 (Psal.

1877 4305 1987 4355 xiv,
2024 4286 2125 4358 l0).
2155 4284 2176 4358 ]
2209 4307 2237 4335 ››
2287 4286 2345 4341 Si
2380 4286 2534 4340 enim
2584 4284 2755 4339 Jacob
2794 4283 3142 4354 justiticatur
3171 4283 3405 4354 quidem
3466 4290 3570 4353 est,

73 4376 213 4429 deus
272 4377 802 4447 praedestinationis
865 4378 1253 4448 propositum.
1326 4379 1576 4432 Ductoris
1629 4395 1765 4449 ergo
1797 4384 1840 4438 D
1879 4376 2050 4430 nullis
2078 4382 2271 4430 tamen
2301 4372 2753 4446 praecedentibus
2800 4371 3034 4438 meritis,
3086 4371 3185 4426 sed
3231 4373 3351 4426 sola
3407 4389 3569 4426 voca-

76 4465 238 4518 istius
268 4466 638 4521 institutione
686 4466 1085 4537 cognoscimus
1126 4467 1426 4521 manifeste
1476 4466 1767 4537 geminam

74 4556 665 4623 praedestinationem,
701 4572 875 4627 quam
900 4556 1071 4610 etiam
1105 4556 1208 4610 sub
1236 4556 1499 4626 exemplo
1519 4556 1767 4610 duorum

77 4644 437 4712 geminorum
469 4644 817 4699 conﬁrmans
856 4645 1161 4700 subintulit
1188 4662 1200 4700 :
1248 4645 1408 4709 Quod
1440 4645 1508 4699 de
1531 4646 1679 4699 Esau
1713 4649 1768 4699 et

78 4734 244 4786 Iacob
271 4736 517 4788 necdum
551 4733 702 4787 natis
733 4734 1048 4805 colligitur,
1112 4734 1208 4805 qui
1239 4734 1375 4789 dum
1417 4739 1605 4788 essent
1654 4750 1769 4788 una

77 4826 442 4895 conceptione
476 4830 531 4877 et
561 4830 733 4894 partu
764 4824 920 4890 editi,
954 4824 1195 4895 parique
1226 4840 1371 4877 nexu
1406 4823 1620 4894 peccati
1648 4823 1770 4878 ori-

80 4914 277 4981 ginalis
308 4913 549 4978 astricti,
592 4914 838 4967 alterum
873 4918 1064 4967 tamen
1096 4929 1295 4966 eorum
1326 4912 1392 4966 ad
1451 4929 1508 4966 se
1548 4912 1768 4966 miseri-

78 5002 276 5055 cordia
345 5002 557 5055 divina:
614 5002 973 5072 praeveniens
1025 5002 1249 5056 bonitas
1282 5002 1532 5073 gratuita
1588 5001 1767 5072 gratia

83 5091 259 5155 traxit,
295 5093 543 5144 alterum
576 5092 827 5161 quadam
858 5091 1097 5161 justitize
1145 5090 1444 5147 severitate
1503 5090 1636 5145 odio
1669 5090 1766 5144 lia-

89 5180 253 5233 bitum
282 5181 343 5233 in
384 5196 575 5233 massa
630 5180 967 5250 perditionis
1023 5180 1286 5236 relictum
1320 5180 1639 5245 damnavit;
1692 5178 1771 5233 sic

91 5276 147 5317 et
171 5285 259 5338 per
286 5270 638 5339 prophetam
692 5269 841 5323 idem
898 5269 1174 5323 Dominus
1227 5268 1485 5339 loquitur
1531 5268 1766 5322 dicens:

92 5376 117 5401 ι
150 5356 297 5411 Iacob
323 5356 529 5423 dilexi,
567 5356 714 5411 Esau
756 5363 947 5412 autem
981 5358 1112 5412 odio
1155 5357 1350 5412 habui.
1402 5355 1452 5429 »]
1514 5355 1771 5412 Ostendit

91 5444 262 5514 itaque
292 5447 503 5500 doctor
531 5446 847 5499 catholicus
876 5452 1188 5517 utrumque
1228 5446 1463 5500 fratrem
1494 5445 1619 5516 pari
1646 5446 1770 5516 lege

94 5535 335 5589 nascendi
390 5534 572 5588 simili
625 5534 947 5589 conditione
997 5535 1211 5606 peccati
1258 5534 1428 5589 fuisse
1457 5534 1767 5600 devinctos,

98 5621 314 5678 alterum
340 5639 556 5679 eorum
587 5624 827 5679 caelestis
856 5624 1055 5694 gratiae
1084 5639 1323 5681 munere
1352 5625 1657 5691 salvatum,
1679 5622 1770 5676 al-

1881 4463 2035 4518 tione
2066 4464 2278 4531 divina,
2311 4478 2668 4535 consequens
2699 4465 2783 4515 est
2834 4465 2899 4515 ut
2925 4476 3127 4514 omnes
3182 4461 3349 4515 electi
3400 4461 3573 4515 nullis

1879 4553 2335 4623 praecedentibus
2394 4551 2633 4618 meritis,
2694 4550 2790 4605 sed
2849 4550 2969 4604 sola
3028 4547 3329 4603 vocatione
3381 4548 3575 4603 divina

1874 4642 2279 4712 justiticentur,
2323 4646 2387 4695 ut
2417 4640 2571 4712 quod
2601 4639 2663 4693 in
2704 4654 2821 4693 uno
2849 4638 3173 4710 accepimus
3202 4638 3437 4702 factum,
3466 4638 3575 4691 hoc

1880 4731 1941 4785 in
2000 4730 2268 4785 universo
2326 4729 2634 4784 electorum
2695 4743 2934 4781 numero
2989 4740 3397 4796 cognoscamus
3456 4724 3569 4794 agi.

1884 4820 2146 4890 Dumque
2180 4818 2315 4873 dicit
2357 4832 2830 4889 unumquemque
2860 4815 3062 4870 salvari
3103 4814 3218 4867 sive
3251 4812 3569 4882 reprobari,

1883 4907 2020 4978 eligi
2052 4907 2140 4962 vel
2164 4906 2462 4978 reprobari
2489 4922 2557 4959 ex
2604 4904 2897 4977 proposito
2947 4898 3403 4974 praedestinantis
3450 4900 3570 4967 Dei,

1882 4998 2048 5052 docet
2098 4996 2397 5050 manifeste
2448 4994 2694 5065 geminae
2726 4987 3244 5063 praedestinationis
3274 5002 3569 5044 arcanum.

1883 5086 2078 5157 Neque
2131 5085 2284 5139 enim
2352 5083 2483 5136 novi
2550 5079 2919 5150 conceptione
2975 5076 3214 5140 consilii,
3271 5082 3372 5131 aut
3419 5076 3573 5132 hunc

1883 5176 2083 5241 salvat,
2114 5174 2277 5227 illum
2309 5173 2561 5234 damnat,
2596 5171 2693 5221 aut
2722 5168 2874 5221 hunc
2919 5165 3101 5236 eligit,
3152 5165 3317 5219 illum
3368 5181 3563 5235 repro-

1882 5265 1979 5320 bat
2002 5267 2244 5335 :"verum
2274 5261 2351 5313 ita
2399 5259 2469 5313 de
2501 5255 2744 5327 singulis
2788 5271 2891 5327 per
2919 5259 3248 5325 temporum
3279 5260 3573 5309 momenta

1882 5351 2159 5415 decrevit;
2196 5347 2415 5403 sicutin
2434 5344 2771 5400 aeternitatis
2800 5360 2917 5399 sua
2956 5343 3191 5399 consilio
3214 5351 3345 5398 ante
3374 5344 3573 5396 omnia

1884 5450 2144 5511 tempora
2188 5433 2636 5508 prmdestinavit,
2654 5432 2799 5488 sicut
2817 5439 2875 5488 et
2895 5433 2965 5489 de
2988 5449 3056 5487 eo
3076 5431 3367 5503 Scriptura
3385 5430 3524 5486 dicit
3554 5447 3569 5486 :

1892 5555 1909 5583 ι
1945 5530 2050 5597 Qui
2075 5528 2209 5583 fecit
2230 5542 2357 5598 quae
2379 5525 2572 5580 futura
2596 5528 2729 5578 sunt
2761 5526 2891 5592 (Isa.
2923 5540 3046 5589 XLV,
3082 5525 3137 5575 ll
3174 5537 3275 5576 sec.
3311 5520 3468 5588 LXX)
3501 5535 3567 5574 ε»

1880 5619 1941 5676 id
1970 5622 2056 5675 est
2083 5617 2278 5673 omnia
2306 5630 2437 5688 quas
2462 5611 2789 5670 diversitate
2818 5611 3135 5669 labentium
3181 5613 3511 5678 temporum
3538 5621 3573 5660 ο.
