3920 6224
341 255 407 304 07

1514 249 1737 302 [MTDA
1750 250 1865 304 MN!
1907 249 2041 303 COlt
2056 247 2367 303 ltlilENSlS
2407 249 2710 306 MONAtLlll

3788 261 3843 306 bis

347 388 591 442 Domino
636 387 801 453 tiunt,
855 387 910 440 in
968 385 1471 457 praedestinatione
1528 384 1841 440 divinitatis
1893 384 2034 438 facta
2065 385 2105 439 A
2147 384 2320 451 navit,
2358 384 2412 438 id
2445 388 2529 438 est.
2558 384 2986 455 prmordinavit,
3048 402 3146 440 eos
3191 387 3257 441 ad
3318 387 3843 459 supplicium,qua>

346 493 571 548 semper
601 477 849 530 fuerunt.
889 476 1108 529 Habent
1141 474 1372 546 quidem
1399 491 1575 544 opera
1602 474 1700 528 Dei
1727 473 2041 527 secundum

344 571 523 618 status
557 565 644 618 sui
669 565 1016 618 creationem
1050 579 1192 616 nova
1236 562 1540 632 principia,
1584 579 1782 616 verum
1834 579 2036 616 secun-

345 653 480 708 dum
513 654 792 708 Creatoris
834 651 1269 722 dispositionem
1333 668 1628 722 nunquam
1680 668 1799 706 esse
1858 668 2038 706 cessa-

342 747 497 808 runt,
555 747 619 797 ut
674 758 1004 813 quanquam
1064 741 1124 794 in
1179 740 1508 794 substantiae
1567 757 1682 794 sum
1731 739 1917 811 specie
1975 759 2034 793 ex

343 836 602 902 tempore
633 833 938 902 coepissent
987 830 1247 897 existere,
1294 845 1589 900 nunquam
1643 833 1832 883 tamen
1866 833 2033 883 mter-

342 934 415 971 na
441 918 722 988 sapientia
758 919 1132 989 temporalem
1166 923 1541 988 sumpserunt
1586 917 2034 971 inchoationem.

347 1008 411 1060 Et
440 1006 574 1076 quia
604 1007 887 1061 bonorum
913 1006 1134 1071 electio,
1171 1007 1572 1078 malorumque
1597 1006 1943 1076 reprobatio,
1977 1007 2036 1060 in

345 1095 553 1149 divinae
583 1094 837 1149 consistit
866 1095 1256 1166 dispositionis
1284 1094 1546 1162 consilio,
1587 1094 1732 1148 sicut
1772 1093 2037 1148 universa

344 1182 681 1254 priusquam
715 1183 857 1238 tiant
895 1184 1041 1237 facta
1079 1189 1212 1236 sunt
1266 1201 1299 1237 a
1333 1184 1467 1249 Deo,
1536 1182 1614 1236 sic
1659 1182 1934 1236 nimirum
1981 1186 2038 1236 et

348 1272 467 1325 haec
497 1272 980 1343 quemadmodum
1013 1273 1072 1326 in
1119 1272 1425 1326 efﬁcientia
1457 1287 1561 1341 per
1609 1270 1866 1340 singulos
1897 1275 2038 1324 tem-

345 1363 617 1430 poraliter
644 1362 973 1428 actitantur,
1009 1361 1159 1432 apud
1205 1361 1514 1415 Dominum
1568 1376 1796 1430 semper
1838 1360 2035 1413 etl‘ecta

345 1455 696 1504 manserunt.
730 1451 864 1514 Quis
900 1467 1149 1521 namque
1195 1451 1261 1503 ad
1315 1449 1606 1502 electionis
1662 1448 1902 1518 gratiam
1972 1464 2034 1502 ex

343 1543 600 1609 tempore
648 1539 819 1592 fuerit
865 1538 1264 1602 assumendus,
1313 1553 1538 1606 semper
1588 1537 1647 1590 in
1702 1537 1908 1590 divinm
1950 1553 2036 1590 sa-

342 1623 574 1692 pientiae
605 1624 980 1695 dispositione
1016 1623 1224 1677 mansit
1255 1628 1600 1692 assumptus,
1627 1622 1869 1692 quisque
1904 1638 2034 1675 vero

342 1712 411 1766 ab
453 1713 557 1766 hac
590 1713 828 1767 salutari
859 1713 1042 1782 gratia
1077 1712 1356 1782 reprobus
1379 1711 1444 1764 ad
1479 1711 1860 1764 damnationis
1907 1728 2033 1781 per-

341 1801 486 1857 tinet
521 1807 758 1868 sertem,
793 1818 1019 1871 semper
1048 1801 1106 1854 in
1134 1801 1341 1854 divinze
1393 1800 1782 1869 dispositionis
1813 1800 2035 1869 [judicio

344 1891 621 1961 reprobus
662 1891 897 1955 exstitit,
946 1890 1026 1942 ita
1065 1888 1324 1960 quisquis
1373 1894 1602 1942 zeternze
1669 1888 2036 1942 beatitudinis

342 1979 740 2033 haereditatem
789 1983 872 2031 est
903 1982 1261 2048 accepturus,
1294 1980 1539 2047 'semper
1572 1992 1694 2030 eam
1738 1976 1796 2030 in
1831 1977 2034 2031 divinae

345 2067 864 2139 praedestinationis
895 2084 1099 2120 arcano
1132 2066 1386 2136 possedit
1419 2082 1432 2120 :
1488 2069 1543 2119 et
1572 2065 1832 2136 quisquis
1877 2072 2037 2120 mter-

339 2172 544 2210 narum
577 2172 772 2226 pmnas
804 2156 1166 2209 ﬂammarum
1195 2160 1278 2208 est,
1322 2155 1645 2220 sortiturus,
1695 2156 1752 2207 in
1793 2156 2035 2209 cmlestis

331 2244 532 2314 judicii
569 2245 1074 2315 prmdestinatione
1108 2260 1335 2315 semper
1366 2243 1434 2297 ad
1467 2260 1562 2296 eas
1593 2242 1811 2296 exstitit
1855 2243 2037 2314 depu-

338 2339 489 2389 tatus
520 2338 577 2386 et
606 2333 770 2387 sicut
804 2333 1138 2387 mternitatis
1187 2333 1491 2386 consilium
1546 2348 1840 2402 nunquam
1890 2332 2038 2386 valet

337 2423 618 2477 infirmari
654 2439 665 2476 :
707 2422 786 2476 sic
817 2423 1004 2476 omnis
1039 2423 1348 2475 electorum
1392 2420 2032 2491 uumerusﬁsalvabitur,

338 2527 523 2581 neque
555 2526 752 2564 eorum
776 2511 982 2581 aliquis
1009 2510 1222 2580 poterit
1254 2511 1464 2579 perire.
1502 2509 1589 2564 Sic
1629 2525 1858 2580 quoque
1905 2508 2033 2562 uni-

339 2615 532 2653 versus
562 2599 933 2669 reproborum
976 2603 1153 2652 coetus
1183 2599 1571 2664 damnabitur,
1592 2615 1696 2652 nec
1727 2598 2032 2669 quisquam

339 2703 537 2741 eorum
569 2687 767 2741 salutis
819 2693 1044 2741 {eternze
1084 2687 1368 2758 particeps
1435 2687 1731 2742 efﬁcietur.
1789 2688 1916 2741 Haec
1949 2691 2034 2740 est

339 2776 516 2845 igitur
581 2775 827 2846 geminas
902 2775 1421 2846 praedestinationis
1479 2775 1798 2846 dispositio,
1859 2791 2029 2845 quam

337 2863 540 2918 beatus
569 2864 820 2918 Isidorus
853 2864 1156 2918 manifesta
1188 2864 1323 2918 satis
1365 2863 1755 2935 catholicaque
1808 2865 2030 2917 ratione

337 2953 720 3008 commendat.
758 2953 934 3006 Nemo
983 2957 1176 3007 tamen
1207 2953 1359 3007 dicat
1397 2952 1607 3007 idcirco
1660 2952 1933 3022 reprobos
1961 2951 2030 3006 ad
2062 2947 2098 3001 C

337 3047 631 3112 peccatum
660 3043 1115 3112 praedestinatos,
1149 3041 1285 3112 quia
1331 3041 1724 3111 przedestiuati
1773 3045 1905 3094 sunt
1963 3041 2030 3095 ad

335 3144 552 3199 pcenas.
589 3130 662 3184 Ea
693 3145 942 3199 namque
973 3145 1100 3199 quae
1129 3128 1505 3198 facturusjest
1541 3130 1685 3182 Deus
1734 3128 2029 3198 praedesti-

337 3216 513 3284 navit,
555 3233 668 3270 non
707 3216 806 3270 illa
833 3233 961 3287 quze
994 3215 1321 3286 puniturus.
1363 3217 1634 3270 Facturus
1680 3215 1914 3286 quidem
1949 3221 2033 3270 est

330 3305 634 3376 judicium,
697 3305 890 3358 electis
948 3305 1146 3372 vitam,
1204 3305 1462 3376 reprobis
1518 3321 1651 3359 vero
1699 3321 1897 3375 poenas
1945 3312 2032 3361 est

335 3393 681 3450 redditurus.
719 3395 830 3448 Hac
863 3394 1347 3465 quemadmodum
1376 3393 1434 3447 in
1457 3394 1646 3465 operis
1678 3394 2030 3450 exhibitione

334 3483 595 3538 facienda
622 3489 775 3552 sunt,
826 3483 1043 3554 sicjam
1084 3483 1142 3536 in
1202 3487 1416 3537 agterna
1465 3483 1837 3554 dispositione
1885 3485 2030 3539 facta

333 3581 466 3628 sunt
499 3589 512 3628 :
546 3589 818 3645 quoniam
851 3572 1006 3644 apud
1056 3573 1255 3640 Deum,
1298 3588 1403 3627 nec
1441 3589 1650 3628 novum
1703 3573 2026 3639 consilium,

331 3679 436 3717 nec
465 3679 614 3718 nova
671 3662 994 3733 dispositio,
1028 3678 1128 3717 nec
1160 3661 1324 3733 nova]
1350 3663 1497 3716 ratio
1533 3667 1724 3734 potsct
1753 3680 1893 3720 esse.
1933 3665 2030 3719 Ni-

330 3753 411 3808 hil
471 3753 624 3808 enim
677 3753 939 3808 accidens
993 3753 1107 3807 Deo
1156 3758 1275 3808 est:
1307 3758 1364 3808 at
1419 3769 1552 3807 vero
1613 3754 1829 3825 peccati
1883 3755 2030 3810 sicut

335 3846 480 3898 Deus
510 3849 706 3899 auctor
737 3860 854 3898 non
885 3848 990 3910 est,
1032 3845 1110 3898 sic
1137 3861 1366 3916 quoque
1407 3861 1512 3899 nec
1542 3844 1982 3915 praedestinator
2011 3862 2024 3900 :

335 3950 447 3986 non
515 3933 669 3987 enim
723 3933 877 4003 quod
926 3935 1146 3987 malum
1213 3938 1301 3987 est
1358 3933 1427 3988 ab
1487 3934 1585 3987 illo
1626 3938 1813 4004 potest
1866 3933 2024 4002 oriri,

333 4021 432 4091 qui
491 4038 782 4075 summum
849 4021 1067 4075 bonum
1155 4021 1364 4075 existit.
1450 4023 1750 4076 Peccatum
1833 4027 2026 4077 autem

335 4110 552 4163 malum
617 4125 738 4165 esse
816 4110 944 4180 quis
1006 4110 1265 4180 ignorat?
1355 4111 1478 4164 Non
1567 4109 1746 4181 igitur
1813 4128 1847 4166 a
1912 4113 2026 4165 Deo

334 4198 435 4269 qui
467 4214 690 4252 summe
744 4199 931 4252 bonus
984 4203 1069 4251 est
1118 4197 1437 4253 descendit.
1510 4198 1664 4254 Unde
1697 4200 1847 4270 quod
1907 4215 2097 4286 nonD

336 4287 585 4356 pertinet
641 4286 713 4340 ad
779 4286 901 4355 ejus
973 4286 1387 4356 operationem,
1462 4303 1577 4340 non
1660 4287 1891 4358 respicit
1956 4287 2025 4342 ad

334 4377 490 4430 illius
528 4375 1118 4445 pra-destinationem.
1181 4377 1361 4429 Homo
1415 4381 1605 4430 autem
1665 4375 1850 4429 bonus
1903 4392 2031 4430 ma-

337 4467 493 4519 lusve
569 4465 661 4530 sit,
731 4463 908 4518 divini
971 4469 1055 4518 est
1121 4464 1356 4535 operis:
1418 4481 1532 4518 non
1599 4464 1832 4535 quidem
1875 4465 2030 4536 quod

341 4556 522 4609 malus
590 4558 691 4621 est,
760 4551 973 4606 bonum
1042 4553 1197 4606 enim
1266 4553 1426 4607 illum
1498 4555 1644 4607 Deus
1711 4553 1863 4619 fecit,
1931 4555 2030 4609 sed

335 4645 488 4716 quod
537 4642 724 4698 omnis
786 4645 1047 4695 creatura
1110 4658 1254 4712 opus
1324 4647 1408 4696 est
1475 4643 1591 4698 Dei.
1669 4643 2032 4715 Quapropter

334 4734 519 4788 bonus
541 4733 632 4801 sit,
676 4734 859 4786 malus
889 4730 960 4784 sit
987 4730 1182 4796 homo,
1204 4731 1531 4801 disponitur
1559 4749 1589 4785 a
1615 4733 1752 4786 Deo.
1780 4734 1843 4786 Et
1891 4732 2027 4802 quid

336 4825 406 4879 de
437 4825 677 4895 singulis
698 4823 782 4877 vel
815 4823 871 4877 in
908 4822 1174 4894 prmscnti
1207 4821 1341 4888 vita,
1373 4822 1460 4876 vel
1491 4821 1551 4876 in
1586 4822 1777 4876 futuro
1810 4823 2026 4893 judicio

334 4914 452 4980 tiat,
487 4928 605 4966 suae
631 4909 1157 4982 przedestinationis
1200 4909 1440 4963 consilio
1492 4910 1792 4964 definitum
1847 4916 2024 4964 tenet.

336 5000 770 5055 Prmdestinavit
799 5001 974 5071 igitur
1013 5001 1160 5055 Deus
1191 4999 1484 5055 hominem
1537 4999 1605 5054 ad
1651 4998 1814 5062 illud,
1876 4998 2025 5070 quod

334 5091 587 5145 facturus
617 5095 704 5146 est
766 5091 836 5146 de
868 5107 960 5159 eo,
1019 5107 1135 5144 non
1183 5090 1256 5144 ad
1287 5089 1449 5157 illud,
1509 5088 1661 5161 quod
1717 5087 2025 5158 puniturus

335 5180 522 5235 fuerat
550 5179 610 5233 in
641 5196 726 5233 eo.
761 5179 1127 5233 tEstimamus
1157 5178 1308 5249 quod
1353 5195 1467 5233 non
1517 5177 1713 5250 paucis
1767 5176 2028 5231 ecclesia-

335 5271 606 5323 sticorum
637 5268 938 5321 doctorum
965 5267 1264 5322 sententiis
1315 5272 1690 5322 monstratum
1740 5266 1814 5320 sit
1845 5265 2027 5321 malos

337 5357 404 5412 ad
434 5371 662 5427 poenam
698 5356 1157 5426 praedestinatos,
1204 5372 1320 5410 non
1353 5360 1546 5410 tamen
1584 5355 1652 5410 ad
1706 5359 2022 5426 peccatum.

335 5446 632 5518 Siquidem
661 5462 723 5500 ex
757 5461 824 5498 eo
856 5444 1007 5515 quod
1046 5444 1328 5515 pi‘zescivit
1371 5445 1517 5516 Deus
1566 5461 1660 5498 eos
1702 5449 2026 5515 peccatores

339 5536 560 5592 futuros
581 5541 635 5589 et
666 5535 723 5590 in
755 5533 871 5589 suis
900 5533 1145 5604 peccatis
1188 5538 1667 5604 perseveraturos,
1727 5534 2021 5604 prmdesti-

2151 477 2341 526 tamen
2377 473 2801 544 praeordinatio,
2825 475 2940 527 sive
2972 475 3420 545 praedestinatio,
3457 493 3578 530 non
3627 493 3726 530 eos
3758 494 3846 529 ne-

2150 562 2408 615 cessitate
2440 562 2687 633 quadam
2717 563 3078 634 constringit,
3113 565 3196 617 vel
3233 564 3476 634 impellit
3503 565 3570 618 ad
3599 581 3842 634 pcenam:

2150 651 2411 721 quamvis
2443 667 2668 704 necesse
2700 651 2774 705 sit
2802 652 2945 716 ﬁeri,
2986 653 3137 723 quod
3191 653 3338 706 Deus
3399 654 3842 724 praedestinavit.

2151 756 2252 792 nec
2283 741 2458 811 possit
2494 745 2721 806 mutari,
2752 741 2905 812 quod
2947 740 3252 812 disposuit,
3281 758 3382 795 nec
3415 743 3581 796 aliter
3630 744 3843 796 contin-

2147 833 2262 897 gat,
2299 846 2471 900 quam
2510 830 2820 884 ordinavit.
2886 829 3024 884 Cum
3081 830 3259 901 enim.
3297 831 3494 884 omnia
3553 832 3741 893 novit,
3795 835 3839 884 et

2147 913 2288 966 nihil
2325 931 2456 968 eum
2488 915 2659 986 possit
2691 915 2887 980 latere,
2932 914 3182 984 disponit
3214 915 3282 969 de
3317 915 3588 970 omnibus
3647 932 3842 969 secun-

2145 1003 2282 1056 dum
2313 1003 2619 1057 voluntatis
2644 1020 2761 1057 suas
2792 1003 3093 1057 consilium
3129 1003 3288 1073 justo
3316 1004 3557 1074 judicio,
3584 1006 3844 1075 quamvis

2147 1091 2484 1145 mortalibus
2516 1092 2794 1145 absconso
2831 1108 2844 1146 :
2879 1096 2934 1145 ut
2965 1096 3154 1145 autem
3189 1092 3584 1163 unusquisque
3621 1093 3698 1146 ad
3743 1111 3841 1163 pa:-

2147 1195 2248 1233 nas
2278 1179 2584 1250 deputetur
2630 1179 3030 1249 sempiternas,
3084 1196 3199 1233 non
3249 1187 3334 1234 est
3390 1197 3455 1234 ex
3535 1181 3842 1253 iniquitate

2139 1268 2471 1338 judicantis,
2507 1269 2602 1323 sed
2651 1285 2717 1323 ex
2744 1268 2966 1338 justitia
3019 1269 3396 1323 decernentis.
3457 1271 3622 1324 Tales
3690 1271 3841 1324 ’enim
3910 1339 3916 1356 ‘

2146 1356 2305 1410 novit
2336 1374 2428 1411 eos
2460 1374 2604 1428 quos
2629 1359 2697 1412 ad
2729 1374 2927 1428 pmnas
2975 1358 3276 1428 disposuit,
3329 1364 3394 1413 ut
3423 1359 3584 1429 digni
3640 1367 3843 1422 essent,

2147 1447 2215 1500 de
2246 1447 2454 1517 quibus
2483 1447 2560 1500 sic
2599 1447 3000 1517 disponeretur
3033 1463 3045 1500 :
3078 1447 3313 1518 propria
3345 1447 3497 1501 enim
3553 1449 3843 1502 voluntate

2147 1536 2543 1606 deliquerunt;
2579 1541 2636 1589 et
2676 1541 3083 1605 cognoscentes
3126 1536 3272 1589 viam
3319 1537 3590 1599 veritatis,
3652 1539 3843 1590 nolue-

2147 1629 2281 1676 runt
2308 1624 2468 1695 sequi
2512 1640 2523 1678 ;
2557 1626 2855 1694 elegerunt
2885 1625 3035 1678 enim
3068 1624 3451 1695 iniquitatem,
3486 1631 3544 1678 et
3580 1627 3742 1680 hanc
3779 1645 3848 1679 se-

2147 1713 2261 1766 cuti
2290 1719 2458 1780 sunt;
2489 1718 2542 1766 et
2573 1714 2704 1784 quia
2735 1714 3027 1768 veritatem
3077 1720 3441 1784 respuerunt,
3492 1714 3714 1768 merito
3766 1731 3850 1766 eos

2148 1801 2342 1854 debita
2371 1818 2538 1871 poena
2566 1802 3011 1872 comprehendet
3036 1819 3048 1856 :
3079 1802 3360 1872 quoniam
3387 1818 3518 1855 vero
3566 1819 3696 1856 non
3733 1820 3850 1871 pos-

2148 1895 2282 1942 sunt
2308 1890 2483 1944 latere
2502 1893 2681 1945 Deum
2706 1890 2895 1944 omnia
2919 1891 3520 1960 comprehendentem,
3554 1892 3850 1960 praeterila

2147 1984 2203 2032 et
2231 1979 2444 2041 futura,
2488 1985 2760 2050 tanquam
2795 1979 3100 2050 praesentia
3131 1985 3522 2042 contuentem,
3553 1979 3658 2048 qui
3702 1980 3851 2032 novit

2148 2084 2320 2138 opera
2379 2069 2661 2138 ipsorum,
2711 2068 2990 2139 disposuit
3047 2074 3103 2122 et
3152 2069 3406 2123 debitum
3459 2068 3761 2138 judicium
3793 2069 3851 2121 de

2145 2157 2416 2227 operibus
2445 2174 2642 2212 eorum
2683 2175 2694 2212 :
2731 2174 2842 2211 non
2893 2163 3085 2211 tamen
3134 2174 3201 2211 ex
3263 2174 3328 2211 eo
3375 2157 3529 2228 quod
3583 2157 3751 2227 apud
3802 2174 3850 2209 se

2145 2247 2485 2316 dispositum
2521 2253 2623 2313 est,
2667 2248 2886 2318 judicat
2941 2247 3228 2319 aliquem;
3264 2247 3357 2302 sed
3427 2263 3491 2302 ex
3549 2265 3645 2316 eo,
3698 2247 3851 2318 quod

2145 2337 2540 2408 unusquisque
2584 2342 2874 2407 operatur.
2937 2337 3000 2390 Et
3049 2336 3310 2408 quamvis
3364 2336 3423 2390 in
3455 2336 3708 2389 occultis
3765 2336 3854 2390 Dei

2138 2427 2372 2497 judiciis
2402 2427 2760 2497 singulorum
2809 2427 2894 2480 vel
2944 2427 3146 2481 merita
3193 2427 3278 2480 vel
3326 2442 3494 2498 poena
3547 2434 3852 2491 maneant,

2145 2519 2279 2569 tunc
2313 2516 2603 2586 judicatur
2661 2515 3054 2586 unusquisque
3107 2515 3335 2586 quando
3385 2516 3470 2568 vel
3531 2531 3645 2584 pro
3699 2516 3855 2586 ibene

2143 2605 2319 2674 gestis
2348 2610 2680 2675 recepturus
2709 2610 2793 2658 est
2825 2604 3147 2675 praemium,
3180 2604 3264 2658 vel
3296 2620 3398 2674 pro
3441 2604 3638 2674 pravis
3670 2605 3858 2676 operi~

2142 2693 2250 2747 bus
2280 2697 2653 2747 tormentum.
2682 2692 2837 2746 Sicut
2859 2693 3011 2746 enim
3042 2693 3142 2747 Dei
3160 2692 3516 2763 praescientia
3545 2694 3855 2747 neminem

2144 2781 2435 2852 compellit
2464 2781 2534 2836 ad
2570 2785 2886 2851 peccatum,
2917 2780 2996 2834 ita
3021 2785 3078 2834 et
3108 2781 3330 2834 occulta
3351 2785 3718 2835 secretorum
3738 2783 3856 2851 ejus

2145 2871 2222 2938 (in
2252 2869 2460 2941 quibus
2492 2885 2846 2940 quascunque
2885 2869 3136 2922 facturus
3193 2868 3418 2939 estjam
3473 2869 3858 2939 praedestina-

2142 2957 2240 3027 vit)
2286 2958 2578 3012 neminem
2625 2958 3033 3021 condemnant,
3094 2957 3384 3011 neminem
3435 2966 3853 3014 remunerant.

2137 3047 2247 3102 Sed
2279 3047 2675 3118 unusquisque
2706 3046 2942 3117 pro-prio
2977 3051 3126 3113 actu,
3161 3047 3248 3100 vel
3279 3051 3718 3116 remuneratur,
3776 3051 3855 3102 vel

2141 3136 2579 3191 condemnatur.
2624 3137 2687 3190 Et
2717 3136 2866 3200 ,licet
2894 3136 3016 3190 haec
3063 3136 3386 3207 supradicta
3431 3135 3567 3189 satis
3595 3135 3859 3192 doceant

2141 3225 2440 3279 doctorum
2471 3224 2816 3291 testimonia,
2852 3225 3075 3278 nullum
3107 3225 3175 3279 ad
3215 3227 3511 3295 peccatum
3541 3226 3857 3294 praedesti-

2140 3318 2360 3381 natum,
2396 3330 2525 3368 cum
2558 3318 2752 3368 tamen
2777 3317 2997 3368 constet
3026 3313 3302 3384 reprobos
3333 3313 3400 3367 ad
3424 3329 3665 3382 pceuam
3702 3332 3855 3385 prae-

2141 3402 2475 3470 destinatos,
2505 3402 2840 3458 cenabimus
2879 3407 3071 3457 tamen
3103 3402 3161 3456 id
3217 3402 3577 3456 manifestius
3623 3419 3856 3475 appro-

2141 3491 2310 3560 bare;
2343 3492 2604 3564 quamvis
2639 3508 2808 3564 supra
2840 3491 3013 3562 positi
3045 3490 3304 3545 doctores
3344 3490 3477 3545 satis
3533 3494 3857 3548 manifeste

2140 3581 2194 3635 id
2228 3582 2487 3647 doceant,
2529 3582 2628 3654 qui
2659 3582 2855 3636 dicunt
2888 3583 3066 3636 Deum
3101 3581 3167 3635 ad
3213 3585 3507 3651 peccatnm
3543 3583 3858 3638 neminem

2141 3669 2595 3740 prmdestinasse.
2641 3670 3116 3740 Quandoquidem
3172 3669 3269 3722 illa
3315 3668 3856 3739 praedestinaverit,

2140 3775 2268 3830 quae
2291 3760 2363 3814 sit
2392 3759 2512 3830 ipsc
2544 3758 2816 3825 facturus,
2851 3758 2910 3812 id
2934 3763 3018 3812 est
3053 3775 3229 3829 opera
3259 3775 3361 3812 sua
3399 3757 3458 3811 in
3503 3760 3860 3814 mternitatis

2138 3849 2376 3903 consilio
2395 3846 2760 3918 disposuerit,
2792 3847 2860 3902 de
2889 3864 3002 3918 quo
3024 3845 3312 3916 scribitur,
3338 3847 3487 3916 quod
3514 3869 3540 3895 «
3566 3848 3860 3904 feceritea

2139 3953 2265 4008 quae
2297 3937 2548 3991 facturus
2581 3941 2662 3990 est
2691 3937 2815 4006 (lsa.
2851 3951 2970 4003 XLV,
3004 3939 3052 3989 tt
3092 3950 3195 3989 sec.
3239 3937 3416 4004 LXX),
3448 3955 3473 3986 ι)
3510 3935 3564 3989 id
3598 3943 3693 3991 est.
3728 3955 3862 4010 qua1

2138 4042 2240 4098 per
2268 4025 2568 4080 intervalla
2599 4030 2924 4095 temporum
2957 4041 2989 4078 a
3013 4025 3126 4078 Deo
3149 4023 3405 4079 facienda
3430 4029 3586 4088 sunt,
3620 4026 3683 4080 in
3711 4045 3864 4099 prir-

2139 4113 2538 4169 destinationis
2570 4113 2811 4167 consilio
2845 4113 2956 4183 jam
2987 4112 3130 4167 facta
3153 4117 3303 4166 sunt.
3336 4117 3407 4167 At
3432 4129 3564 4165 vero
3612 4122 3864 4184 peccata

2138 4203 2273 4275 quia
2303 4218 2421 4256 non
2442 4207 2574 4256 sunt
2603 4219 2634 4256 a
2665 4203 2778 4256 Deo
2809 4201 2863 4256 id
2896 4208 2977 4255 est
3008 4219 3123 4256 non
3143 4206 3277 4256 sunt
3305 4218 3448 4271 opus
3466 4201 3584 4269 Dei,
3615 4205 3727 4258 sed
3781 4223 3863 4260 ra-

2142 4291 2373 4345 tionalis
2395 4296 2669 4344 creatura).
2691 4308 2722 4345 a
2746 4292 2881 4357 Deo,
2907 4291 3298 4360 apostatantis,
3323 4307 3438 4345 non
3467 4296 3607 4345 sunt
3632 4293 3698 4347 in
3713 4311 3865 4365 prae-

2141 4380 2520 4434 destinatione
2552 4380 2668 4434 Dei.
2707 4380 3016 4434 Damnator
3043 4385 3128 4434 est
3157 4381 3312 4434 enim
3344 4396 3563 4446 eorum,
3595 4397 3735 4438 non
3759 4402 3862 4438 au-

2140 4475 2288 4536 ctor;
2314 4485 2558 4540 quorum
2584 4472 2775 4522 autem
2797 4473 2994 4521 auctor
3017 4484 3131 4522 non
3152 4473 3252 4531 est.
3276 4485 3379 4522 nec
3397 4469 3868 4538 preedestinator

2140 4563 2240 4612 est.
2278 4561 2448 4613 Porro
2480 4557 2753 4628 quoniam
2785 4557 2994 4610 electos
3024 4573 3155 4610 suos
3181 4557 3629 4611 immortalitatis
3664 4562 3868 4630 gloria

2139 4652 2222 4702 est
2250 4651 2675 4711 muneraturus,
2709 4650 2765 4698 et
2795 4645 3067 4716 reprobos
3091 4650 3306 4699 aeterna
3328 4662 3495 4716 poma
3527 4647 3755 4716 punitu
3769 4667 3868 4704 rus

2138 4731 2725 4802 haecprmdestinavit,
2765 4730 2820 4785 id
2849 4736 2934 4784 est
2971 4731 3206 4801 praemia
3231 4747 3357 4801 qua:
3404 4733 3744 4789 donaturus
3783 4743 3871 4792 est.

2136 4821 2360 4882 sanctis,
2398 4828 2454 4873 et
2483 4819 2765 4890 supplicia
2795 4835 2924 4890 qua:
2965 4836 3068 4890 pro
3116 4811 3302 4891 pravis
3334 4821 3602 4889 operibus
3641 4824 3869 4880 reddi-

2136 4914 2299 4963 turus
2325 4913 2408 4962 est
2430 4908 2640 4978 impiis.
2675 4908 2729 4962 Si
2759 4907 2992 4978 quidem
3016 4925 3222 4979 punire,
3251 4924 3392 4980 quas
3415 4909 3670 4967 subituri
3722 4920 3872 4969 sunt

2137 4997 2387 5068 reprobi,
2422 4996 2682 5067 quamvis
2710 4996 2826 5050 illis
2848 4997 3151 5051 videantur
3184 4999 3372 5062 malm,
3410 4997 3511 5068 qui
3554 5004 3866 5072 torquen-

2135 5089 2257 5152 tur;
2291 5085 2455 5140 bonm
2487 5090 2680 5138 tamen
2709 5089 2849 5139 sunt
2879 5085 3014 5156 quia
3035 5085 3229 5156 justas,
3275 5090 3330 5139 et
3359 5101 3530 5139 omne
3581 5091 3753 5157 quod
3785 5093 3871 5163 jn-

2136 5180 2287 5229 stum
2321 5179 2407 5229 est
2436 5175 2652 5228 bonum
2686 5178 2789 5228 est.

2209 5262 2561 5318 llincbeatus
2583 5262 2936 5333 Augustinus
2949 5261 3168 5348 in_libro
3184 5262 3681 5318 Retractationum
3698 5268 3871 5340 (cap.

2137 5354 2235 5423 9):
2272 5350 2590 5424 [Malorum,
2624 5351 2835 5422 inquit,
2868 5366 3055 5420 poena,
3089 5365 3216 5420 quae
3250 5367 3278 5403 a
3314 5351 3427 5404 Deo
3473 5357 3576 5420 est,
3628 5358 3875 5414 malum

2137 5447 2218 5495 est
2249 5441 2480 5513 quidem
2549 5441 2731 5504 malis,
2771 5438 2868 5493 sed
2938 5438 2994 5492 in
3036 5438 3198 5492 bonis
3239 5440 3338 5492 Dei
3387 5441 3668 5509 operibus
3747 5457 3873 5513 ost;

2137 5531 2412 5604 quoniam
2437 5530 2656 5600 justum
2688 5533 2792 5596 est,
2846 5532 2911 5581 ut
2964 5527 3098 5582 mali
3149 5529 3486 5598 puniantur,
3535 5535 3592 5583 et
3647 5535 3878 5610 utique
