3920 6224
99 295 153 347 69
825 283 834 289 “
1199 297 1284 351 DE
1328 297 1990 355 elucensrmsnoun
2033 300 2172 354 DEI.
2208 331 2274 340 —
2304 303 2435 356 LIB.
2484 305 2546 357 ιι.
3527 303 3616 385 7o

98 425 298 478 bonum
353 430 438 478 est
498 441 693 492 omne,
739 426 891 496 quod
940 426 1160 495 justum
1221 425 1346 499 est.)
1399 428 1543 482 Sunt
1615 429 1860 498 igiturA
1902 435 2099 502 tegens
2150 435 2218 488 de
2269 435 2454 488 medio
2508 434 2761 504 lapidum
2819 435 3132 506 ignitorum
3193 437 3529 506 (Ibid.,16.)
3565 459 3592 488 ι)

95 515 364 584 supplicia
402 531 730 585 pmnarum,
755 531 881 584 quae
912 515 1047 568 mali
1081 517 1190 569 Deo
1218 515 1510 586 jndicante
1543 519 1790 572 subeunt

95 619 261 671 opera
293 604 394 657 Dei
417 610 476 658 et
507 608 810 675 propterea
840 604 1263 674 praedestinata,
1289 621 1401 658 non
1434 611 1624 660 autem
1657 623 1787 678 pec-

92 695 208 744 cata
241 692 396 746 inter
426 709 604 764 opera
636 693 732 746 Dei
763 694 1102 763 reputanda,
1136 709 1199 747 ac
1231 710 1334 764 per
1364 696 1468 748 hoc
1501 711 1604 749 nec
1635 712 1788 767 prae-

93 781 373 834 destinata
401 788 536 835 sunt
561 798 593 834 a
629 783 764 847 Deo,
799 797 904 835 nec
929 782 1026 852 qui
1060 787 1297 852 peccant
1326 799 1391 836 ex
1419 783 1790 854 praedestina-

93 869 241 921 tione
273 877 516 939 peccant
539 889 555 936 ;
580 869 677 923 sed
703 869 938 940 propria
963 870 1424 941 concupiscentia
1451 871 1715 925 abstracti
1737 876 1793 925 et

93 957 316 1026 dejecti.
353 959 421 1012 Et
454 958 689 1029 quidem
723 958 858 1011 mali
885 958 950 1012 ad
977 975 1172 1029 poenas
1194 975 1323 1013 cum
1355 961 1469 1013 sint
1500 960 1792 1030 pi'redesti-

94 1045 206 1100 nati
236 1063 355 1100 non
382 1051 579 1101 tamen
613 1047 1006 1116 prmdestinati
1033 1054 1163 1102 sunt
1186 1051 1252 1102 ad
1275 1055 1590 1119 peccatum,
1618 1067 1790 1120 supra

94 1137 524 1190 nominatorum
577 1138 875 1191 doctorum
929 1137 1225 1191 sententiis
1275 1138 1409 1192 satis
1441 1139 1789 1209 patefactum

95 1229 190 1278 est.
218 1226 286 1279 Ut
309 1241 450 1278 vero
475 1227 684 1279 clarius
706 1227 814 1280 hoc
834 1227 1366 1298 eliquescat,placet
1397 1244 1458 1281 ex
1477 1229 1582 1282 hoc
1607 1229 1793 1283 adhuc

94 1314 304 1385 aliquid
354 1315 674 1386 disputare.
726 1317 831 1371 Sed
891 1317 1163 1388 quoniam
1223 1317 1489 1371 nonnulli
1541 1318 1794 1372 fortassis

94 1420 218 1456 cum
250 1404 499 1458 audiunt
531 1406 763 1476 iniquos
794 1405 859 1459 ad
885 1422 1111 1476 pcnnam
1153 1407 1611 1477 praedestinatos,
1643 1407 1791 1462 arbi-

96 1498 319 1546 trantur
373 1495 639 1564 qumdam
695 1496 1028 1549 necessitate
1079 1497 1148 1550 ad
1202 1512 1327 1550 eam
1371 1496 1540 1563 trahi,
1575 1512 1677 1549 nec
1723 1496 1793 1550 ab

97 1582 194 1634 hac
237 1583 579 1637 nec-ssitate
613 1584 808 1654 aliquo
844 1584 1013 1638 modo
1046 1601 1208 1655 posse
1264 1586 1497 1654 mutari,
1541 1601 1656 1637 non
1704 1585 1790 1638 in-

1899 521 2080 574 Gausa
2111 538 2340 592 quoque
2372 523 2686 592 cjectionis,
2736 529 2791 575 et
2840 523 3179 592 perditionis
3209 525 3332 593 ejus
3380 526 3594 578 subue—

1899 609 2072 663 etitur
2105 626 2117 664 :
2154 632 2179 658 α
2217 611 2507 664 Elevatizm
2543 616 2628 664 est
2673 626 2769 663 cor
2799 617 2961 664 tamn
3003 611 3059 664 in
3087 611 3288 665 decore
3321 618 3440 680 tuo,
3473 630 3596 684 pcr-

1899 699 2092 753 didisti
2133 699 2472 770 sapientiam
2505 705 2661 753 tuam
2702 700 2760 752 in
2793 700 2993 753 decore
3027 706 3126 754 tuo
3159 703 3353 770 (lbid.,
3415 704 3528 773 t7);
3563 725 3590 752 ››

1899 786 1956 842 id
1987 794 2090 855 est,
2125 805 2240 842 non
2264 805 2371 858 ego
2390 794 2443 842 te
2471 787 2539 842 ad
2572 787 2951 858 perditionem
2976 791 3248 858 compuli,
3279 791 3374 845 sed
3400 794 3460 844 tu
3492 791 3594 844 tibi

1901 892 2068 930 causa
2097 876 2435 946 perditionis
2486 876 2665 942 fuisti,
2718 874 2818 946 qui
2851 881 3086 946 propter
3131 879 3458 948 superbiam
3503 879 3597 933 ad-

1900 981 2095 1019 versus
2120 971 2413 1020 auctorem
2443 965 2787 1032 intumuisti,
2820 970 2875 1019 et
2903 965 3240 1036 sapientiam
3271 984 3444 1038 quam
3492 969 3596 1022 tibi

1902 1055 2074 1108 tribui
2108 1055 2446 1125 perdidisti;
2485 1055 2621 1108 dum
2653 1070 2758 1125 per
2787 1071 2914 1108 eam
2959 1055 3196 1108 noluisti
3225 1056 3430 1110 timore
3465 1073 3596 1110 san-

1901 1148 1990 1197 cto
2023 1144 2280 1198 subditus
2310 1144 2436 1197 fieri
2488 1144 2817 1198 Conditori:
2875 1143 2972 1198 sed
3005 1143 3372 1198 considerans
3429 1145 3598 1199 celsi-

1901 1231 2120 1284 tudinis
2151 1237 2263 1285 tua:
2288 1232 2552 1300 gloriam,
2588 1231 2736 1285 unde
2782 1231 3071 1302 subjectus
3100 1249 3220 1286 esse
3259 1233 3596 1304 despexisti,

1902 1319 2036 1373 inde
2084 1320 2481 1374 celsitudinem
2531 1319 2794 1389 amisisti,
2835 1326 3006 1390 atque
3058 1320 3290 1388 idcirco,
3329 1343 3350 1370 ε
3385 1322 3445 1375 in
3481 1327 3596 1376 tcr-

1901 1425 2027 1463 ram
2057 1409 2273 1480 projeci
2302 1414 2375 1475 te,
2419 1415 2547 1463 ante
2579 1409 2777 1462 faciem
2807 1425 3006 1478 regum
3041 1409 3168 1464 dedi
3201 1414 3278 1464 te.
3315 1411 3376 1463 ln
3409 1410 3599 1464 multi-

1902 1498 2099 1552 tudine
2122 1498 2493 1568 iniquitatum
2515 1503 2764 1565 tuarum,
2790 1503 2844 1552 et
2867 1499 3169 1569 iniquitate
3188 1498 3598 1569 negotiationis

1905 1594 2018 1641 tuae
2059 1588 2314 1658 polluisti
2341 1588 2849 1641 sanctiﬁcationem
2884 1595 3062 1641 tuam.
3100 1589 3417 1641 Producam
3461 1604 3596 1657 ergo

93 1671 438 1724 conveniens
471 1672 637 1725 nobis
669 1673 892 1726 videtur
923 1673 1279 1726 manifestius
1318 1673 1373 1727 id
1411 1673 1688 1742 patefieri,
1728 1678 1789 1726 ut
1823 1714 1864 1770 Β
1907 1676 2101 1747 ignem
2135 1677 2204 1730 de
2239 1676 2427 1730 medio
2459 1676 2562 1741 tui,
2611 1676 2710 1746 qui
2741 1677 3000 1731 comedat
3039 1682 3113 1742 te,
3149 1682 3206 1730 et
3250 1677 3396 1731 dabo
3454 1682 3510 1730 te
3539 1676 3600 1730 in

95 1766 148 1811 et
179 1760 610 1828 praedestinatio
643 1762 927 1815 malorum
973 1762 1039 1815 ad
1077 1779 1307 1832 poenam
1359 1762 1650 1826 doceatur,
1692 1779 1794 1816 nec

95 1854 282 1902 tamen
323 1849 458 1902 ideo
494 1849 562 1903 ad
620 1867 745 1904 eam
796 1851 1150 1921 perveniant,
1213 1851 1348 1921 quia
1405 1852 1794 1923 praedestinati

99 1942 246 2002 sunt,
277 1937 372 1990 sed
407 1954 581 1991 causa
610 1938 998 2008 perventionis
1029 1956 1094 1992 ex
1126 1941 1294 2009 culpa
1320 1940 1394 1993 sit
1443 1940 1793 2011 delinquen—

97 2026 187 2090 tis,
235 2043 346 2080 non
401 2044 465 2080 ex
523 2028 859 2081 necessitate
919 2028 1398 2096 praedestinantis.
1437 2029 1592 2083 Sicut
1640 2030 1795 2083 enim

97 2115 300 2186 iniqui,
344 2117 484 2187 quia
534 2117 925 2187 proadestinati
972 2121 1103 2171 sunt
1153 2118 1217 2172 ad
1251 2134 1501 2188 poenam,
1536 2135 1651 2172 non
1706 2119 1792 2173 id-

97 2204 242 2257 circo
271 2205 666 2274 praedestinati
714 2212 846 2259 sunt
896 2207 962 2260 ad
1010 2212 1343 2277 peccatum:
1399 2209 1796 2280 unusquisque

100 2294 248 2346 enim
282 2295 520 2364 propria
561 2294 1020 2364 concupiscentia
1071 2295 1247 2348 victus
1273 2297 1516 2350 trahitur
1557 2298 1626 2351 ad
1661 2314 1797 2367 pec-

100 2383 378 2446 candum;
413 2383 492 2435 ita
551 2389 606 2436 et
649 2383 746 2453 qui
781 2387 1036 2453 peccant,
1071 2387 1374 2455 propterea
1413 2386 1548 2457 quia
1593 2403 1794 2456 pecca-

101 2478 249 2525 tores
291 2472 541 2541 prreseiti
590 2479 743 2538 sunt,
795 2489 896 2526 nec
947 2490 1052 2544 pro
1103 2474 1348 2543 peccatis
1398 2475 1794 2543 pmnitentiam

101 2562 340 2628 gessnri,
371 2561 588 2614 ideirco
629 2563 696 2615 ad
745 2579 971 2632 poenam
1009 2563 1392 2632 prredestinati
1425 2569 1579 2618 sunt.
1636 2564 1797 2628 Quod

100 2666 164 2703 ex
220 2650 491 2719 subjectis
570 2651 827 2719 forsitan,
885 2653 1092 2705 clarius
1146 2652 1444 2706 elucescet.
1506 2653 1799 2723 Scriptura

99 2753 254 2790 sacra
284 2738 526 2791 docente
559 2740 950 2808 cognovimus,
987 2740 1136 2810 quod
1189 2739 1236 2793 is
1283 2739 1383 2810 qui
1414 2755 1566 2793 nunc
1607 2739 1799 2810 perdi-

99 2830 283 2878 torum
317 2826 588 2896 princeps
619 2834 702 2878 est.
754 2827 1091 2897 angelorum
1136 2843 1168 2880 a
1197 2827 1483 2898 principio
1529 2828 1582 2882 in
1629 2843 1796 2897 para-

99 2914 219 2967 diso
254 2915 351 2968 Dei
402 2915 648 2984 positus,
684 2915 834 2969 inter
879 2917 1122 2969 coelestis
1179 2917 1402 2970 militim
1443 2917 1799 2988 principatus

1902 1767 2153 1820 cinerem
2190 1781 2363 1834 super
2410 1768 2618 1819 terram
2653 1766 2712 1818 in
2751 1770 3052 1836 conspectu
3099 1765 3356 1818 omnium
3410 1764 3601 1819 viden-

1903 1854 2048 1909 tium
2083 1860 2158 1908 te.
2190 1855 2399 1908 Omnes
2442 1853 2539 1924 qui
2569 1853 2836 1907 viderunt
2863 1858 2916 1907 te
2977 1853 3036 1906 in
3071 1853 3356 1923 gentibus,
3397 1852 3598 1906 obstu-

1903 1948 2136 2015 pescent
2162 1959 2332 2013 super
2360 1947 2435 1996 te.
2473 1941 2624 1996 Nihil
2655 1941 2836 1995 factus
2865 1959 2944 2009 es,
2979 1947 3034 1996 et
3061 1958 3175 1996 non
3222 1941 3331 1994 eris
3375 1941 3433 1994 in
3474 1956 3599 2010 per-

1904 2037 2142 2103 petuum
2187 2031 2374 2102 (lbid.,
2436 2033 2521 2097 18,
2591 2032 2696 2099 19).
2737 2053 2758 2079 ›
2815 2032 2949 2084 Ecce
2998 2046 3168 2100 poena
3217 2028 3599 2099 superbientis

1904 2123 2124 2193 angeli;
2155 2126 2217 2175 ut
2247 2121 2317 2175 de
2345 2120 2605 2191 paradiso
2630 2120 2688 2174 in
2719 2125 2930 2173 terram
2954 2119 3240 2189 projectus
3270 2117 3364 2183 sit,
3398 2121 3455 2171 et
3492 2133 3598 2187 pro

1905 2211 2357 2266 sanctificatione
2407 2209 2794 2280 pollutionem
2835 2207 3292 2273 commntaverit,
3345 2223 3452 2276 pro
3498 2207 3600 2260 de-

1904 2317 2034 2355 core
2073 2300 2344 2366 cinerem,
2405 2316 2511 2369 pro
2560 2297 2856 2368 sapientiae
2916 2297 3134 2351 lumine
3183 2295 3598 2350 combustionis

1907 2386 2116 2454 ignem,
2163 2389 2226 2438 ut
2271 2385 2340 2437 ad
2373 2383 2618 2437 nihilum
2669 2382 2930 2436 redactus
2985 2381 3126 2435 nihil
3164 2381 3237 2435 sit
3293 2382 3353 2434 in
3390 2396 3595 2450 perpe-

1907 2479 2090 2528 tuum.
2125 2473 2460 2527 Audivimus
2509 2472 2663 2526 enim
2724 2471 2859 2541 quia
2908 2476 3036 2541 post
3066 2470 3597 2541 praevaricationem

1907 2562 2291 2634 superbientis
2322 2561 2530 2632 angeli,
2577 2561 2706 2613 data
2752 2559 3082 2615 situltionis
3139 2558 3442 2624 sententia,
3501 2557 3596 2610 sed

1907 2652 2169 2724 nunquid
2209 2656 2514 2722 postquam
2561 2650 2799 2720 angelus
2839 2648 3111 2719 peccavit,
3156 2653 3296 2702 tunc
3348 2647 3600 2718 primum

1908 2740 2182 2811 cogitavit
2214 2740 2591 2809 Omnipotens
2631 2753 2805 2809 quam
2855 2737 3090 2790 inferret
3121 2736 3173 2790 ei
3205 2752 3433 2807 poenam
3476 2751 3602 2806 pec-

1909 2828 2100 2884 canti?
2125 2829 2182 2883 Si
2214 2829 2320 2882 hoc
2352 2833 2455 2893 est,
2493 2843 2608 2880 non
2656 2826 2765 2880 erit
2795 2841 2994 2879 verum
3025 2824 3175 2896 quod
3225 2824 3305 2878 ait
3356 2827 3599 2893 Aposto-

1910 2918 2018 2984 lus,
2064 2917 2217 2988 quod
2254 2937 2277 2966 ι
2308 2916 2460 2986 apud
2520 2917 2698 2969 Deum
2740 2914 2900 2968 nulla
2931 2913 3002 2967 sit
3048 2911 3440 2979 commutatio,
3496 2927 3601 2964 nec

99 3003 301 3072 plenus
347 3003 654 3074 sapientia,
714 3009 771 3058 et
854 3005 1138 3074 perfectus
1197 3005 1401 3058 decore
1460 3005 1795 3070 constiterit,
1829 3001 1868 3057 C
1911 3005 2316 3060 vicissitudinis
2348 3004 2713 3058 obumbratio
2746 3003 2886 3074 (Jac.
2923 3019 2961 3070 ι,
2997 3001 3102 3073 l7).
3141 3020 3167 3053 ››
3206 3001 3310 3055 Ubi
3351 3016 3600 3071 namque

93 3092 252 3158 juxta
300 3091 458 3160 quod
509 3091 790 3162 propheta
845 3092 913 3145 de
975 3110 1042 3146 eo
1087 3093 1345 3163 loquitur
1393 3093 1622 3148 dicens:
1660 3115 1681 3142 ι
1717 3095 1799 3148 Tu

100 3181 458 3249 signaculum
497 3180 894 3234 similitudinis
933 3181 1136 3251 plenus
1169 3181 1469 3252 sapientia,
1504 3186 1560 3236 et
1604 3183 1796 3251 perfe-

99 3276 217 3321 ctus
247 3269 473 3337 decore,
525 3269 586 3322 in
617 3269 831 3323 deliciis
858 3269 1105 3340 paradisi
1137 3271 1235 3325 Dei
1266 3271 1444 3337 fuisti,
1478 3272 1666 3326 omnis
1713 3273 1797 3325 la-

103 3358 184 3426 pis
215 3359 504 3428 pretiosus
539 3359 966 3429 operimentum
997 3366 1156 3413 tuum
1190 3359 1408 3428 (Ezech.
1441 3376 1594 3427 xvm,
1635 3360 1742 3430 t2).
1769 3378 1796 3410 ι)

108 3447 365 3518 Nunquid
401 3463 534 3501 cum
585 3447 644 3501 in
685 3448 1027 3502 conditionis
1069 3465 1186 3502 suae
1237 3448 1520 3519 principio
1571 3448 1701 3502 talis
1741 3448 1800 3502 in

105 3535 359 3604 paradiso
394 3536 687 3602 manebat,
719 3537 946 3606 qualem
979 3537 1334 3607 prophetalis
1364 3553 1552 3590 sermo
1587 3536 1798 3590 descri-

109 3625 202 3688 bit,
237 3627 383 3679 Deus
408 3626 511 3696 qui
542 3625 737 3680 omnia
757 3627 918 3680 novit
947 3627 1286 3698 priusquam
1308 3626 1470 3693 tiant,
1505 3643 1634 3680 eum
1665 3642 1798 3696 pro-

108 3721 225 3783 pter
249 3715 585 3785 superbiam
621 3716 692 3770 ab
723 3715 829 3770 hac
869 3715 1224 3769 beatitudine
1265 3731 1529 3769 casurum
1581 3716 1796 3769 nescie-

107 3802 362 3859 ΜΗ)ιωί
389 3804 634 3858 scientia
667 3804 766 3858 Dei
795 3805 1072 3875 compulit
1105 3821 1234 3858 eum
1271 3805 1340 3858 ad
1376 3805 1642 3858 ruinam?
1676 3806 1800 3859 Non

111 3893 313 3963 utique,
346 3893 447 3947 sed
484 3910 614 3964 qum
648 3909 736 3948 res
769 3893 1064 3964 impulerit
1099 3909 1230 3947 eum
1266 3893 1336 3947 ad
1376 3894 1602 3947 ruinam
1644 3910 1800 3948 sacra

115 3981 262 4035 lectio
313 3999 436 4036 non
481 3987 654 4051 tacet,
706 3999 834 4054 quae
883 3983 1061 4036 dicit:
1117 4002 1144 4033 (ι
1180 3985 1241 4036 In
1297 3982 1484 4037 medio
1539 3983 1799 4054 lapidum

116 4071 414 4140 ignitorum
450 4072 759 4125 ambulasti
786 4072 1070 4142 perfectus
1110 4072 1168 4125 i'n
1200 4071 1304 4125 viis
1336 4071 1448 4124 tuis
1489 4072 1631 4126 adie
1659 4089 1797 4126 con-

118 4160 331 4214 ditionis
363 4165 502 4228 tuoe,
546 4161 730 4214 donec
771 4161 1001 4215 inventa
1043 4166 1126 4215 est
1173 4160 1447 4232 iniquitas
1500 4161 1559 4214 in
1601 4167 1675 4214 te.
1736 4162 1800 4216 In

120 4250 479 4304 multitudine
501 4249 912 4319 negotiationis
944 4254 1058 4303 tum
1089 4250 1308 4320 repleta
1339 4255 1472 4303 sunt
1498 4249 1797 4303 interiora-

1907 3096 2199 3166 cogitatio,
2227 3096 2382 3166 ’quze
2437 3095 2594 3165 prius
2643 3110 2756 3148 non
2804 3098 2926 3146 erat
2975 3091 3178 3158 oritur,
3227 3091 3382 3162 prior
3440 3106 3597 3144 men-

1909 3184 1978 3238 tis
2052 3189 2247 3248 status,
2305 3187 2715 3237 commutatur.
2803 3183 2914 3236 Nec
2970 3185 3156 3252 potest
3223 3181 3291 3234 de
3369 3195 3485 3233 uno
3532 3180 3600 3233 ad

1908 3274 2152 3327 alterum
2214 3288 2331 3326 non
2401 3271 2695 3326 transferri
2755 3271 3002 3336 animus,
3066 3285 3237 3342 quem
3305 3270 3601 3340 cogitatio-

1908 3362 2000 3416 nis
2029 3361 2275 3416 varietas
2317 3361 2617 3415 confundit
2651 3377 2664 3414 :
2713 3360 2808 3414 sed
2844 3359 2972 3413 talis
3022 3359 3233 3413 sentire
3265 3358 3334 3412 de
3379 3359 3600 3412 incom-

1908 3451 2170 3506 mutabili
2249 3467 2476 3505 summa
2541 3450 2808 3520 impietas
2867 3454 2971 3502 est.
3051 3449 3412 3519 Quapropter
3467 3448 3604 3518 quia

1907 3539 2067 3592 nulla
2115 3539 2486 3593 commutatio
2531 3538 2683 3609 apud
2745 3539 2922 3591 Deum
2969 3543 3072 3604 est,
3131 3536 3289 3590 nulla
3329 3541 3413 3589 est
3459 3553 3603 3590 nova

1908 3629 2201 3698 cogitatio,
2235 3632 2293 3681 et
2321 3627 2368 3680 si
2395 3627 2553 3680 nulla
2603 3640 2748 3680 nova
2778 3625 3074 3696 cogitatio,
3113 3626 3336 3680 nullum
3389 3641 3600 3680 novum

1908 3716 2234 3782 consilium,
2289 3715 2336 3768 si
2381 3715 2604 3769 nullum
2637 3731 2847 3768 novum
2879 3714 3182 3768 consilium
3244 3714 3403 3767 nulla
3459 3728 3602 3767 nova

1909 3803 2193 3869 definitio,
2225 3803 2449 3856 nullum
2479 3801 3014 3872 novumjudicium.
3043 3803 3103 3854 Et
3126 3799 3358 3871 quidem
3383 3799 3602 3869 judicia

1911 3892 2012 3947 Dei
2043 3896 2178 3946 tunc
2207 3907 2356 3945 nova
2383 3891 2667 3954 videntur,
2705 3891 2936 3962 quando
2990 3889 3058 3942 ab
3107 3888 3318 3942 interni
3360 3887 3604 3958 disposi-

1909 3981 2062 4035 tione
2116 3980 2314 4034 secreti
2371 3980 2524 4034 foras
2581 3979 2923 4051 procedunt,
2998 3979 3094 4033 sed
3152 3978 3213 4032 in
3267 3977 3603 4031 aeternitatis

1909 4070 2148 4125 consilio
2181 4086 2480 4140 nunquam
2535 4073 2666 4123 sunt
2714 4085 2876 4136 nova,
2911 4067 3048 4138 quia
3103 4082 3461 4138 qumcunque
3502 4082 3604 4136 per

1909 4161 2206 4216 intervalla
2237 4165 2566 4231 temporum
2606 4176 2639 4214 a
2675 4160 2791 4213 Deo
2820 4159 3043 4212 noviter
3089 4157 3256 4224 fiunt,
3287 4156 3345 4210 in
3395 4155 3600 4211 divini-

1909 4250 2038 4304 tatis
2097 4249 2418 4304 eeternitate
2459 4264 2684 4319 semper
2729 4248 2877 4302 facta
2936 4247 3186 4301 fuerunt.
3247 4245 3603 4316 Quapropter

120 4342 210 4391 tua
249 4338 579 4410 iniquitate,
616 4344 672 4392 et
700 4338 945 4409 peccasti
984 4339 1184 4407 (Ibid.,
1220 4338 1304 4408 li)
1331 4336 1348 4411 ]
1383 4361 1408 4386 »
1461 4339 1597 4392 Ecce
1646 4339 1798 4392 unde
1828 4349 1872 4404 1)
1911 4339 2013 4393 etsi
2045 4339 2273 4410 culpam
2306 4337 2692 4409 superbientis
2720 4337 2906 4407 angeli
2932 4339 3060 4408 post
3086 4333 3598 4406 transgressionem

119 4427 317 4480 cecidit.
361 4428 488 4480 Non
520 4427 676 4480 enim
707 4427 830 4481 ideo
870 4427 1134 4481 conditus
1184 4433 1267 4482 est
1310 4432 1373 4482 ut
1417 4427 1663 4494 caderet,
1697 4444 1800 4482 nec

119 4513 308 4568 idcirco
345 4515 673 4569 coelestibus
723 4516 995 4586 prazlatus
1043 4516 1387 4587 agminibus,
1442 4521 1503 4569 ut
1535 4516 1799 4586 superbi-

118 4608 228 4670 ret;
263 4621 360 4658 nec
410 4611 722 4676 propterea
778 4605 1066 4675 perfectus
1097 4605 1158 4659 in
1205 4605 1309 4659 viis
1355 4605 1468 4659 suis
1496 4610 1582 4660 est
1621 4622 1654 4659 a
1710 4606 1798 4661 die

116 4694 444 4747 conditionis
475 4711 613 4761 suae,
647 4697 711 4747 ut
749 4694 817 4748 ad
848 4694 1215 4764 iniquitatem
1247 4693 1581 4760 declinaret,
1615 4700 1671 4748 et
1699 4695 1797 4749 ad-

118 4798 296 4834 versus
322 4783 408 4835 sui
443 4782 770 4836 Conditoris
801 4783 1216 4852 benignitatem
1245 4783 1511 4853 superbia
1545 4782 1799 4837 tumidus

116 4871 488 4925 extolleretur.
533 4872 634 4925 lllc
665 4877 856 4925 tamen
888 4872 987 4942 qui
1017 4873 1176 4925 novit
1207 4872 1422 4939 omnia,
1456 4877 1508 4925 et
1543 4871 1632 4925 cui
1659 4871 1798 4926 nihil

116 4964 186 5010 est
216 4961 596 5030 praeteritum,
623 4959 761 5014 nihil
783 4960 1189 5030 quefuturum,
1223 4960 1322 5014 sed
1351 4960 1616 5014 universa
1647 4976 1800 5030 prte-

117 5049 244 5102 senti
284 5050 712 5120 contemplatur
749 5049 961 5104 intuitu
1013 5053 1248 5104 noverat
1297 5048 1462 5103 illum
1518 5049 1595 5103 ita
1638 5065 1796 5102 casu-

120 5153 258 5204 rum;
304 5155 410 5192 nec
460 5143 601 5192 tunc
650 5143 874 5192 tantum
925 5138 1083 5192 novit
1142 5139 1375 5210 quando
1421 5137 1645 5205 cecidit,
1703 5143 1801 5192 aut

121 5229 323 5294 quando
355 5228 642 5282 interiora
687 5244 788 5282 sua
852 5228 1092 5299 replevit
1124 5227 1431 5298 iniquitate
1488 5228 1582 5282 sed
1633 5234 1800 5281 ante-

121 5332 266 5383 quam
317 5318 488 5372 illum
536 5321 771 5384 crearet,
829 5317 951 5372 haec
997 5317 1408 5387 cognoscebat;
1465 5333 1567 5370 nec
1609 5322 1802 5372 tamen

120 5406 345 5473 cognitio
395 5406 500 5460 Dei
535 5405 816 5476 compulit
837 5421 969 5460 eum
1003 5406 1073 5460 ad
1105 5406 1356 5472 ruinam,
1389 5405 1484 5459 sed
1528 5405 1802 5477 iniquitas

119 5494 239 5561 ejus.
274 5495 498 5550 Deinde
551 5511 740 5548 sermo
782 5494 1135 5566 prophetalis
1181 5495 1596 5567 prosequitur:
1658 5517 1684 5544 α
1740 5496 1805 5550 Et

115 5584 236 5650 eieci
266 5591 316 5638 te
350 5586 424 5639 de
457 5588 662 5638 monte
695 5584 813 5651 Dei,
843 5590 896 5640 et
925 5584 1149 5656 perdidi
1180 5589 1258 5654 te,
1291 5601 1324 5637 o
1372 5585 1618 5652 Cherub,
1668 5601 1801 5655 pro-

1911 4427 2162 4483 vindicta
2222 4432 2414 4482 secuta
2466 4431 2572 4495 est,
2606 4427 2665 4480 in
2705 4425 3019 4480 divinitatis
3049 4429 3242 4478 tamen
3273 4424 3601 4494 cognitione

1910 4534 2137 4589 semper
2171 4517 2299 4584 fuit,
2334 4516 2609 4588 quoniam
2654 4515 2797 4570 sicut
2825 4513 3137 4585 antequam
3176 4517 3456 4583 peccaret,
3490 4514 3602 4566 sci-

1908 4603 1987 4658 vit
2021 4607 2168 4659 Deus
2200 4621 2331 4658 eum
2379 4610 2703 4675 peccatum,
2737 4603 2818 4657 ita
2863 4618 3091 4674 quoque
3123 4618 3375 4674 poenam,
3426 4617 3598 4672 quam

1908 4693 2166 4762 peccanti
2198 4694 2524 4747 redditurus
2574 4699 2714 4758 erat,
2768 4692 2829 4746 in
2861 4691 3198 4745 {eternitatis
3237 4689 3472 4744 consilio
3504 4689 3598 4742 de-

1909 4781 2128 4836 ﬁnitam
2183 4797 2411 4853 semper
2459 4782 2678 4836 habuit.
2729 4780 2834 4836 Sed
2886 4781 3031 4834 sicut
3078 4777 3442 4850 prmscientia
3500 4777 3600 4830 Dei

1909 4888 2020 4925 non
2058 4871 2336 4942 compulit
2363 4871 2659 4926 diabolum
2694 4870 2765 4924 ad
2795 4867 3344 4940 l‘irazvaricationem,
3377 4865 3456 4919 sic
3497 4882 3600 4920 nec

1909 4960 2317 5032 praeordinatio
2348 4976 2535 5030 poenae
2593 4959 2764 5013 traxit
2814 4973 2944 5011 cum
2994 4956 3061 5010 ad
3111 4955 3358 5009 ruinam.
3413 4955 3601 5008 Bonus

1909 5052 2066 5104 enim
2100 5049 2384 5114 conditus,
2408 5065 2510 5102 suo
2543 5047 2678 5101 vitio
2709 5046 2893 5100 malus
2923 5045 3103 5099 factus
3133 5047 3235 5108 est,
3280 5048 3336 5096 et
3367 5043 3600 5098 malitia!

1907 5145 2130 5194 reatum
2193 5138 2361 5192 ultrix
2415 5152 2582 5206 poena
2617 5133 3072 5203 comprehendit.
3131 5131 3311 5186 Primi
3368 5149 3600 5204 quoque

1909 5233 2174 5300 parentes
2206 5226 2443 5280 humani
2475 5223 2704 5296 generis
2751 5223 2871 5277 sine
2899 5221 3165 5290 contagio
3196 5221 3415 5294 peccati
3471 5227 3600 5276 ante

1909 5316 2189 5387 serpentis
2215 5314 2566 5384 colloquium
2599 5313 2658 5368 in
2693 5312 2957 5383 paradiso
2992 5312 3294 5384 degebant.
3330 5310 3599 5383 Nunquid

1910 5423 2044 5460 vero
2092 5405 2238 5458 Deus
2284 5408 2592 5474 antequam
2635 5408 2940 5473 peccarent
2993 5407 3326 5475 peccaturos
3383 5399 3600 5456 nescie-

1911 5493 2049 5550 bat?
2082 5494 2192 5548 Nec
2223 5497 2415 5546 tamen
2445 5493 2568 5546 haec
2609 5492 2710 5546 Dei
2757 5492 3113 5564 praescientia
3147 5491 3274 5545 illos
3324 5491 3604 5562 compulit

1916 5583 1982 5638 ad
2019 5586 2338 5655 peccatum,
2370 5581 2462 5636 sed
2498 5597 2667 5636 causa
2698 5583 2916 5652 peccati
2947 5582 3053 5636 fuit
3084 5579 3166 5633 eis
3194 5580 3366 5634 astuti
3421 5579 3600 5634 hostis
