3920 6224
370 318 430 370 7t
1535 315 1901 373 RATRAMNI
1940 317 2403 374 CORBEIENSIS
2435 317 2741 374 MONACHI
3778 322 3825 374 72

368 448 570 504 callida
615 446 926 519 persuasio,
974 450 1029 501 et
1085 446 1264 500 divini
1317 446 1584 517 praecepti
1636 446 2049 517 praevaricatio.
2083 456 2128 509 Α
2168 448 2315 501 Deus
2343 447 2588 518 qualiter
2617 447 2829 518 impius
2850 448 3135 521 parricida
3156 448 3477 521 puniretur,
3520 456 3576 505 et
3602 455 3813 505 recenti-
3896 448 3897 459 ¹

370 540 491 592 Non
521 538 675 592 enim
715 537 843 591 ideo
871 539 1264 606 peccaverunt,
1295 537 1426 606 quia
1460 537 1742 606 praescivit
1790 537 1939 590 Deus
1971 552 2066 589 eos

368 632 720 697 peccaturos,
754 626 849 679 sed
886 626 1015 679 ideo
1058 626 1192 696 quia
1225 625 1340 679 dati
1390 626 1663 695 praecepti
1696 627 2065 695 neglexerunt

369 731 489 769 esse
521 717 860 780 servatores,
903 718 959 768 et
993 714 1483 785 praevaricationis
1534 719 1756 767 reatum
1816 730 2064 784 praesens

366 820 551 874 poenae
600 804 903 858 subsecuta
944 809 1047 869 est,
1099 808 1162 855 ut
1200 802 1606 857 inobcdieutize
1654 803 1822 872 culpa
1863 802 2062 855 mortis

366 893 649 947 sententia
703 893 1070 963 plecteretur.
1132 892 1253 945 Non
1321 897 1456 945 tunc
1522 896 1714 944 tamen
1781 891 2058 961 primum,

366 980 597 1051 quando
629 979 879 1050 peccavit
920 979 1117 1043 homo,
1162 978 1500 1048 excogitavit
1532 979 1700 1040 Deus,
1734 994 1846 1048 qua
1878 978 2060 1032 delin-

367 1073 641 1140 quentem
687 1068 905 1121 ultione
950 1068 1168 1135 feriret,
1221 1084 1407 1137 neque
1457 1073 1594 1120 tunc
1639 1066 1870 1137 quando
1920 1066 2061 1120 dans

366 1156 709 1210 obedientize
736 1162 1111 1224 praeceptum,
1155 1156 1325 1208 simul
1353 1164 1408 1209 et
1431 1155 1709 1208 ultionem
1740 1155 2058 1208 commina-

366 1251 456 1298 tus
489 1251 573 1299 est
603 1244 797 1298 dicens
833 1261 845 1298 :
882 1264 908 1294 (ι
945 1246 1005 1297 In
1051 1261 1393 1315 quacunque
1453 1244 1543 1297 die
1597 1244 1961 1298 comederitis
1993 1261 2061 1298 ex

367 1351 455 1400 eo,
480 1356 507 1382 »
528 1334 586 1389 id
616 1339 702 1388 est
729 1334 797 1387 de
824 1333 981 1402 ligno
1001 1333 1370 1403 experientia:
1393 1333 1527 1387 boni
1552 1338 1607 1386 et
1628 1333 1786 1399 mali,
1823 1353 1850 1383 α
1877 1339 2059 1386 morte

368 1422 698 1477 moriemini
732 1425 887 1487 (Gen.
914 1439 972 1488 ιι,
999 1422 1112 1492 17).
1140 1441 1166 1473 ))
1187 1422 1294 1477 Sed
1326 1422 1471 1476 sicut
1493 1422 1616 1491 ejus
1644 1422 1895 1475 scientize
1915 1422 2059 1475 nihil

363 1512 496 1566 novi
525 1517 711 1582 potest
739 1512 1095 1582 contingere,
1133 1511 1213 1564 ita
1252 1527 1357 1564 nec
1385 1510 1623 1580 judicio.
1660 1512 1729 1565 Ut
1760 1510 1913 1564 enim
1957 1511 2059 1563 sci-

362 1600 439 1654 vit
479 1617 512 1654 a
538 1599 819 1671 principio
863 1600 1156 1653 hominem
1183 1604 1560 1670 {peccaturum
1596 1615 1608 1653 :
1644 1599 1723 1653 sic
1752 1613 1808 1653 et
1836 1617 1868 1653 a
1906 1599 2060 1671 prin-

362 1688 511 1758 cipio
539 1688 696 1742 novit
730 1688 1212 1759 quemadmodum
1256 1691 1588 1757 peccantem
1623 1687 1875 1758 puniret,
1919 1704 2059 1758 quo-

363 1776 516 1830 niam
551 1777 710 1846 apud
756 1779 957 1841 Deum,
993 1776 1139 1829 sicut
1190 1793 1305 1830 non
1350 1782 1435 1829 est
1464 1793 1609 1830 nova
1639 1776 1929 1846 cogitatio,
1980 1776 2059 1830 sic

363 1881 466 1918 nec
487 1881 698 1919 novum
722 1865 1047 1931 consilium,
1085 1871 1142 1919 et
1180 1866 1325 1918 sicut
1343 1882 1460 1919 non
1492 1882 1700 1919 novum
1733 1865 2056 1933 consilium,

362 1952 440 2006 ita
472 1969 576 2008 nec
605 1969 819 2007 novum
864 1954 1164 2022 judicium.
1198 1953 1364 2023 Apud
1398 1970 1570 2024 quem
1602 1953 1756 2007 enim
1789 1954 1944 2007 nulla
1976 1960 2059 2007 est

362 2040 757 2107 commutatio,
797 2042 955 2094 nulla
985 2041 1333 2107 vicissitudo,
1370 2040 1677 2095 uniformis
1710 2045 1792 2094 est
1830 2040 2055 2110 sapien-

362 2128 462 2197 tia,
495 2136 551 2183 et
594 2131 945 2200 sempiterna
979 2130 1314 2185 deliberatio
1348 2147 1360 2185 :
1396 2148 1508 2202 qua
1556 2131 1624 2185 de
1655 2148 1716 2185 re
1767 2133 1913 2184 sicut
1948 2148 2058 2185 an-

362 2224 594 2288 tequam
652 2224 911 2289 peccaret
960 2219 1158 2285 homo,
1192 2224 1428 2273 noverat
1465 2236 1597 2273 eum
1655 2226 2055 2290 peccaturum;

361 2304 440 2359 sic
462 2311 770 2377 antequam
802 2307 1035 2375 puniret
1066 2307 1249 2373 illum,
1283 2307 1612 2361 decreverat
1640 2323 1890 2377 poenam,
1946 2324 2059 2377 qua

358 2392 545 2448 fuerat
579 2394 925 2465 puniendus.
979 2396 1091 2448 Nec
1120 2401 1313 2449 tamen
1343 2400 1669 2465 propterea,
1726 2396 1861 2466 quia
1910 2397 2059 2449 Deus

362 2483 694 2536 decreverat
712 2484 1006 2537 hominem
1032 2483 1413 2553 puniendum,
1436 2484 1645 2537 idcirco
1674 2484 1930 2553 punitus,
1953 2489 2054 2550 est,

364 2572 458 2624 sed
493 2577 796 2641 propterea
830 2572 966 2642 quia
1010 2573 1283 2640 peccavit.
1332 2573 1488 2626 Sicut
1519 2588 1630 2626 non
1680 2572 1890 2625 idcirco
1925 2573 2060 2626 deli-

364 2660 510 2729 quit,
546 2661 681 2731 quia
714 2660 856 2713 Deus
882 2660 1045 2714 illum
1070 2666 1439 2730 peccaturum
1460 2661 1765 2730 proescivit,
1798 2662 1895 2714 sed
1924 2662 2058 2731 quia

365 2746 647 2816 serpentis
686 2747 1112 2817 persuasionem
1138 2748 1339 2818 magis,
1361 2765 1534 2819 quam
1564 2749 1665 2803 Dei
1704 2754 2057 2819 praeceptum

361 2835 599 2889 audivit.
636 2835 944 2906 Consurgit
973 2836 1109 2890 Cain
1140 2837 1409 2890 adversus
1431 2837 1567 2891 Abel
1598 2837 1830 2891 fratrem
1865 2855 2053 2905 suum,

364 2930 422 2978 et
468 2924 697 2978 invidia:
750 2924 920 2978 livore
963 2931 1204 2978 emeatus
1248 2924 1616 2980 innocentem
1664 2927 2049 2997 persequitur,

2175 536 2382 590 delicto
2422 538 2749 591 commissio
2780 538 3010 609 impulit
3065 555 3198 593 eum
3233 539 3291 592 in
3323 538 3457 593 novi
3503 541 3713 594 consilii
3738 545 3817 594 'me
3896 536 3897 625 χ

2173 625 2505 679 ditationem
2539 631 2601 680 ut
2649 627 3139 697 quemadmodum
3189 630 3376 683 adhuc
3419 629 3819 699 inexcogitatum

2175 715 2358 768 scelus
2390 714 2652 768 confudit
2676 716 2890 779 orbem,
2924 716 3003 769 sic
3039 718 3219 771 Deum
3269 717 3664 787 inexcogitatze
3701 720 3821 787 prius

2171 819 2356 873 poeuze
2390 804 2723 858 deliberatio
2764 812 3153 875 permoveret;
3184 807 3339 877 quod
3386 807 3523 878 quia
3568 807 3821 876 prudentis

2171 909 2340 946 aures
2370 910 2487 947 non
2544 893 2829 964 recipiunt
2884 900 3105 948 constat
3160 895 3297 965 quia
3353 895 3498 950 sicut
3553 897 3823 966 przescierit

2174 982 2323 1035 Deus
2352 982 2632 1036 malitiam
2692 982 2830 1037 Cain
2877 984 3152 1054 futuram,
3202 984 3282 1038 sic
3327 1001 3558 1055 quoque
3597 987 3822 1055 quemad-

2170 1071 2407 1124 modum
2440 1072 2761 1142 puniretur,
2812 1073 2965 1142 apud
3023 1089 3083 1126 se
3137 1074 3438 1127 definitum
3489 1073 3702 1127 habuit.
3736 1075 3818 1128 Nec

2171 1165 2365 1213 tamen
2404 1160 2614 1214 idcirco
2645 1160 2739 1214 ille
2786 1162 3020 1232 punitus
3048 1168 3149 1228 est,
3181 1162 3317 1233 quia
3364 1162 3425 1215 in
3477 1162 3817 1232 praedestina-

2170 1248 2326 1302 tioue
2386 1266 2487 1302 sua
2543 1251 2688 1303 Deus
2746 1266 2879 1303 eum
2931 1251 3260 1304 decreverat
3314 1251 3694 1321 puniendum,
3746 1251 3814 1305 sed

2170 1337 2306 1407 quia
2360 1338 2480 1408 ipse
2536 1338 2852 1405 admiserit,
2905 1344 2969 1392 ut
3025 1340 3341 1408 puniretur.
3393 1340 3520 1396 Non
3581 1340 3727 1394 enim
3777 1357 3821 1393 ex
3895 1388 3897 1398 ι

2168 1426 2671 1495 praedestinatione
2716 1428 2861 1480 Deus
2892 1427 3143 1497 aliquem
3201 1430 3559 1494 condemnat,
3617 1428 3753 1482 sicut
3774 1445 3821 1482 ex

2174 1514 2528 1583 praescientia
2565 1516 2856 1569 neminem
2885 1532 3115 1584 peccare
3159 1517 3482 1586 compellit;
3532 1517 3628 1571 sed
3662 1525 3821 1588 peccat

2169 1603 2565 1673 unusquisque
2598 1603 2830 1674 propria
2860 1604 3172 1675 cupiditate
3205 1606 3447 1672 illectus,
3474 1613 3528 1660 et
3561 1607 3695 1677 quia
3724 1622 3822 1676 pec-

2171 1691 2337 1754 cavit,
2372 1708 2635 1762 supernae
2668 1692 2902 1745 ultionis
2953 1692 3201 1747 viudieta
3253 1694 3472 1749 feritur.
3529 1696 3824 1765 Completur

2169 1780 2322 1833 orbis
2362 1780 2728 1834 multitudine
2755 1780 3078 1849 hominum,
3124 1787 3179 1836 et
3220 1798 3350 1835 cum
3399 1783 3623 1852 generis
3662 1782 3823 1836 multi-

2166 1870 2473 1938 plicatione
2500 1870 2699 1923 crescit
2729 1870 3104 1923 numerositas
3136 1869 3431 1939 vitiorum,
3464 1870 3664 1924 videns
3715 1872 3827 1924 Deus

2167 1956 2405 2011 humani
2438 1957 2621 2011 cordis
2653 1957 2928 2009 malitiam
2977 1957 3046 2011 ad
3079 1958 3294 2011 malum
3335 1959 3405 2012 de
3456 1959 3547 2013 die
3597 1958 3653 2012 in
3706 1959 3828 2011 diem

2168 2046 2421 2100 deterius
2451 2063 2639 2111 ruere,
2668 2047 2727 2099 in
2754 2046 3073 2116 iniquitatis
3104 2047 3400 2100 cumulum
3432 2048 3490 2100 in
3527 2048 3690 2119 pejus
3711 2062 3829 2099 sem-

2168 2149 2270 2202 per
2301 2149 2621 2203 assurgere,
2645 2140 2817 2203 atque
2840 2134 3025 2188 cordis
3058 2134 3295 2188 humani
3341 2135 3666 2188 intentione
3699 2133 3829 2187 omni

2166 2228 2423 2292 tempore
2472 2222 2540 2275 ad
2594 2221 2863 2275 vitiorum
2909 2221 3196 2292 profunda
3246 2223 3606 2287 descendere,
3658 2239 3756 2276 nec
3782 2221 3830 2274 ad

2166 2311 2305 2365 boni
2337 2310 2587 2381 aliquem
2621 2311 2703 2364 vel
2738 2311 3194 2379 meditationem,
3238 2311 3324 2364 vel
3357 2312 3610 2365 studium
3657 2327 3831 2364 manus

2166 2399 2491 2465 extendere,
2524 2400 2621 2452 sed
2655 2399 3081 2468 malignitatum
3113 2400 3401 2470 gurgitem
3431 2401 3833 2471 praecipitanter

2168 2492 2455 2556 expetere,
2491 2509 2510 2535 α
2561 2487 2829 2557 paenituit
2879 2504 3009 2541 eum
3050 2488 3295 2555 (dicente
3341 2489 3655 2559 Scriptura)
3706 2488 3831 2559 quod

2164 2575 2458 2629 hominem
2488 2576 2683 2629 fecerit
2714 2577 2866 2644 (Gen.
2892 2593 2965 2642 v1,
2988 2580 3041 2645 6)
3070 2593 3082 2630 :
3119 2599 3145 2624 ››
3176 2583 3352 2648 utque
3384 2583 3544 2632 tanta
3573 2577 3833 2631 malorum

2166 2665 2419 2732 pernicie
2454 2664 2732 2717 mundum
2773 2664 3049 2734 expiaret,
3081 2681 3293 2732 arcam,
3349 2665 3409 2719 in
3442 2682 3557 2736 qua
3605 2680 3829 2718 servare-

2166 2757 2259 2804 tur
2287 2750 2495 2806 sasculo
2529 2768 2745 2815 semen,
2776 2752 3039 2805 fabricari
3062 2752 3248 2822 jubet,
3303 2753 3517 2806 mundo
3581 2753 3836 2807 diluvium

2162 2840 2383 2905 indicit,
2428 2846 2638 2893 terram
2698 2840 3021 2894 universam
3070 2857 3350 2911 aquarum
3402 2841 3583 2896 moles
3646 2840 3834 2905 obruit,

2164 2929 2447 2981 montium
2482 2928 2778 2982 cacumina
2827 2928 3061 2982 vastitas
3108 2929 3292 2999 abyssi
3334 2931 3656 3000 cooperuit,
3691 2934 3837 2999 atque

364 3012 634 3067 fraterna:
691 3013 861 3067 cazdis
927 3029 1128 3067 cruore
1187 3019 1398 3068 terram
1453 3014 1846 3069 contaminat?
1891 3015 2055 3079 Quod
2087 3052 2127 3106 Ο
2164 3033 2268 3087 per
2295 3022 2481 3071 totum
2512 3018 2707 3071 orbem
2740 3017 2937 3071 oceani
2961 3034 3309 3088 gurgessese
3333 3018 3582 3085 diffudit,
3610 3025 3669 3073 et
3691 3017 3839 3089 quid-

358 3101 541 3154 scelus
580 3117 945 3172 nequaquam
986 3103 1166 3155 Deum
1190 3102 1377 3156 latuit.
1430 3102 1720 3157 Parricida
1765 3103 2056 3173 redargui-

358 3195 471 3253 tur,
527 3189 637 3243 fusi
707 3189 1005 3260 sanguinis
1072 3192 1288 3244 clamor
1357 3191 1636 3245 convincit
1696 3198 2049 3263 negantem:

358 3278 625 3349 Nunquid
657 3284 846 3332 autem
894 3279 1041 3332 Deus
1072 3285 1209 3333 tunc
1242 3279 1381 3333 Cain
1425 3280 1612 3349 primo
1666 3285 1902 3334 noverat
1930 3297 2056 3350 par-

357 3366 610 3431 ricidam,
663 3367 894 3438 quando
922 3366 1163 3421 fratrem
1195 3368 1495 3421 enecavit?
1545 3369 1603 3423 Si
1634 3369 1741 3423 hoc
1790 3370 2053 3423 concedi-

357 3460 473 3515 tur.
510 3455 770 3526 sequitur
797 3461 857 3509 ut
893 3456 1106 3526 aliquid
1136 3456 1364 3526 ignoret
1400 3457 1548 3510 Deus
1578 3458 1734 3527 quod
1777 3473 1882 3527 per
1908 3463 2051 3511 tem-

359 3545 518 3617 poris
539 3545 837 3599 intervalla
871 3544 1053 3599 discat
1084 3561 1096 3598 :
1134 3546 1235 3598 sed
1252 3544 1398 3599 nihil
1424 3550 1614 3615 potest
1636 3545 1852 3600 discere
1885 3547 2052 3613 Deus,

356 3635 509 3706 quod
550 3634 709 3705 prius
738 3633 1057 3705 ignorabat.
1095 3633 1300 3689 Omnia
1333 3650 1583 3705 namque
1617 3634 1775 3689 novit
1804 3651 2054 3706 praesen-

354 3723 452 3791 tia,
506 3722 814 3794 praeterita,
858 3726 916 3776 et
960 3722 1172 3776 futura.
1224 3721 1404 3792 Igitur
1452 3722 1592 3793 quid
1642 3726 1763 3777 erat
1796 3723 1931 3777 Cain
1962 3723 2055 3777 ad-

353 3828 551 3865 versus
624 3812 860 3866 fratrem
932 3816 1180 3878 acturus,
1247 3827 1546 3883 nunquam
1601 3811 1931 3881 ignoravit:
2007 3811 2053 3865 si

358 3917 657 3970 nunquam
688 3900 987 3970 ignoravit,
1019 3916 1250 3970 semper
1278 3901 1455 3954 scivit.
1505 3901 1772 3968 Nunquid
1831 3906 2051 3966 autem,

358 3990 495 4061 quia
527 3990 680 4060 quod
709 3989 813 4042 scit
835 3991 980 4043 Deus
1011 3989 1270 4042 futurum
1301 4006 1422 4042 esse
1455 3989 1578 4042 sine
1600 3989 1771 4043 dubio
1794 3988 2052 4043 futurum

357 4078 487 4143 erit,
524 4093 629 4130 nec
660 4077 838 4130 averti
877 4083 977 4130 aut
1002 4076 1293 4130 immutari
1326 4082 1529 4147 potest,
1573 4077 1781 4131 idcirco
1816 4078 2053 4131 scientia

358 4165 459 4219 Dei
507 4165 783 4234 compulit
816 4165 954 4218 Cain
983 4165 1053 4217 ad
1108 4181 1305 4218 necem
1361 4166 1716 4219 fraternam?
1760 4165 1896 4230 Quis
1945 4166 2054 4220 hoc

354 4254 568 4323 impius
618 4252 870 4306 dixerit?
919 4252 1055 4315 Qua:
1109 4269 1198 4306 res
1256 4254 1411 4307 enim
1454 4253 1749 4324 impulerit
1801 4271 1933 4308 eum
1982 4256 2052 4309 ad

355 4342 501 4396 tanti
535 4340 765 4395 sceleris
805 4341 1187 4410 patrationem
1220 4358 1232 4395 :
1289 4343 1572 4396 Geneseos
1608 4344 1773 4397 lectio
1826 4360 2050 4414 nequa-
2080 4343 2123 4395 D

355 4446 532 4502 quam
597 4430 745 4494 silet,
822 4445 950 4499 quas
1007 4429 1171 4483 docet
1232 4430 1539 4484 Dominum
1602 4431 1914 4501 respexisse
1977 4432 2050 4487 ad

352 4518 515 4582 Abel,
543 4523 599 4571 et
624 4517 696 4571 ad
726 4533 968 4570 munera
994 4516 1137 4587 ejus,
1171 4518 1238 4572 ad
1269 4519 1406 4572 Cain
1433 4534 1565 4572 vero
1593 4525 1650 4574 et
1678 4520 1749 4575 ad
1808 4536 2050 4575 munera

356 4607 480 4676 ejus
514 4622 628 4660 non
677 4605 1001 4677 rexpexisse
1058 4606 1210 4676 (Gen.
1254 4624 1324 4672 ιν,
1380 4608 1457 4675 4).
1497 4607 1639 4662 Hinc
1691 4610 2049 4679 parricidalis

354 4695 685 4749 immanitas
716 4695 983 4749 odiorum
1013 4695 1267 4749 fomenta
1318 4712 1673 4764 coacervans,
1708 4715 1810 4752 nec
1851 4699 2053 4753 divina

355 4785 728 4856 castigatione
771 4783 1170 4854 compescitur,
1228 4785 1327 4839 sed
1380 4784 1549 4855 coepti
1591 4786 1800 4841 furoris
1829 4787 2053 4841 insania

355 4872 607 4927 fraterna
636 4873 789 4927 caede
830 4873 1167 4943 completur.
1204 4874 1325 4927 Non
1358 4873 1534 4943 igitur
1562 4874 1659 4927 Dei
1694 4875 2053 4945 praescientia

355 4963 683 5031 compulsus
739 4967 826 5015 est
889 4963 1028 5016 Cain
1084 4963 1156 5016 ad
1215 4962 1604 5033 parricidium,
1670 4964 1768 5017 sed
1824 4964 2052 5018 invidiae

355 5050 736 5119 malignitate,
777 5055 875 5104 aut
917 5050 1127 5105 furoris
1178 5052 1423 5117 insania,
1457 5053 1556 5121 qui
1587 5052 1776 5106 fratris
1808 5053 2051 5123 gloriam

358 5138 544 5192 videre
575 5154 690 5191 non
724 5139 931 5209 potuit,
952 5140 1098 5194 ferre
1125 5141 1404 5212 nequivit,
1438 5140 1799 5212 exstinguere
1821 5142 2053 5196 molitus

356 5231 460 5281 est.
492 5231 564 5281 At
606 5227 849 5281 caelestis
880 5229 1023 5283 ultio
1052 5233 1170 5284 tam
1200 5230 1375 5285 ferale
1415 5231 1598 5285 scelus
1641 5247 1752 5285 non
1798 5230 2052 5301 impuni-

355 5320 480 5369 tum
503 5316 758 5385 reliquit,
788 5338 815 5365 «
849 5334 1025 5387 vagus
1052 5323 1110 5372 et
1130 5320 1407 5389 profugus
1438 5335 1612 5389 super
1642 5324 1853 5373 terram
1880 5340 1905 5369 υ
1937 5319 2054 5389 agi-

357 5410 471 5471 tur,
496 5410 553 5458 et
582 5404 937 5474 patricidalis
968 5405 1244 5477 iniquitas
1270 5407 1503 5461 ultionis
1532 5409 1872 5478 septenariae
1927 5424 2051 5461 ver-

355 5493 585 5547 beribus
610 5493 888 5564 expiatur.
934 5495 1083 5549 Num
1114 5511 1246 5550 vero
1277 5501 1585 5567 postquam
1612 5496 1755 5550 tanti
1787 5496 2053 5550 facinoris

357 5581 648 5652 piaculum
697 5588 781 5638 est
807 5583 1147 5652 admissum,
1209 5590 1344 5639 tunc
1389 5584 1642 5654 primum
1718 5584 2053 5639 deliberavit

2165 3106 2301 3176 quid
2366 3105 2468 3159 sub
2533 3106 2674 3159 casto
2731 3106 2938 3172 fuerat,
2997 3106 3234 3176 pelagus
3287 3106 3642 3177 superduxit.
3713 3105 3838 3170 Quid

2164 3195 2366 3265 plura?
2404 3216 2431 3243 ‹‹
2448 3196 2493 3247 Α
2511 3194 2704 3265 reptili
2728 3210 2909 3265 usque
2930 3194 2998 3248 ad
3020 3196 3305 3248 volucrem
3330 3196 3398 3249 ab
3412 3194 3649 3248 homine
3672 3209 3835 3264 usque

2166 3284 2237 3337 ad
2286 3284 2563 3353 pecudem
2617 3283 2881 3337 universa
2914 3303 2940 3333 »
3010 3283 3319 3337 delentur:
3372 3284 3528 3337 solus
3580 3284 3697 3337 Noe
3730 3298 3838 3335 cum

2166 3372 2338 3425 domo
2372 3388 2473 3425 sua
2496 3388 2638 3425 arcae
2668 3371 2946 3425 beneficio
2977 3372 3248 3438 salvatur,
3283 3376 3339 3425 et
3368 3371 3435 3425 iis
3456 3376 3708 3434 tantum,
3730 3386 3837 3441 qua

2165 3476 2309 3513 arca:
2340 3462 2497 3514 sinus
2528 3461 2911 3525 continuerat,
2938 3458 3187 3527 salvatis,
3220 3459 3500 3531 quidquid
3540 3460 3839 3513 viventium

2166 3554 2324 3602 extra
2350 3548 2537 3602 fuerat
2567 3564 2681 3602 uno
2731 3548 2944 3602 diluvio
2992 3548 3235 3603 deletur.
3269 3549 3383 3602 Hoc
3435 3548 3514 3601 ita
3556 3547 3733 3602 fuisse
3760 3564 3839 3618 ge-

2166 3641 2316 3690 stum
2341 3636 2649 3707 Scripturze
2678 3637 2883 3691 veritas
2924 3642 3292 3707 protestetur.
3347 3637 3619 3707 Nunquid
3666 3643 3839 3692 tamen

2163 3726 2413 3795 cogitare
2444 3725 2743 3790 debemus,
2806 3726 2957 3796 quod
3010 3724 3320 3796 impiorum
3360 3725 3685 3796 profanatio
3725 3732 3841 3780 tunc

2164 3814 2417 3884 primum
2446 3814 2559 3868 Deo
2608 3820 2744 3869 nota
2792 3814 2938 3868 facta
2984 3815 3175 3882 fuerit,
3229 3815 3462 3884 quando
3507 3815 3619 3885 ipsi
3660 3831 3841 3885 pecca-

2163 3903 2332 3956 runt?
2363 3903 2504 3957 Cum
2537 3903 2605 3957 de
2637 3903 2734 3957 illo
2767 3903 3041 3973 scriptum
3072 3904 3164 3970 sit,
3218 3903 3375 3973 quod
3407 3924 3435 3953 ‹‹
3472 3905 3705 3958 noverit
3734 3920 3839 3963 om-

2165 3990 2259 4044 nia
2287 3990 2625 4061 priusquam
2665 3992 2807 4044 liant
2857 3993 3023 4057 (Dan.
3055 4007 3173 4054 XIII,
3222 3992 3333 4061 42),
3365 4012 3393 4043 ι»
3445 3996 3500 4045 et
3555 3993 3846 4047 Psalmista

2162 4080 2515 4150 proclamet:
2555 4101 2575 4127 α
2628 4080 2963 4133 Intellexisti
3010 4080 3382 4151 cogitationes
3428 4096 3582 4134 meas
3625 4084 3845 4149 alonge

2166 4170 2273 4238 (Ps.
2307 4184 2567 4233 cxxxvm,
2596 4170 2685 4236 3)?
2712 4190 2731 4216 ο
2761 4169 2818 4223 Si
2846 4169 3221 4239 cogitationes
3248 4187 3277 4222 a
3309 4171 3480 4240 longe
3519 4185 3641 4223 non
3675 4172 3847 4224 solum

2162 4258 2472 4326 cognoscit,
2515 4273 2710 4310 verum
2761 4257 2934 4310 etiam
2985 4257 3285 4328 intelligit;
3343 4258 3739 4312 humanorum
3770 4274 3842 4310 ac-

2165 4350 2326 4399 tuum
2366 4344 2573 4398 seriem
2602 4350 2913 4415 antequam
2944 4345 3087 4399 fiant
3116 4345 3237 4398 sine
3261 4345 3483 4399 dubioa
3512 4345 3693 4416 longe
3726 4362 3847 4415 cog-

2160 4434 2357 4497 noscit,
2394 4449 2509 4503 qua
2543 4433 2611 4488 de
2668 4449 2731 4487 re
2790 4449 3016 4499 eorum,
3075 4450 3220 4504 quos
3273 4439 3576 4504 spumante
3633 4434 3844 4489 diluvio

2158 4522 2428 4592 perdidit,
2457 4527 2588 4576 ante
2620 4522 2780 4576 novit
2834 4539 3024 4593 opera,
3088 4538 3262 4593 quam
3315 4523 3466 4577 facta
3523 4522 3693 4579 sint:
3749 4538 3853 4577 non

2159 4616 2353 4664 tamen
2383 4616 2621 4680 propter
2651 4611 2775 4681 ejus
2806 4611 3092 4678 notitiam,
3125 4626 3238 4681 qua
3269 4616 3530 4682 gesturos
3564 4611 3699 4666 illos
3733 4611 3854 4667 talia

2159 4699 2352 4770 qualia
2372 4709 2671 4770 gesserunt
2697 4716 2729 4753 a
2768 4701 2937 4771 longe
2972 4700 3258 4770 cognovit,
3311 4702 3409 4755 sed
3447 4705 3694 4771 propter
3747 4716 3855 4754 sum

2159 4788 2533 4858 malignitatis
2587 4788 2659 4842 ad
2690 4788 3067 4857 inventiones,
3102 4805 3168 4842 ea
3220 4789 3478 4843 fecerunt
3507 4806 3609 4860 pro
3643 4790 3852 4861 quibus

2160 4876 2347 4947 perire
2380 4884 2735 4930 meruerunt.
2767 4877 2907 4929 Nam
2961 4877 3007 4930 si
3051 4878 3487 4931 considerentur
3544 4878 3701 4932 facta
3734 4878 3856 4931 illo-

2160 4981 2311 5026 rum,
2347 4970 2405 5018 et
2436 4965 2536 5019 Dei
2586 4965 2947 5034 prmscientia
2983 4982 2995 5020 :
3032 4983 3147 5020 non
3194 4966 3342 5020 facta
3396 4982 3596 5020 eorum
3659 4984 3733 5021 ex
3768 4964 3858 5021 Dei

2161 5054 2521 5125 prtescientia
2551 5054 2985 5115 descenderunt.
3022 5055 3117 5109 sed
3166 5054 3315 5108 infra
3367 5054 3617 5108 divinam
3682 5056 3857 5109 scien-

2158 5143 2317 5207 tiam,
2354 5143 2764 5214 quaeﬁniversa
2795 5143 3256 5213 comprehendit,
3286 5144 3400 5197 etia
3422 5144 3580 5197 milla
3600 5143 3856 5198 fuerunt.

2162 5232 2400 5286 Causam
2439 5248 2571 5286 vero
2617 5237 2672 5285 et
2702 5232 2985 5302 originem
3033 5248 3151 5286 non
3212 5248 3276 5285 ex
3307 5232 3405 5285 illa
3460 5236 3856 5298 sumpserunt,

2162 5320 2260 5375 sed
2284 5320 2521 5374 humani
2551 5320 2738 5374 cordis
2768 5321 3242 5391 praesumptione,
3274 5337 3392 5374 non
3424 5322 3579 5374 enim
3610 5321 3686 5375 de
3710 5322 3861 5376 fonte

2161 5408 2457 5476 bonitatis,
2501 5409 2611 5462 nisi
2668 5410 2893 5463 bonitas
2953 5425 3185 5462 manare
3218 5414 3434 5479 potest;
3493 5425 3598 5463 nec
3654 5410 3859 5464 vitium

2163 5497 2472 5569 aliquando
2505 5497 2575 5550 de
2605 5496 2809 5551 virtute
2842 5497 3086 5567 sumpsit
3113 5496 3416 5568 originem.
3472 5497 3671 5568 Itaque
3719 5498 3861 5551 sicut

2163 5585 2389 5653 delicta,
2420 5584 2629 5654 quibus
2651 5583 3015 5640 offenderunt
3047 5585 3201 5639 intra
3234 5585 3601 5641 latitudinem
3652 5587 3861 5641 divinae
