3920 6224
109 351 157 403 73
1082 338 1169 392 DE
1211 332 1882 392 PRAEDESTINATIONE
1917 333 2055 388 DEI.
2098 362 2161 370 —
2209 332 2337 387 LIB.
2379 332 2449 386 II.
3446 332 3514 385 74

104 474 296 531 scientiae
328 469 569 525 conclusa
598 467 835 522 fuerunt
868 484 881 523 :
912 467 988 522 sic
1021 483 1250 538 quoque
1285 474 1340 521 et
1371 483 1558 538 paena,
1592 481 1705 536 qua
1738 471 1777 523 A
1819 463 2049 523 fuerint,
2091 464 2240 516 Deus
2299 462 2661 533 cognoverit,
2714 468 2771 517 et
2822 462 3055 519 ultionis
3112 462 3421 519 vindictam
3452 464 3512 519 in

98 561 282 635 judicati
322 563 454 625 sunt,
498 572 614 611 non
666 562 972 627 postquam
1028 572 1331 627 peccavere
1372 554 1708 609 aeternitatis

102 650 286 705 consilio
324 649 578 715 concepta
618 648 723 711 est,
773 645 870 699 sed
900 646 1046 699 sicut
1092 646 1189 699 Dei
1223 644 1517 698 scientiam
1553 659 1708 696 nun-

102 756 230 810 quam
258 751 427 790 eorum
455 734 597 787 facta
639 735 953 800 latuerunt,
999 733 1080 786 sic
1131 749 1237 787 nec
1266 749 1449 804 paenae
1483 733 1706 797 modus,

99 826 173 896 qui
215 823 324 877 talia
347 825 491 891 gesta
536 819 973 886 damnarentur,
1019 819 1199 874 divini
1247 817 1710 889 praedestinatio-

99 929 199 967 nem
230 909 395 982 judicii
437 907 744 977 aliquando
789 908 1121 977 praeterivit.
1175 908 1382 961 Verum
1433 905 1707 977 quemad-

97 1000 283 1055 modum
309 1003 499 1051 aeterna
524 996 635 1050 fuit
682 997 912 1050 illorum
946 996 1224 1051 scelerum
1258 994 1516 1058 scientia,
1548 994 1624 1048 ita
1657 997 1715 1047 et

96 1086 281 1141 deﬁnita
318 1086 371 1139 in
427 1085 656 1139 secretis
701 1084 1026 1138 coelestibus
1076 1100 1262 1155 paenae
1306 1082 1623 1136 sententia:
1659 1086 1715 1136 et

98 1176 209 1229 sicut
231 1174 555 1245 praescientia
587 1173 842 1227 veritatis
871 1189 987 1228 non
1017 1190 1116 1227 eos
1143 1172 1375 1243 impulit
1403 1172 1473 1225 ad
1505 1172 1712 1242 nequi-

95 1265 219 1331 tiam,
246 1262 309 1316 ita
336 1277 429 1315 nec
454 1261 879 1331 praedestinatio
914 1260 1103 1331 coegit
1132 1260 1200 1314 ad
1239 1275 1491 1329 poenam.
1546 1258 1713 1313 Deni-

98 1368 184 1423 que
234 1349 679 1419 concupiscentiae
708 1351 926 1403 malum
982 1350 1154 1404 traxit
1209 1364 1303 1402 eos
1360 1348 1432 1402 ad
1463 1348 1713 1417 culpam,

95 1441 224 1510 culpa
247 1439 377 1493 misit
406 1438 470 1492 ad
502 1454 754 1509 poenam.
802 1440 981 1493 Porro
1014 1437 1291 1493 Divinitas
1339 1436 1717 1507 quemadmo-

96 1529 203 1580 dum
246 1527 380 1580 omni
423 1527 674 1581 scientia).
723 1527 1008 1597 sapientia
1048 1544 1152 1580 sua
1201 1526 1359 1580 novit
1390 1525 1604 1591 omnia,
1640 1525 1719 1577 sic

95 1615 414 1668 universitatis
440 1616 681 1669 consilio
733 1616 992 1686 disponit
1033 1615 1319 1680 universa,
1370 1619 1428 1668 et
1474 1629 1601 1683 quae
1633 1613 1716 1666 fa-

1822 550 2347 621 praedestinationis
2378 567 2491 604 sum
2515 550 2731 620 judicio
2771 557 3078 623 antequam
3130 569 3224 608 eos
3253 569 3513 624 compre-

1818 642 2116 707 henderet,
2152 641 2490 711 dispositam
2518 641 2822 695 habuerit?
2853 642 2946 696 sed
2985 642 3171 697 carnis
3220 643 3515 698 desideriis

1818 729 2190 784 inservientes
2239 729 2577 795 Sodomitas,
2622 728 2691 783 ad
2760 734 2919 783 tanta
2963 732 3177 785 scelera
3231 748 3513 803 prorupe-

1822 823 1975 885 runt,
2007 823 2069 873 ut
2106 834 2307 873 eorum
2358 818 2564 872 merito
2620 818 2835 872 caelesti
2886 818 3021 889 igne
3074 819 3514 891 conﬂagrarent.

1823 909 1973 962 Fons
2019 907 2196 978 igitur
2259 912 2314 961 et
2354 907 2515 977 origo
2570 911 2863 961 tantorum
2922 908 3199 961 scelerum
3256 910 3517 980 voluptas

1823 996 2008 1050 carnis
2061 996 2296 1061 exstitit;
2326 1000 2383 1050 at
2413 1012 2546 1050 vero
2599 1001 2962 1066 peccatorum
3024 997 3203 1051 moles
3255 998 3517 1053 vindictae

1823 1084 2164 1138 sententiam
2187 1084 2442 1139 extorsit.
2492 1085 2605 1139 Nec
2634 1085 3123 1156 praedestinationi
3172 1103 3309 1158 ergo
3339 1088 3519 1142 ascri-

1824 1173 2075 1228 bendum
2098 1180 2183 1228 est
2212 1174 2361 1244 quod
2380 1174 2625 1243 periere,
2654 1191 2759 1228 nec
2786 1175 3109 1245 praescienti
3139 1177 3291 1247 quod
3322 1193 3518 1248 pecca-

1824 1277 1975 1316 vere.
2010 1264 2282 1333 Egyptus
2316 1262 2414 1315 Dei
2458 1263 2739 1333 populum
2766 1262 2907 1333 jugo
2952 1263 3362 1318 dominationis
3392 1280 3518 1334 pre-

1827 1351 1952 1417 mit,
1986 1352 2180 1406 labore
2201 1352 2490 1405 servitutis
2526 1351 2748 1422 afﬂigit,
2776 1352 3090 1407 liberorum
3120 1353 3521 1408 interiectione

1826 1440 2084 1508 percellit
2118 1456 2129 1493 :
2165 1441 2383 1510 Moyses
2404 1440 2672 1505 mittitur,
2697 1444 2762 1494 ut
2789 1441 3041 1510 populus
3072 1442 3173 1495 Dei
3193 1442 3520 1496 dimittatur

1806 1528 2022 1597 ,(Είεοά.
2082 1545 2178 1582 vni
2227 1533 2276 1582 et
2326 1533 2484 1596 scq.).
2544 1530 2762 1583 Pharao
2822 1529 3146 1599 induratur,
3203 1536 3266 1584 ut
3323 1531 3520 1584 multis

1826 1617 2012 1686 plagis
2068 1617 2343 1686 [Egyptus
2410 1616 2677 1681 feriatur;
2761 1617 3062 1671 novissime
3136 1619 3522 1689 primogenita

95 1710 247 1756 cturus
272 1708 341 1756 est
369 1704 424 1756 in
470 1708 750 1773 tempore,
811 1705 871 1758 in
921 1703 1257 1759 aeternitatis
1307 1702 1547 1756 consilio
1597 1701 1717 1771 jam
1753 1772 1783 1775 _
1830 1704 2224 1775 Egyptiorum
2258 1704 2612 1770 occiduntur,
2637 1709 2694 1757 et
2720 1705 2954 1758 tandem
2989 1707 3160 1760 Israel
3191 1707 3518 1761 dimittitur.

93 1790 411 1859 praedestinati
441 1772 773 1846 consistunt.
806 1793 1050 1847 Proinde
1082 1807 1311 1863 quoque
1344 1790 1713 1861 supplicium,
1752 1772 1792 1825 Β
1833 1772 2049 1847 Rursus
2104 1794 2397 1863 Egyptios
2447 1792 2783 1862 pcenitentia
2827 1793 3061 1862 invadit,
3122 1795 3389 1849 Israelem
3431 1794 3523 1848 di-

96 1891 184 1944 quo
209 1881 317 1929 tunc
335 1876 411 1929 illi
434 1877 694 1931 mulctati
715 1882 866 1943 sunt,
892 1878 949 1931 in
978 1882 1192 1932 aeterna
1218 1876 1721 1947 praedestinatione

89 1964 183 2031 jam
223 1963 480 2018 decretum
530 1966 827 2033 manebat;
882 1966 967 2020 illi
1013 1982 1146 2020 vero
1184 1970 1319 2020 tunc
1366 1965 1543 2020 dediti
1592 1969 1724 2018 sunt

95 2069 255 2123 paenae,
280 2055 490 2125 quando
512 2057 793 2111 scelerum
812 2057 1140 2111 immanitas
1170 2072 1341 2127 paena
1367 2055 1573 2125 dignos
1602 2070 1722 2108 esse

94 2142 323 2211 patefecit.
355 2143 650 2215 Sicitaque
681 2161 786 2201 nec
815 2145 1177 2216 prmscientia
1207 2161 1304 2198 eos
1336 2142 1616 2214 compulit
1654 2142 1721 2197 ad

93 2236 288 2297 reatum,
314 2248 407 2286 nec
434 2234 867 2302 praedestinatio
897 2233 1070 2288 traxit
1100 2234 1168 2288 ad
1204 2249 1454 2304 poenam.
1478 2236 1549 2287 At
1588 2237 1725 2285 tunc

97 2319 367 2387 Pentapolin
394 2321 717 2376 caelestibus
748 2322 994 2376 ﬂammis
1017 2326 1357 2376 aestuantem
1378 2321 1438 2375 in
1471 2319 1723 2375 medium

91 2406 398 2477 deducamus,
419 2415 473 2465 et
494 2427 723 2465 causam
740 2410 1104 2482 perditionis,
1128 2415 1183 2465 et
1207 2411 1469 2465 vindictas
1491 2409 1728 2479 qualita-

92 2498 182 2547 tem
205 2496 564 2567 inspiciamus.
601 2502 740 2555 Cum
769 2501 924 2553 enim
967 2500 1225 2553 omnium
1256 2498 1611 2569 turpitudine
1643 2497 1723 2550 vi-

89 2583 258 2637 tiorum
283 2586 687 2655 detinerentur,
717 2604 824 2642 nec
847 2592 993 2642 esset
1020 2587 1240 2642 facinus
1273 2603 1388 2659 quo
1420 2603 1536 2640 non
1561 2602 1728 2639 vexa-

91 2678 248 2725 rentur
274 2690 286 2727 :
312 2680 463 2729 erant
487 2677 643 2731 enim
677 2676 945 2748 superbia
974 2676 1202 2743 tumidi,
1237 2674 1449 2729 ventris
1476 2672 1727 2744 ingluvie

88 2760 279 2829 turgidi,
330 2764 571 2819 luxuriae
625 2765 875 2820 foeditate
934 2765 1210 2835 corrupti,
1285 2762 1590 2818 otiositatis
1642 2778 1731 2815 ve-

88 2854 215 2902 terno
239 2853 461 2921 gravati,
513 2853 956 2908 inhumanitatis
1003 2854 1229 2908 feritate
1278 2852 1428 2919 duri,
1474 2852 1727 2921 hospita-

85 2938 223 2992 litatis
248 2940 591 3013 benignitate
622 2944 813 3010 alieni,
847 2947 1137 2997 tantorum
1190 2944 1469 2996 scelerum
1514 2941 1729 2995 tumul-

86 3031 153 3079 tus
178 3044 290 3081 aera
307 3046 475 3099 supra
507 3033 683 3098 volat,
715 3032 897 3086 nubes
928 3032 1154 3094 scindit,
1188 3032 1393 3085 coelum
1437 3027 1726 3096 irrumpit,

86 3120 127 3167 et
157 3132 307 3187 usque
335 3119 398 3173 ad
431 3120 643 3174 solium
666 3120 875 3174 divina:
904 3121 1218 3190 majestatis
1243 3120 1530 3191 procurrit
1560 3134 1572 3171 :
1598 3117 1731 3169 hinc

86 3220 135 3256 ex
159 3222 376 3274 persona
431 3209 673 3280 superni
725 3208 935 3277 judicis
987 3210 1269 3263 Geneseos
1319 3208 1486 3261 lectio
1545 3206 1727 3260 dicit:

92 3314 107 3337 ε
144 3294 335 3348 Clamor
367 3296 758 3351 Sodomorum
799 3297 957 3351 venit
1013 3297 1081 3350 ad
1119 3312 1231 3365 me,
1280 3295 1619 3351 descendam
1678 3297 1735 3347 et

85 3382 289 3438 videbo:
334 3391 531 3441 utrum
589 3386 900 3440 clamorem
956 3385 1056 3456 qui
1111 3384 1266 3438 venit
1317 3384 1386 3438 ad
1420 3399 1510 3436 me
1560 3397 1733 3453 opere

88 3471 473 3541 compleverint,
510 3491 584 3528 an
612 3490 729 3528 non
760 3480 847 3528 est
877 3473 977 3541 ita,
1005 3478 1067 3528 ut
1096 3473 1272 3527 sciam
1308 3494 1328 3521 ι
1384 3472 1549 3541 (Gen:
1578 3487 1731 3536 xvm,

85 3560 272 3629 20,21).
304 3562 579 3633 Nunquid
612 3563 661 3616 is
683 3578 855 3634 quem
881 3562 1023 3616 nihil
1056 3563 1214 3627 latet,
1247 3565 1304 3614 et
1336 3560 1405 3614 de
1437 3576 1551 3630 quo
1593 3558 1733 3612 scri-

88 3644 207 3699 bitur
231 3650 372 3719 quod
405 3652 608 3705 omnia
638 3651 793 3706 nuda
821 3656 877 3705 et
901 3656 1100 3721 aperta
1145 3650 1259 3704 sint
1285 3648 1462 3703 oculis
1496 3648 1638 3718 ejus,
1682 3651 1735 3700 et

88 3742 272 3790 nonest
297 3739 455 3793 nulla
486 3743 757 3794 creatura
808 3738 1109 3794 invisibilis
1154 3739 1214 3793 in
1259 3742 1566 3808 conspectu
1614 3736 1738 3805 ejus

90 3822 229 3885 (Hebr.
267 3842 334 3893 iv,
400 3831 516 3899 t3),
580 3828 875 3883 nesciebat
930 3843 1103 3898 opera
1159 3824 1626 3882 Sodomitarum?
1683 3827 1741 3878 et

87 3924 348 3978 paucorum
372 3915 683 3970 hominum
708 3932 823 3970 non
856 3916 1084 3971 videbat
1125 3920 1303 3983 actus,
1354 3915 1517 3985 cujus
1543 3913 1738 3967 oculus

86 4003 456 4071 contemplatur
506 4004 693 4058 bonos
740 4009 796 4058 et
823 4004 1018 4058 malos.
1070 4003 1177 4058 Sed
1233 4002 1555 4058 dissimulat
1597 4001 1739 4055 scire

88 4087 206 4154 quod
253 4105 359 4144 non
421 4092 549 4146 vult
598 4091 813 4155 videre,
888 4096 945 4146 et
988 4090 1207 4147 mavult
1270 4091 1537 4161 ignorare
1587 4089 1740 4161 quod

87 4180 213 4240 optat
235 4194 341 4232 non
370 4180 611 4250 punire.
646 4181 826 4244 Quam
862 4181 934 4234 sit
960 4185 1148 4235 autem
1172 4196 1389 4251 pronus
1405 4179 1475 4233 ad
1497 4180 1740 4246 veniam,

89 4266 131 4313 et
151 4263 370 4321 difﬁcilis
401 4269 476 4323 ad
496 4268 798 4340 :ultionem
821 4269 1140 4323 ostenditur
1160 4309 1176 4336 ,
1210 4285 1339 4323 cum
1369 4271 1605 4338 propter
1646 4266 1743 4321 de-

1828 1882 2068 1936 missum
2099 1881 2440 1952 insequitur,
2474 1880 2729 1952 pristina;
2768 1881 3028 1935 servituti
3066 1883 3349 1953 subjicere
3379 1898 3521 1953 pro-

1830 1976 2027 2041 perat;
2080 1971 2311 2024 demum
2362 1969 2553 2023 divina
2602 1970 2893 2024 mirabilia
2945 1971 3313 2038 innovantur,
3366 1987 3523 2025 mare

1832 2059 2090 2113 Rubrum
2122 2058 2397 2113 dividitur
2424 2057 2485 2111 in
2532 2058 2910 2113 similitudine
2958 2075 3278 2126 murorum,
3324 2061 3522 2115 dextra

1831 2149 2088 2218 laevaque
2118 2147 2357 2218 pelagus
2397 2146 2786 2216 suspenditur,
2821 2148 3073 2202 nudatur
3112 2149 3280 2201 tellus
3311 2148 3371 2201 in
3403 2164 3525 2202 me-

1832 2235 1942 2290 diis
1973 2234 2262 2300 ﬂuctibus,
2296 2238 2352 2288 et
2372 2234 2518 2288 sicco
2552 2234 2698 2304 pede
2738 2236 3061 2290 Israelitica
3110 2236 3293 2305 plebis
3326 2235 3527 2290 multi-

1833 2325 1970 2379 tudo
1994 2340 2095 2395 per
2114 2327 2402 2395 patentem
2420 2323 2591 2376 maris
2612 2324 2835 2377 alveum
2868 2324 3111 2392 incedit;
3143 2324 3431 2396 Aigyptios
3451 2326 3534 2378 in-

1834 2416 2134 2483 sequentes
2167 2412 2452 2465 undarum
2484 2411 2720 2465 vortices
2754 2412 3025 2477 obruunt,
3058 2413 3262 2467 ﬂuctus
3293 2412 3530 2480 invadit,

1833 2503 2073 2574 pelagus
2103 2499 2384 2565 absorbet,
2440 2500 2504 2554 ﬁt
2532 2500 2793 2553 mirabile
2823 2501 2974 2554 inter
3020 2501 3147 2571 pios
3209 2500 3529 2572 impiosque

1836 2590 2141 2645 discrimen
2174 2606 2187 2643 :
2222 2589 2358 2642 istos
2381 2589 2615 2659 abyssus
2644 2588 2866 2655 liberat,
2894 2590 3021 2643 illos
3047 2589 3327 2660 demergit
3357 2606 3369 2643 :
3400 2589 3533 2643 istos

1838 2679 2046 2750 placito
2079 2694 2277 2749 gressu
2310 2678 2367 2729 in
2402 2677 2565 2730 littus
2588 2676 2845 2747 exponit,
2879 2676 3006 2731 illos
3029 2695 3237 2748 vorago
3261 2677 3533 2747 profundi

1838 2785 2057 2823 mersos
2090 2770 2355 2821 retentat.
2390 2766 2479 2819 Sic
2524 2766 2946 2837 Omnipotentis
2978 2767 3370 2821 misericordia
3409 2768 3534 2838 pios

1838 2858 2057 2923 liberat,
2092 2862 2147 2909 et
2204 2871 2443 2909 censura
2495 2855 2705 2925 judicis
2751 2854 2958 2925 impios
3027 2856 3278 2909 damnat.
3326 2857 3455 2910 Hmc
3487 2856 3534 2909 si

1838 2946 2014 2999 libeat
2049 2943 2384 3014 diligentius
2419 2943 2650 3007 intueri,
2684 2943 3005 2997 videbimus
3036 2950 3093 2997 et
3148 2944 3534 2998 Israelitarum

1842 3032 2209 3088 afflictionem
2239 3038 2296 3085 et
2324 3031 2740 3098 liberationem,
2777 3036 2832 3085 et
2862 3033 3256 3103 {Egyptiorum
3286 3032 3535 3086 crudeli-

1840 3127 2039 3186 tatem,
2074 3126 2129 3175 et
2158 3120 2716 3184 condemnationem,
2744 3124 2800 3174 et
2840 3120 2899 3173 in
2944 3121 3305 3191 praescientia
3343 3120 3537 3175 divina

1842 3211 2002 3274 olim,
2036 3210 2229 3275 fuisse,
2259 3213 2314 3261 et
2339 3208 2586 3279 qualiter
2616 3208 2685 3263 de
2731 3212 2973 3279 utroque
3007 3210 3219 3280 populo
3269 3214 3538 3279 ageretur

1841 3296 2318 3370 praedestinatum
2353 3312 2494 3350 esse.
2551 3296 2638 3351 Ad
2693 3297 2979 3351 Abraham
3038 3299 3186 3352 Deus
3234 3298 3533 3368 loquitur:

1849 3410 1870 3437 ι
1905 3387 2057 3442 Scito
2101 3401 2481 3457 praenoscens,
2540 3386 2697 3455 quod
2749 3387 3121 3455 peregrinum
3172 3387 3427 3441 futurum
3467 3386 3540 3441 sit

1843 3491 2037 3529 semen
2068 3480 2232 3528 tuum
2264 3474 2324 3527 in
2356 3479 2504 3527 terra
2536 3489 2648 3526 non
2678 3490 2798 3539 sua,
2831 3479 2887 3527 et
2906 3474 3211 3544 subjicient
3255 3475 3535 3541 servituti,

1845 3568 1901 3618 et
1931 3563 2190 3632 affligent
2234 3560 2673 3632 quadringentis
2704 3562 2869 3615 annis
2901 3578 2914 3616 :
2964 3567 3360 3617 verumtamen
3405 3579 3539 3633 gen-

1843 3656 1984 3718 tem,
2017 3650 2108 3704 cui
2168 3649 2470 3703 servierint
2498 3664 2603 3719 ego
2647 3648 2935 3719 judicabo,
2965 3654 3022 3703 et
3062 3654 3191 3720 post
3242 3651 3348 3704 hoc
3376 3653 3541 3720 {egra

1847 3740 2080 3795 dientur
2108 3753 2238 3792 cum
2302 3753 2511 3807 magna
2568 3737 2886 3790 substantia
2937 3737 3084 3806 (Gen.
3143 3737 3252 3806 xv).
3297 3760 3325 3787 ››
3379 3739 3536 3791 Non-

1849 3829 1987 3883 dum
2017 3826 2136 3880 nati
2162 3829 2344 3892 erant,
2390 3828 2446 3877 et
2490 3824 2676 3878 adhuc
2708 3824 2767 3877 in
2817 3825 3030 3878 lumbis
3070 3825 3314 3880 Abrahae
3344 3825 3536 3879 consi-

1849 3917 2092 3981 stebant,
2143 3918 2200 3968 et
2246 3913 2367 3983 jam
2424 3912 2690 3966 servituri
2751 3913 3159 3984 praedicuntur,
3207 3914 3330 3985 jam
3395 3913 3538 3968 libe-

1848 4004 2013 4060 randi
2043 4002 2480 4075 promittuntur,
2506 4000 2627 4072 jam
2660 4003 2933 4072 {Egyptus
2958 4001 3268 4072 judicanda
3298 4003 3539 4057 commi-

1850 4097 2038 4148 natur.
2071 4091 2153 4145 Λᾶ
2186 4091 2413 4161 Moysen
2462 4105 2711 4160 quoque,
2757 4106 2885 4145 cum
2936 4090 3191 4146 mitteret
3232 4108 3363 4145 eum
3397 4093 3543 4146 Deus

1851 4184 2178 4252 Egyptum,
2204 4179 2284 4232 sic
2314 4178 2571 4249 loquitur
2607 4195 2621 4232 :
2655 4197 2684 4229 α
2714 4178 3059 4249 Ingredieris
3085 4185 3168 4246 tu,
3190 4179 3260 4251 {et
3285 4182 3544 4235 seniores

1852 4270 2023 4324 Israel
2055 4269 2126 4323 ad
2161 4283 2355 4339 regem
2386 4267 2644 4338 Egypti;
2681 4272 2739 4321 et
2764 4267 2917 4322 dices
2947 4268 3016 4322 ad
3049 4284 3181 4323 eum
3211 4284 3224 4323 :
3268 4269 3544 4323 Dominus

86 4366 182 4404 cem
204 4354 371 4422 justos
391 4360 521 4411 vult
552 4358 749 4411 multis
796 4357 1054 4412 millibus
1094 4372 1328 4427 parcere
1377 4360 1743 4426 peccatorum
1774 4368 1817 4422 1)
1857 4360 2008 4413 Deus
2042 4357 2413 4411 Hebraeorum
2470 4356 2691 4410 vocavit
2718 4372 2841 4420 nos,
2896 4356 3107 4410 ibimus
3158 4357 3309 4411 viam
3368 4357 3545 4411 trium

90 4438 211 4503 (δέη.
237 4458 380 4514 xvm,
414 4448 529 4514 32),
584 4445 983 4516 Quidlmulta?
1032 4445 1130 4500 ubi
1157 4445 1456 4499 universos
1486 4460 1600 4499 uno
1644 4444 1747 4497 im-

88 4533 195 4593 petu
217 4534 389 4587 cernit
417 4535 496 4588 ad
529 4535 770 4602 malum,
804 4550 908 4588 nec
933 4534 992 4588 in
1021 4538 1179 4588 tanta
1228 4532 1599 4587 multitudine
1638 4531 1746 4586 ali-

89 4616 189 4680 quis
213 4618 522 4692 invenitur,
542 4623 645 4694 qui
672 4622 740 4677 de
764 4624 915 4677 malo
930 4626 1153 4694 quaerat
1173 4623 1241 4677 ad
1272 4623 1486 4677 bonum
1516 4620 1742 4689 reverti,

85 4704 283 4760 scelestis
335 4710 610 4765 flammas
672 4717 904 4765 cunctos
959 4711 1188 4777 inoluit,
1234 4716 1290 4765 et
1340 4712 1552 4765 scelere
1583 4725 1746 4781 pares

88 4806 169 4857 par
192 4796 426 4853 vindicta
456 4799 773 4854 consumit.
806 4800 864 4854 Si
916 4799 1062 4854 facta
1111 4816 1337 4853 reorum
1384 4799 1747 4853 consideren-

88 4888 170 4947 tar,
204 4886 328 4955 quid
350 4889 593 4959 justius,
618 4904 793 4959 quam
814 4888 1017 4943 talium
1048 4889 1262 4943 scelera
1291 4888 1487 4958 puniri
1517 4904 1531 4939 :
1563 4887 1609 4941 si
1634 4888 1745 4940 cle-

89 4974 315 5029 mentiam
375 4976 597 5044 judicis
655 4976 1043 5046 respiciamus,
1106 4977 1244 5047 quid
1304 4976 1746 5042 misericordias,

88 5072 220 5126 quam
275 5064 416 5119 tales
483 5065 639 5119 nolle
694 5065 894 5119 feriri?
952 5066 1032 5119 En
1086 5065 1346 5119 videmus
1385 5064 1750 5133 iniquitatem

90 5160 273 5204 reorum
319 5154 547 5208 scelere
606 5169 709 5207 suo
759 5154 965 5207 ccelum
1014 5153 1275 5223 fatigare,
1332 5154 1566 5223 superni
1599 5153 1752 5223 regis

92 5244 318 5294 secretum
349 5242 707 5310 irrumpere,
742 5246 801 5295 et
845 5247 1038 5296 tamen
1088 5241 1547 5296 misericordiam
1602 5242 1755 5310 judi-

87 5322 147 5373 cis
164 5326 453 5385 vindictam
494 5328 746 5394 diil'erre,
778 5329 1133 5383 occasionem
1164 5345 1276 5399 qua
1326 5334 1523 5400 parcat
1562 5328 1753 5398 inqui-

91 5416 325 5471 l"EtEt-Sed
388 5417 611 5472 mentis
662 5417 859 5471 oculos
909 5416 1028 5487 jam
1078 5417 1147 5471 ad
1179 5416 1282 5471 Dei
1334 5416 1752 5486 praescientiam

84 5500 374 5571 reteramus,
408 5511 473 5560 et
505 5504 804 5558 videamus
842 5505 999 5574 quod
1054 5504 1481 5559 Sodomitarum
1517 5505 1752 5571 scelera,

88 5599 176 5640 non
197 5592 367 5648 solum
392 5597 712 5665 postquam
744 5591 911 5660 facta,
963 5608 1163 5647 verum
1211 5591 1548 5663 priusquam
1609 5592 1755 5647 facta

399 5692 692 5756 PATBOL.
746 5690 950 5755 CXXI.

1856 4444 2082 4500 dierum
2113 4460 2216 4514 per
2244 4442 2636 4511 solitudinem,
2672 4449 2736 4498 ut
2767 4444 3132 4500 immolemus
3162 4446 3404 4501 Domino
3434 4448 3545 4500 Deo

1854 4536 2070 4588 nostro.
2128 4531 2239 4586 Sed
2287 4546 2392 4602 ego
2449 4532 2562 4585 seio
2621 4533 2775 4603 quod
2826 4549 2942 4587 non
2996 4534 3245 4588 dimittet
3297 4550 3395 4587 vos
3447 4550 3546 4587 rex

1855 4619 2105 4692 Egypti,
2137 4619 2249 4673 nisi
2280 4636 2382 4690 per
2413 4636 2650 4675 manum
2700 4621 2945 4677 validam
2981 4638 2994 4676 :
3041 4622 3341 4676 extendam
3392 4622 3547 4675 enim

1856 4725 2092 4763 manum
2141 4725 2351 4775 meam,
2403 4714 2459 4763 et
2488 4709 2803 4781 percutiam
2861 4712 3165 4781 )Egyptum
3221 4710 3280 4763 in
3330 4708 3548 4763 cunctis

1858 4797 2214 4852 mirabilibus
2265 4796 2429 4862 meis,
2489 4814 2619 4868 quae
2666 4798 2918 4851 facturus
2952 4813 3077 4850 sum
3102 4797 3162 4850 in
3213 4797 3404 4850 medio
3444 4813 3549 4851 eo-

1858 4902 2009 4952 rum,
2044 4889 2101 4939 et
2144 4890 2274 4956 post
2317 4886 2440 4939 haec
2485 4886 2738 4939 dimittet
2779 4902 2877 4939 vos
2911 4884 3116 4951 (Exod.
3158 4900 3210 4938 ix
3250 4890 3300 4938 et
3324 4890 3482 4954 seq.).
3524 4908 3545 4935 ι

1862 4972 2059 5025 Nonne
2092 4971 2391 5025 manifeste
2439 4972 2714 5026 docemur
2771 4974 3021 5042 qualiter
3068 4972 3417 5042 punirentur
3454 4977 3552 5029 ΑΞ-

1860 5060 2043 5131 gyptii
2075 5059 2437 5129 dispositum,
2470 5060 2525 5113 id
2560 5066 2644 5114 est
2690 5061 3162 5130 praedestinatum
3222 5063 3441 5118 fuisse?
3465 5067 3553 5119 An

1861 5148 2014 5201 aliud
2037 5152 2121 5200 est
2158 5147 2311 5217 quod
2342 5147 2458 5200 ait:
2498 5169 2518 5197 α
2556 5148 2873 5202 Percutiam
2907 5149 3218 5220 [Egyptum
3248 5151 3309 5206 in
3337 5153 3554 5206 cunctis

1862 5235 2223 5289 mirabilibus
2268 5235 2429 5299 meis,
2495 5252 2623 5306 quae
2675 5237 2928 5292 facturus
2960 5255 3085 5293 sum
3130 5241 3189 5293 in
3226 5242 3411 5294 medio
3472 5258 3557 5296 eo-

1863 5324 2035 5377 rum?
2066 5340 2089 5373 ι
2135 5323 2470 5376 Ostenditur
2502 5325 2655 5379 enim
2709 5327 2768 5381 in
2818 5328 3319 5398 prmdestinatione
3367 5330 3557 5384 divina

1863 5412 2056 5477 fuisse,
2088 5408 2296 5480 quibus
2330 5415 2388 5464 et
2438 5420 2578 5481 quot
2625 5416 2811 5486 plagis
2854 5417 3123 5472 feriretur
3176 5420 3469 5489 Aigyptus,
3501 5424 3558 5472 et

1865 5497 2095 5572 quando
2153 5496 2469 5555 dimitteret
2532 5503 2991 5572 lsraelem;quid
3051 5509 3138 5559 est
3194 5507 3348 5560 enim
3402 5505 3556 5577 quod

1868 5590 1949 5643 ait
1979 5603 1992 5641 :
2032 5609 2051 5635 ι
2086 5586 2202 5656 Ego
2233 5586 2515 5645 indurabo
2543 5607 2639 5646 cor
2668 5593 2997 5657 Pharaonis,
3030 5596 3083 5645 et
3113 5593 3443 5647 induratum
3476 5597 3558 5645 est

3210 5697 3245 5753 3
