3920 6224
382 373 451 425 '75
1536 361 1893 417 RATBAMNI
1926 358 2387 416 CORBEIENSIS
2427 360 2735 414 MONACHI
3812 365 3859 412 τε,

386 518 484 556 cor
513 497 825 556 Pharaonis
857 514 869 551 :
907 515 934 547 ι)
966 495 1075 550 nisi
1107 494 1260 566 quod
1290 510 1406 548 non
1438 493 1597 564 prius
1628 493 1986 547 emolliretur
2008 492 2075 546 ad
2108 499 2147 549 A
2190 498 2243 547 et
2276 510 2342 546 ex
2376 493 2646 547 omnibus
2676 492 3001 547 divinorum
3026 493 3377 563 judiciorum
3399 494 3574 565 gestis
3595 495 3862 565 prtescien-

385 589 789 647 dimittendum
855 586 952 639 Dei
1004 586 1307 657 populum,
1343 584 1523 637 donec
1579 582 1762 652 plagis
1808 582 2074 635 omnibus

384 681 651 737 feriretur
681 679 975 746 Egyptus,
1008 673 1216 744 quibus
1272 672 1465 726 divina
1503 687 1742 725 censura
1792 670 2076 740 disposue-

384 775 470 824 rat
509 784 636 822 eam
668 764 1008 820 feriendam.
1046 763 1203 815 Unde
1234 777 1363 815 cum
1395 775 1597 814 novem
1653 759 1839 829 plagis
1877 759 2077 813 fuisset

384 861 656 927 Aigyptus
686 852 899 917 attrita,
952 867 1055 904 nec
1108 850 1293 903 adhuc
1346 864 1445 902 cor
1510 847 1817 902 Pharaonis
1860 846 2079 900 emolli-

382 952 529 1014 tum,
560 945 638 998 ait
680 941 951 996 Dominus
1000 939 1071 993 ad
1098 939 1322 1009 Moysen
1357 953 1371 991 :
1405 958 1431 986 ‹‹
1480 938 1679 991 Adhuc
1735 951 1847 989 una
1906 935 2077 1006 plaga

383 1034 701 1106 percutiam
730 1031 1058 1100 Egj'jitum,
1094 1032 1150 1081 et
1178 1032 1311 1080 tunc
1350 1025 1601 1079 dimittet
1646 1040 1742 1078 vos
1774 1024 2013 1077 Pharao.
2051 1045 2071 1069 ι

385 1124 531 1191 Ergo
562 1120 620 1173 in
651 1118 829 1173 divini
860 1114 1227 1186 dispositione
1248 1112 1449 1183 judicii
1481 1112 1916 1183 prtedestinatus
1958 1111 2076 1163 fue-

384 1217 472 1264 rat
504 1222 799 1272 numerus,
834 1210 891 1258 et
939 1203 1143 1257 modus
1175 1203 1473 1272 plagarum
1530 1200 1741 1271 quibus
1800 1200 2075 1268 Aigyptus

385 1296 576 1351 attrita
609 1302 712 1360 est,
738 1299 792 1346 et
824 1292 1126 1345 obduratio
1159 1291 1345 1343 cordis
1381 1289 1689 1343 Pharaonis
1736 1304 1867 1341 mox
1906 1288 2078 1340 emol-

389 1387 487 1441 lita
527 1389 629 1445 est,
665 1398 791 1436 cum
822 1383 1080 1434 decretus
1113 1378 1349 1432 ultionis
1380 1379 1586 1432 modus
1615 1377 1933 1446 completus
1972 1381 2073 1429 est.

390 1478 453 1531 Et
480 1473 632 1545 quod
664 1470 970 1526 novissime
1001 1469 1058 1522 in
1089 1469 1231 1522 mari
1270 1468 1463 1522 Rubro
1498 1466 1713 1521 l’harao
1764 1482 1893 1519 cum
1929 1480 2080 1518 exer-

387 1566 501 1618 citu
534 1580 635 1616 suo
669 1560 927 1632 perierit,
981 1564 1035 1611 et
1067 1560 1233 1612 Israel
1295 1558 1504 1610 illaesus
1563 1556 1871 1619 transierit,
1936 1555 2080 1607 sicut

387 1653 583 1722 magni
625 1650 877 1703 continet
913 1646 1246 1715 mysterium
1308 1644 1670 1707 sacramenti,
1729 1642 1801 1695 ita
1861 1646 2080 1695 constat

385 1741 592 1793 divinm
642 1733 1083 1805 dispensationis
1137 1736 1354 1785 secreto
1412 1734 1656 1799 gestum,
1710 1736 1767 1781 ut
1804 1728 1886 1781 illi
1945 1744 2075 1797 per-

388 1829 559 1891 irent,
592 1826 671 1878 illi
702 1825 1076 1877 salvarcntur.
1112 1822 1249 1873 Cum
1284 1836 1420 1889 ergo
1446 1820 1646 1887 liquet,
1681 1817 1833 1887 quod
1865 1816 1921 1869 in
1945 1833 2079 1885 prte-

388 1914 624 1969 scientia
663 1914 779 1977 Dei,
801 1911 945 1963 sicut
966 1908 1193 1961 afflictio
1234 1909 1639 1972 Israelitarum,
1684 1905 1749 1975 et]
1772 1905 2079 1958 crudelitas

389 2003 781 2073 .‘Egyptiorum
837 1996 1195 2051 constiterit:
1230 1996 1306 2048 ita
1356 2010 1583 2065 quoque
1621 1999 1675 2045 et
1728 1993 1967 2046 istorum
2008 1990 2077 2045 1i-

387 2093 623 2155 heratio,
662 2095 719 2142 et
760 2088 988 2141 illorum
1042 2084 1289 2155 perditio
1321 2084 1377 2136 in
1428 2081 1946 2153 pra‘destinaiionis
1990 2080 2079 2149 ju-

386 2180 533 2234 dicio
565 2192 793 2247 semper
816 2174 1007 2229 fuerit.
1046 2174 1165 2227 Non
1198 2177 1391 2225 tamen
1437 2171 1743 2224 crudelitas
1791 2170 2079 2239 Aigyptio-

384 2284 511 2321 rum
569 2266 772 2320 divinae
825 2261 1195 2334 prmscientite
1250 2260 1556 2313 tribuenda
1612 2264 1715 2322 est,
1772 2258 1917 2310 sicut
1975 2272 2079 2308 nec

384 2355 787 2411 condemnatio
824 2349 1345 2423 prmdestinatiouis
1376 2348 1611 2401 occultae
1647 2350 1882 2399 secreto.
1927 2347 2077 2398 Prte-

387 2446 549 2500 scivit
575 2445 726 2496 enim
758 2444 938 2495 Deum
968 2439 1165 2510 quales
1194 2436 1371 2491 futuri
1404 2437 1589 2489 forent
1611 2432 1881 2503 Egyptii,
1910 2432 1966 2486 id
1995 2439 2079 2484 est

385 2532 781 2587 credulitatem
838 2544 1037 2582 eorum
1083 2542 1310 2596 semper
1339 2529 1534 2578 notam
1590 2522 1811 2588 habuit,
1850 2537 1964 2573 non
2007 2526 2081 2572 ta-

389 2638 519 2676 men
553 2618 811 2673 crudeles
850 2616 1056 2670 effecit.
1105 2613 1371 2677 Quamvis
1429 2610 1721 2665 Psalmista
1774 2609 1842 2662 de
1895 2609 1973 2660 eis
2001 2614 2078 2660 te-

386 2717 607 2765 stetur:
669 2706 819 2776 quod
886 2727 905 2750 ι
970 2702 1325 2758 Converterit
1396 2716 1495 2753 cor
1577 2714 1776 2753 eorum
1857 2698 1940 2765 (id
2001 2702 2078 2750 est

386 2794 805 2869 Aﬁgyptiorum)
838 2794 1007 2853 Deus,
1036 2796 1099 2845 ut
1119 2790 1341 2845 odirent
1356 2788 1632 2859 populum
1657 2788 1791 2856 ejus.
1814 2784 2075 2839 etdolum

384 2890 637 2943 facerent
669 2884 727 2937 in
760 2898 949 2935 servos
980 2879 1103 2949 ejus
1152 2879 1315 2947 (Psal.
1352 2893 1458 2942 Civ,
1494 2878 1603 2939 23).
1634 2894 1659 2925 ι)
1714 2876 1835 2928 Non
1886 2879 2075 2927 tamen

385 2992 485 3029 eos
543 2975 691 3027 Deus
729 2976 829 3023 aut
873 2969 1099 3022 dolosos
1150 2966 1300 3028 fecit,
1361 2970 1459 3018 aut
1516 2961 1888 3033 malignitatis
1944 2960 2077 3014 odio

2185 584 2351 644 tiam,
2384 587 2439 635 et
2466 581 3027 652 pra-destinationem
3060 582 3158 635 Dei
3204 583 3600 653 comprobare.
3638 584 3707 636 Et
3737 585 3858 653 quod

2184 686 2288 723 nec
2320 672 2679 741 prmscientia
2706 672 3014 740 compellat
3036 672 3099 724 ad
3122 678 3440 741 peccatum,
3468 688 3573 725 nec
3599 672 3864 740 praedesti-

2187 758 2340 811 natio
2364 759 2429 812 ad
2454 774 2702 828 poenam.
2731 759 2797 811 Et
2816 758 3068 812 fortassis
3091 775 3206 812 non
3231 761 3737 825 sitnecessarium,
3759 777 3860 813 cum

2187 851 2242 899 et
2266 863 2393 917 qua:
2421 863 2591 917 supra
2629 846 2880 899 diximus
2910 846 3054 900 forte
3085 847 3389 913 sufficiant,
3431 852 3486 902 et
3511 848 3702 918 pietas
3737 848 3861 907 fidei,

2187 935 2331 988 sicut
2363 936 2540 989 Deum
2571 934 2713 988 nihil
2751 936 3017 1004 ignorare
3035 936 3233 1000 credit,
3257 937 3335 989 sic
3364 937 3485 1005 ejus
3530 938 3865 1006 praescientia

2187 1024 2476 1077 neminem
2499 1024 2716 1093 impelli
2736 1024 2801 1076 ad
2818 1029 3133 1093 peccatum.
3156 1024 3412 1095 Cumque
3428 1025 3635 1078 divina!
3654 1025 3865 1095 disposi-

2186 1113 2358 1166 tionis
2380 1113 2596 1182 judicio
2616 1113 2956 1167 confiteatur
2977 1114 3171 1166 omnia
3204 1114 3348 1183 regi,
3373 1113 3667 1167 neminem
3698 1119 3863 1167 tamen

2188 1217 2255 1254 ex
2314 1200 2816 1271 praedestinatioue
2873 1201 3265 1255 damnandum
3311 1202 3563 1271 recipiat,
3627 1204 3863 1273 quamvis

2188 1288 2620 1359 praedestinatos
2667 1289 2850 1342 malos
2899 1289 2969 1342 ad
3004 1305 3231 1359 poenam
3285 1306 3401 1343 non
3444 1292 3700 1359 ignoret.
3736 1292 3863 1343 Pra—

2187 1376 2453 1430 destinati
2484 1376 2637 1430 enim
2672 1381 2803 1430 sunt
2832 1376 2968 1430 mali
3009 1377 3078 1430 ad
3125 1392 3384 1446 poenam;
3419 1378 3702 1448 quoniam
3736 1394 3861 1448 qua:-

2188 1480 2409 1535 cunque
2440 1464 2691 1518 facturus
2719 1470 2803 1518 est
2836 1466 2985 1518 Deus
3029 1465 3087 1518 in
3121 1466 3456 1519 aeternitatis
3482 1465 3861 1534 dispositione.

2181 1553 2301 1622 jam
2369 1553 2839 1622 praedestinatum
2906 1552 3121 1607 habet:
3179 1553 3537 1623 judicaturus
3595 1555 3755 1608 enim
3800 1564 3863 1606 est

2188 1641 2416 1711 impios,
2450 1645 2506 1694 et
2559 1657 2726 1711 paana
2780 1641 3129 1711 sempiterna
3178 1645 3573 1696 damnaturus.
3635 1644 3703 1696 Et
3757 1644 3864 1714 quia

2189 1730 2294 1782 hoc
2324 1730 2473 1782 inter
2502 1746 2674 1799 opera
2708 1730 2805 1783 Dei
2844 1734 3228 1799 computatur,
3280 1731 3474 1800 negari
3527 1748 3649 1784 non
3705 1738 3866 1801 potest

2191 1818 2661 1887 praadestinatum
2695 1834 2707 1871 :
2752 1818 2861 1871 nisi
2893 1818 3038 1870 forte
3060 1818 3362 1887 judicium,
3404 1820 3865 1889 quojudicandus

2189 1911 2274 1959 est
2302 1907 2571 1973 mundus,
2604 1907 2812 1976 aliquis
2843 1907 2990 1960 dicat
3037 1923 3182 1976 opus
3212 1907 3307 1960 Dei
3366 1924 3482 1960 nou
3515 1925 3663 1962 esse.
3729 1910 3862 1972 Quod

2188 2008 2317 2046 cum
2349 2010 2519 2046 nemo
2542 1993 2800 2047 fidelium
2826 1994 3059 2059 abnuat,
3091 1995 3284 2063 negari
3309 2011 3537 2066 quoque
3560 2012 3685 2049 non
3711 2002 3869 2067 potest

2187 2096 2220 2134 a
2247 2082 2360 2134 Deo
2389 2081 2445 2134 in
2474 2082 2977 2152 prmdestinatione
3002 2083 3365 2153 dispositum,
3390 2084 3867 2154 quemadmodum

2188 2170 2258 2223 de
2309 2170 2550 2240 singulis
2590 2170 2850 2239 judicet:
2886 2175 2949 2224 ut
2996 2172 3151 2224 enim
3200 2187 3317 2225 non
3348 2172 3518 2225 estin
3581 2174 3705 2226 Deo
3752 2190 3869 2226 nova

2188 2258 2445 2323 scientia,
2495 2258 2573 2310 sic
2627 2275 2859 2329 quoque
2919 2275 3023 2312 nec
3078 2275 3223 2312 nova
3256 2259 3573 2330 dispositio.
3638 2261 3869 2331 Simplex

2187 2346 2398 2399 etenim
2424 2351 2627 2399 natura
2673 2346 3011 2412 divinitatis,
3062 2347 3208 2400 sicut
3258 2348 3403 2401 nihil
3449 2348 3659 2418 recipit
3704 2355 3868 2402 muta-

2186 2433 2319 2501 bile,
2348 2432 2425 2486 sic
2458 2433 2602 2486 nihil
2628 2434 3034 2503 compositum.
3074 2435 3231 2489 Unde
3281 2435 3340 2489 in
3402 2436 3511 2490 Deo
3562 2436 3806 2491 scientia
3830 2442 3872 2489 et

2186 2520 2485 2590 dispositio
2514 2537 2632 2574 non
2662 2521 2975 2587 variantur,
3010 2527 3073 2575 ut
3113 2522 3225 2576 alio
3253 2528 3512 2592 tempore
3542 2524 3703 2577 Deus
3734 2525 3869 2584 sciat,

2187 2612 2242 2661 et
2269 2608 2380 2661 alio
2410 2609 2713 2678 disponat;
2773 2610 2867 2661 sed
2903 2610 3071 2662 simul
3111 2610 3235 2677 scit,
3269 2612 3435 2665 simul
3488 2611 3665 2665 etiam
3700 2613 3869 2683 dispo-

2185 2698 2290 2762 nit,
2325 2712 2657 2767 quanquam
2707 2698 2982 2751 nonnulla
3020 2698 3180 2765 sciat,
3237 2715 3365 2769 qua:
3417 2715 3535 2753 non
3588 2701 3869 2771 disponat,

2186 2785 2331 2839 sicut
2374 2790 2507 2839 sunt
2557 2790 2833 2855 peccata:
2886 2801 3075 2855 neque
3117 2786 3271 2839 enim
3323 2788 3391 2841 ad
3445 2788 3869 2858 dispositionem

2184 2873 2340 2927 illius
2370 2874 2673 2944 pertinent,
2700 2889 2829 2944 quae
2860 2874 2979 2944 ipse
3013 2891 3128 2928 non
3156 2875 3306 2938 facit,
3332 2877 3593 2946 quamvis
3622 2879 3735 2948 qui
3766 2896 3874 2949 pec-

2185 2965 2334 3024 cant,
2376 2962 2581 3015 divinae
2636 2964 2931 3032 potestatis
2993 2963 3277 3032 judicium
3337 2980 3452 3018 non
3506 2966 3781 3032 evadant,
3834 2976 3875 3019 et

384 3060 765 3118 inflammavit
798 3076 811 3112 :
844 3058 937 3111 sed
969 3073 1096 3110 cum
1129 3056 1268 3108 tales
1300 3058 1489 3107 essent
1522 3052 1620 3123 qui
1652 3057 1709 3105 et
1755 3050 1884 3105 odio
1915 3050 2076 3102 smvi-
2106 3087 2148 3141 Ο
2189 3050 2339 3103 unde
2370 3050 2663 3120 pravitatis
2698 3066 2814 3103 suae
2837 3051 3153 3121 nequitiam
3183 3057 3463 3118 exercent,
3497 3052 3631 3107 inde
3671 3055 3875 3108 occulto

386 3157 535 3218 rent,
566 3155 623 3204 et
664 3149 797 3202 dolo
852 3144 1203 3215 deciperent,
1274 3158 1375 3213 per
1426 3158 1522 3195 eos
1579 3140 1855 3210 populum
1909 3155 2075 3192 suum

384 3241 675 3310 flagellare
708 3235 1009 3305 disposuit,
1043 3239 1104 3286 ut
1132 3231 1231 3301 qui
1263 3247 1366 3301 per
1409 3246 1681 3300 prospera
1715 3229 1893 3281 Deum
1944 3227 2075 3280 reli-

384 3333 607 3399 querat,
678 3323 920 3393 flagellis
976 3321 1300 3375 admonitus
1355 3319 1423 3371 ad
1489 3319 1665 3371 Deum
1723 3315 2072 3384 confugeret.

384 3414 673 3471 Prtescivit
700 3413 877 3482 igitur
896 3412 1044 3464 Deus
1081 3407 1473 3479 A'Igyptiorum
1502 3405 1920 3469 crudelitatem,
1960 3420 2075 3457 non

383 3523 507 3560 eam
543 3502 699 3568 fecit;
733 3517 838 3555 nec
866 3499 1015 3565 iideo
1047 3497 1187 3551 tales
1239 3495 1421 3549 effecti
1452 3500 1603 3560 sunt,
1646 3492 1780 3564 quia
1812 3492 1950 3545 tales
1979 3492 2075 3545 fu-

381 3594 495 3648 turi
528 3608 648 3647 esse
686 3588 935 3661 praesciti
967 3591 1133 3652 sunt;
1194 3600 1295 3638 sua
1344 3583 1591 3653 denique
1645 3580 1925 3651 nequitia,
1958 3596 2071 3633 non

384 3684 479 3738 Dei
510 3680 865 3753 praescientia
912 3675 1047 3731 mali
1080 3674 1265 3729 effecti
1297 3677 1449 3739 sunt,
1496 3676 1553 3726 et
1602 3671 1730 3726 ideo
1775 3670 2074 3741 praedesti-

380 3774 499 3827 nati
540 3771 760 3825 occulta
791 3766 1159 3838 dispositione
1188 3762 1391 3833 judicii
1418 3762 1485 3815 ad
1538 3776 1764 3832 poenam
1816 3776 1931 3830 qua
1960 3775 2073 3829 pu-

381 3862 482 3916 niti
512 3863 665 3913 sunt.
684 3859 822 3911 Nam
846 3854 997 3926 quod
1034 3869 1151 3906 non
1176 3868 1237 3905 ex
1266 3849 1771 3921 praedestinatione
1796 3848 2072 3902 damnan-

378 3956 475 4003 tur
507 3946 690 4018 impii,
725 3945 820 3999 sed
852 3960 917 3997 ex
949 3959 1051 3996 sua
1104 3941 1409 4010 iniquitate
1440 3943 1682 3992 testatur
1730 3953 1888 3990 sacra
1931 3935 2075 3989 Scri-

379 4041 569 4105 ptura,
602 4048 731 4103 quae.
764 4030 833 4083 de
864 4026 1211 4083 Amorrhaeis
1245 4026 1313 4079 ad
1344 4026 1630 4079 Abraham
1673 4023 1889 4076 dictum
1919 4022 2070 4091 quod

383 4145 411 4172 α
445 4136 643 4175 semen
675 4119 798 4187 ejus
853 4115 1230 4187 peregrinum
1288 4113 1546 4167 futurum
1606 4115 1748 4164 esset
1806 4110 1865 4162 in
1920 4112 2073 4161 terra

382 4212 571 4265 aliena
599 4203 1037 4279 quadringentis
1060 4202 1246 4268 annis,
1280 4205 1412 4270 post
1450 4201 1571 4253 1)th
1605 4198 1836 4252 intulit:
1887 4197 2072 4251 Gene-

377 4298 597 4353 ratione
639 4301 829 4349 autem
852 4296 1055 4363 quarta
1087 4293 1443 4344 revertentur
1466 4287 1576 4341 huc
1602 4304 1614 4340 :
1641 4287 1881 4339 necdum
1917 4284 2068 4337 enim

2190 3138 2285 3192 Dei
2310 3138 2525 3209 judicio
2552 3139 2893 3193 deserviant.
2928 3140 3128 3209 Itaque
3158 3156 3275 3193 non
3305 3139 3467 3193 estin
3499 3141 3615 3194 Deo
3650 3141 3875 3195 scientia

2187 3226 2309 3281 sine
2343 3226 2738 3297 dispositione,
2775 3243 2879 3281 nec
2911 3227 3211 3299 dispositio
3244 3228 3364 3282 sine
3421 3229 3687 3283 scientia.
3742 3229 3876 3285 Alio-

2186 3316 2321 3386 quin
2356 3316 2401 3368 si
2432 3317 2669 3369 scientia
2712 3316 2859 3370 inest
2912 3316 2963 3369 ei
3026 3317 3148 3370 sine
3206 3317 3609 3388 dispositione,
3649 3325 3721 3373 ut
3782 3319 3874 3371 alio

2185 3409 2440 3474 tempore
2471 3404 2609 3457 sciat
2635 3408 2691 3458 et
2715 3406 2825 3457 alio
2858 3404 3143 3475 disponat,
3172 3406 3291 3475 jam
3323 3423 3437 3459 non
3469 3406 3579 3460 erit
3612 3407 3875 3478 simplicis

2186 3494 2401 3544 natura:
2467 3492 2633 3557 Deus,
2695 3492 2808 3561 jam
2864 3507 2983 3545 non
3040 3492 3148 3545 erit
3198 3492 3737 3560 incommutabilis;
3794 3495 3873 3546 111ιὶ

2185 3594 2431 3649 namque
2462 3578 2759 3632 intervalla
2790 3582 3119 3649 temporum
3150 3580 3481 3648 succedunt,
3514 3580 3875 3651 [mutabilitas

2182 3668 2462 3737 temporis
2520 3667 2629 3721 erit
2682 3667 3045 3721 intervallum
3097 3668 3144 3721 si
3206 3684 3322 3722 non
3354 3668 3529 3735 inest;
3564 3674 3627 3722 et
3684 3671 3748 3724 in
3780 3672 3874 3723 Deo

2182 3756 2351 3809 simul
2383 3756 2506 3821 scit,
2541 3756 2710 3810 simul
2744 3756 2917 3811 etiam
2942 3756 3211 3827 disponit,
3257 3762 3323 3811 ut
3368 3758 3676 3812 antecedat
3724 3760 3875 3813 scien-

2181 3844 2280 3911 tia,
2315 3849 2371 3898 et
2424 3850 2622 3915 postea
2673 3849 2949 3915 sequatur
2994 3845 3313 3915 dispositio.
3370 3846 3528 3909 Quod
3580 3863 3723 3901 cum
3759 3849 3876 3901 sim-

2182 3934 2346 4004 plicis
2376 3939 2594 3988 naturae
2633 3933 2780 3987 ratio
2826 3950 2942 3987 non
2997 3934 3280 4002 admittat,
3310 3934 3595 4005 sequitur,
3648 3944 3720 3991 ut
3765 3954 3877 3990 cum

2181 4022 2417 4075 scientia
2454 4022 2574 4087 Dei,
2602 4021 2815 4092 pariter
2875 4022 2947 4076 sit
3005 4027 3061 4076 et
3118 4022 3468 4093 dispositio:
3528 4040 3651 4094 qua
3713 4025 3785 4080 de
3833 4042 3881 4078 re

2182 4125 2324 4179 quos
2342 4110 2446 4163 scit
2465 4110 2525 4163 in
2546 4109 2719 4163 finem
2759 4109 2818 4163 iu
2841 4109 2993 4163 malo
3025 4116 3510 4180 perseveraturos,
3537 4111 3880 4183 dispositum

2180 4197 2351 4251 habet
2375 4197 2512 4268 quid
2574 4197 2646 4251 sit
2676 4198 2745 4251 de
2801 4197 2883 4251 eis
2930 4202 3179 4252 acturus.
3240 4200 3364 4253 Non
3424 4204 3618 4254 tamen
3687 4202 3882 4256 idcirco

2182 4286 2457 4354 puniendi
2504 4291 2638 4339 sunt
2694 4286 2831 4356 quia
2892 4286 2970 4340 sic
3016 4286 3279 4357 dispositi
3329 4292 3482 4355 sunt,
3514 4288 3614 4341 sed
3680 4290 3881 4344 idcirco

377 4386 675 4455 completas
706 4388 837 4435 sunt
883 4379 1213 4449 iniquitates
1262 4377 1724 4430 Amorrhzeorum
1770 4389 1951 4443 usque
1999 4373 2067 4426 ad
2098 4384 2145 4438 ι)
2183 4374 2333 4443 quod
2368 4374 2425 4427 in
2466 4376 2617 4427 malo
2663 4375 3076 4445 perseveraturi
3109 4382 3262 4429 sunt.
3315 4376 3419 4430 Sed
3464 4376 3881 4431 Antichristum

375 4489 630 4547 prmsens
654 4476 879 4540 tempus
912 4468 1063 4533 (Gen.
1117 4482 1208 4530 xv,
1247 4464 1352 4534 l6).
1412 4464 1627 4527 Quibus
1671 4460 1857 4514 verbis
1888 4465 2072 4514 osten-

374 4565 532 4619 ditur
557 4566 693 4615 tunc
719 4556 1053 4628 iniquitates
1087 4569 1285 4608 eorum
1309 4552 1378 4605 ad
1420 4565 1708 4605 summum
1745 4549 2068 4617 malignita-

372 4653 445 4708 tis
477 4651 872 4722 perventuras,
916 4642 1147 4713 quando
1203 4655 1400 4694 semen
1448 4638 1735 4693 Abraham
1766 4636 1834 4690 de
1887 4637 2069 4690 servi-

371 4740 511 4796 tutis
533 4739 677 4809 jugo
709 4732 962 4799 liberari,
1004 4735 1061 4784 et
1086 4730 1153 4783 ad
1199 4733 1412 4782 terram
1470 4724 1729 4796 perduci,
1786 4729 1841 4778 et
1870 4730 2068 4794 gentes

369 4826 837 4882 Amorrbaaorum
870 4817 1049 4874 deleri
1081 4819 1461 4870 mererentur.
1500 4814 1568 4867 Ut
1598 4812 1751 4882 quod
1808 4812 2069 4865 nationes

370 4916 504 4980 illte,
540 4928 669 4985 quae
708 4910 868 4981 prius
898 4913 1111 4961 terram
1165 4901 1630 4974 repromissionis
1676 4899 2065 4966 obtinuerant,

370 5004 573 5057 deleta:
592 5003 751 5067 sunt,
802 5012 921 5051 non
954 4993 1165 5049 divina:
1218 4989 1755 5063 praedestinationis,
1818 4988 1916 5041 sed
1949 5004 2065 5042 sum

370 5088 745 5160 malignitatis
775 5085 949 5140 fuisse
999 5086 1367 5137 monstretur.
1422 5080 1617 5149 Itaque
1649 5093 1818 5130 nemo
1874 5092 1939 5129 ex
1974 5077 2066 5130 di-

366 5180 512 5233 vinae
546 5171 1073 5248 praedestinationis
1101 5184 1343 5223 censura
1383 5166 1823 5229 condemnatur,
1866 5181 2067 5235 quam-
2099 5163 2103 5167 ’

367 5269 448 5321 vis
490 5266 953 5336 perseveraturos
984 5259 1042 5312 in
1084 5257 1330 5328 peccatis
1366 5254 1589 5325 justitia
1621 5252 1831 5322 judicis
1862 5253 2063 5305 decre-

365 5356 509 5409 verit
531 5349 887 5407 damnandos
922 5366 933 5401 :
967 5348 1065 5401 sed
1104 5345 1497 5415 unusquisque
1529 5349 1664 5395 tunc
1710 5341 2059 5395 condemna-

364 5449 480 5509 tur,
513 5438 746 5511 quando
778 5435 1040 5491 damnari
1096 5438 1460 5503 peccatorum
1514 5431 1717 5485 merito
1774 5435 2056 5483 censetur.

365 5532 624 5601 Longum
659 5526 784 5592 erit,
820 5530 875 5578 et
918 5523 1149 5577 modum
1193 5520 1487 5576 brevitatis
1522 5518 1836 5585 excederet,
1884 5518 1928 5571 si
1968 5534 2063 5571 vo-

363 5621 641 5676 luerimus
672 5614 877 5668 seriem
910 5610 1230 5665 divinarum
1260 5608 1677 5677 Scripturarum
1705 5621 2057 5675 percurrere,

2178 4461 2238 4515 in
2271 4462 2523 4516 medium
2558 4464 2916 4531 devocemus,
2956 4463 3025 4517 de
3078 4480 3193 4534 quo
3251 4480 3421 4518 nemo
3480 4464 3755 4520 fidelium
3789 4468 3881 4519 du-

2177 4549 2337 4615 bitat,
2371 4550 2523 4620 quod
2560 4556 2615 4604 et
2646 4551 2939 4621 praescitus
2970 4556 3054 4605 est
3083 4553 3268 4606 malus
3299 4553 3547 4618 futurus,
3582 4560 3646 4608 et
3695 4557 3880 4610 divino

2174 4638 2388 4707 judicio
2417 4639 2857 4708 praedestinatus
2916 4641 2981 4693 ad
3015 4656 3266 4710 poenam,
3304 4646 3363 4695 et
3412 4657 3475 4695 ex
3526 4658 3592 4694 eo
3661 4659 3873 4714 cogno-

2177 4741 2417 4791 scamus,
2444 4728 2596 4796 quod
2628 4743 2732 4781 nec
2758 4728 3118 4797 praescientia
3150 4729 3251 4782 Dei
3291 4730 3599 4798 compellat
3644 4732 3725 4785 ad
3774 4733 3881 4785 cul-

2174 4828 2331 4883 pam,
2366 4830 2470 4867 nec
2501 4815 2932 4884 praedestinatio
2975 4815 3164 4869 trahat
3214 4816 3279 4870 ad
3330 4833 3581 4887 poenam,
3634 4826 3702 4873 et
3736 4819 3881 4891 quod

2177 4899 2246 4952 de
2276 4900 2459 4971 capite
2492 4902 2824 4967 dixerimus,
2860 4906 2930 4957 de
2963 4920 3202 4973 corpore
3244 4905 3399 4959 illius
3457 4907 3880 4978 intelligamus.

2174 4988 2328 5042 Sicut
2383 4990 2536 5043 enim
2570 4995 2742 5061 caput
2790 4992 3102 5045 electorum
3146 4993 3427 5062 Christus,
3460 4994 3540 5047 sic
3575 4998 3882 5051 Antichri-

2175 5081 2291 5129 stus
2323 5084 2493 5147 caput
2530 5084 2615 5132 est
2672 5079 3098 5150 reproborum:
3146 5086 3196 5135 et
3253 5082 3332 5135 sic
3390 5098 3601 5153 corpus
3673 5085 3879 5139 Christi

2175 5180 2372 5217 omnes
2397 5166 2598 5235 sancti,
2638 5166 2719 5221 ita
2742 5183 2951 5237 corpus
3008 5170 3342 5223 Antichristi
3400 5187 3602 5224 omnes
3668 5173 3877 5246 iniqri.

2177 5254 2271 5306 Ille
2303 5259 2456 5307 certe
2478 5254 2653 5308 homo
2680 5255 3024 5325 perditionis
3070 5258 3332 5310 nondum
3385 5263 3552 5311 natus
3591 5263 3654 5312 et
3689 5266 3883 5314 tamen

2164 5342 2284 5410 jam
2319 5343 2441 5410 ejus
2474 5344 2692 5397 malitia
2719 5344 2788 5397 ab
2806 5345 3075 5398 omnibus
3092 5347 3419 5415 praascitur,
3446 5346 3570 5415 jam
3603 5348 3676 5401 ad
3715 5350 3884 5403 inter-

2172 5430 2317 5483 itum
2376 5430 2815 5499 prmdestinatus
2868 5448 2991 5486 esse
3049 5449 3163 5486 non
3239 5434 3562 5503 ignoratur,
3632 5436 3713 5490 de
3777 5454 3883 5509 quo

2171 5518 2481 5587 Apostolus
2504 5518 2573 5572 ad
2594 5519 3129 5574 Thessalonicenses
3161 5522 3416 5575 scribens
3456 5522 3537 5575 ait
3584 5524 3664 5593 (ll
3699 5528 3881 5580 Thess.

2172 5604 2223 5669 ιι)
2254 5621 2266 5657 :
2303 5627 2327 5653 ‹‹
2366 5606 2441 5658 Ne
2473 5606 2603 5676 quis
2638 5622 2734 5660 vos
2780 5607 3011 5663 seducat
3040 5609 3159 5663 ullo
3195 5609 3384 5677 modo,
3434 5612 3728 5681 quoniam
3779 5616 3881 5669 nisi
