3920 6224
1130 338 1217 391 DE
1263 339 1923 398 PBzEDESTINATlONE
1970 342 2102 397 DEI.
2146 373 2213 381 --
2251 343 2377 397 LIB.
2424 344 2491 397 Il.
3455 354 3520 404 78

3 466 227 521 venerit
254 466 539 522 discessio
574 468 847 540 primum,
889 474 943 524 et
981 470 1263 524 revelatus
1310 471 1485 525 fuerit
1541 473 1714 526 homo
1746 475 1785 526 A
1827 490 2066 543 operum
2126 475 2248 543 ejus
2302 490 2654 545 nequeamus
2702 477 2952 531 rationes
3008 478 3516 549 comprehendere,

3 556 247 623 peccati,
281 556 440 610 ﬁlius
473 559 817 628 perditionis
853 575 866 611 :
901 559 999 628 qui
1044 560 1398 625 adversatur,
1434 565 1490 613 et
1539 562 1718 614 extol-

4 644 142 696 litur
169 661 352 715 supra
383 663 559 700 omne
597 648 747 717 quod
784 648 994 701 dicitur
1028 648 1203 713 Deus;
1239 654 1338 702 aut
1368 649 1598 716 colitur,
1640 649 1717 702 ita

3 735 64 783 ut
96 730 155 783 in
205 733 435 801 templo
486 733 586 786 Dei
634 734 845 801 sedeat,
889 734 1195 787 ostendens
1226 751 1283 788 se
1331 740 1605 805 tanquam
1648 736 1721 788 sit

4 819 176 874 Deus.
216 841 247 870 ιι
288 822 353 875 Et
393 822 571 892 paulo
606 828 781 893 post:
832 842 857 873 α
895 823 1073 887 Quem
1106 823 1381 877 Dominus
1424 825 1584 878 Jesus
1633 824 1719 877 in-

4 908 255 962 terticiet
321 911 536 980 spiritu
596 911 709 965 oris
767 912 875 978 sui,
932 916 987 965 et
1044 912 1299 967 destruet
1338 913 1719 965 illustratione

4 998 296 1052 adventus
352 999 442 1052 sui
496 1016 675 1054 eum:
727 1001 889 1070 cujus
944 1005 1029 1055 est
1078 1001 1357 1055 adventus
1407 1002 1720 1055 secundum

7 1087 421 1155 operationem
450 1088 675 1143 Satanzr
708 1090 767 1143 in
793 1089 951 1144 omni
982 1090 1209 1156 virtute,
1244 1090 1444 1159 signis,
1498 1096 1552 1143 et
1601 1106 1723 1160 pro-

7 1176 179 1244 digiis
212 1177 617 1243 mendacibus,
660 1182 716 1231 et
745 1178 804 1231 in
836 1178 993 1232 omni
1026 1178 1352 1231 seductione
1380 1178 1719 1249 iniquitatis,

7 1263 98 1317 his
130 1264 235 1334 qui
287 1272 558 1335 pereunt,
605 1283 670 1320 eo
712 1267 868 1337 quod
917 1266 1253 1321 charitatem
1307 1267 1560 1320 veritatis
1608 1283 1724 1320 non

11 1360 389 1423 receperunt,
422 1360 485 1408 ut
518 1356 655 1408 salvi
687 1355 936 1409 ﬁerent?
967 1360 1023 1409 et
1052 1355 1180 1410 ideo
1220 1355 1409 1410 mittet
1438 1356 1549 1409 illis
1577 1357 1725 1409 Deus

15 1444 423 1512 operationem
455 1443 682 1505 erroris,
720 1449 785 1498 ut
815 1445 1051 1498 credant
1102 1444 1432 1499 mendacio:
1468 1450 1530 1498 ut
1568 1444 1724 1514 judi-

16 1537 222 1584 ccutur
252 1549 459 1585 omnes
490 1533 591 1603 qui
622 1550 738 1586 non
770 1532 1137 1586 crediderunt
1180 1534 1420 1601 veritati,
1466 1533 1561 1587 sed
1596 1550 1727 1587 con-

20 1626 329 1674 senserunt
361 1620 676 1691 iniquitati.
714 1644 738 1667 η
786 1622 881 1674 His
934 1622 1190 1690 Apostoli
1241 1622 1446 1689 verbis,
1498 1628 1555 1675 et
1605 1638 1724 1675 ma-

24 1709 146 1761 litia
196 1708 633 1763 demonstratur
688 1709 1043 1775 Antichristi,
1094 1714 1145 1763 ct
1192 1710 1459 1780 perditio,
1518 1714 1724 1764 etnon

26 1798 212 1851 solum
246 1798 393 1866 ejus,
428 1814 627 1852 verum
681 1799 849 1852 etiam
884 1799 1118 1852 illorum
1160 1799 1257 1869 qui
1291 1799 1360 1853 de
1392 1804 1543 1853 sorte
1574 1798 1725 1853 illius
1760 1776 1797 1830 Β

28 1893 213 1939 erunt.
250 1886 395 1939 Cum
429 1886 585 1940 enim
620 1887 942 1957 appellatur
972 1888 1143 1941 homo
1183 1888 1419 1957 peccati,
1472 1893 1527 1942 et
1573 1888 1725 1941 ﬁlius

30 1976 385 2044 perditionis,
438 1992 572 2029 eum
619 1977 949 2031 extollentia
1007 1976 1129 2045 ejus
1163 1981 1320 2031 tanta
1351 1993 1471 2030 esse
1500 1978 1725 2031 denun-

30 2066 221 2129 tiatur,
254 2070 315 2117 ut
347 2080 525 2135 supra
560 2066 737 2118 Deum
771 2065 1040 2132 elevetur,
1093 2070 1150 2118 et
1195 2082 1251 2117 se
1282 2082 1387 2135 pro
1441 2066 1557 2119 Deo
1616 2066 1725 2119 coli

32 2153 181 2219 velit,
200 2154 503 2207 manifeste
525 2153 896 2223 malignitatis
917 2155 1037 2223 ejus
1072 2154 1328 2225 nequitia
1364 2155 1721 2209 describitur.

36 2242 170 2294 Cum
201 2258 335 2295 vero
360 2241 613 2295 adventu
648 2241 954 2296 Salvatoris
984 2259 1114 2296 eum
1149 2242 1610 2297 interﬁciendum
1641 2248 1725 2298 at-

37 2346 143 2399 que
169 2330 581 2384 destruendum
610 2331 903 2400 prmdicat,
937 2331 1362 2386 damnationem
1405 2332 1561 2386 illius
1614 2348 1728 2386 ma-

38 2418 235 2471 nifeste
266 2419 554 2487 designat.
613 2421 862 2473 Rursum
910 2436 1040 2474 cum
1091 2420 1290 2491 signis,
1338 2424 1393 2474 et
1449 2421 1727 2492 prodigiis

40 2506 157 2573 ejus
186 2507 562 2561 mendacibus
592 2504 804 2561 multos
834 2508 1147 2563 credituros
1200 2508 1475 2576 insinuat,
1529 2514 1583 2562 et
1631 2526 1727 2563 eos

35 2594 367 2661 judicandos
408 2612 531 2649 esse
580 2596 900 2661 denuntiat,
942 2603 999 2651 et
1048 2602 1364 2667 peccatum,
1399 2602 1454 2651 et
1499 2614 1726 2667 poenam

43 2698 231 2735 eorum
266 2685 630 2749 manifestat;
687 2702 801 2755 qua
850 2686 919 2738 de
978 2701 1035 2739 re
1066 2702 1193 2738 cum
1253 2686 1321 2739 de
1378 2686 1726 2740 Anticliristo

46 2770 170 2822 talia
203 2771 357 2825 dicat
381 2773 705 2843 Apostolus,
758 2789 951 2826 nonne
1006 2773 1363 2827 demonstrat
1416 2773 1569 2843 quod
1617 2773 1725 2827 ini-

46 2861 217 2928 quitas
257 2860 381 2929 ejus
430 2861 552 2931 jam
588 2860 847 2932 przescita
891 2861 981 2927 sit,
1016 2865 1071 2915 et
1126 2862 1557 2931 praedestinatus
1607 2862 1729 2932 ipse

45 2948 106 3000 ad
136 2964 362 3017 pinnam
395 2949 499 3002 sit?
531 2950 707 3004 homo
749 2950 999 3021 denique
1049 2951 1158 3003 erit
1195 2950 1388 3004 anima
1438 2950 1725 3017 rationali,

1826 562 2037 615 scimus
2069 562 2223 633 quod
2268 578 2384 615 non
2426 563 2636 631 injuste
2669 565 2888 634 aliquid
2922 566 3071 633 facit,
3107 568 3206 637 qui
3247 572 3332 621 est
3391 567 3520 622 fons

1820 650 2081 719 justitia}.
2118 652 2438 705 Redeamus
2487 652 2666 721 igitur
2696 654 2761 707 ad
2811 655 3128 723 superiora.
3190 656 3330 710 Cum
3383 673 3518 727 ergo

1828 740 2000 793 homo
2031 740 2125 793 ille
2158 739 2614 810 iniquitatisjam
2646 742 2939 811 prmseitus
2965 743 3035 795 sit
3062 745 3243 797 malus
3274 746 3517 813 futurus,

1827 835 1883 881 et
1914 828 2350 898 prasdestinatus
2381 828 2658 883 habeatur
2688 830 2759 883 ad
2793 846 3043 900 poenam,
3083 834 3346 903 nunquid
3380 851 3521 903 pro-

1825 916 2119 987 pterlianc
2148 916 2565 986 praescientiam
2625 921 2808 973 malus
2867 919 2992 985 erit,
3054 925 3155 974 aut
3221 928 3522 992 prepterea

1827 1004 2059 1075 peribit,
2088 1005 2222 1075 quia
2252 1006 2557 1072 perditioni
2578 1007 2884 1077 deputatus
2908 1014 2992 1061 est
3014 1008 3041 1064 ?
3066 1009 3228 1073 Quod
3250 1010 3295 1063 si
3319 1011 3398 1065 ita
3417 1017 3519 1079 est,

1830 1108 1944 1146 non
1972 1093 2081 1146 erit
2110 1095 2233 1163 ejus
2265 1096 2449 1163 culpa:
2481 1096 2812 1165 malignitas
2845 1097 3016 1160 illius,
3059 1098 3207 1151 unde
3254 1114 3360 1155 nec
3404 1116 3525 1153 me—

1830 1179 1940 1232 rito
1971 1180 2341 1234 damnabitur
2374 1197 2385 1233 :
2420 1181 2517 1234 sed
2561 1182 2709 1235 absit
2753 1188 2815 1236 ut
2850 1183 2996 1237 Deus
3018 1183 3189 1237 alicui
3238 1184 3311 1238 sit
3358 1202 3526 1239 causa

1830 1284 1943 1339 quo
1972 1270 2155 1323 malus
2186 1268 2305 1335 ﬁat,
2341 1274 2439 1323 aut
2468 1270 2722 1341 aliquem
2754 1271 2987 1326 damnet
3035 1272 3136 1342 qui
3187 1289 3304 1326 non
3364 1274 3522 1329 dam-

1832 1354 1957 1408 nari
1990 1362 2308 1422 mereatur;
2350 1374 2480 1412 cum
2514 1359 2790 1429 scriptum
2823 1360 2895 1413 sit
2927 1376 2939 1413 :
2978 1380 3003 1410 α
3031 1361 3300 1415 Universa
3352 1379 3527 1433 opera

1835 1444 2065 1499 Domini
2105 1444 2515 1511 misericordia,
2559 1454 2613 1501 et
2671 1448 2877 1501 veritas
2928 1449 3093 1519 (Psal.
3142 1466 3292 1504 xx1v.
3351 1454 3455 1520 10).
3496 1472 3523 1503 ιι

1833 1533 1945 1588 Sua
1970 1533 2145 1603 igitur
2196 1536 2362 1604 culpa
2390 1536 2716 1602 damnatur,
2762 1537 3023 1608 quisquis
3078 1539 3337 1594 aJudice
3378 1541 3528 1595 veri-

1834 1624 1966 1675 tatis
1995 1623 2320 1677 damnatur.
2354 1622 2712 1694 Quapropter
2738 1625 2913 1678 homo
2935 1625 3029 1679 ille
3049 1625 3371 1697 iniquitatis
3409 1643 3524 1681 non

1837 1710 2047 1765 idcirco
2078 1711 2312 1782 iniquus
2346 1712 2474 1777 erit,
2512 1712 2645 1782 quia
2670 1713 2797 1766 talis
2827 1714 3054 1767 futurus
3074 1730 3194 1768 esse
3235 1716 3526 1785 praescitus

1837 1804 1941 1866 est,
2014 1800 2112 1853 sed
2169 1817 2271 1853 sua
2331 1801 2622 1855 voluntate
2680 1801 3021 1872 delinquens
3080 1803 3523 1873 malignabitur:

1835 1888 1981 1943 sicut
2008 1905 2126 1943 non
2154 1889 2281 1943 ideo
2320 1890 2505 1959 pcenis
2550 1890 2829 1959 gehennze
2869 1892 3114 1945 traditur
3162 1892 3520 1959 crueiandus,

1835 1975 1934 2046 qui
1959 1976 2080 2046 jam
2128 1976 2571 2047 prmdestinatus
2612 1976 2682 2031 ad
2722 1994 2920 2047 poenas
2976 1983 3079 2044 est,
3141 1979 3235 2032 sed
3296 1983 3530 2049 propter

1834 2080 2068 2117 suarum
2149 2065 2376 2135 pondus
2429 2065 2827 2135 iniquitatum,
2862 2072 3097 2136 propter
3167 2083 3309 2137 quas
3353 2067 3525 2120 etiam

1836 2168 1987 2205 nunc
2015 2152 2451 2222 praedestinatus
2482 2157 2565 2207 est
2595 2153 2661 2207 ad
2707 2158 2953 2207 mortem
2988 2170 2999 2207 :
3036 2153 3145 2207 nisi
3177 2154 3324 2207 forte
3374 2154 3527 2207 dicat

1836 2241 2043 2311 aliquis
2073 2257 2205 2296 eum
2238 2258 2352 2295 non
2390 2241 2861 2312 praedestinatum
2893 2242 2962 2295 ad
3011 2240 3329 2295 interitum.
3383 2242 3524 2295 Cum

1838 2329 1989 2384 dicat
2018 2330 2325 2399 Apostolus
2357 2348 2384 2381 ι
2416 2346 2543 2384 cum
2580 2330 2785 2400 spiritu
2820 2331 2932 2383 oris
2977 2331 3064 2383 sui
3099 2331 3405 2385 Dominum
3435 2332 3525 2385 Je-

1837 2418 2436 2485 suminterfecturum,
2470 2424 2526 2472 et
2556 2419 2830 2473 adventus
2856 2419 2942 2472 sui
2973 2420 3274 2489 prmsentia
3302 2420 3524 2473 destru-

1837 2511 2063 2561 cturum
2096 2509 2176 2572 (II
2215 2508 2369 2561 Thes.
2405 2524 2463 2573 tl,
2497 2510 2573 2574 8).
2614 2528 2635 2553 ι
2690 2508 2753 2561 Et
2787 2508 3034 2562 Joannes
3073 2507 3130 2560 in
3188 2507 3527 2578 Apocalypsi

1838 2612 1940 2649 sua
1984 2595 2087 2649 sub
2122 2596 2306 2664 ﬁgura
2350 2595 2548 2649 bestia:
2594 2595 2663 2649 de
2713 2595 2812 2648 illo
2860 2596 3100 2666 loquens
3135 2612 3147 2649 :
3194 2615 3222 2647 «
3258 2596 3461 2660 Bestia,
3501 2617 3522 2641 ι

1836 2684 2047 2754 inquit,
2084 2704 2111 2733 «
2144 2700 2316 2755 quam
2339 2684 2579 2755 vidistis,
2612 2684 2721 2737 fuit
2750 2690 2807 2737 et
2839 2700 2953 2737 non
2986 2688 3091 2751 est,
3124 2688 3179 2737 et
3230 2699 3529 2738 ascensura

1838 2776 1921 2825 est
1950 2771 2018 2825 de
2058 2772 2282 2841 abysso,
2342 2776 2399 2825 et
2452 2771 2512 2825 in
2560 2770 2859 2825 interitum
2900 2771 3023 2836 ibit,
3070 2778 3127 2825 et
3166 2772 3531 2826 mirabuntur

1838 2859 2226 2914 inhabitantes
2247 2864 2478 2926 terram,
2506 2875 2749 2929 quorum
2770 2876 2887 2913 non
2908 2864 3039 2914 sunt
3058 2860 3295 2913 nomina
3320 2858 3530 2928 scripta

1838 2948 1898 3002 in
1931 2948 2077 3003 libro
2110 2948 2239 3003 vita!
2271 2966 2301 3001 a
2329 2948 2735 3002 constitutione
2777 2948 2977 3002 mundi
3009 2950 3201 3017 (Apoc.
3234 2964 3369 3011 xvn,
3399 2949 3473 3013 8).
3501 2966 3528 2996 ιι

46 3042 95 3087 et
130 3052 298 3089 carne
329 3037 661 3105 consistens,
684 3038 753 3091 de
776 3038 1243 3108 prima'parente,
1274 3038 1426 3092 unde
1457 3042 1511 3092 et
1533 3054 1729 3092 omnes
1760 3075 1802 3129 Ο
1844 3038 1947 3091 Ubi
1979 3037 2297 3091 notandum
2329 3037 2466 3108 quia
2495 3053 2610 3091 non
2640 3037 2822 3090 solum
2880 3036 2940 3090 in
2967 3036 3261 3089 interitum
3294 3035 3529 3089 bestiam

49 3124 298 3178 homines
331 3126 541 3179 ducens
580 3126 862 3197 originem
902 3142 913 3181 :
945 3126 1141 3197 itaque
1179 3129 1483 3197 Apostolus
1514 3144 1644 3181 eum
1676 3133 1730 3181 et

54 3212 358 3278 hominem,
390 3220 446 3268 et
492 3214 681 3269 ﬁlium
712 3214 1052 3285 perditionis
1082 3216 1397 3285 appellans,
1431 3217 1592 3285 cujus
1624 3217 1733 3270 erit

53 3301 378 3355 conditionis
407 3302 682 3356 insinuat.
720 3303 783 3356 Et
814 3319 1143 3374 quanquam
1179 3320 1273 3356 vas
1318 3304 1528 3357 diaboli
1570 3304 1731 3357 futu-

56 3404 169 3442 rum
192 3390 278 3457 sit,
314 3395 505 3444 tamen
534 3392 646 3445 hoc
680 3392 809 3457 erit,
864 3392 1012 3462 quod
1046 3398 1179 3445 sunt
1204 3392 1416 3457 caeteri,
1449 3392 1519 3445 de
1548 3392 1728 3447 Adam

59 3478 350 3533 nativitatis
408 3480 709 3533 exordium
762 3481 1073 3534 trahentes.
1126 3481 1267 3535 Cum
1309 3480 1387 3533 ita
1432 3481 1520 3543 sit,
1587 3481 1733 3534 sicut

62 3566 292 3620 nondum
328 3574 499 3622 natus
531 3569 762 3623 existit:
806 3570 883 3622 ita
912 3569 1158 3623 necdum
1191 3568 1404 3640 aliquid
1438 3570 1521 3623 vel
1570 3568 1727 3629 boni,

63 3657 135 3708 vel
183 3658 314 3710 mali
347 3656 513 3724 fecit;
550 3657 675 3726 jam
724 3663 917 3712 tamen
973 3657 1445 3728 praedestinatum
1497 3673 1629 3711 eum
1661 3658 1731 3710 ad

65 3758 263 3811 postiam
295 3762 416 3799 esse
469 3746 778 3816 Apostolus
832 3746 989 3800 testis
1042 3750 1144 3799 est.
1207 3744 1473 3816 Nunquid
1538 3749 1730 3799 tamen

68 3838 337 3901 propterea
386 3834 525 3904 quia
582 3834 880 3905 praescitus
927 3839 1011 3888 est
1058 3834 1241 3887 malus
1306 3834 1551 3901 futurus,
1607 3834 1731 3886 ideo

71 3922 227 3972 malus
254 3923 361 3975 erit
389 3939 400 3976 :
435 3930 537 3976 aut
578 3922 716 3993 quia
749 3923 1191 3993 praedestinatus
1241 3923 1305 3975 ad
1337 3938 1567 3993 pinnam
1613 3922 1730 3991 jam

74 4024 200 4062 nunc
227 4016 324 4077 est,
367 4011 577 4065 idcirco
607 4012 970 4066 damnandus
1001 4011 1152 4065 erit?
1182 4012 1331 4082 quod
1363 4012 1410 4065 si
1438 4011 1587 4066 dicat
1632 4010 1731 4065 ali-

77 4098 182 4165 quis
210 4100 339 4169 quia
371 4117 465 4154 vas
494 4101 854 4167 diabolierit,
883 4106 939 4155 et
955 4117 1058 4171 per
1082 4116 1214 4154 eum
1244 4100 1479 4155 Satanas
1502 4100 1735 4154 malitiae

78 4201 172 4237 sua?
199 4204 414 4257 poenam
448 4190 758 4256 exercebit,
805 4190 1014 4243 idcirco
1056 4206 1184 4243 eum
1230 4205 1297 4243 eo
1345 4189 1465 4258 jam
1496 4190 1731 4243 damna-

80 4274 194 4327 tioni
212 4276 505 4346 deputatus
527 4278 801 4343 habetur;
835 4277 881 4330 si
902 4277 1074 4330 homo
1095 4276 1193 4330 ille
1211 4294 1242 4329 a
1264 4276 1493 4330 diabolo
1514 4280 1735 4330 creatus

81 4367 218 4427 esset,
243 4366 319 4416 vel
352 4366 471 4433 ipse
503 4364 766 4419 diabolus
796 4370 962 4433 esset,
990 4365 1120 4435 jure
1151 4365 1259 4418 hoc
1310 4364 1619 4430 diceretur;
1673 4369 1730 4417 at
1762 4375 1803 4428 1)

85 4464 193 4501 vero
219 4467 336 4504 cum
374 4453 473 4505 Dei
503 4458 769 4507 creatura
806 4453 912 4507 erit
940 4469 1070 4507 cum
1103 4453 1172 4506 de
1232 4452 1433 4506 eodem
1472 4458 1730 4522 parente,

88 4550 180 4601 quo
202 4540 373 4592 cuncti
410 4546 729 4594 nascuntur
765 4540 1046 4599 homines.
1109 4545 1392 4605 nascetur,
1451 4555 1580 4593 cum
1636 4539 1735 4592 Dei

90 4625 328 4691 manibus,
356 4632 413 4681 et
456 4630 795 4699 plasmatus,
829 4634 885 4682 et
944 4629 1123 4682 factus
1172 4629 1299 4695 erit,
1360 4645 1487 4681 cum
1557 4628 1731 4681 homo

90 4726 233 4778 purus
251 4716 351 4768 erit
380 4718 573 4770 anima
612 4717 877 4770 rationali
905 4720 961 4770 et
1017 4733 1185 4771 carne
1239 4716 1574 4785 subsistens,
1636 4731 1738 4769 cur

94 4798 277 4856 diabolo
302 4809 459 4858 tanta
486 4811 738 4876 potestas
768 4805 837 4859 de
864 4821 930 4859 eo
954 4806 1200 4871 dabitur,
1241 4811 1303 4859 ut
1330 4821 1425 4858 vas
1465 4805 1589 4875 ejus
1637 4819 1736 4858 ac-

94 4890 436 4957 ceptissimum
488 4892 813 4947 habeatur?
856 4895 1055 4947 Nonne
1102 4892 1194 4946 hic
1272 4908 1400 4946 cum
1460 4891 1734 4962 Apostolo

52 4964 59 5052 ᾗ
97 4976 347 5035 dicendum
376 4987 465 5035 est
497 4998 510 5035 :
550 5003 571 5031 ι
607 4983 651 5037 Ο
683 4982 878 5049 homo,
910 4987 969 5036 tu
1005 4980 1133 5052 quis
1163 4997 1237 5045 es,
1270 4981 1368 5051 qui
1390 4979 1737 5050 respondeas

102 5064 213 5119 Deo?
235 5072 430 5123 Annon
465 5070 637 5124 habet
667 5075 1009 5141 potestatem
1059 5070 1267 5140 figulus
1295 5069 1401 5123 luti
1432 5069 1502 5122 de
1532 5068 1735 5121 eodem

100 5150 187 5205 luto
206 5157 335 5211 aliud
367 5158 601 5229 quidem
634 5176 733 5212 vas
755 5159 969 5228 ﬁngere
1000 5159 1058 5212 in
1083 5159 1357 5212 honorem
1383 5161 1439 5210 et
1468 5156 1622 5211 aliud
1675 5157 1736 5209 in

104 5246 445 5300 contumeliam
499 5250 667 5314 (Rom.
701 5263 774 5313 1x,
810 5247 942 5313 20)?
983 5268 1009 5295 »
1043 5248 1110 5301 Et
1142 5263 1155 5300 :
1186 5265 1213 5297 α
1241 5246 1283 5300 Ο
1315 5245 1555 5299 altitudo
1585 5244 1733 5298 divi-

108 5328 262 5385 tiaram
279 5336 575 5404 sapientia:
605 5342 663 5389 et
692 5334 942 5388 scientias
977 5333 1100 5387 Dei!
1133 5334 1311 5396 Quam
1341 5330 1734 5387 inscrutabilia

108 5421 415 5487 suntjudicia
464 5423 610 5493 ejus,
667 5426 724 5476 et
773 5422 1196 5492 investigabiles
1224 5421 1329 5475 viae
1378 5422 1543 5490 ejus:
1602 5418 1731 5489 quis

110 5510 313 5571 Cognovit
339 5527 572 5565 sensum
608 5510 854 5577 Domini,
909 5514 1006 5563 aut
1034 5510 1160 5580 quis
1203 5509 1359 5579 prior
1386 5507 1542 5562 dedit
1571 5507 1641 5572 ei,
1676 5509 1733 5559 et

114 5594 383 5652 retribuetur
412 5598 513 5652 ei?
537 5599 729 5669 (Rom.
751 5613 825 5665 xx,
856 5599 943 5664 33,
976 5597 1083 5669 34).
1115 5618 1143 5646 ιι
1174 5595 1441 5662 Quamvis
1470 5593 1727 5649 omnium

1842 3126 1923 3178 ire
1956 3123 2257 3194 signiﬁcat,
2309 3139 2503 3178 verum
2538 3123 2710 3177 etiam
2761 3123 2889 3176 illos
2922 3138 3169 3193 quorum
3222 3137 3341 3175 non
3398 3123 3534 3172 sunt

1838 3212 2073 3267 nomina
2106 3212 2315 3282 scripta
2344 3211 2400 3264 in
2454 3210 2597 3265 libro
2628 3210 2760 3264 vita:
2794 3209 3259 3264 aconstitutione
3311 3206 3529 3261 mundi.

1844 3302 1915 3355 Ex
1948 3316 2062 3370 quo
2099 3304 2339 3371 apparet
2372 3301 2443 3355 ad
2489 3300 2786 3354 interitum
2838 3299 2943 3366 ire,
2994 3297 3093 3369 qui
3127 3314 3245 3351 non
3287 3301 3419 3349 sunt
3464 3294 3534 3347 de

1840 3404 2083 3443 numero
2122 3389 2455 3443 electorum.
2494 3391 2570 3443 De
2601 3404 2843 3443 numero
2885 3388 3197 3441 electorum
3237 3400 3351 3437 non
3382 3386 3532 3443 sunt,

1842 3478 1939 3549 qui
1971 3494 2084 3531 non
2115 3483 2241 3531 sant
2272 3478 2468 3547 scripti
2508 3478 2568 3531 in
2612 3477 2760 3531 libro
2811 3476 2971 3540 vitm;
3003 3474 3087 3527 illi
3141 3473 3296 3527 enim
3349 3470 3536 3540 perire

1841 3583 1955 3619 non
1990 3570 2246 3637 possunt.
2304 3565 2579 3619 Peribunt
2635 3570 2851 3624 autem.
2904 3563 3005 3633 qui
3063 3577 3182 3615 non
3237 3563 3367 3611 sunt
3420 3556 3538 3608 illic

1843 3653 2037 3723 scripti
2077 3653 2147 3705 ab
2202 3653 2366 3705 initio
2420 3653 2635 3706 saeculi.
2692 3652 2853 3715 Quod
2902 3651 2949 3703 si
3001 3650 3070 3701 ab
3111 3646 3275 3700 initio
3345 3641 3539 3696 seaculi

1844 3740 2037 3811 scripti
2068 3756 2182 3793 non
2234 3746 2367 3793 sunt
2406 3741 2467 3793 in
2519 3740 2663 3793 libro
2693 3739 2846 3805 vitae,
2895 3736 2965 3789 ad
3016 3735 3189 3787 vitam
3222 3747 3336 3785 non
3370 3728 3542 3799 perti-

1844 3834 2019 3882 nent:
2075 3833 2130 3881 et
2171 3827 2380 3881 idcirco
2425 3828 2496 3879 ad
2543 3826 2749 3880 mortis
2797 3839 3028 3894 poenam
3078 3818 3333 3890 deputati
3382 3820 3536 3870 sunt.

1844 3919 1987 3971 Item
2015 3916 2084 3969 de
2134 3915 2334 3969 eadem
2370 3915 2552 3967 bestia
2598 3914 2657 3967 in
2705 3913 2906 3966 eodem
2941 3910 3088 3964 libro
3123 3924 3134 3961 :
3194 3908 3317 3959 «Et
3362 3902 3545 3957 bestia

1845 4022 1972 4077 qua:
1993 4010 2137 4072 erat,
2172 4009 2229 4057 et
2261 4020 2374 4057 non
2402 4006 2505 4066 est,
2540 4008 2595 4056 et
2616 4002 2741 4072 ipsa
2770 4004 2965 4053 octava
2998 4000 3101 4062 est,
3134 3994 3296 4085 etkde
3326 3995 3546 4085 septem

1844 4098 1947 4160 est,
1991 4098 2047 4147 et
2102 4092 2163 4146 in
2194 4091 2492 4145 interitum
2524 4091 2681 4145 vadit
2728 4088 2924 4154 (Ibid.,
2974 4086 3079 4152 tt).
3118 4105 3142 4131 ιι
3198 4081 3310 4135 Sub
3359 4081 3549 4147 specie

1844 4181 2037 4237 bestiae
2070 4180 2484 4235 Antichristum
2517 4179 2844 4248 designans,
2878 4180 2935 4227 et
2965 4188 3095 4227 eum
3130 4170 3200 4223 ad
3253 4167 3547 4220 interitum

1844 4270 2325 4343 praedestinatum
2358 4267 2684 4322 insinuans.
2724 4264 2907 4333 Igitur
2954 4276 3083 4315 eum
3116 4254 3554 4343 prmdestinatus

1844 4342 1915 4413 sit
1947 4360 2016 4412 ad
2067 4358 2392 4422 interitum,
2442 4372 2555 4409 non
2597 4356 2902 4425 propterea
2941 4345 3199 4401 interibit
3228 4342 3361 4411 quia
3406 4354 3555 4408 pras-

1846 4447 2176 4503 destinatus
2198 4451 2284 4501 est
2311 4445 2382 4500 ad
2411 4445 2539 4509 hoc,
2585 4442 2684 4495 sed
2727 4443 2966 4509 propter
2997 4431 3311 4524 nequitiam
3365 4440 3554 4489 suam,

1844 4542 2093 4609 propter
2123 4552 2301 4607 quam
2352 4530 2791 4604 praedestinatus
2844 4540 2967 4577 esse
3006 4518 3363 4611 cognoscitur
3396 4526 3562 4611 “per-

1847 4596 2091 4677 ditioni.
2128 4596 2289 4678 éicut
2314 4596 2487 4691 igitur
2518 4618 2612 4671 ille
2644 4612 2940 4684 prmscitus
2964 4613 3050 4661 est
3079 4603 3361 4668 malignus
3392 4596 3563 4648 futu—

1848 4729 1978 4780 rus,
2006 4716 2067 4765 et
2096 4710 2532 4782 praedestinatus
2574 4704 2645 4757 ad
2678 4698 3000 4787 interitum,
3050 4706 3151 4787 nec

1848 4768 1992 4871 pter
2034 4768 2141 4854 Dei
2178 4794 2615 4871 praescientiam,
2648 4789 2762 4841 sive
2822 4773 3410 4871 prmdestinationem;
3449 4768 3572 4871 ‘vel

1849 4854 2345 4959 inalignusterit,
2376 4882 2464 4935 vel
2522 4854 2812 4959 interibit,
2840 4868 2940 4959 sed
2986 4854 3579 4959 propriavvqltun‘tatqg

1848 4978 1961 5031 ﬁet
2009 4943 2243 5040 vmalus,
2301 4943 2356 5025 et
2385 4968 2619 5039 propter
2653 4952 3084 5040 multitudinem
3139 4943 3587 5040 malignitatum?)

1850 5025 2433 5131 S—Itarlrnl—mperibit;
2495 5025 2606 5099 -sic
2681 5038 2958 5095 nimirum
3032 5046 3277 5131 omnes.
3316 5025 3592 5094 reprobi,

1848 5116 2003 5206 eum
2032 5153 2155 5203 sint
2192 5116 2446 5217 prmseiti
2482 5132 2636 5195 mali,
2676 5133 2733 5180 et
2776 5119 3173 5217 prtedest-inati
3214 5116 3596 5217 att-pusillam.2

1850 5200 2003 5293 {at};
2283 5230 2513 5301 prapter
2566 5215 2664 5271 Dei
2708 5209 3136 5283 praescientiam
3393 5200 3601 5256 etl‘eeti

1848 5288 2200 5390 suntiam
2254 5288 2573 5370 eiticientur
2604 5320 2619 5369 ;
2652 5300 2747 5353 sed
2780 5302 3022 5369 propter
3080 5292 3255 5390 quod.
3281 5288 3461 5390 libero
3494 5304 3606 5339 νο-

1845 5377 2125 5469 inritatis
2159 5401 2393 5461 arbitrio
2426 5390 2844 5461 malignitatem
2875 5384 3104 5455 operati
3133 5377 3405 5469 sunt._lta
3443 5390 3604 5443 quo—

1846 5465 1977 5571 que
2019 5510 2157 5550 non
2193 5490 2426 5552 idcirco,
2473 5479 2609 5551 quia
2655 5472 3055 5547 prmdestinati
3082 5473 3215 5525 sunt
3243 5465 3309 5521 ad
3364 5474 3599 5571 puuau:

1842 5544 2353 5655 galli-ebenum;
2410 5544 2507 5623 sed
2566 5544 2701 5635 quia
2751 5560 3015 5615 fecerunt
3047 5558 3202 5623 talin,
3252 5568 3351 5625 pro
3389 5544 3598 5615 quibus
