3920 6224
336 394 408 445 79
1493 377 1849 436 RATRAMNI
1890 373 2348 432 CORBEIENSIS
2381 372 2522 428 MON
2544 372 2693 427 \CHI
3792 374 3843 425 80

338 534 570 592 poenam
604 516 792 571 subire
825 514 1217 570 merebantur.
1254 513 1396 567 Nam
1442 511 1511 565 de
1543 511 1752 581 quibus
1782 508 1858 563 ait
1890 510 2037 578 Apo-
2063 518 2103 569 Α
2145 522 2271 560 sum
2305 510 2390 560 est
2420 506 2489 559 de
2523 507 2637 560 Deo
2669 504 2879 559 sentire
2911 503 3061 574 quod
3087 525 3113 552 ‹‹
3147 503 3281 558 fecit
3309 520 3438 575 quae
3469 503 3675 558 futura
3732 510 3844 557 sunt

342 609 523 661 stolus
573 605 724 677 quod
779 624 805 657 ι(
861 605 999 675 quia
1061 603 1362 656 veritatem
1407 616 1522 655 non
1576 603 1937 669 receperunt,
1990 601 2053 650 ut

340 696 483 750 salvi
518 695 747 758 ﬁerent,
781 693 908 748 ideo
940 692 1131 747 mittet
1171 691 1285 744 illis
1322 692 1469 745 Deus
1501 689 1891 759 operationem
1933 702 2049 739 er--

344 784 520 853 roris,
577 790 642 837 ut
691 782 929 836 credant
978 780 1315 846 mendacio;
1352 783 1411 831 ut
1438 778 1769 848 judicentur
1823 792 2044 853 omnes,

344 872 444 944 qui
478 888 592 926 non
636 870 1006 925 crediderunt
1054 868 1313 933 veritati;
1344 867 1440 921 sed
1488 868 1899 920 consenserunt
1936 862 2045 916 ini-

341 960 551 1032 quitati
585 961 658 1027 (ιι
693 960 875 1013 Thess.
911 956 990 1027 ιι).
1018 976 1045 1009 ι)
1078 958 1274 1011 Nonne
1308 955 1413 1010 bos
1446 970 1645 1008 omnes
1674 957 1730 1007 et
1759 951 2049 1023 prmscitos

346 1063 469 1102 esse
536 1050 760 1100 constat
806 1046 989 1100 malos
1023 1044 1266 1110 futuros,
1300 1048 1357 1096 et
1404 1058 1516 1095 non
1576 1039 1848 1111 ignorari,
1892 1037 2043 1109 quod

350 1137 417 1191 ad
458 1140 666 1189 sortem
700 1135 1027 1205 pertineant
1058 1130 1505 1186 damnatorum?
1536 1128 1699 1193 Quod
1730 1128 1773 1181 si
1795 1129 1861 1181 ad
1891 1128 2046 1181 dam-

349 1232 614 1281 natorum
655 1231 866 1277 sortem
899 1221 1208 1293 pertinent,
1251 1237 1441 1274 nonne
1499 1219 1568 1273 ad
1611 1234 1735 1272 eam
1785 1215 2044 1287 deputati

347 1313 518 1369 sunt?
548 1318 604 1368 et
633 1313 679 1366 si
710 1312 780 1367 ad
807 1310 961 1366 illam
992 1309 1248 1382 deputati
1274 1314 1428 1375 sunt,
1470 1323 1663 1362 nonne
1696 1305 1865 1359 etiam
1892 1321 2043 1376 prm—

345 1402 616 1460 destinati
638 1400 812 1455 sunt?
850 1402 972 1456 Non
1024 1404 1217 1453 tamen
1246 1398 1453 1453 idcirco
1488 1396 1621 1468 quia
1650 1394 2042 1467 praedestinati

345 1497 653 1564 propterea
686 1488 1018 1557 damnandi,
1073 1489 1219 1542 sicut
1274 1504 1390 1542 non
1424 1491 1729 1558 propterea
1770 1483 1905 1537 mali
1952 1483 2039 1537 fu-

343 1580 458 1635 turi
504 1583 657 1647 sunt,
718 1579 851 1650 quia
911 1579 1019 1633 lioc
1076 1595 1173 1631 eos
1218 1577 1440 1631 futuros
1483 1574 1901 1645 praescientiam
1942 1571 2039 1627 Dei

346 1685 461 1721 non
533 1668 691 1721 latet.
758 1666 1193 1721 Damnabuntur
1250 1665 1402 1717 enim
1463 1667 1697 1732 propter
1758 1659 2037 1713 malitiam

348 1772 532 1821 suam,
568 1772 681 1808 non
713 1760 949 1825 prepter
995 1753 1093 1808 Dei
1124 1751 1708 1824 praedestinationem.
1751 1748 2039 1813 Quemad-

2162 598 2294 662 (Isa.
2326 612 2445 661 va,
2498 594 2582 664 lt)
2618 612 2630 649 :
2658 618 2684 643 n
2718 600 2775 649 et
2805 612 2818 649 :
2859 616 2880 644 ε
2909 596 3107 664 Magna
3136 611 3311 665 opera
3361 595 3617 661 Domini,
3658 596 3845 665 exqui-

2158 685 2262 738 sita
2296 683 2354 738 in
2376 700 2577 738 omnes
2607 685 2929 737 voluntates
2962 684 3084 753 ejus
3121 705 3142 731 ι
3180 683 3353 752 (Psal.
3384 700 3467 751 cx,
3498 684 3588 751 2);
3627 689 3686 736 et
3718 684 3846 736 Psal-

2158 773 2326 826 mista
2362 789 2375 827 :
2437 792 2461 821 α
2499 774 2683 827 Semel
2738 773 2960 825 locutus
2992 776 3074 825 est
3114 772 3282 839 Deus,
3337 772 3501 841 (Psal.
3554 788 3669 835 LXI,
3718 774 3843 825 12.»

2156 861 2223 914 Et
2254 862 2456 916 beatus
2484 862 2590 916 Job
2625 877 2638 915 :
2695 882 2722 910 «
2752 860 2940 916 Semel
2994 860 3251 931 loquitur
3296 862 3465 927 Deus,
3499 865 3559 915 et
3603 861 3843 914 secundo

2156 949 2211 1003 id
2265 949 2453 1021 ipsum
2508 966 2621 1004 non
2666 950 2873 1021 repetit
2936 949 3051 1020 (Job
3104 966 3296 1017 xxxm,
3358 950 3460 1020 14).
3498 970 3524 997 ››
3581 952 3658 1004 At
3720 966 3842 1003 san-

2154 1042 2377 1093 ctorum
2439 1039 2718 1092 sententia
2770 1043 2855 1092 est
2911 1038 3352 1103 catholicorum,
3390 1038 3843 1109 praedestinatio-

2154 1143 2285 1181 nem
2313 1143 2432 1180 esse
2478 1143 2717 1197 operum
2768 1127 2867 1181 Dei
2900 1131 3171 1180 aeternam
3204 1126 3665 1197 dispositionem,
3701 1126 3843 1180 unde

2154 1216 2288 1287 quia
2318 1232 2677 1286 quaecunque
2708 1216 2959 1269 facturus
2998 1220 3083 1269 est
3124 1217 3293 1280 Deus,
3317 1216 3374 1268 iu
3404 1220 3619 1269 aeterno
3652 1216 3846 1285 judicii

2152 1304 2241 1358 sui
2305 1304 2541 1359 consilio
2598 1306 2717 1373 jam
2797 1304 3140 1375 dispositum
3189 1305 3409 1359 habet:
3473 1304 3745 1375 sequitur
3798 1309 3843 1356 ut

2153 1408 2326 1463 opera
2382 1392 2483 1447 Dei
2532 1393 2795 1446 universa
2843 1393 2958 1447 sint
3007 1393 3431 1463 praedestinata.
3490 1392 3848 1463 Quapropter

2152 1497 2279 1535 cum
2315 1482 2526 1535 dicitur
2572 1481 2639 1535 de
2673 1482 2858 1547 malis,
2911 1481 3043 1552 quia
3096 1482 3165 1535 ad
3217 1498 3414 1553 pceuas
3456 1480 3847 1552 praedestinati

2151 1574 2314 1635 sunt;
2362 1571 2473 1624 hoc
2524 1570 2780 1624 dicitur:
2835 1570 2971 1640 quia
3035 1570 3182 1622 Deus
3240 1575 3456 1623 secreto
3494 1569 3846 1639 judiciorum

2150 1674 2385 1711 suorum
2428 1663 2784 1711 sacramento
2843 1658 3188 1727 dispositum
3237 1658 3427 1722 habet,
3470 1658 3612 1728 quid
3653 1658 3725 1711 de
3776 1658 3850 1711 his

2150 1747 2403 1801 facturus
2434 1748 2524 1800 sit.
2567 1748 2688 1801 Non
2722 1753 2808 1800 est
2839 1747 3015 1817 igitur
3042 1746 3255 1800 divina:
3296 1746 3720 1817 dispensationi
3772 1763 3851 1799 re-

350 1840 583 1895 modum
634 1839 771 1892 mali
822 1839 1000 1892 futuri
1048 1841 1180 1891 sunt
1236 1842 1541 1907 propterea
1574 1835 1727 1906 quod
1785 1834 1889 1887 hoc
1920 1848 2040 1886 esse
2073 1826 2113 1881 Β
2152 1852 2438 1907 pugnans,
2475 1836 2520 1889 si
2563 1834 2699 1888 mali
2733 1835 3003 1889 dicuntur
3033 1851 3154 1889 esse
3187 1834 3585 1906 prmdestinati
3622 1835 3698 1889 ad
3746 1852 3851 1905 pe?-

348 1928 601 1999 proprite
653 1924 963 1979 voluntatis
1007 1924 1243 1978 arbitrio
1273 1925 1563 1993 elegerant
1595 1939 1607 1976 :
1643 1938 1756 1975 non
1806 1926 2043 1991 propter

351 2017 603 2070 divinam
634 2014 1075 2085 prmscientiam.
1105 2013 1263 2077 Quod
1299 2014 1342 2065 si
1392 2012 1810 2083 praescientiam
1858 2011 2043 2065 malo-

351 2121 503 2173 rum,
545 2120 657 2157 non
712 2107 902 2157 autem
937 2101 1505 2172 prmdestinationem
1562 2101 1865 2172 quisquam
1923 2116 2043 2154 esse

349 2192 729 2256 contenderit,
776 2208 840 2246 eo
882 2192 1034 2262 quod
1088 2190 1369 2262 quidquid
1425 2189 1893 2261 prazdestinatum
1938 2194 2043 2258 est,

349 2296 577 2334 necesse
605 2284 691 2333 cst
722 2284 782 2333 ut
822 2279 921 2333 ﬁat
947 2298 960 2344 ;
1002 2279 1107 2332 hoc
1138 2278 1308 2331 etiam
1338 2281 1393 2331 et
1432 2277 1498 2331 de
1526 2275 1887 2347 prmscicntia
1916 2291 2044 2329 sen-

347 2370 605 2424 tiendum
648 2374 750 2422 est.
800 2367 1089 2438 Quidquid
1127 2366 1277 2420 enim
1321 2366 1549 2436 prmscit
1586 2365 1756 2431 Deus,
1788 2365 2045 2418 futurum

350 2459 472 2511 siue
504 2458 680 2513 dubio
709 2457 836 2521 erit,
880 2473 983 2510 nec
1018 2457 1187 2509 aliter
1219 2456 1329 2509 erit
1362 2454 1857 2525 quemadmodum
1898 2470 2045 2523 prte-

350 2549 551 2601 scitum
586 2552 692 2613 est,
728 2545 1004 2616 quoniam
1038 2544 1083 2597 si
1115 2560 1249 2597 vera
1306 2548 1410 2609 est,
1442 2542 1801 2612 praescientia
1851 2546 1952 2607 est,
2004 2542 2046 2594 si

354 2652 486 2689 Vero
519 2651 630 2687 non
659 2640 746 2688 est
774 2649 1056 2701 vera,non
1088 2637 1172 2686 est
1187 2632 1565 2703 praescientia.
1591 2632 1709 2695 Qua
1724 2631 1791 2685 dc
1809 2647 1866 2684 re
1888 2629 2049 2701 quid-

354 2723 491 2794 quid
530 2724 679 2777 Deus
711 2722 938 2794 prmscit
968 2722 1291 2775 faciendum
1336 2720 1446 2774 erit
1491 2721 1613 2773 sine
1660 2720 1855 2785 dubio,
1890 2725 1947 2773 et
1972 2719 2051 2773 sic

354 2814 461 2866 erit
491 2810 983 2883 quemadmodum
1034 2810 1354 2881 prmscitur.
1391 2811 1568 2874 Quem
1602 2823 1850 2878 namque
1898 2824 2051 2878 prae-

354 2902 459 2955 scit
510 2900 579 2954 de
611 2916 853 2954 numero
882 2900 1193 2953 electorum
1246 2914 1387 2965 esse,
1450 2897 1498 2950 is
1539 2897 1647 2950 erit.
1693 2896 1817 2950 sine
1877 2896 2051 2951 dubio

355 2991 565 3043 electus
596 3005 608 3043 :
642 3004 812 3060 quem
846 3004 980 3042 vero
1011 2987 1235 3058 przescit
1261 2986 1328 3040 de
1375 3001 1616 3040 numero
1654 2984 2052 3056 reproborum,

354 3079 463 3132 erit
512 3079 633 3132 sine
667 3077 845 3132 dubio
905 3078 1206 3147 reprobus.
1263 3077 1629 3146 Quapropter
1668 3074 1938 3145 quoniam
1998 3080 2055 3128 et

354 3166 459 3220 hos
498 3171 553 3220 et
589 3166 719 3220 illos
761 3166 877 3236 jam
915 3166 1038 3231 scit,
1088 3169 1144 3218 et
1184 3164 1255 3219 ab
1304 3164 1470 3218 initio
1514 3164 1705 3217 saeculi
1744 3163 2049 3234 prtescivit,

355 3255 440 3309 illi
477 3260 648 3309 erunt
688 3254 877 3323 electi,
917 3270 1063 3325 quos
1109 3254 1317 3307 electos
1371 3268 1493 3306 esse
1530 3251 1836 3323 praescivit,
1873 3256 1928 3305 et
1969 3251 2054 3306 illi

356 3343 612 3414 reprobi.
645 3358 789 3414 quos
820 3342 1085 3396 similiter
1135 3341 1413 3412 reprobos
1459 3357 1579 3394 esse
1636 3339 1942 3411 praescivit,
2000 3345 2057 3394 et

360 3432 479 3487 noti
513 3436 646 3486 sunt
677 3433 813 3497 Deo,
837 3436 894 3485 et
922 3430 979 3484 hi
1000 3435 1056 3485 et
1084 3429 1189 3484 illi.
1219 3430 1341 3495 Qua
1363 3430 1432 3484 de
1464 3446 1524 3483 re
1559 3429 1601 3482 si
1626 3428 2054 3500 prwdestinatio

357 3526 663 3594 propterea
690 3520 1025 3590 refugienda
1058 3524 1162 3588 est,
1193 3518 1328 3589 quia
1358 3518 1640 3590 quidquid
1680 3516 2053 3589 praedestina-

356 3618 482 3667 tum
513 3616 599 3665 est
626 3609 987 3665 immutabile
1011 3609 1130 3679 fest,
1166 3607 1505 3678 refugienda
1534 3606 1893 3678 praescientia
1949 3609 2052 3671 est,

357 3700 489 3772 quia
520 3699 800 3771 quidquid
848 3698 1175 3770 prmscitum
1218 3702 1301 3750 est
1344 3696 1703 3750 immutabile
1736 3701 1841 3749 est.
1891 3694 2053 3760 Quod

358 3789 403 3842 si
449 3788 809 3859 praescientia
852 3786 1289 3841 omniscientem
1335 3785 1435 3839 Dei
1483 3785 1870 3857 cognitionem
1916 3784 2055 3838 insi-

356 3883 517 3943 nuat,
575 3893 690 3930 non
753 3880 941 3931 autem
1004 3876 1256 3946 aliquem
1303 3875 1369 3928 ad
1421 3880 1717 3944 peccatum
1776 3874 1950 3943 cogit,
2002 3876 2058 3926 et

359 3965 790 4035 prmdestinatio
836 3980 1073 4035 operum
1135 3963 1463 4017 divinorum
1509 3962 2055 4032 prteordinationem

360 4057 415 4104 et
443 4053 923 4120 prteparationem
951 4051 1255 4120 signiﬁcat,
1289 4052 1511 4104 nullum
1546 4057 1735 4105 autem
1768 4054 1836 4105 ad
1860 4066 2057 4122 poenas

360 4139 625 4207 impellit,
658 4155 772 4193 non
802 4146 886 4192 est
909 4155 1009 4192 cur
1037 4138 1393 4208 prtescientia
1435 4138 1767 4208 recipiatur,
1810 4144 1865 4192 et
1902 4155 2054 4209 prae-

362 4226 672 4281 destinatio
708 4226 1020 4280 abdicetur.
1068 4227 1224 4280 Sicut
1271 4226 1426 4280 enim
1476 4226 1638 4297 pium
1692 4233 1865 4298 atque
1921 4227 2055 4281 reli-

365 4314 592 4385 giosum
622 4321 706 4369 est
733 4316 803 4369 de
839 4316 951 4368 Deo
983 4314 1159 4380 credi,
1203 4316 1357 4386 quod
1396 4337 1417 4364 ι
1454 4317 1612 4369 novit
1637 4316 1833 4370 omnia
1866 4316 2055 4386 prius-

366 4418 542 4473 quam
588 4401 729 4457 ﬁant
760 4406 923 4472 (Dan.
964 4418 1082 4469 xm,
1112 4404 1205 4473 42)
1242 4420 1254 4458 :
1310 4425 1333 4454 ι
1375 4404 1456 4458 sic
1501 4403 1663 4475 pium
1704 4409 1761 4459 et
1815 4405 2057 4477 religio-

2152 1941 2307 1992 nam,
2336 1924 2608 1995 quoniam
2640 1923 3073 1994 praedestinatio
3119 1930 3201 1977 est
3225 1939 3465 1993 operum
3500 1923 3623 1990 Dei,
3653 1924 3718 1977 in
3753 1924 3854 1993 qui.

2154 2014 2259 2068 bus
2285 2012 2553 2083 operibus
2584 2012 2679 2065 llei
2714 2012 2883 2065 etiam
2908 2011 3189 2081 judicium
3216 2012 3557 2082 dispositum
3613 2028 3736 2081 quo
3772 2013 3852 2080 ju-

2156 2101 2381 2155 dicandi
2412 2105 2545 2154 sunt
2584 2100 2831 2170 reprobi.
2880 2100 3115 2169 Egimus
3162 2100 3358 2169 igitur,
3411 2104 3471 2152 ut
3520 2100 3851 2170 potuimus;

2156 2189 2643 2260 quemadmodum
2676 2188 3103 2260 prtedestinatio
3145 2205 3258 2259 qua
3289 2189 3557 2243 dicuntur
3581 2189 3776 2260 iniqui
3796 2190 3854 2241 ad

2154 2294 2351 2350 pcenas
2400 2277 2657 2347 deputati
2711 2293 2827 2330 non
2886 2276 3217 2331 necessitate
3261 2278 3449 2348 aliqua
3501 2279 3859 2347 constringat

2156 2384 2251 2421 eos
2283 2367 2349 2420 ad
2378 2382 2605 2436 poenam
2642 2382 2654 2419 :
2691 2367 2788 2419 sed
2820 2365 2916 2419 tali
2945 2366 3231 2419 locutione
3263 2365 3505 2436 exprimi
3528 2365 3859 2420 divinorum

2158 2472 2398 2526 operum
2428 2453 2867 2509 ordinationem.
2904 2456 2971 2509 Et
2995 2454 3129 2524 quia
3182 2454 3445 2524 superius
3504 2455 3863 2508 ostendimus

2159 2548 2483 2598 sanctorum
2518 2543 2686 2607 dicta,
2720 2543 2931 2613 quibus
2963 2542 3102 2595 mali
3142 2542 3530 2613 prmdestiuati
3594 2542 3865 2596 dicuntur

2160 2633 2228 2688 ad
2262 2649 2478 2704 poenas,
2515 2632 2774 2702 quisquis
2813 2632 3385 2702 prmdestinatiouem
3437 2632 3741 2685 malorum
3775 2634 3863 2685 ab-

2160 2728 2353 2792 negat,
2397 2738 2509 2775 non
2551 2722 2735 2790 nobis,
2770 2722 2863 2775 sed
2887 2722 2997 2775 illis
3047 2737 3295 2791 quorum
3329 2720 3637 2790 sequimur
3671 2727 3863 2775 aucto-

2161 2812 2390 2865 ritatem
2450 2810 2801 2863 contradicit.
2847 2810 2923 2863 Ne
2968 2825 3074 2862 nos
3106 2810 3163 2864 in
3221 2810 3445 2879 culpam
3487 2808 3624 2863 ideo
3679 2810 3865 2863 traha-

2162 2915 2315 2965 mur,
2354 2898 2399 2952 si
2440 2904 2768 2952 sanctorum
2820 2899 3212 2952 auctoritatem
3264 2898 3578 2969 sequimur.
3618 2898 3681 2953 Si
3716 2900 3865 2952 enim

2164 2988 2315 3060 quod
2339 2988 2424 3042 illi
2455 2988 2651 3043 dicunt
2678 2988 3023 3041 catholicum
3056 2992 3159 3053 est,
3201 3004 3304 3042 nec
3337 3002 3678 3057 repugnans
3704 2995 3868 3041 rectae

2164 3076 2297 3131 ﬁdei
2330 3092 2343 3130 :
2387 3092 2492 3129 nos
2523 3091 2754 3147 quoque
2785 3092 2901 3129 non
2933 3092 2963 3129 a
2991 3075 3283 3129 catholicae
3328 3075 3463 3130 ﬁdei
3512 3076 3870 3129 rectitudine

2162 3165 2481 3236 discrepare
2521 3164 2869 3235 judicemur,
2928 3164 2973 3217 si
3014 3164 3122 3219 hoc
3149 3164 3392 3218 dicimus
3435 3170 3491 3217 et
3521 3164 3869 3227 sentiamus,

2166 3254 2319 3325 quod
2355 3254 2438 3306 illi
2496 3252 2764 3307 dixerunt
2807 3258 2861 3307 et
2904 3258 3239 3320 senserunt;
3287 3253 3517 3307 illorum
3558 3254 3724 3307 enim
3768 3254 3874 3307 do-

2164 3343 2345 3397 ctrina
2375 3342 2515 3396 ﬁdes
2553 3342 2931 3395 ecclesiastica
2957 3342 3246 3407 munitur;
3291 3346 3347 3396 et
3376 3358 3498 3407 nos,
3553 3342 3662 3411 qui
3718 3342 3873 3395 intra

2164 3432 2350 3486 sinum
2383 3430 2647 3484 Ecclesiae
2694 3431 3076 3499 continemur,
3109 3431 3179 3485 de
3208 3432 3437 3485 illorum
3498 3430 3874 3485 institutione

2162 3520 2500 3581 imbuimur,
2536 3536 2637 3573 nec
2664 3519 2818 3573 aliud
2847 3519 3057 3574 sentire
3088 3519 3514 3591 praesumimus,
3548 3518 3665 3573 nisi
3711 3519 3874 3591 quod

2165 3608 2249 3663 illi
2286 3625 2386 3661 nos
2420 3608 2814 3674 instituerunt,
2848 3625 2951 3663 nec
3007 3609 3120 3662 alio
3168 3609 3274 3675 ire,
3312 3610 3423 3663 nisi
3456 3625 3568 3678 quo
3617 3608 3876 3670 ducunt,

2166 3714 2270 3752 nec
2315 3698 2503 3753 dicere
2548 3698 2722 3766 aliud,
2758 3698 2868 3752 nisi
2902 3699 3054 3770 quod
3100 3698 3185 3752 illi
3211 3699 3426 3753 dicunt.
3458 3698 3557 3753 His
3588 3698 3672 3752 ita
3702 3700 3878 3753 obse-

2164 3803 2390 3842 cramus
2409 3787 2825 3858 magnitudinis
2850 3792 3047 3842 vestrae
3070 3786 3366 3857 pietatem,
3398 3791 3461 3841 ut
3480 3786 3603 3841 haec
3624 3788 3878 3858 scripta,

2164 3876 2210 3929 si
2242 3875 2532 3945 sapientiae
2563 3880 2763 3930 vestrze
2802 3892 2917 3929 non
2958 3875 3377 3946 displicuerint,
3419 3890 3595 3946 penes
3628 3892 3745 3930 vos
3774 3876 3881 3929 ha-

2164 3962 2426 4028 beantur,
2468 3978 2574 4016 nec
2620 3962 2677 4016 in
2723 3962 3015 4033 publicum
3047 3962 3428 4033 proferantur,
3469 3962 3655 4016 donec
3705 3963 3885 4034 bujus

2166 4050 2500 4122 quaestionis
2530 4050 2913 4105 controversia
2948 4050 3258 4121 diligenter
3288 4050 3361 4105 ab
3392 4049 3667 4104 omnibus
3702 4052 3889 4105 fuerit

2166 4140 2493 4208 eventilata,
2537 4145 2593 4193 et
2630 4140 2765 4211 quid
2799 4140 3114 4193 tenendum
3148 4139 3218 4193 ab
3249 4139 3539 4207 omnibus,
3602 4138 3683 4193 sit
3716 4157 3883 4195 com-

2165 4228 2491 4299 probatum.
2527 4227 2691 4293 Quod
2724 4227 2771 4281 si
2801 4227 3156 4298 displicuerit
3207 4228 3433 4281 libellus
3466 4226 3594 4294 iste,
3624 4244 3744 4299 per
3790 4247 3889 4283 vos

2165 4317 2529 4371 obsecramus
2576 4321 2637 4370 ut
2683 4317 3026 4387 corrigatur,
3072 4319 3129 4371 et
3182 4316 3348 4371 nobis
3413 4331 3541 4387 quae
3610 4323 3891 4373 correcta

2162 4404 2377 4461 fuerint
2405 4422 2522 4460 non
2553 4405 2997 4461 abscondantur.
