3920 6224
74 272 119 323 SI
1243 276 1451 331 LIBER
1503 277 1591 331 DE
1642 277 2051 333 NATIVI'I'ATE
2101 275 2405 332 CHRISTI.
3512 276 3581 328 82

1346 652 2290 757 BATBAMNI

1450 874 1857 920 CORBEIENSIS
1903 876 2189 920 MONACHI

345 1042 501 1178 DE
590 1042 736 1179 EO
823 1041 1116 1186 QUOD
1205 1042 1745 1179 CHRISTUS
1838 1043 1988 1178 EX
2068 1043 2535 1181 VIRGINE
2624 1044 2852 1180 NAT
2864 1044 2994 1181 US
3076 1044 3282 1180 EST

1549 1289 2096 1412 LIBER.

1091 1500 1277 1571 (Apud
1320 1498 1647 1566 Acherium,
1678 1498 1969 1571 Spicilegii
1999 1504 2155 1554 tomo
2189 1501 2228 1567 ἰ,
2267 1517 2395 1573 pag.
2430 1502 2545 1572 5‘2.)

1355 1791 1809 1866 MONITUM
1866 1791 2284 1865 ACHERII.

131 2108 203 2162 De
234 2107 556 2162 Batramno
592 2106 714 2161 haec
754 2110 950 2160 monet
982 2104 1257 2160 Acherius
1300 2105 1359 2159 in
1407 2120 1510 2159 sua
1539 2104 1756 2160 Priefa-
1783 2113 1824 2167 Α
1867 2106 2146 2167 Ecclesiae,
2218 2105 2323 2159 col.
2387 2105 2489 2160 243
2540 2123 2555 2158 :
2599 2106 2948 2159 Bertramnus
2975 2146 2989 2172 ,
3059 2104 3153 2159 lib.
3219 2104 3286 2159 de
3341 2106 3572 2175 Corpore

70 2194 216 2249 tione
247 2215 264 2249 :
298 2218 326 2244 (ι
360 2194 685 2261 Rati-amni,
721 2195 845 2249 aliis
877 2194 1216 2261 Bertramni,
1251 2193 1607 2248 Corbeiensis
1640 2209 1761 2247 mo-

67 2284 225 2336 nachi
283 2283 629 2354 presbyteri,
686 2283 1059 2354 Opusculum,
1119 2286 1191 2338 De
1246 2299 1303 2338 eo
1369 2284 1514 2352 quod
1578 2284 1763 2339 Chris-

68 2376 146 2423 tus
172 2371 234 2422 de
264 2372 493 2436 Virgine
522 2374 686 2423 natus
716 2375 815 2438 est,
844 2374 929 2423 tot
982 2370 1206 2423 saeculis
1236 2370 1295 2423 in
1343 2370 1548 2441 Anglia
1598 2374 1761 2423 tene-

64 2459 171 2511 bris
204 2459 485 2521 obsitum,
526 2458 588 2511 in
621 2458 861 2513 Galliam
887 2458 1121 2512 demum
1172 2475 1287 2512 non
1320 2459 1534 2530 absque
1564 2458 1759 2513 indus-

66 2547 165 2599 tria
194 2548 380 2601 redux
413 2547 597 2601 etfeci.
632 2550 841 2602 Ansam
872 2547 1117 2618 praebuit
1152 2547 1408 2602 Usserius
1449 2548 1760 2602 Armacha-

63 2652 185 2701 nus,
225 2636 324 2706 qui
358 2652 481 2689 sua:
513 2636 892 2691 Ratramnum
924 2636 1052 2689 labe
1085 2624 1368 2689 haereseos
1397 2641 1461 2691 ut
1489 2654 1757 2708 asperge.

64 2730 162 2791 ret,
193 2724 480 2789 insibilat,
524 2725 714 2795 ipsum
757 2724 922 2795 panis
970 2723 1345 2779 substantiam
1395 2727 1760 2780 Eucharistim

62 2817 423 2866 sacramento
454 2813 515 2865 in
548 2828 759 2882 corpus
791 2812 918 2867 Filii
962 2812 1061 2867 Dei
1099 2812 1495 2879 transmutari,
1536 2812 1761 2866 duobus

64 2917 200 2970 quos
247 2900 319 2954 de
370 2917 444 2954 eo
519 2906 872 2955 sacramento
918 2901 1081 2955 libris
1130 2901 1488 2974 conscripsit,
1534 2917 1760 2972 nequa-

60 3004 225 3059 quam
258 2988 573 3043 admittere
607 3005 619 3043 :
672 3004 1093 3061 perperamque
1124 2988 1180 3043 id
1217 2988 1472 3043 Usserius
1520 2989 1759 3042 suadere

60 3083 311 3145 conatur,
346 3078 411 3131 in
443 3078 778 3132 Gottescalci
813 3078 953 3133 Hist.
991 3095 1115 3148 cap.
1154 3095 1210 3144 ιι,
1236 3079 1390 3132 hunc
1420 3077 1477 3131 in
1501 3077 1757 3131 modum:

61 3167 206 3220 Inter
265 3168 551 3236 Opuscula
609 3168 725 3236 ejus
782 3167 1114 3234 (Ratramni)
1164 3182 1283 3235 quae
1338 3166 1412 3220 ad
1477 3166 1763 3220 Trithemii

62 3258 308 3308 notitiam
358 3272 473 3309 non
535 3260 915 3324 pervenerunt,
984 3271 1151 3309 unum
1206 3259 1284 3310 est
1339 3254 1404 3308 de
1458 3256 1761 3309 Nativitate

62 3345 274 3409 Christi,
310 3347 371 3397 in
408 3360 516 3412 quo
570 3344 809 3399 eamdem
863 3360 1028 3413 quam
1077 3348 1136 3397 in
1187 3344 1325 3398 libro
1354 3344 1419 3397 de
1448 3345 1677 3412 Corpore
1711 3346 1760 3395 et

1874 2198 1924 2248 et
1980 2196 2256 2261 Sanguine
2310 2195 2543 2249 ostendit
2610 2209 2802 2262 corpus
2864 2195 3079 2248 Domini
3137 2197 3187 2248 et
3249 2196 3570 2261 sanguinem

1871 2298 2035 2351 super
2081 2285 2255 2337 altare
2301 2298 2393 2337 seu
2440 2298 2675 2337 mensam
2702 2285 2853 2353 poni,
2886 2289 2936 2336 et
2992 2283 3119 2336 inde
3145 2283 3345 2351 populo
3372 2282 3565 2338 distri-

1875 2371 1987 2439 bui,
2013 2376 2117 2425 etc.

1945 2479 1971 2510 α
2003 2461 2380 2515 Ratramnum
2410 2461 2574 2516 docte
2610 2460 3044 2531 luculenterqne
3095 2462 3165 2515 ab
3197 2460 3354 2515 omni
3400 2477 3562 2515 nmvo

1871 2565 2165 2603 asseruere
2198 2549 2397 2604 Sextus
2424 2548 2710 2615 Senensis,
2744 2550 2902 2620 praef.
2936 2550 3301 2604 bibliothecae
3333 2555 3561 2615 sanctae,

1870 2637 2174 2692 cardinalis
2204 2638 2493 2704 Peronius,
2528 2654 2590 2691 ac
2618 2653 2831 2707 praeses
2856 2637 3195 2709 Mauguinus
3222 2654 3233 2691 :
3264 2637 3358 2692 ille
3380 2637 3477 2692 lib.
3506 2654 3560 2691 ιι.

1874 2725 2069 2791 Euch.,
2106 2741 2267 2795 capp.
2306 2728 2338 2779 2
2377 2730 2435 2778 et
2482 2728 2540 2790 2;
2572 2723 2674 2777 iste
2735 2740 2866 2779 vero
2924 2724 3211 2779 historicee
3279 2728 3338 2777 et
3395 2724 3563 2778 chro-

1870 2815 2013 2869 nicaa
2050 2814 2476 2869 Dissertationis
2528 2830 2650 2883 cap.
2714 2818 2801 2878 37,
2864 2814 3069 2868 litteris
3134 2829 3197 2867 ac
3255 2814 3406 2867 fama
3452 2816 3566 2868 ilo-

1871 2903 2051 2957 ruisse
2116 2903 2488 2958 Ratramnum
2561 2902 2826 2957 Ludovici
2894 2902 2979 2957 Pii
3045 2907 3103 2957 et
3162 2902 3347 2957 Caroli
3406 2901 3563 2957 Calvi

1870 2995 2233 3062 tempestate,
2282 2990 2452 3045 tidem
2488 2989 2707 3044 faciunt
2763 3005 2904 3060 quas
2962 2989 3202 3060 protulit
3260 2989 3563 3044 elucubra-

1870 3080 2071 3134 tiones.
2109 3099 2136 3127 »

1941 3169 2228 3224 Hactenus
2256 3166 2563 3221 Acherium
2606 3166 3026 3237 exscripsimus.
3081 3167 3242 3221 Nunc
3288 3166 3561 3221 lectorem

1868 3273 2190 3319 monemus,
2224 3257 2300 3311 ita
2330 3256 2605 3328 scriptum
2649 3273 2769 3311 esse
2802 3257 2871 3311 de
2895 3262 3063 3326 partu
3095 3255 3345 3326 Virginis
3378 3273 3407 3308 a
3446 3257 3555 3310 Ra-

1867 3352 2096 3401 tramno
2127 3350 2184 3401 et
2208 3346 2279 3401 ab
2306 3347 2429 3416 ejus
2451 3346 2656 3400 abbate
2688 3346 2987 3413 Ratberto,
3010 3348 3073 3398 ut
3096 3348 3300 3398 neuter
3329 3344 3563 3397 alterius

62 3434 329 3500 Sanguine
396 3434 622 3487 Domini
677 3434 869 3500 tradit,
923 3433 1230 3487 doctrinam
1281 3436 1613 3502 propugnat.
1685 3435 1758 3487 De
1790 3431 1829 3484 Β
1868 3436 2209 3507 opusculum
2260 3435 2468 3506 legisse
2528 3435 2814 3503 videatur;
2873 3450 2978 3488 nec
3032 3433 3184 3487 enim
3247 3432 3559 3487 verisimile

64 3524 233 3575 anima
264 3524 531 3589 alterum,
566 3526 672 3575 etc.

127 3630 152 3659 α
185 3612 374 3675 Quam
409 3627 587 3681 porro
620 3628 653 3664 a
680 3626 815 3665 vero
855 3610 1082 3664 aberret
1110 3610 1233 3664 haec
1268 3609 1525 3675 assertio,
1559 3609 1762 3680 probat

64 3699 372 3767 ipsummet
403 3700 770 3770 opusculum,
813 3699 903 3752 cui
935 3698 1142 3752 erroris
1186 3699 1419 3769 hujusce
1449 3714 1520 3751 ne
1541 3698 1760 3753 verbuli

63 3788 283 3857 quidem
332 3793 443 3841 aut
507 3788 682 3857 apicis
742 3786 1048 3857 vestigium
1094 3787 1260 3840 inest.
1318 3787 1437 3839 Imo
1489 3803 1623 3841 vero
1676 3786 1759 3841 illi

67 3874 165 3943 ipsi
195 3876 595 3946 perduellium
628 3874 992 3946 antesignani
1022 3875 1535 3946 Magdeburgenses
1569 3880 1762 3929 centu-

64 3962 138 4015 ria
166 3979 237 4027 ix,
269 3978 406 4033 cap.
440 3962 509 4015 de
568 3964 845 4030 Doctrina,
887 3963 994 4016 col.
1050 3965 1178 4031 2l2,
1212 3963 1411 4033 paucis
1468 3963 1757 4017 Usserium

65 4050 320 4104 refellunt
348 4068 363 4105 :
429 4050 1086 4105 Transsubstantiationis
1110 4051 1268 4106 habet
1296 4053 1503 4105 semina
1533 4054 1759 4106 Bertra-

65 4154 223 4205 mnus,
253 4142 443 4193 utitur
474 4142 618 4193 enim
665 4139 945 4194 vocabulis
990 4140 1479 4209 commulationis,
1524 4145 1575 4194 et
1624 4156 1759 4194 con-

65 4228 347 4283 versionis.
410 4229 482 4282 Et
546 4245 673 4299 cap.
747 4232 779 4283 6
845 4229 914 4283 de
979 4229 1348 4283 Cmremoniis
1414 4234 1469 4283 et
1536 4228 1762 4283 Ritibus

1871 3528 1975 3592 est,
1999 3526 2047 3579 si
2073 3524 2368 3595 legissent,
2393 3530 2705 3595 utrumque
2726 3523 2925 3577 eadem
2952 3522 3277 3577 testimonia
3302 3522 3558 3591 prolatu-

1868 3628 1998 3666 rum
2028 3612 2223 3677 fuisse,
2260 3629 2421 3667 suam
2458 3618 2518 3666 ut
2573 3613 2819 3684 quisque
2876 3610 3221 3665 sententiam
3271 3610 3558 3680 probaret,

1869 3718 1974 3756 nec
2004 3702 2175 3755 ullam
2208 3717 2403 3754 curam
2433 3701 2829 3754 adhibiturum
2860 3698 3053 3765 fuisse,
3102 3703 3163 3752 at
3192 3714 3259 3752 ea
3302 3698 3561 3751 testimo-

1870 3791 1967 3845 nia
1996 3806 2327 3860 perversum
2355 3791 2415 3844 in
2446 3790 2800 3843 intellectum
2830 3788 3056 3843 detorta
3086 3803 3208 3841 esse
3251 3787 3321 3840 ab
3354 3787 3562 3840 adver-

1870 3877 2019 3932 sario
2048 3878 2482 3931 demonstraret.
2521 3878 2633 3930 Hoc
2660 3878 2833 3930 etiam
2876 3891 2992 3929 non
3037 3874 3420 3929 omittendum
3454 3879 3558 3940 est,

1868 3966 2123 4037 priorem
2157 3965 2467 4019 editionem
2504 3966 2770 4019 collatam
2804 3980 2926 4019 esse
2974 3980 3105 4018 cum
3156 3962 3334 4016 veteri
3366 3962 3563 4016 codice

1871 4054 2049 4110 Dallei
2080 4072 2110 4107 a
2143 4056 2204 4109 ι).
2240 4054 2403 4108 Edm.
2436 4055 2709 4123 Martene,
2745 4054 2844 4126 qui
2876 4053 3060 4108 varias
3089 4050 3365 4107 lectiones
3397 4051 3559 4106 nobis

1871 4143 2334 4199 communicavit.

1281 4547 1758 4621 AUCTORIS
1825 4548 2355 4621 PR/EFATIO.

127 4744 179 4797 Si
231 4760 349 4797 uno
415 4741 527 4797 sub
587 4740 863 4811 magistro
916 4739 1139 4794 Christo
1202 4755 1402 4793 omnes
1456 4737 1762 4793 Christiani
1792 4741 1829 4795 C
1870 4741 2035 4793 uerat
2061 4738 2418 4793 charitatem.
2455 4738 2697 4793 Perinde
2746 4742 2928 4792 cesset
2978 4737 3072 4791 hic
3130 4736 3214 4791 vel
3245 4736 3416 4790 facies
3474 4736 3563 4790 in-

69 4847 371 4897 censemur,
435 4831 487 4885 si
546 4846 665 4885 uno
735 4829 950 4883 caelesti
1011 4830 1173 4883 Patre
1233 4828 1484 4883 universi
1533 4827 1767 4881 creden-

72 4921 519 4992 tesgloriamur,
583 4918 632 4972 si
690 4918 861 4971 unius
906 4916 1156 4988 Spiritus
1214 4917 1425 4972 taedere
1476 4917 1537 4970 in
1591 4916 1765 4970 unius

72 5010 341 5063 charitatis
381 5022 677 5078 compage
745 5005 1081 5071 solidamur,
1145 5021 1258 5059 nou
1316 5011 1400 5059 est
1450 5004 1607 5075 quod
1673 5020 1766 5059 me

75 5104 202 5152 atua
238 5097 598 5169 dignatione
653 5095 975 5165 sejunctum
1025 5110 1243 5161 verear,
1304 5093 1618 5165 quominus
1672 5108 1765 5146 re-

77 5186 251 5256 ligioni
280 5195 403 5242 tua:
451 5184 770 5240 familiaria
811 5184 1019 5255 scripta
1050 5182 1383 5254 procudam.
1435 5183 1557 5236 Non
1611 5182 1767 5236 enim

79 5276 146 5329 vel
172 5274 482 5347 sanguinis
516 5273 920 5344 propinquitas
952 5277 1109 5327 tanta
1138 5277 1223 5327 est
1245 5277 1462 5342 quanta
1490 5270 1758 5340 Spiritus.

80 5363 292 5418 Terrena
318 5363 553 5417 scilicet
592 5376 856 5431 propago
881 5360 1118 5415 inferior
1150 5362 1333 5414 multo
1363 5365 1447 5413 est
1475 5374 1650 5431 quam
1682 5359 1767 5412 di-

82 5454 204 5519 vina,
242 5470 347 5508 nec
402 5449 611 5507 ofﬁcia
661 5449 992 5520 temporalis
1046 5449 1373 5521 obsequelae
1418 5453 1635 5503 tantam
1665 5464 1766 5519 pa-

82 5542 213 5597 riant
238 5543 504 5615 gratiam
537 5538 863 5597 dilectionis
906 5542 1183 5610 quantam
1232 5538 1439 5595 divinis
1475 5537 1625 5610 ignis
1669 5553 1768 5608 ge-

1875 4826 2013 4893 visa,
2045 4828 2131 4881 vel
2162 4843 2375 4882 nomen
2433 4827 2719 4897 ignotum,
2752 4828 2837 4880 vel
2893 4824 3298 4880 familiaritatis
3328 4841 3561 4896 compa-

1878 4917 2025 4970 ratio
2084 4917 2261 4985 nulla,
2319 4916 2417 4970 ubi
2474 4916 2535 4969 in
2583 4917 2803 4986 copulas
2867 4914 3093 4968 socialis
3146 4913 3566 4969 devinctionem

1882 5008 2058 5071 tanta,
2093 5009 2209 5057 tam
2243 5020 2450 5074 magna
2479 5008 2711 5073 tamque
2732 5001 3047 5055 necessaria
3065 5002 3417 5057 conveniunt
3436 5003 3570 5074 jura

1879 5093 2233 5147 societatum.
2270 5093 2391 5146 Non
2422 5091 2597 5161 igitur
2624 5090 2780 5143 velut
2817 5090 3069 5143 alienum
3103 5090 3337 5159 refutes,
3395 5108 3567 5162 quem

1878 5198 2123 5253 superna
2191 5180 2438 5236 conditio
2478 5179 2578 5232 tibi
2644 5179 2880 5233 fratrem
2945 5178 3270 5234 conciliavit
3327 5181 3567 5251 propin-

1880 5287 2080 5343 quum.
2114 5271 2254 5325 Cum
2316 5272 2432 5323 haec
2461 5268 2541 5322 ita
2570 5285 2629 5322 se
2686 5267 2955 5334 habeant,
3016 5270 3255 5323 obsecro
3305 5286 3568 5324 reveren-

1878 5361 2018 5414 tiam
2040 5365 2197 5413 tuam
2232 5363 2292 5412 ut
2319 5360 2390 5412 ad
2422 5356 2850 5427 suggestionem
2892 5357 3191 5427 parvitatis
3240 5364 3451 5412 nostra:
3482 5374 3569 5411 reo

1880 5448 2161 5519 spondere
2193 5463 2309 5501 non
2340 5445 2610 5517 graveris.
