3920 6224
320 270 387 322 83
1458 272 1818 329 ΒΑἸῊΑΜΝΙ
1860 274 2326 331 CORBEIENSIS
2365 277 2675 333 MONAClll
3763 278 3823 328 Si

891 406 1115 461 CAPUT
1152 405 1440 463 PRIMUM.

321 516 394 567 De
418 514 633 567 Christi
660 515 950 568 nativitate
980 516 1035 567 in
1070 516 1369 569 Germania
1391 533 1614 571 errores.
1652 520 1901 573 Rationes
1932 521 2019 585 af-

390 604 502 667 fert
530 607 717 655 auctor
743 618 911 670 quare
941 604 1097 656 nasci
1125 608 1183 655 ut
1224 607 1403 658 cateri
1454 606 1641 659 debuit
1670 600 1943 660 Christus.

2042 416 2083 467 A
2124 412 2310 467 rinam
2345 415 2617 468 maternis
2662 414 2957 468 exitiosam
2997 412 3371 483 conceptibus
3399 411 3694 475 concedis,
3734 418 3825 463 aut

2127 502 2492 556 mustelinam
2524 503 2800 558 fabulosis
2859 503 3103 556 efﬁctam
3145 500 3511 555 commentis.
3582 501 3654 554 Ut
3708 515 3821 553 ma-

2127 590 2297 646 luerit
2331 593 2523 662 potius
2569 591 2873 645 hominum
2926 591 3278 660 Redemptor
3327 590 3396 643 de
3430 589 3669 660 Virgine
3701 605 3820 642 con-

2126 685 2343 749 ceptus,
2377 682 2464 734 vel
2502 680 2895 751 serpentinam
2923 685 3142 733 natura
3171 678 3540 745 contrariam,
3606 678 3704 733 vel
3735 695 3823 747 pe-

396 728 565 781 Fama
597 731 701 795 est,
749 733 805 780 et
860 727 1230 797 quorundam
1285 745 1400 782 non
1459 731 1885 785 contemnenda
1925 742 2019 783 eo-
2132 727 2343 749 "rm"
2390 727 2464 734 ’“’
2502 727 3140 796 ῖ”’¹”“’“ῖ“.“ἶ’““”“”
3176 727 3540 795 “ῗ“”“““ξ’
3619 727 3704 733 ““
3735 727 3796 747 τ’

411 816 626 838 ΜΛΝ-α
670 814 938 838 “tua”
1006 816 1149 838 ΜΗ,
1190 831 1292 838 υ-
1333 818 1640 838 ρημψεῃ
1682 823 1868 838 *ηιμ
2128 769 2346 821 cualem
2381 771 2681 822 conhctam
2725 773 3083 821 natmtatem
3110 783 3397 836 suseipere
3423 784 3605 838 quam
3636 766 3825 820 huma-

323 816 629 883 gnovimus
668 814 962 869 relatione.
1000 816 1153 885 quod
1189 831 1293 885 per
1332 818 1646 871 Germania
1682 823 1872 888 partes
1903 835 2018 871 ser-

324 920 466 975 pens
496 904 772 974 antiquus
802 903 1060 974 perﬁdia
1091 920 1254 957 nova
1285 920 1503 958 venena
1528 905 1827 968 diffundat,
1853 911 1909 961 et
1938 923 2023 957 ca-

326 993 601 1047 tholicam
633 1008 806 1064 super
854 992 1153 1047 nativitate
1214 993 1520 1047 Salvatoris
1577 995 1770 1061 tidem,
1830 994 2021 1049 nescio

328 1099 441 1153 qua
472 1082 689 1135 fraudis
720 1082 1035 1136 subtilitate
1085 1081 1414 1136 snbvertere
1460 1083 1696 1137 molitur
1730 1100 1743 1137 :
1780 1084 2023 1154 dogma-

334 1170 516 1224 tizans
548 1170 755 1225 Christi
785 1170 1086 1224 infantiam
1126 1186 1230 1241 per
1256 1170 1550 1240 virginalis
1573 1173 1812 1241 januam
1845 1174 2023 1226 vulva

331 1262 600 1315 humana
629 1260 940 1313 nativitatis
970 1276 1164 1313 verum
1198 1276 1310 1313 non
1357 1260 1621 1314 habuisse
1671 1267 1884 1328 ortum,
1924 1262 2022 1315 sed

332 1356 692 1403 monstruose
723 1349 791 1403 de
822 1353 1038 1403 secreto
1068 1348 1279 1402 ventris
1330 1349 1547 1402 incerto
1594 1351 1823 1403 tramite
1853 1350 2023 1404 lumi-

327 1438 415 1491 nis
451 1439 511 1492 in
537 1455 703 1493 auras
737 1438 935 1504 exisse,
967 1437 1116 1508 quod
1151 1453 1268 1491 non
1301 1442 1387 1491 est
1424 1440 1601 1505 nasci,
1642 1439 1737 1493 sed
1775 1438 2021 1509 crumpi.

330 1528 494 1592 Quod
525 1527 678 1581 enim
712 1527 828 1580 vias
880 1526 1029 1581 uteri
1085 1526 1370 1580 nascendo
1431 1542 1544 1579 non
1600 1532 1686 1581 est
1743 1533 2023 1595 secutum,

329 1616 426 1670 sed
452 1631 795 1686 quacunque
826 1630 1054 1669 versum
1086 1619 1361 1684 tanquam
1396 1629 1497 1683 per
1519 1614 1796 1684 parietem
1822 1615 2028 1669 domus

328 1705 539 1774 erupit,
574 1721 689 1758 non
713 1704 846 1773 jure
880 1708 1076 1757 natum
1108 1718 1252 1768 esse,
1277 1702 1373 1756 sed
1406 1703 1686 1756 violenter
1706 1719 2018 1773 egressum.
2056 1716 2095 1770 Β

328 1795 453 1848 Jam
486 1809 623 1863 ergo
652 1808 757 1846 nec
797 1807 928 1845 vere
961 1796 1125 1845 natus
1177 1790 1456 1857 Christus,
1508 1808 1612 1845 nec
1644 1808 1772 1845 vere
1830 1792 2029 1863 genuit

334 1883 527 1936 Maria.
562 1886 629 1935 At
662 1898 792 1935 vero
845 1882 984 1935 fides
1042 1881 1218 1935 habet
1256 1880 1532 1935 catholica
1583 1883 1775 1936 Jesum
1827 1886 2025 1936 natum

333 1988 397 2025 ex
434 1970 607 2025 Maria
637 1971 885 2041 Virgine.
918 1971 1078 2035 Quod
1109 1970 1361 2040 Angelus
1418 1971 1487 2024 ad
1538 1987 1660 2023 eam
1714 1971 1921 2025 missus
1951 1971 2027 2024 si-

332 2060 521 2130 gnatis
569 2060 829 2114 enuntiat
860 2059 1046 2113 verbis
1080 2075 1091 2113 :
1128 2080 1155 2109 «
1214 2061 1376 2128 Ecce,
1412 2059 1699 2130 inquiens,
1741 2059 2029 2130 concipies

332 2150 391 2202 in
426 2154 601 2211 utero,
636 2154 693 2202 et
741 2148 926 2219 paries
957 2148 1142 2202 ﬁlium
1184 2147 1334 2218 (Luc.
1388 2165 1426 2210 1,
1464 2151 1572 2215 3t).
1609 2167 1635 2197 ››
1682 2147 1819 2202 Vide
1854 2164 2027 2218 quam

333 2236 628 2289 evidenter
658 2242 866 2288 sectam
922 2234 1144 2305 depulit
1173 2234 1501 2289 nefandam.
1556 2236 1680 2289 Non
1729 2235 1805 2288 ait
1837 2251 1849 2288 :
1880 2236 2028 2289 Cun-

335 2325 513 2393 cipies
564 2324 768 2389 tilium,
805 2327 861 2375 et
910 2321 1237 2393 egredietur
1261 2325 1359 2375 tuo
1391 2321 1460 2375 de
1488 2327 1671 2389 utero,
1697 2323 1812 2389 sed,
1846 2340 2029 2377 «con-

332 2412 508 2481 cipies
567 2414 624 2465 et
678 2411 885 2480 paries,
946 2414 1259 2479 utrumque
1318 2409 1572 2462 referens
1631 2409 1703 2462 ad
1773 2410 2030 2478 Mariam,

336 2505 398 2552 ut
434 2497 761 2568 virginitate
791 2507 815 2529 α
863 2496 1134 2551 inviolata
1167 2502 1222 2550 et
1251 2496 1578 2565 conciperet
1636 2500 1909 2566 tanquam
1948 2499 2033 2551 fe-

340 2586 518 2649 mina,
554 2589 611 2639 et
642 2590 867 2656 pareret
923 2588 1202 2654 tanquam
1245 2589 1446 2651 mater,
1503 2600 1571 2637 ne
1612 2585 1861 2653 genitrix
1887 2585 2030 2640 divi-

338 2675 535 2729 nitatis
562 2675 631 2728 de
664 2678 943 2743 conceptu
976 2673 1137 2726 tieret
1186 2672 1457 2743 gloriosa,
1494 2678 1548 2727 et
1578 2673 1646 2727 de
1688 2679 1855 2744 partu
1898 2677 2033 2729 red-

338 2764 570 2816 deretur
598 2762 899 2816 inhonora.
936 2762 1195 2816 Alterum
1240 2762 1393 2815 velut
1425 2762 1495 2816 ad
1540 2778 1706 2816 suum
1757 2764 2035 2833 penderet

2130 946 2459 1015 excogitari,
2495 947 2580 1000 vel
2616 946 3016 1016 undecunque,
3041 945 3127 998 vel
3158 961 3262 1015 per
3291 945 3688 1015 quodcunque
3708 947 3821 1014 pla-

2129 1034 2309 1088 cuerit
2338 1038 2536 1088 natum
2576 1033 2749 1088 fuisse
2796 1034 3085 1088 Christum
3142 1033 3549 1104 blaspliemari,
3610 1038 3679 1086 ut
3720 1050 3822 1086 non

2131 1123 2202 1177 sit
2230 1124 2521 1194 virgineus
2550 1127 2750 1194 partus
2792 1123 3041 1177 Verbum
3096 1138 3227 1176 caro
3283 1123 3517 1189 factum,
3562 1123 3665 1176 sed
3702 1138 3826 1192 pro-

2133 1211 2361 1282 digialis
2392 1227 2673 1282 egressus.

2817 1334 3043 1389 CAPUT
3081 1334 3149 1387 ll.

2133 1477 2404 1547 Objicitur
2432 1478 2691 1531 violatam
2738 1478 2932 1530 matris
2983 1477 3380 1544 integritatem.
3434 1475 3829 1544 Respondetur,

2416 1567 2595 1621 Maria
2626 1580 2832 1633 semper
2868 1566 3134 1632 virginem
3160 1566 3540 1632 permansisse.

2204 1690 2332 1753 Sed,
2367 1706 2582 1761 quaeso,
2629 1704 2730 1743 cur
2757 1687 2972 1758 refugis
3004 1687 3285 1742 ascribere
3326 1688 3547 1742 Christo
3597 1692 3832 1743 natura-

2133 1779 2247 1833 lem
2278 1778 2570 1849 virginalis
2602 1781 2779 1848 porta
2810 1777 3222 1847 progressum?
3252 1778 3585 1848 Propterea,
3615 1778 3831 1849 inquis,

2136 1868 2407 1939 quoniam
2440 1868 2488 1921 si
2518 1867 2667 1921 uteri
2688 1872 2913 1937 portam
2945 1866 3134 1933 exivit,
3170 1882 3284 1919 non
3316 1870 3401 1920 est
3450 1866 3719 1937 Virginis
3746 1868 3833 1920 in-

2134 1957 2371 2028 tegritas
2402 1956 2756 2010 intemerata.
2793 1954 3073 2025 Equidem
3125 1970 3228 2023 per
3270 1969 3685 2025 quemcunque
3715 1955 3835 2008 fue-

2136 2045 2210 2099 rit
2271 2046 2458 2099 locum
2517 2060 2799 2113 egressus,
2852 2047 3270 2113 consequenter
3321 2041 3644 2096 secundum
3679 2046 3839 2095 tuam

2137 2134 2483 2188 sententiam
2509 2132 2809 2203 integritas
2843 2136 2920 2185 est
2952 2132 3174 2185 violata.
3200 2120 3267 2186 (Si
3312 2128 3468 2184 enim
3525 2130 3837 2185 Salvatoris

2138 2227 2294 2277 ortus
2329 2224 2478 2276 viam
2512 2227 2731 2275 natura
2760 2219 3081 2275 necessario
3105 2221 3292 2273 fuerat
3312 2223 3725 2289 corrupturus,
3748 2236 3837 2273 ne-

2138 2312 2380 2366 cessario
2411 2326 2640 2382 quoque
2662 2326 3003 2381 quacunque
3033 2309 3225 2376 exivit,
3254 2309 3371 2363 sive
3392 2325 3494 2379 per
3517 2309 3701 2375 latus,
3727 2310 3838 2362 sive

2139 2416 2240 2472 per
2270 2400 2678 2469 ventrem,fsive
2691 2414 2796 2469 per
2811 2414 2998 2467 renes,
3015 2398 3129 2451 sive
3145 2413 3246 2468 per
3258 2397 3586 2467 superiores
3606 2397 3844 2452 inferio-

2140 2506 2297 2543 resve
2329 2491 2584 2558 corporis
2611 2492 2820 2557 partes,
2855 2503 2970 2540 non
3013 2487 3226 2557 absque
3248 2486 3597 2557 integritatis
3627 2486 3843 2539 damno

2138 2578 2433 2648 processit.
2469 2576 2631 2631 Absit
2676 2592 2809 2629 vero
2845 2576 3138 2629 catholicis
3182 2575 3461 2634 sensibus.
3515 2579 3579 2628 ut
3622 2574 3843 2628 nativi-

2139 2670 2373 2735 tas,per
2419 2680 2591 2735 quam
2619 2668 2939 2718 restaurata
2994 2664 3225 2717 fuerunt
3261 2663 3283 2696 b
3336 2669 3630 2731 corrupta,
3670 2663 3845 2734 :quod

2141 2751 2458 2821 corruperit
2484 2751 2710 2822 integra
2753 2751 3037 2805 credatur.
3076 2751 3334 2821 lntellige
3382 2751 3618 2805 tandem
3648 2767 3847 2804 vecors

337 2851 613 2914 ofﬁcium,
645 2853 890 2905 alterum
944 2851 1015 2905 ad
1066 2850 1221 2903 illius
1280 2851 1379 2921 qui
1426 2850 1859 2921 concipiebatur
1898 2854 2029 2906 etl'e-
2141 2841 2539 2911 praesumptio,
2587 2840 2860 2910 quoniam
2897 2840 2944 2893 Si
2994 2856 3095 2910 Per
3140 2855 3544 2910 quamcunque
3596 2839 3845 2910 virginei

337 2946 492 2993 ctum
526 2956 539 2993 :
570 2939 648 2992 ita
682 2955 783 2992 nec
814 2938 938 3009 ipsa
972 2944 1156 2992 mater
1186 2938 1471 2993 diceretur
1503 2939 1747 3009 integra,
1786 2955 1890 2994 nec
1915 2942 2030 2995 Sal-
2141 2929 2398 2999 εοτρονὶδ
2464 2934 2687 2999 partem
2742 2933 2900 2983 οῖ’ῐυε
2957 2928 3264 2984 salvatoris
3322 2928 3505 2999 Ροΐυίῐ
3557 2929 3696 2982 ﬁeri
3730 2931 3845 2982 Sina

337 3028 546 3081 vatoris
576 3027 839 3081 nativitas
869 3044 937 3081 ex
988 3032 1169 3081 matre
1218 3027 1489 3097 perfecta.
1529 3028 1801 3092 Quamvis
1864 3030 2035 3084 etiam
2067 3017 2105 3071 (ἶ
2148 3018 2358 3072 ὕδωΠο
2390 3016 2757 3091 integritatis.
2809 3022 3223 3087 consequenter
3264 3021 3319 3070 ﬁt
3368 3018 3472 3070 1100
3505 3017 3706 3087 Ροῐιιὶί
3749 3035 3843 3087 Per

340 3118 411 3171 ad
444 3118 677 3172 Mariam
709 3116 956 3170 directus
987 3116 1228 3186 angelus
1262 3117 1307 3169 si
1338 3116 1417 3169 sic
1444 3117 1593 3171 foret
1641 3118 1887 3187 locutus,

2289 3121 2378 3158 am
2407 3106 2607 3158 vulva.
2669 3105 2828 3169 Quod
2860 3106 2906 3159 si
2949 3106 3096 3159 hanc
3139 3106 3324 3159 fuerat
3354 3105 3694 3168 violaturus,
3753 3107 3836 3159 ni-

342 3212 646 3277 propterea
678 3206 999 3259 necessario
1032 3209 1262 3275 cogeret
1305 3205 1683 3273 intellectum,
1740 3223 1854 3277 quo

2297 3194 2458 3247 uinus
2489 3209 2833 3264 quacunque
2866 3199 2950 3247 est
2999 3210 3285 3264 egressus,
3317 3193 3565 3247 violavit.
3634 3200 3713 3247 At
3753 3211 3845 3247 ca-

342 3296 484 3349 vitas
541 3295 610 3349 de
672 3301 851 3349 matre
905 3294 1111 3348 Christi
1170 3293 1627 3347 extraordinaria
1686 3296 2034 3349 crederetur.
2145 3282 2359 3335 ίῙιοῙίοὸ
2405 3282 2540 3336 ﬁdes
2601 3281 2670 3336 d6
2729 3282 2958 3353 Virgine
3010 3282 3316 3337 salvatoris
3374 3288 3554 3336 malm
3606 3286 3850 3337 conme-

348 3385 454 3448 Qui
487 3384 639 3437 enim
671 3385 739 3437 de
771 3383 982 3436 femina
1011 3382 1234 3452 virgine
1264 3381 1485 3451 concipi
1528 3382 1758 3452 delegit,
1810 3399 1896 3436 n01

2297 3371 2440 3440 quod
2480 3369 2638 3439 virgo
2667 3370 2836 3424 fuerit
2864 3375 2995 3423 ante
3035 3375 3285 3439 partum,
3320 3368 3480 3438 virgo
3528 3368 3593 3422 in
3646 3376 3845 3440 pnrtu,

345 3471 502 3526 nasci
534 3473 602 3526 de
650 3472 865 3526 femina
917 3470 1135 3541 virgine
1166 3470 1322 3525 credi
1373 3470 1537 3525 facile
1573 3470 1859 3541 quivisset,
1895 3488 2041 3542 quo-
2148 3460 2311 3530 Virgo
2344 3469 2472 3529 P0St
2510 3463 2760 3529 Partum-
2826 3459 3138 3530 Utrumque
3188 3458 3347 3512 Vides
3393 3457 3568 3521 Credi,
3620 3464 3849 3512 Utrum-

345 3562 498 3615 niam
532 3561 601 3615 de
634 3576 772 3613 sexu
802 3559 1083 3629 fragiliori
1110 3558 1483 3613 humanitatis
1515 3559 1615 3629 qui
1645 3560 1846 3631 deligit
1877 3577 2037 3615 exor-
2148 3564 2260 3619 que
2306 3548 2588 3616 conﬁteri:
2649 3553 2705 3602 9t
2760 3548 2962 3602 matris
3015 3546 3429 3618 Virginitatem:
3488 3550 3545 3600 et
3606 3547 3851 3601 infamis

344 3655 485 3715 tum,
527 3664 893 3719 nequaquam
938 3648 1207 3701 humana
1241 3647 1551 3702 nativitatis
1598 3651 1854 3709 modum,
1889 3651 2041 3704 salva
2149 3643 2436 3692 θῐυΐιυω·

341 3736 690 3808 virginitatis
710 3736 1059 3807 integritate,
1089 3742 1503 3791 contemneret.
2221 3735 2459 3805 Propter
2489 3750 2737 3805 namque
2768 3733 3103 3787 inviolatam
3134 3732 3370 3802 pudoris
3400 3731 3615 3796 aulam,
3669 3730 3853 3802 virgi-

415 3826 826 3880 Inconveniens
858 3842 1064 3896 nempe
1102 3826 1426 3879 Divinitatis
1456 3830 1576 3880 erat
1594 3826 1851 3893 consitio,
1890 3832 1953 3881 ut
1980 3828 2039 3880 in
2152 3822 2390 3878 nitatem
2419 3823 2688 3893 pradicet
2718 3826 2773 3876 et
2803 3828 2934 3875 ante
2965 3827 3212 3892 partum,
3247 3825 3303 3874 et
3332 3820 3391 3873 in
3419 3824 3608 3891 partu,
3644 3826 3705 3873 et
3726 3824 3857 3891 post

343 3914 600 3984 virgineo
660 3930 897 3985 corpore
951 3919 1203 3982 uterum,
1257 3933 1371 3985 quo
1447 3917 1866 3986 conciperetur,
1928 3933 2041 3986 quo
2151 3917 2381 3983 partum
2416 3928 2427 3965 :
2460 3917 2517 3966 et
2543 3916 2777 3983 propter
2812 3927 2954 3965 vera
2986 3910 3294 3964 nativitatis
3326 3908 3853 3975 exortum,‘,~verum

344 4002 711 4067 formaretur,
761 4019 875 4072 quo
919 4019 1127 4057 novem
1186 4004 1472 4057 mensium
1525 4004 1798 4058 dilatione
1846 4009 2037 4073 porta-
2150 4001 2426 4071 parientis
2459 4006 2687 4072 partum
2730 4000 3053 4054 conﬁtetur.
3106 3998 3253 4063 Quid
3296 3997 3453 4052 enim
3501 3997 3665 4067 virgo
3719 4004 3857 4051 ante

347 4094 505 4142 retur
537 4089 792 4159 eligeret,
826 4094 882 4143 et
929 4090 1079 4143 uteri
1112 4090 1281 4157 viam,
1339 4107 1452 4161 qua
1509 4091 1578 4144 de
1613 4092 1868 4161 virginea
1907 4107 2041 4160 pro-
2153 4094 2401 4159 partum,
2436 4091 2493 4143 ni
2543 4091 2922 4160 impragnata
2977 4088 3315 4157 virginitas?
3362 4086 3505 4151 Quid
3562 4090 3653 4139 est
3680 4086 3857 4157 ,virgo

347 4177 573 4230 cederet
631 4176 782 4242 aula,
840 4177 1189 4247 repudiaret.
1257 4181 1367 4231 Aut
1421 4178 1589 4231 aliam
1651 4180 1829 4249 igitur
1868 4180 2040 4245 viam,
2152 4178 2210 4231 in
2238 4184 2425 4248 partu,
2459 4178 2517 4232 ni
2550 4178 2779 4249 pariens
2813 4180 3011 4247 virgo?
3043 4178 3108 4231 Et
3150 4175 3290 4244 quid
3335 4175 3493 4244 virgo
3542 4178 3676 4243 post
3717 4190 3853 4244 par-

347 4278 460 4332 qua
493 4262 720 4317 femina
754 4263 1040 4334 parientes
1070 4270 1267 4335 partus
1295 4271 1441 4319 'suos
1473 4267 1738 4321 emittant
1778 4268 1908 4338 jure
1938 4284 2038 4320 na-
2076 4314 2114 4338 η
2153 4271 2297 4333 tum,
2333 4267 2442 4321 nisi
2472 4267 2632 4338 virgo
2664 4282 3032 4337 perseverans
3075 4270 3204 4336 post
3250 4262 3521 4333 partum?
3574 4262 3682 4317 Ubi
3714 4279 3861 4335 ergo

343 4352 581 4406 tivitatis
605 4356 816 4421 prater
860 4352 1179 4407 solemnem
1228 4354 1630 4423 parturitionis
1666 4355 1860 4423 1viam,
1905 4356 2042 4409 talia
2074 4350 2113 4366 "
2153 4356 2313 4427 virgo
2343 4356 2596 4426 pariens,
2629 4356 2677 4409 si
2725 4362 2922 4425 partus
2981 4353 3269 4423 negatur?
3332 4350 3625 4424 [Negatur]
3681 4368 3861 4422 porro

345 4441 677 4513 quicunque
744 4440 1025 4511 garriunt,
1087 4442 1383 4508 edoceant,
1442 4446 1541 4495 aut
1594 4457 1724 4496 eum
1778 4443 2043 4498 habuisse
2152 4460 2278 4497 cum
2330 4444 2668 4514 pradicatur
2726 4441 3025 4512 virginitas
3081 4457 3197 4495 non
3245 4440 3557 4512 peperisse,
3609 4456 3731 4493 non
3769 4458 3863 4511 pe-

347 4532 417 4586 de
452 4536 615 4585 utero
648 4529 887 4599 virginis
918 4530 1154 4597 exitum,
1192 4531 1503 4596 Christum,
1537 4547 1708 4602 quem
1758 4533 1844 4586 lex
1877 4549 2043 4587 mon-
2153 4533 2305 4603 perit
2326 4537 2517 4586 autem
2558 4532 2606 4586 si
2662 4536 2857 4601 partus
2888 4531 3055 4585 aliter
3111 4546 3282 4601 quam
3344 4546 3445 4600 per
3501 4532 3729 4583 natura
3790 4532 3863 4600 ja-

347 4624 488 4675 strat
518 4624 760 4685 natura,
790 4623 1000 4689 prater
1030 4619 1380 4688 integritatis
1412 4620 1685 4674 violatum
1738 4621 2043 4691 pudorem,
2152 4637 2327 4675 nuam
2359 4621 2648 4690 processit.
2681 4618 2977 4690 Siquidem
3004 4618 3124 4688 jam
3184 4617 3315 4672 talis
3373 4622 3531 4670 ortus
3587 4633 3711 4670 non
3750 4618 3861 4671 vir-

345 4714 576 4764 necesse
606 4724 729 4763 esse
768 4708 1166 4762 conﬁteantur.
1202 4709 1422 4777 Vipera
1462 4709 1799 4778 priusquam
1849 4715 2039 4779 partu-
2154 4709 2274 4780 gini
2301 4714 2384 4763 est
2413 4713 2630 4779 partus,
2661 4708 2758 4762 sed
2791 4707 3062 4777 proprius
3088 4706 3353 4760 videlicet
3385 4704 3565 4776 ipsius
3617 4706 3863 4760 infantis

348 4799 579 4853 ritionis
609 4799 679 4853 ad
710 4804 939 4869 tempus
981 4797 1321 4867 perveniant
1371 4798 1564 4863 catuli,
1600 4798 1846 4852 traditur
1891 4800 2044 4869 quod
2153 4812 2437 4866 egressus.
2502 4797 2870 4851 Obmutescat
2929 4795 3107 4864 igitur
3158 4794 3395 4864 hujusce
3457 4801 3862 4849 commentum

348 4893 631 4941 maturam
671 4893 895 4941 natura
954 4887 1398 4956 completionem
1456 4903 1571 4939 non
1631 4892 2043 4955 exspectantes,
2154 4885 2432 4951 falsitatis,
2467 4890 2524 4940 et
2552 4883 2999 4939 catholicaﬁdes
3030 4882 3370 4937 inconcussa
3399 4886 3687 4951 teneatur,
3727 4901 3858 4955 qua

344 4975 590 5029 corrosis
616 4976 814 5029 matris
840 4974 1137 5041 lateribus,
1170 4980 1381 5029 exeunt
1430 4990 1559 5028 cum
1608 4975 1902 5045 genitricis
1949 4976 2045 5029 in-
2152 4981 2208 5027 et
2240 4990 2368 5027 vere
2398 4979 2595 5028 natum
2630 4976 2697 5028 de
2722 4979 2902 5027 matre
2935 4972 3241 5026 confitetur
3272 4971 3582 5037 Christum,
3624 4978 3685 5026 et
3727 4990 3858 5028 vere.

346 5062 536 5117 teritu.
572 5064 667 5116 Est
694 5079 923 5135 quoque
954 5063 1206 5132 vulgaris
1236 5063 1431 5133 opinio
1454 5065 1755 5117 mustelam
1788 5079 1885 5117 ore
1909 5079 2040 5116 con-
2157 5062 2443 5133 Virginem
2476 5063 2705 5118 Mariam
2736 5060 3081 5132 concepisse,
3111 5059 3420 5130 peperisse,
3457 5064 3516 5113 et
3545 5065 3680 5129 post
3726 5078 3860 5132 par-

346 5151 558 5222 cipere,
612 5167 751 5205 aure
811 5156 1043 5221 partum
1100 5151 1412 5206 effundere.
1469 5152 1727 5206 Forsitan
1782 5151 2043 5222 quisquis
2151 5155 2295 5217 tum,
2330 5151 2385 5205 id
2414 5156 2499 5205 est
2523 5156 2649 5221 post
2706 5150 2927 5205 editum
2981 5149 3187 5215 tilium,
3236 5148 3433 5215 credit,
3477 5148 3766 5219 pradicat
3807 5158 3859 5203 et

346 5240 616 5294 humana
649 5238 795 5293 viam
828 5239 1139 5293 nativitatis
1170 5240 1419 5309 deneges
1461 5240 1705 5307 Christo,
1738 5245 1837 5293 aut
1887 5239 2045 5311 vipe-
2150 5243 2457 5293 veneratur
2488 5239 2873 5310 permansisse
2898 5238 3204 5309 virginem.

2074 4314 2115 4366 D

417 5416 438 5442 ει
478 5403 542 5455 Ut
573 5401 910 5467 virginitate.
963 5400 1051 5454 Sic
1082 5401 1532 5467 emendavimus,
1588 5417 1713 5455 cum
1758 5401 2047 5472 legeretur

346 5479 406 5525 ut
431 5473 747 5536 virginitas.
1296 5532 1297 5535 η

418 5542 439 5576 ’³
487 5546 716 5596 harant
762 5546 1037 5610 cor-rupta.
1092 5541 1152 5595 ln
1186 5541 1352 5596 ealitis
1382 5543 1492 5608 fuit
1523 5542 1778 5610 corrupta
1812 5559 1823 5595 :
1864 5541 1923 5595 in
1956 5558 2047 5595 eo-

2152 5400 2280 5524 gem
2313 5415 2437 5469 cap.
2489 5398 2584 5454 ubi
2624 5404 2858 5468 negatur
2902 5413 3083 5467 porro,
3134 5397 3387 5468 priorem
3433 5411 3633 5450 vocem
3682 5397 3859 5453 addi-

2191 5487 2362 5524 imus.

2191 5487 2362 5525 imus.

3910 773 3913 831 l

2130 872 2282 910 nam.
2327 857 2438 911 Isto
2467 857 2663 928 itaque
2698 857 3023 927 modo,jam
3048 855 3329 926 quidquid
3351 856 3589 910 libuerit
3620 856 3825 927 poterit

3911 1372 3913 1445 l
