3920 6224
110 272 162 321 85

743 414 970 470 CAPUT
1010 413 1101 468 IlI.

108 544 189 596 Per
222 538 423 592 vulvam
469 540 649 594 exisse
710 539 979 595 Christum
1031 538 1229 608 probat
1250 543 1456 594 auctor.
1516 567 1583 579 —
1636 541 1767 594 Par-

166 633 231 683 tes
254 627 483 695 corporis
512 628 738 681 minime
770 630 971 696 turpes.
1018 628 1127 691 Qui
1156 630 1341 695 partes
1394 628 1634 696 corporis
1674 627 1764 680 de-

165 718 451 782 turpantur.
481 742 555 754 —
584 714 831 783 Spiritus
873 720 1092 768 sanctus
1121 714 1331 768 beatam
1388 715 1665 782 Virginem
1699 714 1765 768 ab

161 805 290 857 omni
315 804 558 869 contagio
610 805 991 871 sancti/icavt't.
1024 833 1093 842 —
1144 806 1331 857 Partes
1364 803 1612 872 quaedam
1649 818 1767 857 cor-

158 893 293 959 poris
323 907 488 959 quare
520 891 834 946 inhoneste.

162 1013 291 1067 Dicis
320 1018 481 1082 turpe
542 1013 722 1067 fuisse
767 1013 867 1067 Dei
916 1013 1054 1067 Filio
1110 1030 1212 1084 per
1252 1014 1479 1068 vulvam
1536 1030 1763 1084 proces-

102 1104 235 1156 sisse.
263 1104 440 1171 Turpe
471 1102 581 1157 hoc
608 1108 709 1157 aut
737 1102 805 1157 de
852 1108 1057 1156 natura
1105 1107 1202 1156 aut
1241 1103 1309 1156 de
1352 1108 1601 1173 peccato.
1655 1102 1764 1157 Sed

102 1208 188 1262 per
220 1197 471 1245 naturam
534 1191 681 1246 nihil
730 1196 927 1261 turpe;
978 1196 1218 1246 testatur
1272 1192 1422 1246 enim
1488 1192 1765 1246 Geneseos

103 1281 241 1333 lectio
270 1279 418 1350 quod
453 1281 648 1333 omnis
700 1285 961 1334 creatura
1004 1281 1168 1334 bona.
1226 1280 1385 1344 Quod
1436 1280 1674 1345 bonum,
1710 1284 1766 1333 ct

102 1370 367 1423 honestum
423 1374 541 1435 est;
596 1369 865 1439 quodque
920 1370 1224 1423 honestum
1269 1373 1374 1436 est,
1425 1385 1540 1421 non
1572 1373 1758 1437 turpe.

100 1459 255 1529 Igitur
298 1458 478 1511 omnis
532 1463 797 1512 creatura
851 1457 1165 1511 secundum
1208 1458 1363 1529 quod
1409 1462 1598 1511 creata
1655 1462 1760 1522 est,

103 1562 425 1617 nequaquam
468 1547 677 1617 turpis.
714 1546 894 1616 Igitur
925 1551 982 1600 et
1013 1546 1267 1600 mulieris
1309 1547 1474 1600 vulva
1505 1562 1617 1599 non
1646 1549 1763 1599 tur-

101 1634 189 1704 pis,
226 1634 313 1688 sed
342 1634 615 1701 honesta;
667 1634 953 1705 siquidem
1015 1640 1201 1705 partes
1234 1651 1435 1688 omnes
1485 1639 1762 1689 creaturas

104 1724 338 1776 honestae.
372 1724 495 1777 Non
527 1739 668 1793 ergo
720 1722 1010 1776 nascituro
1046 1722 1269 1776 Christo
1328 1722 1530 1776 semita
1581 1723 1763 1776 vulvae
1798 1707 1836 1759 Β

100 1812 421 1876 declinanda,
445 1813 605 1865 velut
637 1818 802 1881 turpe
827 1811 1082 1882 aliquod,
1108 1810 1224 1864 imo
1247 1811 1612 1880 suscipienda
1640 1817 1764 1864 tan-

107 1918 253 1971 quam
282 1901 591 1954 nativitatis
622 1900 904 1954 ministra.
939 1899 1235 1964 Quomodo
1284 1916 1535 1970 namque
1567 1900 1764 1954 matri-

106 2007 229 2055 cem,
257 2006 363 2060 qua
391 1994 705 2059 conceptus
737 1988 1099 2055 formaretur,
1134 2005 1254 2042 non
1288 1988 1655 2058 contempsit,
1689 1987 1769 2041 ita

106 2095 192 2133 nec
242 2079 480 2144 vulvam,
519 2094 638 2148 qua
681 2078 961 2131 formatus
1012 2077 1387 2146 exciperetur,
1421 2076 1765 2147 repudiavit.

164 2166 319 2219 Porro
352 2170 404 2219 tu
457 2183 662 2220 sensus
690 2165 943 2237 corporis
982 2165 1368 2236 interrogans,
1400 2166 1646 2219 aestimas
1672 2182 1767 2219 eas

107 2254 230 2307 uteri
256 2259 438 2323 partes
488 2253 810 2307 indecoras.
862 2253 989 2307 Noli
1023 2254 1284 2307 sensibus
1327 2254 1676 2321 fallentibus,
1710 2253 1767 2308 id

104 2349 171 2395 est
208 2342 505 2412 corporeis,
573 2343 643 2397 de
698 2358 890 2397 rerum
926 2342 1163 2397 veritate
1218 2343 1500 2409 assentiri,
1555 2343 1766 2397 mentis

102 2431 347 2500 judicium
380 2430 663 2501 disquire,
697 2435 753 2485 et
783 2430 1175 2501 deprehendes
1205 2430 1327 2485 fore
1356 2431 1599 2500 pulchra
1634 2447 1764 2501 qua:

105 2520 333 2572 videntur
377 2520 590 2589 turpia.
641 2520 804 2573 Nulla
851 2520 1102 2590 denique
1144 2524 1421 2573 creaturas
1469 2536 1618 2590 pars,
1668 2525 1763 2572 aut

104 2610 409 2671 membrum,
461 2609 521 2661 ni
568 2608 869 2677 pulchrum
902 2613 987 2662 est
1018 2625 1031 2661 :
1084 2608 1343 2663 redditur
1370 2612 1563 2662 autem
1598 2608 1764 2663 inde-

104 2712 231 2761 cens,
252 2712 373 2749 cum
405 2696 777 2750 inordinatus
828 2700 884 2749 et
912 2695 1144 2749 illicitus
1175 2711 1306 2749 eum
1346 2701 1536 2750 motus
1566 2697 1761 2751 detur-

100 2784 311 2853 paverit.
355 2785 575 2837 Etenim
610 2789 741 2837 ante
774 2783 1305 2854 prmvaricationem
1351 2785 1531 2838 Adam
1569 2789 1622 2839 et
1657 2786 1764 2838 Eva

103 2889 196 2925 non
236 2874 666 2938 erubescebant,
722 2878 917 2943 utpote
953 2877 1174 2927 motum
1214 2873 1589 2927 inorditatum
1646 2873 1764 2927 suis

101 2962 148 3013 in
194 2962 453 3015 membris
512 2963 740 3015 nullum
775 2960 1117 3026 sentientes;
1152 2966 1238 3015 ast
1286 2962 1381 3015 ubi
1413 2962 1763 3032 praevaricati

102 3062 228 3115 sunt,
269 3050 603 3104 erubescere
637 3054 951 3120 coeperunt.
1013 3050 1136 3104 Non
1170 3049 1401 3120 quidem
1459 3056 1762 3121 propterea

102 3139 343 3204 membra,
375 3156 509 3210 quae
540 3154 695 3193 nunc
726 3137 945 3208 peccati
975 3139 1143 3208 culpa
1173 3137 1442 3207 pudenda
1473 3153 1760 3203 vocamus;

101 3228 347 3297 siquidem
403 3234 461 3281 et
495 3228 834 3298 priusquam
882 3226 1251 3298 deliquerint,
1285 3242 1458 3297 super
1509 3227 1590 3279 eis
1646 3243 1761 3280 non

102 3315 594 3371 Confundebantur.
633 3317 735 3371 Ubi
778 3333 912 3371 vero
943 3316 1277 3369 inhonestus
1308 3316 1537 3369 accessit
1577 3320 1764 3368 motus

106 3404 413 3470 genitalibus
436 3412 574 3459 ante
605 3405 850 3475 pudicis,
883 3405 979 3459 sed
1013 3405 1083 3459 de
1114 3409 1346 3474 peccato
1367 3405 1489 3475 jam
1522 3420 1633 3457 non
1655 3421 1761 3474 pu-

101 3491 227 3559 dicis,
268 3498 456 3546 secuta
511 3494 774 3547 confusio
806 3497 893 3547 est
933 3509 1049 3547 non
1079 3497 1317 3563 propter
1346 3491 1760 3563 turpitudinem

100 3580 432 3635 honestarum
476 3582 737 3652 corporis
765 3582 1037 3651 partium,
1071 3581 1168 3635 sed
1200 3586 1437 3651 propter
1458 3586 1656 3650 turpes
1682 3580 1761 3634 ir-

103 3669 418 3724 rationabilis
451 3676 646 3724 motus
678 3670 981 3740 passionis.
1026 3670 1085 3723 In
1119 3687 1233 3740 quo
1257 3674 1446 3724 autem
1494 3686 1595 3739 per
1628 3685 1761 3723 san-

104 3760 160 3809 cti
180 3759 403 3828 Spiritus
433 3759 657 3830 ignem.
688 3759 771 3812 vel
801 3758 857 3812 in
888 3759 996 3812 hoc
1026 3775 1265 3828 corpore
1295 3759 1527 3822 caduco,
1571 3759 1658 3812 vel
1703 3758 1759 3811 in

103 3846 256 3899 futura
298 3849 408 3901 vita
449 3848 580 3917 jam
621 3864 720 3917 per
777 3848 1253 3902 resurrectionem
1318 3847 1760 3917 incorruptibili,

104 3934 240 3987 fuerit
266 3936 364 3990 iste
414 3937 711 4007 passibilis
768 3942 960 3990 motus
990 3938 1059 3991 ad
1110 3941 1329 3990 natura!
1364 3935 1763 4006 dignissimam

106 4023 321 4078 redactus
362 4025 668 4090 musicam,
718 4024 1049 4079 inﬁrmitate
1106 4025 1364 4095 depulsa,
1397 4024 1541 4078 nihil
1585 4024 1761 4078 habe-

106 4111 215 4166 bunt
237 4114 491 4167 membra
524 4118 746 4167 natura:
779 4113 930 4184 quod
957 4113 1032 4168 sit
1055 4112 1423 4183 confusionis,
1455 4113 1609 4184 quod
1641 4117 1762 4167 tur-

106 4201 359 4267 pitudinis,
397 4202 561 4273 quod
601 4202 907 4256 inhonesti.

161 4290 353 4345 Interea
385 4308 525 4345 vero
586 4292 675 4344 lex
726 4308 853 4362 quae
886 4299 972 4345 est
1024 4290 1081 4344 in
1116 4291 1387 4345 membris
1419 4290 1629 4345 nostris
1663 4290 1763 4344 do-
1790 4304 1834 4357 ι)

109 4393 187 4429 nec
212 4386 484 4449 repugnat
528 4380 638 4449 legi
690 4380 919 4446 mentis,
953 4384 1008 4434 et
1038 4380 1284 4449 captivat
1330 4395 1433 4432 nos
1486 4378 1545 4432 in
1576 4379 1765 4448 legem

108 4468 301 4533 peccati,
351 4474 405 4522 et
455 4468 851 4524 erubescimus
905 4473 961 4522 et
1011 4468 1441 4522 confundimur.
1494 4467 1601 4522 Sed
1650 4483 1764 4520 non

109 4561 300 4622 propter
324 4558 474 4611 hanc
506 4558 697 4625 legem
734 4557 947 4626 peccati
981 4557 1374 4611 dominantem
1415 4556 1475 4610 in
1498 4555 1767 4609 membris

107 4644 278 4697 nostris
306 4662 450 4715 opus
484 4646 597 4699 fuit
622 4645 900 4699 Salvatori
931 4645 1219 4700 declinare
1259 4645 1408 4698 viam
1458 4644 1768 4698 nativitatis

108 4731 204 4799 lege
256 4734 657 4787 constitutam:
720 4734 1192 4804 quandoquidem
1243 4734 1489 4803 Spiritus
1517 4737 1764 4793 sanctus.

108 4820 183 4887 qui
207 4820 437 4891 Virginis
474 4828 728 4888 uterum,
762 4839 876 4892 quo
916 4824 1015 4876 Dei
1052 4822 1224 4876 Filius
1253 4823 1669 4888 incarnaretur,
1698 4822 1768 4875 ab

106 4908 230 4961 omni
270 4911 536 4980 contagio
582 4909 981 4975 sanctiﬁcavit,
1035 4910 1155 4980 ipse
1192 4925 1425 4980 quoque
1456 4914 1513 4962 et
1540 4910 1765 4961 vulvam

110 5010 193 5062 qua
238 5004 564 5052 nasceretur
594 4998 882 5069 purgavit.
938 4998 1053 5051 Nisi
1089 4998 1235 5051 forte
1265 4998 1534 5051 credibile
1584 4996 1769 5051 videa-

108 5088 193 5151 tur,
220 5087 365 5156 quod
393 5104 534 5141 eum
568 5088 759 5140 locum
789 5086 980 5141 divino
1028 5091 1303 5155 conceptu
1338 5085 1657 5140 reddiderit
1687 5085 1770 5138 di-

110 5185 267 5238 gnum,
290 5177 387 5245 qui
421 5176 613 5245 magis
644 5174 900 5229 libidinis
921 5180 1090 5228 aestus
1110 5174 1497 5235 succenditur,
1524 5179 1579 5227 et
1598 5189 1767 5243 quem

109 5260 302 5315 minoris
322 5266 581 5318 flammas
611 5268 1129 5332 temperamentum
1158 5267 1463 5331 pertentat,
1488 5262 1770 5315 mundare

110 5351 403 5419 nequiverit.
439 5351 607 5416 Quod
649 5352 803 5404 enim
852 5350 1188 5405 mulieribus
1220 5351 1277 5405 in
1332 5351 1624 5417 umbilico,
1681 5350 1769 5403 cui

112 5439 275 5492 motrix
305 5441 591 5511 sulijacet,
637 5439 812 5493 libido
845 5438 1197 5504 dominetur,
1235 5439 1420 5493 verbis
1463 5438 1771 5509 Scriptura:

113 5532 276 5574 “Helm
306 5528 644 5579 didicimus.
677 5525 793 5578 Titii
822 5532 1137 5578 autemnon
1162 5532 1391 5595 propter
1425 5527 1604 5579 legem
1642 5542 1762 5593 pac-

1263 265 1475 322 LlBElt
1515 265 1606 321 DE
1648 263 2059 321 NATIVITA'IE
2099 264 2398 322 CHRISTI.

1804 403 1843 453 Α
1882 396 2009 461 cati,
2070 396 2166 450 sed
2230 401 2468 467 propter
2533 396 2949 452 deformitatem
3019 401 3258 464 naturae,
3322 396 3572 469 genitale

3510 265 3577 319 86

1879 484 2201 538 membrum
2233 485 2456 538 videtur
2497 484 2886 540 inhonestum.
2922 488 3033 540 Cur
3079 486 3223 541 hoc?
3289 487 3571 550 Quoniam

1877 589 2109 627 sensum
2152 573 2338 626 carnis
2369 573 2425 626 in
2477 574 2646 627 rebus
2693 575 3100 645 cognoscendis
3159 576 3568 646 percunctaris,

1878 678 2048 733 quem
2082 678 2251 715 nemo
2272 662 2497 732 sapiens
2528 664 2597 716 de
2630 664 2745 717 veri
2796 665 3161 735 perceptione
3206 671 3433 719 secutus
3463 670 3566 719 est.

1878 751 1999 804 Non
2042 750 2251 804 mirum
2282 750 2329 804 si
2382 751 2614 817 falleris,
2647 752 2746 822 qui
2777 752 3036 805 falsitatis
3083 760 3310 807 auctore
3358 755 3566 824 perdo-

1876 839 2039 893 ceris.
2085 841 2223 894 Eum
2251 840 2499 911 denique
2524 847 2845 910 sequuntur
2872 857 3091 906 omnes,
3126 842 3226 911 qui
3280 842 3569 896 verisimi-

1876 927 1951 980 lia
1983 944 2086 997 pro
2136 929 2298 991 veris,
2346 929 2401 981 id
2433 933 2536 995 est,
2576 929 2971 999 corruptibilia
3017 945 3118 997 pro
3168 930 3396 982 aeternis
3446 946 3569 983 am-

1875 1016 2214 1087 plectuntur.
2254 1019 2468 1071 Revoca
2504 1017 2684 1087 magis
2702 1019 2895 1069 oculos
2926 1033 2956 1068 a
2976 1017 3409 1086 temporalibus,
3436 1035 3565 1088 quas

1874 1105 2036 1159 docet
2078 1107 2437 1160 Ecclesiastes
2476 1122 2590 1160 non
2624 1111 2848 1160 tantum
2884 1106 3215 1172 vanitatem,
3250 1122 3448 1159 verum
3481 1121 3569 1159 va-

1875 1194 2078 1249 nitates
2141 1195 2485 1261 vanitatum;
2547 1200 2603 1248 et
2653 1195 2803 1249 disce
2854 1195 2972 1249 veri
3023 1195 3445 1266 perceptionem
3500 1194 3570 1248 de

1873 1281 2135 1335 sensibus
2166 1282 2284 1336 veri
2326 1283 2823 1353 participantibus.
2860 1285 3019 1348 Quod
3068 1300 3197 1338 cum
3228 1283 3448 1349 feceris,
3489 1282 3571 1336 ni-

1873 1369 1952 1423 hil
1984 1369 2044 1423 in
2076 1372 2292 1425 naturis
2321 1376 2488 1442 turpe
2540 1377 2746 1442 praeter
2775 1372 3131 1427 inordinatos
3192 1376 3381 1426 motus
3414 1372 3567 1425 vide-

1872 1458 1978 1523 bis,
2013 1474 2156 1529 quos
2190 1475 2304 1512 non
2346 1461 2415 1512 de
2445 1461 2687 1514 creantis
2736 1461 3036 1531 sapientia,
3098 1461 3197 1514 sed
3231 1462 3300 1514 de
3352 1459 3564 1530 peccati

1871 1547 2038 1617 culpa
2067 1553 2415 1615 contraxere,
2450 1553 2507 1603 et
2544 1549 2811 1619 deinceps
2845 1566 2959 1603 non
3007 1550 3303 1619 indignam
3338 1549 3564 1618 judica-

1871 1634 1958 1688 bis
2020 1636 2419 1690 Incarnatione
2482 1637 2649 1710 Verbi
2712 1638 2780 1691 ad
2837 1638 3189 1691 nascendum
3247 1636 3563 1707 virgineam

1876 1723 2120 1777 vulvam.
2157 1724 2434 1795 Equidem
2465 1724 2785 1796 pervidebis
2842 1725 2984 1779 nihil
3023 1725 3254 1796 dignius
3287 1725 3567 1780 Creatoris

1877 1811 2253 1878 humanitate,
2288 1830 2462 1883 quam
2505 1830 2622 1868 suae
2659 1814 3093 1884 dispositionem
3144 1813 3370 1869 fabrica:
3410 1830 3568 1867 com-

1875 1902 2136 1970 probare.
2174 1903 2242 1956 Ut
2271 1902 2415 1956 sicut
2440 1903 2780 1973 approbavit
2813 1908 3041 1957 uterum
3073 1919 3188 1974 quo
3238 1903 3567 1973 concipere-

1875 1993 1990 2055 tur,
2049 1989 2130 2044 ita
2177 2006 2294 2044 non
2347 1992 2678 2061 approbarit
2727 1992 2877 2045 uteri
2927 1992 3169 2063 januam
3218 1990 3307 2045 sui
3364 1990 3568 2045 natalis

1875 2076 2277 2148 abrogatione;
2312 2095 2382 2133 ne
2408 2095 2581 2150 quam
2613 2080 2907 2134 constituit
2935 2078 3203 2134 nascendi
3232 2080 3404 2145 viam,
3443 2095 3561 2133 sua:

1875 2165 2148 2220 refutaret
2177 2167 2608 2222 humanationis
2639 2184 2920 2239 egresssu.

1946 2255 2056 2308 Ista
2082 2255 2254 2309 ducas
2300 2272 2429 2310 cum
2462 2256 2659 2326 impia,
2721 2273 2935 2311 novum
2990 2256 3265 2327 quiddam
3326 2255 3563 2323 moliris,

1877 2346 1938 2396 ut
1983 2343 2259 2399 Salvatori
2316 2361 2430 2416 quo
2486 2351 2813 2399 nasceretur
2868 2345 3011 2399 nihil
3067 2345 3244 2399 fuisse
3299 2345 3560 2398 clausum

1874 2433 2106 2497 clames,
2156 2433 2309 2502 quod
2356 2433 2652 2489 Conditori
2682 2434 2763 2488 nil
2794 2440 3188 2488 creaturarum
3215 2438 3388 2504 queat
3415 2432 3561 2486 obsi-

1875 2524 2021 2574 stere
2056 2536 2291 2574 :verum
2349 2522 2624 2593 quidquid
2661 2522 2937 2591 subsistit,
2982 2521 3055 2574 sit
3110 2522 3161 2575 ei
3215 2526 3476 2590 apertum
3508 2524 3566 2573 et

1872 2610 2241 2679 permeabile.
2299 2612 2377 2665 lta
2428 2612 2602 2680 plane
2640 2611 2686 2664 si
2718 2611 2910 2676 sentis,
2946 2610 3391 2682 prudentissime
3433 2625 3562 2662 sen-

1872 2696 1964 2751 tis.
2000 2699 2111 2752 Hac
2142 2715 2273 2753 vero
2316 2700 2511 2769 regula
2537 2716 2664 2753 cum
2722 2699 3033 2753 nativitatis
3078 2698 3285 2754 Christi
3315 2697 3563 2769 primor—

1873 2783 1966 2837 dia
1994 2784 2320 2854 mancipare
2349 2784 2625 2855 disponis,
2658 2786 2812 2856 quod
2852 2785 2921 2839 ad
2955 2785 3275 2855 potentiam
3325 2788 3561 2854 spectat,

1872 2870 2187 2925 clarissime
2219 2872 2591 2943 dogmatizas.
2635 2874 2795 2938 Quod
2830 2877 3019 2927 autem
3050 2873 3117 2926 ad
3140 2872 3398 2942 corporis
3430 2887 3564 2942 pro-

1872 2960 2176 3031 prietatem
2236 2961 2503 3032 suscepti,
2562 2966 2616 3015 et
2670 2962 2981 3015 nativitatis
3054 2962 3301 3031 pertinet
3356 2960 3562 3013 huma-

1871 3065 1981 3107 nae.
2022 3064 2054 3101 a
2085 3047 2337 3102 veritatis
2386 3050 2527 3103 calle
2588 3049 2912 3119 longissime
2962 3048 3195 3103 recedis.
3253 3049 3457 3102 Virtuti
3489 3046 3563 3099 si-

1871 3137 2107 3209 quidem
2150 3137 2458 3190 voluntatis
2508 3137 2716 3192 Christi
2758 3137 2897 3191 nihil
2959 3142 3043 3191 est
3081 3138 3360 3201 clausum,
3419 3136 3565 3190 nihil

1871 3242 1985 3279 non
2017 3225 2390 3296 penetrabile.
2419 3226 2750 3279 Humanitas
2783 3232 2971 3280 autem
3004 3242 3133 3296 quze
3168 3228 3428 3294 suscepta
3458 3228 3563 3290 est,

1871 3315 2015 3369 sicut
2065 3315 2215 3368 intra
2264 3315 2419 3368 sinus
2464 3315 2715 3369 matricis
2763 3316 2998 3369 collecta
3028 3321 3131 3379 est,
3184 3314 3261 3368 ita
3309 3312 3563 3384 quandiu

1872 3403 2084 3457 mansit
2107 3402 2241 3470 illic,
2276 3402 2487 3457 ventris
2541 3403 2825 3458 exteriora
2865 3421 2978 3457 non
3026 3409 3259 3473 experta
3318 3401 3461 3475 [est].
3494 3403 3566 3454 At

1872 3507 2005 3545 vero
2067 3507 2199 3544 mox
2255 3491 2499 3561 virginei
2548 3493 2864 3546 thalamum
2922 3493 3152 3562 reliquit
3221 3491 3445 3556 secreti,
3508 3494 3565 3543 et

1870 3580 2009 3634 foris
2060 3580 2292 3646 exstitit,
2332 3585 2387 3633 et
2432 3580 2587 3634 intus
2636 3598 2755 3634 esse
2785 3581 3039 3636 cessavit.
3097 3582 3206 3633 llac
3255 3579 3361 3633 loci
3426 3577 3560 3649 quid

1872 3668 2249 3723 alternatione
2285 3670 2638 3732 monstravit,
2676 3670 2783 3722 nisi
2815 3671 2966 3739 quod
3022 3668 3282 3739 quamvis
3357 3682 3559 3720 secun-

1870 3757 2007 3811 dum
2042 3755 2355 3811 divinitatis
2372 3757 2781 3828 praprietatem
2812 3757 2884 3810 sit
2907 3758 3140 3827 ubique,
3164 3758 3320 3825 juxta
3354 3770 3561 3825 corpo-

1871 3846 1947 3899 ris
2005 3844 2571 3915 circonscriptionem
2625 3845 2817 3898 locatis
2864 3845 3123 3899 exstitit?
3177 3844 3358 3914 Igitur
3407 3842 3557 3913 quod

1871 3932 2047 3986 locale
2082 3936 2182 3999 est,
2212 3932 2359 3987 sicut
2392 3932 2606 4004 ubique
2637 3949 2753 3986 non
2804 3939 2890 3986 est
2920 3949 3164 4002 semper,
3201 3931 3299 3985 sed
3328 3936 3463 3984 tunc
3493 3931 3559 3984 ad

1871 4021 2045 4074 alium
2104 4021 2330 4090 migrat,
2409 4037 2538 4075 cum
2588 4023 2774 4075 locum
2835 4022 3087 4074 deseruit
3145 4020 3427 4091 primum;
3484 4018 3561 4072 ita

1871 4110 2042 4165 etiam
2074 4126 2203 4163 cum
2235 4109 2536 4162 transitum
2586 4109 2739 4175 facit,
2771 4125 2888 4163 non
2934 4110 3103 4162 simul
3160 4108 3418 4162 dextrum
3471 4124 3563 4159 ac-

1871 4199 2165 4252 sinistrum
2215 4203 2389 4261 tenet,
2435 4198 2923 4269 quemadmodum
2954 4197 3123 4251 simul
3156 4202 3286 4250 ante
3317 4202 3373 4250 et
3417 4202 3566 4249 retro

1876 4304 1990 4341 non
2021 4287 2298 4357 graditur,
2335 4302 2437 4340 nec
2466 4303 2639 4357 supra
2691 4288 2903 4357 pariter
2934 4292 2988 4339 et
3041 4286 3330 4340 deorsum.
3384 4286 3565 4352 Certe,

1875 4382 1931 4430 et
1972 4376 2227 4431 Salvator
2256 4376 2402 4430 sicut
2440 4376 2551 4428 alio
2600 4381 2856 4446 tempore
2897 4375 3007 4428 fuit
3038 4374 3098 4428 in
3156 4380 3317 4428 utero
3374 4391 3568 4428 secun-

1877 4465 2012 4518 dum
2047 4481 2271 4535 corpus,
2305 4471 2361 4517 et
2408 4466 2517 4519 alio
2546 4464 2705 4529 foris,
2743 4465 2822 4517 ita
2871 4464 2931 4517 in
2961 4464 3308 4534 egrediendo
3364 4479 3568 4532 quam-

1874 4554 1958 4606 vis
1987 4552 2326 4623 egressionis
2357 4552 2638 4606 voluntati
2689 4553 2767 4606 nil
2828 4552 2999 4606 fuerit
3054 4553 3331 4615 clausum,
3396 4566 3565 4603 unam
3651 4554 3659 4562 '

1876 4646 2071 4695 tamen
2100 4641 2284 4694 tenuit
2304 4640 2641 4711 egressionis
2680 4641 2850 4708 viam,
2876 4657 2987 4695 non
3048 4656 3151 4711 per
3191 4654 3390 4692 omnes
3444 4653 3565 4690 cor-

1876 4729 2048 4799 poris,
2081 4728 2139 4782 in
2171 4746 2285 4798 quo
2316 4730 2596 4784 formatus
2628 4731 2830 4796 fuerat,
2862 4733 3050 4800 partes
3079 4728 3270 4781 exivit.

1948 4819 2240 4873 Constitue
2279 4824 2431 4872 certe
2463 4836 2633 4889 quam
2667 4818 2904 4872 voluerit
2935 4815 3192 4886 corporis
3221 4819 3439 4884 partem
3475 4830 3565 4866 or-

1878 4905 1962 4959 tui
1993 4905 2321 4961 Salvatoris.
2361 4908 2484 4960 Non
2516 4905 2667 4959 enim
2728 4921 2831 4975 per
2856 4920 3026 4957 omne
3056 4918 3263 4973 corpus
3307 4918 3570 4971 egressus

1877 4999 1982 5059 est,
2015 4995 2277 5065 quamvis
2315 4992 2590 5047 voluntati
2624 4994 2747 5060 ejus
2779 4992 2845 5045 ad
2881 5006 3173 5061 egressum
3225 4990 3380 5043 nulla
3444 5007 3566 5045 cor-

1878 5083 2035 5153 poris
2078 5100 2208 5153 pars
2262 5081 2433 5136 fuerit
2478 5081 2689 5134 clausa.
2765 5083 2876 5134 Nec
2932 5079 3233 5133 illocaliter
3303 5096 3564 5150 egressus

1883 5173 1987 5226 hoc
2035 5175 2119 5224 est
2156 5169 2311 5224 enim
2362 5169 2717 5237 incorporea;
2758 5168 3050 5238 proprium
3111 5174 3351 5235 naturae,
3407 5171 3571 5238 longe

1878 5275 2009 5313 vero
2049 5276 2083 5311 a
2136 5273 2411 5327 corporea
2464 5262 2769 5310 remotum.
2832 5257 3125 5311 Constitue
3180 5263 3331 5311 certe
3400 5273 3571 5327 quam

1880 5347 2162 5417 delegeris
2220 5351 2461 5414 partem.
2514 5346 2749 5399 Vulvam
2801 5346 3016 5411 renuis,
3078 5345 3411 5401 umbilicum
3491 5350 3570 5396 at-

1884 5436 2099 5501 tribue;
2137 5436 2246 5500 vel,
2277 5434 2322 5488 si
2354 5435 2642 5499 malueris,
2696 5436 2989 5490 honestius
3029 5436 3415 5507 quodcunque
3449 5449 3561 5486 cor-

1881 5526 2037 5594 poris
2058 5525 2266 5576 ostium
2300 5540 2312 5576 z
2348 5540 2412 5576 ac
2432 5524 2475 5577 si
2507 5524 2651 5577 ostia
2674 5542 2803 5595 quas
2828 5525 2986 5581 dedit
3017 5530 3216 5577 natura
3244 5523 3571 5593 displicent,
