3920 6224
270 219 336 271 87

1424 209 1786 267 RA'I‘RAMNI
1828 208 2286 266 CORBEIENSIS
2319 207 2633 264 MONACHI

3729 208 3803 257 88

274 350 478 407 dissice
506 359 530 384 ⁸
577 354 860 415 ventrem,
890 346 1046 401 nuda
1089 350 1295 413 costas,
1345 345 1570 416 spinam
1608 361 1833 416 rumpe,
1887 344 1971 397 vel
2005 348 2050 398 A
2091 345 2200 399 trio
2239 344 2598 417 singulorum
2650 343 2783 399 licet
2816 343 3137 400 intellectus
3187 347 3495 401 verborum
3559 344 3801 410 variari,

273 437 765 512 quemadmodum
797 436 988 490 nescio
1017 434 1116 507 qui
1147 434 1472 489 stultissimi
1501 434 1770 500 delirant,
1812 433 1971 504 aperi

274 529 560 594 ascellam,
602 532 658 580 et
704 526 783 579 ita
814 525 883 580 de
915 529 1109 579 monte
1141 524 1411 578 umbroso
1444 528 1501 577 et
1532 522 1819 577 condenso
1864 539 1969 576 na-

273 618 548 672 tivitatem
601 618 921 668 contestare
966 612 1292 667 Salvatoris.
1345 612 1489 665 Num
1523 612 1701 681 igitur
1730 611 1859 664 talis
1885 613 1971 681 ja-

276 721 393 759 nua
418 702 799 758 dominatoris
840 706 968 755 ortu
1001 701 1177 771 digna
1203 700 1567 771 probabitur,
1619 716 1789 769 quam
1837 700 1977 753 stul-

280 798 475 847 torum
526 790 722 860 opinio
784 788 1115 847 ementitur.
1150 792 1207 842 et
1226 803 1403 858 quam
1431 787 1715 841 Creatoris
1747 787 1979 857 sapien-

279 880 355 934 tia
382 884 604 933 natura:
654 877 811 932 dedit
854 875 1241 946 conceptibili,
1290 874 1654 946 disputetur?
1686 876 1772 929 An
1828 880 1981 929 certe

285 970 736 1038 Bragmanorum
792 980 1102 1035 sequemur
1169 963 1524 1034 opinionem,
1579 969 1645 1018 ut
1698 964 1980 1034 quemad-

283 1055 523 1109 modum
556 1054 640 1107 illi
666 1058 832 1107 secta:
882 1070 999 1107 suae
1050 1058 1342 1107 auctorem
1391 1055 1645 1108 Bubdam
1686 1069 1791 1123 per
1821 1052 1987 1122 virgi-

288 1144 377 1197 nis
419 1143 568 1196 latus
609 1146 843 1195 narrant
884 1147 1168 1208 exortum,
1202 1143 1281 1196 ita
1331 1159 1437 1196 nos
1492 1141 1777 1197 Christum
1812 1139 1987 1193 fuisse

289 1231 711 1302 prmdicemus?
754 1231 848 1285 Vel
897 1231 1080 1301 magis
1128 1231 1208 1285 sic
1257 1232 1509 1285 nascitur
1560 1230 1662 1284 Dei
1708 1226 1991 1298 sapientia

292 1321 362 1375 de
393 1319 640 1390 Virginis
660 1320 914 1385 cerebro,
947 1319 1234 1389 quomodo
1273 1319 1519 1373 Minerva
1566 1318 1633 1372 de
1662 1317 1815 1371 Jovis
1872 1331 1985 1367 ver-

293 1410 419 1473 tice.
455 1413 727 1479 tanquam
759 1407 923 1461 Liber
950 1412 1116 1477 pater
1152 1407 1221 1461 de
1267 1406 1529 1461 femore?
1579 1407 1649 1461 Ut
1698 1404 1993 1459 Christico-

299 1498 412 1551 lam
444 1499 513 1551 de
547 1496 794 1565 Virginis
823 1502 992 1567 partu
1025 1512 1143 1550 non
1193 1496 1466 1550 solemnis
1499 1501 1725 1559 natura,
1761 1494 1846 1546 vel
1886 1509 1994 1545 au-

298 1586 529 1640 ctoritas
590 1601 763 1639 sacrae
796 1584 1077 1651 lectionis,
1131 1585 1229 1639 sed
1289 1584 1623 1655 superstitio
1682 1580 1910 1653 gentilis
1941 1584 1999 1635 et

297 1677 625 1728 commenta
646 1673 993 1744 perdoceant
1020 1673 1299 1727 fabulosa.

968 1762 1191 1816 CAPUT
1240 1762 1328 1815 IV.

296 1853 502 1908 Auctor
554 1852 767 1920 profert
843 1852 1147 1905 testimonia
1193 1866 1260 1904 ea:
1316 1851 1496 1905 Veteri
1552 1850 1884 1903 Testamento
1935 1849 1997 1899 ut

435 1940 663 1995 suadeat
685 1941 958 1996 Christum
985 1956 1084 2009 per
1100 1940 1316 1993 vulvam
1364 1940 1611 2005 Virginis
1640 1938 1854 1991 exiisse.

370 2029 477 2083 Sed
521 2029 643 2097 jam
677 2044 835 2082 nunc
886 2028 1215 2082 testimonia
1252 2027 1565 2098 procedant
1622 2027 1681 2080 in
1740 2023 1996 2078 medium

306 2117 519 2181 divina,
551 2120 606 2170 et
639 2133 702 2170 ex
734 2115 814 2169 eis
837 2121 1030 2170 ortum
1082 2116 1367 2170 discamus
1422 2114 1752 2180 Salvatoris,
1786 2129 1857 2166 ne
1913 2112 1996 2165 fa-

302 2206 452 2262 bulis
492 2204 847 2275 decipiamur
889 2204 1048 2258 vanis
1080 2209 1135 2259 et
1178 2204 1336 2258 falsis
1397 2202 1767 2274 opinionibus
1799 2200 2000 2254 eluda-

305 2312 452 2350 mur.
511 2294 681 2349 Isaias
734 2299 909 2362 vates,
968 2299 1126 2348 ortus
1182 2294 1354 2363 hujus
1401 2308 1673 2347 arcanum
1715 2296 1995 2351 retexens,

309 2383 543 2438 «Dabit
594 2382 893 2449 Dominus,
936 2382 1131 2451 inquit
1187 2381 1307 2451 ipse
1362 2380 1521 2434 vobis
1575 2381 1828 2449 signum.
1867 2378 2001 2430 Ecce

306 2472 467 2540 virgo
524 2470 808 2540 concipiet
864 2476 920 2523 et
968 2469 1156 2539 pariet
1206 2470 1389 2522 tilium
1450 2468 1587 2538 (Isu.
1645 2483 1740 2533 vu,
1802 2467 1909 2534 14).
1973 2483 1999 2511 ››

310 2559 602 2628 Virginem
662 2557 971 2611 conﬁtetur
1031 2563 1461 2627 concepturam,
1522 2556 1815 2626 Virginem
1857 2552 2005 2624 pari-

312 2652 526 2712 turam,
594 2651 652 2700 et
704 2647 814 2699 hoc
863 2662 893 2698 a
957 2644 1199 2699 Domino
1258 2646 1485 2716 signum
1542 2645 1664 2699 fore
1729 2643 2004 2709 dandum,

314 2737 466 2807 quod
516 2741 829 2805 utrumque
868 2733 1208 2788 mirabiliter
1263 2734 1335 2791 sit
1383 2734 1599 2788 factura
1655 2733 1839 2802 virgo,
1890 2747 2005 2783 non

315 2824 468 2895 quod
493 2830 705 2895 praeter
738 2824 885 2876 viam
931 2826 1149 2876 naturae
1196 2828 1392 2892 partus
1436 2822 1506 2875 sit
1535 2821 1807 2875 exiturus.
1843 2819 2003 2883 Quod

2031 1648 2068 1702 Β

2083 440 2254 489 erunt
2282 434 2552 488 universa
2601 434 2861 500 confusa,
2895 440 2952 487 et
2998 451 3199 506 parere
3249 435 3676 506 concipereque
3730 435 3805 487 de

2084 523 2222 578 viris
2255 522 2426 577 etiam
2459 522 2819 593 suscipietur.
2853 523 2967 577 Cur
3007 540 3122 578 non
3153 528 3305 579 certe
3337 525 3457 578 haec
3484 525 3807 578 verborum

2088 613 2274 668 ofﬁcia
2304 612 2373 667 de
2415 612 2549 666 viris
2578 611 2987 683 prmdicentur,
3032 612 3077 665 si
3108 620 3307 685 partus
3340 614 3656 669 Salvatoris
3686 629 3806 666 non

2089 703 2239 756 viam
2269 701 2455 756 tenuit
2493 701 2665 767 uteri,
2701 701 2793 753 sed
2847 700 3018 754 exivit
3055 718 3428 773 quacunque.
3473 701 3691 767 Habes,
3752 706 3809 753 et

2090 791 2375 862 superbis,
2446 790 2829 861 patrocinium
2887 794 3188 860 poetarum
3220 790 3588 861 ﬁgmentum,
3636 794 3703 844 ut
3751 794 3809 843 et

2092 880 2354 950 concepit
2401 880 2485 933 vir
2515 882 2571 933 et
2601 878 2839 950 peperit.
2875 878 3059 942 Quod.
3092 879 3228 949 quia
3287 879 3657 933 Christianus
3720 895 3803 943 es,

2094 975 2149 1025 et
2180 969 2422 1039 eloquiis
2453 969 2764 1022 instructus
2803 968 3076 1034 veritatis,
3112 984 3230 1021 non
3270 968 3492 1036 dubito,
3544 967 3804 1038 repellis.

2096 1060 2217 1124 Qua
2246 1059 2313 1112 de
2338 1075 2397 1111 re
2424 1056 2748 1127 legitimum
2780 1059 3001 1110 natura:
3031 1072 3262 1110 cursum
3296 1057 3528 1110 vocibus
3582 1056 3807 1126 praedi-

2098 1152 2285 1202 catum
2326 1145 2629 1207 consuetis.
2681 1162 2794 1199 non
2846 1145 3118 1215 opinione
3150 1161 3294 1200 nova
3340 1149 3664 1215 pervertas,
3706 1145 3807 1198 sed

2098 1252 2231 1289 vera
2249 1235 2524 1289 etusitata
2546 1239 2801 1304 receptes
2824 1234 3317 1304 interpretatione.
3343 1236 3551 1288 Etcum
3572 1232 3807 1303 legeris,

2101 1324 2374 1392 audieris,
2433 1322 2917 1394 pronuntiaveris,
2974 1324 3061 1377 vel
3129 1323 3421 1393 Virginem
3492 1322 3802 1392 peperisse

2104 1412 2412 1480 Christum,
2446 1413 2534 1466 vel
2566 1417 2762 1466 natum
2796 1413 2865 1465 de
2898 1411 3127 1481 Virgine
3160 1412 3472 1480 Christum,
3506 1412 3668 1465 illico
3701 1410 3807 1464 tibi

2105 1503 2308 1558 semita
2339 1506 2556 1555 natura:
2582 1502 2760 1570 janua
2798 1501 2981 1554 vulvae
3030 1505 3308 1554 occurrat.
3352 1500 3559 1571 Sicque
3594 1505 3652 1553 te
3694 1515 3810 1553 non

2107 1607 2266 1646 error
2294 1606 2398 1662 per
2429 1590 2591 1644 devia
2611 1590 2799 1655 ducet,
2834 1590 2931 1644 Sed
2949 1606 3113 1643 verus
3134 1590 3457 1644 intellectus
3489 1589 3549 1641 in
3577 1589 3815 1642 tramite

2108 1684 2261 1735 recto
2294 1678 2529 1732 tenebit.
2591 1679 2669 1732 Ne
2702 1682 2893 1732 autem
2930 1677 3286 1749 argumentis
3326 1676 3445 1731 haec
3505 1676 3819 1730 videamur

2106 1773 2331 1823 tantum
2359 1766 2754 1836 comprobare,
2790 1767 3132 1820 testimoniis
3185 1766 3373 1820 dicere
3406 1782 3539 1820 vera
3574 1765 3651 1819 de
3683 1770 3815 1819 ortu

2108 1856 2410 1913 Salvatoris
2435 1871 2565 1927 quas
2598 1856 2905 1909 asserimus
2945 1872 3093 1909 esse.

2182 1946 2331 1999 Idem
2373 1944 2652 2015 propheta
2710 1943 2881 1997 Isaias
2916 1963 2927 1997 :
2968 1962 2996 1995 α
3040 1944 3104 1997 Et
3135 1942 3339 1996 accessi
3370 1943 3440 1997 ad
3480 1940 3818 2013 prophetis-

2108 2052 2252 2095 sam.
2286 2043 2338 2090 et
2368 2033 2631 2103 concepit
2660 2037 2715 2086 et
2745 2032 2968 2103 peperit
3007 2032 3190 2086 ﬁlium
3220 2049 3233 2086 :
3268 2036 3325 2085 et
3350 2031 3495 2085 dixit
3528 2031 3820 2085 Dominus

2110 2121 2177 2174 ad
2215 2137 2304 2175 me
2335 2139 2350 2174 :
2386 2121 2532 2174 Voca
2561 2121 2769 2173 nomen
2792 2120 2913 2190 ejus
2946 2120 3249 2174 :Accelera
3278 2120 3459 2189 spolia
3479 2119 3818 2183 detrahere,

2110 2209 2314 2263 festina
2370 2210 2777 2280 praedariUsa.
2832 2225 2949 2271 Vlll,
3025 2208 3130 2278 3)b
3201 2229 3229 2256 »
3288 2207 3531 2261 Adverte
3577 2212 3820 2277 partum

2110 2296 2347 2367 virginis
2400 2297 2726 2367 prophetali
2773 2296 3061 2367 signatum
3115 2294 3452 2349 ministerio.
3524 2294 3826 2365 Propheta

2112 2384 2345 2439 accessit
2372 2385 2442 2438 ad
2481 2384 2925 2455 prophetissam,
2962 2384 3096 2455 quia
3122 2383 3365 2455 Spiritus
3395 2388 3631 2437 sanctus
3668 2384 3825 2436 venit

2114 2474 2183 2528 ad
2236 2474 2466 2529 Mariam
2497 2489 2510 2527 :
2546 2473 2807 2543 concepit
2847 2473 2965 2538 illa,
2998 2478 3051 2526 et
3083 2474 3308 2544 peperit
3357 2472 3564 2535 tilium,
3635 2473 3825 2541 magis

2117 2562 2360 2634 Spiritus
2408 2562 2586 2616 sancti
2643 2562 2814 2628 dono,
2868 2578 3041 2632 quam
3091 2561 3400 2615 sementivo
3434 2561 3609 2614 virili.
3674 2561 3824 2625 Que-

2115 2652 2492 2706 madmodum
2539 2653 2677 2707 Sara
2727 2656 2779 2705 et
2841 2651 3138 2705 sterilitate
3170 2650 3496 2714 infecunda,
3542 2654 3601 2702 et
3663 2650 3827 2703 senio

2111 2741 2232 2811 jam
2261 2741 2490 2811 frigida,
2524 2745 2586 2794 ut
2607 2745 2790 2794 mater
2818 2740 2979 2811 virgo
3010 2740 3079 2793 de
3134 2740 3345 2810 Spiritu
3377 2743 3574 2792 sancto
3606 2743 3669 2792 et
3730 2740 3828 2791 im-

2115 2830 2469 2901 praagnanda
2497 2834 2552 2883 et
2589 2834 2861 2900 generata
2895 2829 3351 2899 prophetaretur.
3392 2829 3456 2881 Et
3502 2833 3827 2896 conceptus

318 2914 364 2967 Si
399 2917 547 3002 8558i
568 2912 849 2975 futurum.
884 2915 1217 3002 (ξροτψθτειι
1252 2910 1361 3002 ho?
1389 2905 2009 3002 Propheticoﬂlmtial‘i
2042 2953 2081 3002 ρ
2118 2935 2255 2989 ergo
2311 2924 2368 2973 et
2418 2924 2615 2989 partus
2661 2918 2721 2972 in
2761 2917 3120 2989 prophetissa
3145 2916 3421 2988 processit
3478 2920 3540 2970 ut
3583 2916 3827 2970 haeresis

320 3001 610 3072 mysterio,
671 2999 1159 3071 quemadmodum
1221 2999 1513 3070 virgineus
1585 2996 1881 3051 nuntiatus
1929 3000 2013 3048 est

319 3094 633 3159 conceptus
663 3094 718 3142 et
764 3093 978 3157 partus.
1028 3088 1136 3141 Nec
1167 3087 1320 3141 enim
1353 3087 1479 3141 talis
1509 3086 1683 3140 editio
1714 3084 1906 3138 minus
1933 3083 2013 3137 di-

321 3178 469 3231 vina:
499 3175 851 3247 operationis
882 3175 1167 3246 proferret
1217 3175 1463 3246 insigne,
1514 3174 1744 3245 quando
1792 3177 2012 3226 naturae

324 3267 473 3320 viam
496 3266 554 3319 in
582 3265 724 3318 alios
758 3264 1200 3334 transposuisset
1243 3265 1406 3317 ﬁnes.
1441 3264 1599 3316 Nunc
1628 3266 1821 3317 autem
1878 3260 2013 3314 viri-

323 3357 434 3408 lem
476 3369 784 3423 segregans
814 3367 1069 3423 operam,
1120 3356 1178 3405 et
1223 3350 1569 3421 integritatis
1597 3349 1893 3404 insinuans
1922 3349 2019 3403 do-

324 3459 488 3508 num,
526 3443 634 3496 hoc
665 3443 830 3495 docet
867 3456 900 3494 a
935 3440 1176 3494 Domino
1209 3439 1463 3509 signum,
1497 3439 1653 3510 quod
1693 3438 1917 3493 editura
1944 3437 2020 3491 sit

323 3532 484 3601 virgo
536 3531 907 3585 Salvatorem.
968 3531 1091 3584 Non
1138 3529 1292 3583 enim
1348 3535 1557 3600 praeter
1603 3532 1866 3582 naturam
1914 3542 2015 3580 no-

272 3628 277 3631 '
327 3636 458 3673 vum
488 3619 851 3689 parturiendi
897 3618 1163 3690 designat
1212 3618 1324 3671 iter
1354 3617 1564 3687 virgini
1598 3616 1790 3683 matri,
1848 3616 1943 3670 sed
1988 3630 2021 3668 a

324 3715 530 3763 natura
559 3710 755 3764 datum
806 3724 939 3763 cum
983 3707 1433 3778 incorruptionis
1467 3707 1658 3776 palma
1709 3704 2022 3759 nativitatis

327 3798 551 3852 dedicat
580 3798 954 3852 sublimitate.

399 3888 524 3941 Non
574 3892 718 3956 puto
766 3885 1171 3949 necessarium,
1203 3901 1307 3939 nec
1368 3883 1612 3938 brevitas
1641 3882 1920 3949 concedit,
1960 3885 2026 3935 ut

331 3975 401 4029 de
457 3979 577 4028 toto
633 3975 1056 4044 Scripturarum
1087 3988 1324 4042 corpore
1348 3971 1727 4042 subjiciantur
1765 3969 2029 4039 exempla

332 4062 541 4133 quibus
589 4061 688 4115 ﬁat
726 4062 1092 4115 manifestum
1123 4076 1326 4130 parere
1372 4064 1429 4113 et
1459 4075 1732 4129 generare
1768 4057 2024 4111 mulieri-

333 4150 437 4204 bus
470 4165 587 4203 non
634 4148 744 4203 nisi
792 4149 1051 4220 legitimo
1107 4148 1323 4202 ventris
1370 4146 1587 4201 oriﬁcio
1640 4146 1912 4213 concedi;
1964 4150 2028 4199 ut

332 4238 476 4293 illud
511 4252 525 4291 :
561 4256 588 4287 α
614 4236 813 4291 Mulier
842 4252 973 4307 quae
1004 4238 1283 4305 concepto
1311 4235 1529 4289 semine
1555 4235 1780 4307 peperit
1811 4251 2025 4288 mascu-
2057 4254 2096 4306 ι)

333 4327 516 4382 linum
548 4326 694 4395 (Lev.
738 4342 837 4391 xu,
870 4325 944 4395 2).
970 4346 997 4374 ››
1034 4326 1174 4379 Item
1209 4340 1222 4379 :
1261 4342 1289 4375 ‹‹
1320 4323 1621 4378 Sanctiﬁca
1668 4322 1809 4376 mihi
1854 4338 2028 4377 omne

334 4414 787 4486 primogenitum
837 4415 991 4485 quod
1043 4414 1231 4485 aperit
1278 4414 1505 4466 vulvam
1557 4412 1618 4466 in
1669 4412 1803 4467 ﬁliis
1856 4412 2027 4465 Israel

336 4504 543 4577 (Exod.
575 4520 693 4569 xm,
750 4504 822 4573 l).
853 4522 882 4555 ν
942 4503 998 4557 Si
1038 4502 1194 4556 enim
1252 4501 1462 4555 mulier
1491 4501 1654 4556 aliter
1709 4516 1882 4571 quam
1930 4516 2031 4571 per

337 4596 585 4659 vulvam,
621 4592 675 4647 id
709 4598 792 4646 est
822 4608 885 4645 os
916 4592 1083 4655 uteri,
1120 4595 1377 4661 generat,
1406 4590 1525 4659 jam
1555 4605 1671 4644 non
1702 4604 1872 4643 omne
1907 4590 2028 4659 pri-

339 4681 703 4752 mogenitum
748 4680 1137 4735 sanctiﬁcatur
1170 4678 1441 4743 Domino;
1468 4678 1564 4732 sed
1598 4677 1873 4748 quoniam
1923 4678 2033 4731 hoc

339 4773 576 4827 stultum
607 4770 817 4835 dicere,
850 4786 966 4823 non
1000 4769 1161 4838 virgo
1192 4766 1411 4837 genuit,
1462 4766 1573 4819 nisi
1631 4782 1734 4837 per
1776 4768 2029 4835 vulvam;

337 4866 395 4916 et
423 4861 600 4931 ipsius
629 4859 787 4913 verbi
806 4859 891 4913 vis
927 4856 1380 4927 signiﬁcatioque
1411 4854 1710 4908 manifeste
1742 4854 1839 4908 dat
1862 4854 2032 4908 intel-

343 4949 593 5019 ligentia:
614 4952 1021 5019 argumentum
1052 4963 1064 5001 :
1098 4951 1162 5001 ut
1180 4944 1334 4999 enim
1364 4945 1557 4999 videre
1588 4944 1655 4997 ad
1681 4944 1899 5008 oculos,
1939 4959 2035 4997 au-

340 5037 463 5092 dire
492 5038 562 5092 ad
594 5053 779 5100 aures,
830 5037 1073 5091 olfacere
1120 5035 1190 5090 ad
1230 5050 1416 5100 nares,
1450 5038 1679 5104 gustare
1702 5032 1771 5086 ad
1821 5032 2031 5098 fauces,

341 5126 420 5180 ita
446 5141 648 5197 parere
679 5124 927 5179 refertur
964 5124 1035 5179 ad
1085 5124 1331 5178 vulvam.
1365 5122 1636 5193 Alioquin
1662 5121 1711 5175 si
1740 5136 1843 5191 pro
1882 5119 2035 5173 arbi-

414 5296 439 5321 ι
489 5288 690 5341 Dissice
732 5290 988 5340 ventrem.
1049 5284 1323 5341 Acherius
1376 5283 1433 5337 in
1492 5281 1752 5352 margine
1812 5279 2039 5352 monuit

348 5358 656 5429 legendum
709 5354 1393 5429 fortassehdz'ssecanSub
1451 5353 1681 5429 initium
1715 5351 1916 5429 capitis
1947 5366 2036 5404 se-

345 5426 574 5555 quetntis
604 5444 667 5481 ex
712 5428 833 5483 cod.
878 5427 1019 5483 Dall.
1077 5426 1390 5498 adjecimus
1435 5428 1713 5492 conﬁtetur
1759 5427 1891 5479 ante
1920 5438 2039 5477 con-

347 5516 440 5555 cev
467 5514 642 5555 uram.
1306 5516 1309 5519 ν

347 5514 642 5570 cepturam.
1306 5516 1309 5519 δ

2067 2986 2081 3003 ι

2122 3009 2314 3062 futura
2337 3008 2729 3073 damnaretur,
2770 3023 3027 3061 asserens
3056 3005 3287 3060 Mariam
3319 3005 3682 3074 concepisse,
3727 3019 3827 3058 nec

2123 3102 2188 3152 ut
2210 3097 2483 3151 feminam
2506 3112 2825 3165 generasse.
2861 3095 2968 3149 Sed
2997 3093 3358 3165 prophetissa
3384 3108 3498 3146 non
3528 3092 3589 3145 in
3642 3093 3828 3146 altero

2125 3188 2288 3252 fallit,
2322 3188 2383 3240 in
2416 3188 2593 3240 altero
2617 3202 2815 3239 verum
2839 3185 3212 3255 praeﬁgurat;
3262 3182 3536 3253 quoniam
3570 3182 3824 3251 genitrix

2124 3276 2425 3331 Salvatoris
2454 3280 2512 3329 et
2539 3274 2699 3344 virgo
2726 3274 2794 3327 de
2816 3273 3030 3344 Spiritu
3056 3276 3252 3326 sancto
3279 3270 3561 3341 concepit,
3602 3274 3663 3324 et
3683 3270 3831 3323 sicut

2127 3365 2340 3421 femina
2371 3365 2522 3418 salvo
2550 3364 2767 3435 pudore
2797 3361 3112 3433 generavit.

2199 3456 2342 3510 Item
2368 3452 2503 3508 alibi
2536 3470 2547 3507 :
2585 3473 2612 3501 «
2639 3453 2862 3519 Rorate,
2888 3450 3035 3518 coeli,
3059 3450 3322 3520 desuper,
3342 3453 3400 3503 et
3419 3447 3601 3502 nubes
3626 3449 3832 3519 pluant

2123 3545 2375 3615 justum;
2434 3541 2727 3613 aperiatur
2775 3545 2945 3602 terra,
3008 3543 3064 3593 et
3124 3538 3412 3610 germinet
3466 3538 3829 3591 Salvatorem

2132 3635 2258 3703 (Isa.
2310 3648 2398 3698 xv,
2432 3634 2505 3699 8).
2538 3652 2564 3679 ››
2588 3628 2925 3684 Admirabili
2955 3643 3091 3682 sane
3146 3626 3419 3681 brevitate
3452 3626 3832 3696 propheticus

2130 3738 2340 3787 sermo,
2375 3724 2430 3775 et
2444 3718 2939 3773 annuntiationem
2970 3714 3161 3787 angeli
3191 3720 3248 3769 et
3279 3715 3709 3785 prophetarum
3750 3731 3833 3766 va-

2132 3810 2349 3878 ticinia,
2375 3812 2432 3863 et
2461 3812 2799 3877 conceptum
2832 3805 3088 3876 virginis,
3121 3808 3174 3857 et
3207 3804 3439 3857 modum
3494 3804 3833 3873 generatio-

2136 3900 2225 3953 nis
2250 3897 2528 3968 exposuit.
2565 3897 2765 3951 Ortum
2799 3894 3049 3964 denique
3080 3892 3288 3947 Christi
3322 3897 3378 3946 et
3408 3892 3651 3961 angelus
3700 3891 3838 3945 insi-

2139 3992 2296 4054 nuat,
2330 4002 2433 4040 nec
2458 3986 2753 4057 prophetae
2775 3987 2985 4050 tacent,
3007 3986 3063 4036 et
3086 3987 3283 4036 uterus
3302 3980 3541 4050 virginis
3573 3982 3839 4051 aperitur

2137 4077 2210 4131 ad
2240 4077 2522 4143 sobolem,
2554 4078 2609 4127 et
2658 4073 2888 4144 pudoris
2921 4072 3232 4125 claustrum
3262 4070 3551 4141 germinat
3582 4070 3840 4124 Salvato-

2141 4183 2285 4234 rem,
2314 4171 2379 4219 ut
2418 4165 2475 4218 in
2506 4163 2799 4234 apertione
2830 4161 3021 4216 videas
3073 4164 3415 4230 conceptum
3444 4158 3712 4227 virginis,
3786 4159 3840 4213 in

2136 4254 2393 4327 germine
2424 4252 2712 4323 intelligas
2750 4256 2981 4322 partum
3013 4249 3279 4320 pudoris;
3315 4253 3377 4301 ut
3407 4248 3563 4301 enim
3594 4264 3841 4318 germen

2136 4361 2341 4399 venam
2373 4346 2559 4397 servat
2614 4341 2883 4406 natalem,
2925 4355 3030 4393 nec
3084 4338 3273 4393 alieno
3322 4337 3541 4392 semine
3600 4354 3840 4392 concre—

2139 4439 2282 4499 tum,
2326 4432 2423 4486 sed
2464 4429 2753 4502 genitricis
2797 4434 2880 4483 est
2913 4427 3162 4499 propriae
3208 4426 3613 4491 sementivum,
3672 4426 3845 4496 juxta

2141 4522 2295 4595 quod
2326 4521 2559 4575 Genesis
2580 4523 2819 4573 testatur
2840 4518 2908 4572 de
2940 4517 3238 4571 arboribus
3261 4519 3317 4569 et
3338 4514 3531 4569 herbis
3556 4515 3838 4584 loquens:

2145 4635 2164 4660 ο
2203 4612 2375 4682 Cujus
2407 4626 2601 4664 semen
2654 4608 2742 4676 sit,
2794 4607 3081 4678 inquiens.
3129 4605 3190 4659 in
3220 4604 3525 4673 semetipso
3583 4604 3748 4674 (Gen.
3805 4620 3837 4667 ι,

2146 4700 2232 4771 ll)
2264 4717 2277 4755 :
2314 4721 2335 4748 ι
2372 4699 2451 4753 sic
2479 4698 2639 4768 virgo
2692 4696 2864 4751 Maria
2889 4712 3003 4749 non
3030 4695 3100 4749 de
3134 4694 3304 4759 virili,
3348 4693 3443 4747 sed
3475 4692 3545 4747 de
3595 4693 3839 4763 proprio

2143 4788 2358 4842 semine
2384 4786 2663 4856 concepit,
2702 4789 2758 4839 et
2783 4784 3015 4855 genitali
3042 4783 3164 4837 rivo
3205 4781 3466 4853 exposuit
3494 4787 3839 4850 conceptum

2145 4880 2449 4947 Propterea
2479 4876 2636 4945 virga
2664 4876 2853 4929 Aaron
2912 4872 3169 4942 aperitur
3202 4871 3259 4924 in
3291 4886 3549 4941 germen,
3585 4871 3840 4941 erumpit

2146 4966 2204 5019 in
2237 4966 2425 5033 tlores,
2455 4964 2553 5035 qui
2585 4962 2734 5017 foliis
2766 4961 3014 5015 dilatatis
3036 4961 3355 5014 formantur
3382 4958 3441 5011 in
3471 4957 3837 5027 amygdalas.

2145 5058 2208 5108 ut
2255 5052 2579 5107 insinuetur
2630 5050 2934 5120 coagulum
2978 5046 3236 5113 seminis,
3293 5046 3579 5100 concretio
3632 5061 3833 5100 conce-

2145 5147 2297 5214 ptus,
2359 5140 2638 5212 expositio
2706 5143 2920 5211 partus.
2990 5139 3057 5191 Et
3115 5133 3606 5207 quemadmodum
3684 5134 3841 5205 virga

2153 5370 2192 5423 Β
2215 5295 2511 5421 δΗΑᾴυθντε
2541 5297 2785 5365 partum.
2820 5290 3033 5347 Ultima
3061 5306 3163 5345 vox
3224 5287 3415 5343 addita
3455 5289 3595 5341 este
3651 5287 3840 5341 codice

2201 5386 2229 5421 a
2278 5383 2368 5421 an.

2201 5383 2368 5421 anim.
