  <div class='ocr_page' id='page_1' title='image "/cluster/home/n/w/nwhite01/storage/ocr_20150623/121/uva.x000827051/052.png"; bbox 0 0 3920 6224; ppageno 0'>
   <div class='ocr_carea' id='block_1_1' title="bbox 96 275 3609 335">
    <p class='ocr_par' dir='ltr' id='par_1_1' title="bbox 96 275 3609 335">
     <span class='ocr_line' id='line_1_1' title="bbox 96 275 3609 335; baseline -0.001 0"><span class='ocrx_word' id='word_1_1' title='bbox 96 283 159 335; x_wconf 81' lang='lat'>89</span> <span class='ocrx_word' id='word_1_2' title='bbox 1292 280 1499 335; x_wconf 80' lang='lat' dir='ltr'>LIBER</span> <span class='ocrx_word' id='word_1_3' title='bbox 1544 280 1632 335; x_wconf 86' lang='lat' dir='ltr'>DE</span> <span class='ocrx_word' id='word_1_4' title='bbox 1671 277 2081 333; x_wconf 76' lang='lat' dir='ltr'>NA&#39;I‘IVI&#39;I‘A&#39;I&#39;E</span> <span class='ocrx_word' id='word_1_5' title='bbox 2121 275 2418 332; x_wconf 73' lang='lat' dir='ltr'>CHRISTI.</span> <span class='ocrx_word' id='word_1_6' title='bbox 3541 280 3609 332; x_wconf 84' lang='lat'>90</span> 
     </span>
    </p>
   </div>
   <div class='ocr_carea' id='block_1_2' title="bbox 95 411 3607 486">
    <p class='ocr_par' dir='ltr' id='par_1_2' title="bbox 95 411 3607 486">
     <span class='ocr_line' id='line_1_2' title="bbox 95 411 3607 486; baseline -0.001 -16"><span class='ocrx_word' id='word_1_7' title='bbox 95 419 275 470; x_wconf 77' lang='lat' dir='ltr'>Aaron</span> <span class='ocrx_word' id='word_1_8' title='bbox 319 414 572 486; x_wconf 91' lang='lat' dir='ltr'>protulit</span> <span class='ocrx_word' id='word_1_9' title='bbox 629 415 851 470; x_wconf 80' lang='lat' dir='ltr'>telluris</span> <span class='ocrx_word' id='word_1_10' title='bbox 889 414 1103 486; x_wconf 77' lang='lat' dir='ltr'>absque</span> <span class='ocrx_word' id='word_1_11' title='bbox 1160 414 1685 469; x_wconf 90' lang='lat' dir='ltr'>subministratioue</span> <span class='ocrx_word' id='word_1_12' title='bbox 1742 419 1797 469; x_wconf 87' lang='lat' dir='ltr'>et</span> <span class='ocrx_word' id='word_1_13' title='bbox 1826 416 1872 469; x_wconf 82' lang='lat' dir='ltr'><strong>A</strong></span> <span class='ocrx_word' id='word_1_14' title='bbox 1909 412 2330 468; x_wconf 89' lang='lat' dir='ltr'>difﬁcilioribus</span> <span class='ocrx_word' id='word_1_15' title='bbox 2353 417 2410 466; x_wconf 92' lang='lat' dir='ltr'>et</span> <span class='ocrx_word' id='word_1_16' title='bbox 2440 411 2691 483; x_wconf 77' lang='lat' dir='ltr'>mysticis</span> <span class='ocrx_word' id='word_1_17' title='bbox 2717 411 3296 467; x_wconf 85' lang='lat' dir='ltr'>locisimmoramur?</span> <span class='ocrx_word' id='word_1_18' title='bbox 3317 413 3386 469; x_wconf 90' lang='lat' dir='ltr'>ad</span> <span class='ocrx_word' id='word_1_19' title='bbox 3410 418 3607 484; x_wconf 89' lang='lat' dir='ltr'>aperta</span> 
     </span>
    </p>
   </div>
   <div class='ocr_carea' id='block_1_3' title="bbox 94 503 1797 575">
    <p class='ocr_par' dir='ltr' id='par_1_3' title="bbox 94 503 1797 575">
     <span class='ocr_line' id='line_1_3' title="bbox 94 503 1797 575; baseline -0.001 -17"><span class='ocrx_word' id='word_1_20' title='bbox 94 505 352 559; x_wconf 86' lang='lat' dir='ltr'>humoris</span> <span class='ocrx_word' id='word_1_21' title='bbox 442 504 812 575; x_wconf 88' lang='lat' dir='ltr'>irrigatione,</span> <span class='ocrx_word' id='word_1_22' title='bbox 866 504 1083 559; x_wconf 88' lang='lat' dir='ltr'>nativas</span> <span class='ocrx_word' id='word_1_23' title='bbox 1137 509 1328 559; x_wconf 89' lang='lat' dir='ltr'>tamen</span> <span class='ocrx_word' id='word_1_24' title='bbox 1382 520 1486 574; x_wconf 91' lang='lat' dir='ltr'>per</span> <span class='ocrx_word' id='word_1_25' title='bbox 1549 503 1797 571; x_wconf 79' lang='lat' dir='ltr'>semitas,</span> 
     </span>
    </p>
   </div>
   <div class='ocr_carea' id='block_1_4' title="bbox 92 592 1799 664">
    <p class='ocr_par' dir='ltr' id='par_1_4' title="bbox 92 592 1799 664">
     <span class='ocr_line' id='line_1_4' title="bbox 92 592 1799 664; baseline 0.001 -19"><span class='ocrx_word' id='word_1_26' title='bbox 92 608 350 661; x_wconf 79' lang='lat' dir='ltr'>germen,</span> <span class='ocrx_word' id='word_1_27' title='bbox 383 592 559 646; x_wconf 83' lang='lat' dir='ltr'>ﬂores</span> <span class='ocrx_word' id='word_1_28' title='bbox 610 598 668 648; x_wconf 91' lang='lat' dir='ltr'>et</span> <span class='ocrx_word' id='word_1_29' title='bbox 718 594 997 659; x_wconf 86' lang='lat' dir='ltr'>fructum;</span> <span class='ocrx_word' id='word_1_30' title='bbox 1031 593 1111 646; x_wconf 90' lang='lat' dir='ltr'>sic</span> <span class='ocrx_word' id='word_1_31' title='bbox 1166 598 1348 648; x_wconf 89' lang='lat' dir='ltr'>mater</span> <span class='ocrx_word' id='word_1_32' title='bbox 1394 594 1552 664; x_wconf 88' lang='lat' dir='ltr'>virgo</span> <span class='ocrx_word' id='word_1_33' title='bbox 1586 610 1697 647; x_wconf 91' lang='lat' dir='ltr'>non</span> <span class='ocrx_word' id='word_1_34' title='bbox 1732 594 1799 647; x_wconf 91' lang='lat' dir='ltr'>de</span> 
     </span>
    </p>
   </div>
   <div class='ocr_carea' id='block_1_5' title="bbox 95 681 1801 752">
    <p class='ocr_par' dir='ltr' id='par_1_5' title="bbox 95 681 1801 752">
     <span class='ocr_line' id='line_1_5' title="bbox 95 681 1801 752; baseline 0.002 -21"><span class='ocrx_word' id='word_1_35' title='bbox 95 681 400 751; x_wconf 71' lang='lat' dir='ltr'>voluptatis</span> <span class='ocrx_word' id='word_1_36' title='bbox 463 682 610 747; x_wconf 87' lang='lat' dir='ltr'>rivo,</span> <span class='ocrx_word' id='word_1_37' title='bbox 674 698 780 735; x_wconf 90' lang='lat' dir='ltr'>nec</span> <span class='ocrx_word' id='word_1_38' title='bbox 837 682 905 736; x_wconf 93' lang='lat' dir='ltr'>de</span> <span class='ocrx_word' id='word_1_39' title='bbox 965 682 1213 736; x_wconf 81' lang='lat' dir='ltr'>maritali</span> <span class='ocrx_word' id='word_1_40' title='bbox 1272 681 1636 749; x_wconf 90' lang='lat' dir='ltr'>commercio,</span> <span class='ocrx_word' id='word_1_41' title='bbox 1696 697 1801 752; x_wconf 90' lang='lat' dir='ltr'>ge-</span> 
     </span>
    </p>
   </div>
   <div class='ocr_carea' id='block_1_6' title="bbox 94 769 1799 841">
    <p class='ocr_par' dir='ltr' id='par_1_6' title="bbox 94 769 1799 841">
     <span class='ocr_line' id='line_1_6' title="bbox 94 769 1799 841; baseline 0.002 -20"><span class='ocrx_word' id='word_1_42' title='bbox 94 769 330 823; x_wconf 88' lang='lat' dir='ltr'>nitalem</span> <span class='ocrx_word' id='word_1_43' title='bbox 361 774 562 824; x_wconf 88' lang='lat' dir='ltr'>tamen</span> <span class='ocrx_word' id='word_1_44' title='bbox 609 787 713 841; x_wconf 89' lang='lat' dir='ltr'>per</span> <span class='ocrx_word' id='word_1_45' title='bbox 742 770 1002 823; x_wconf 81' lang='lat' dir='ltr'>semitam</span> <span class='ocrx_word' id='word_1_46' title='bbox 1048 769 1251 841; x_wconf 81' lang='lat' dir='ltr'>genuit</span> <span class='ocrx_word' id='word_1_47' title='bbox 1280 786 1511 824; x_wconf 88' lang='lat' dir='ltr'>carnem</span> <span class='ocrx_word' id='word_1_48' title='bbox 1553 770 1799 825; x_wconf 85' lang='lat' dir='ltr'>Verbum</span> 
     </span>
    </p>
   </div>
   <div class='ocr_carea' id='block_1_7' title="bbox 98 857 337 913">
    <p class='ocr_par' dir='ltr' id='par_1_7' title="bbox 98 857 337 913">
     <span class='ocr_line' id='line_1_7' title="bbox 98 857 337 913; baseline 0.017 -4"><span class='ocrx_word' id='word_1_49' title='bbox 98 857 313 912; x_wconf 89' lang='lat' dir='ltr'>factum</span> <span class='ocrx_word' id='word_1_50' title='bbox 324 898 337 913; x_wconf 94' lang='lat'>.</span> 
     </span>
    </p>
   </div>
   <div class='ocr_carea' id='block_1_8' title="bbox 790 965 1114 1021">
    <p class='ocr_par' dir='ltr' id='par_1_8' title="bbox 790 965 1114 1021">
     <span class='ocr_line' id='line_1_8' title="bbox 790 965 1114 1021; baseline -0.009 0"><span class='ocrx_word' id='word_1_51' title='bbox 790 965 1013 1021; x_wconf 84' lang='lat' dir='ltr'>CAPUT</span> <span class='ocrx_word' id='word_1_52' title='bbox 1053 966 1114 1019; x_wconf 89' lang='lat' dir='ltr'>V.</span> 
     </span>
    </p>
   </div>
   <div class='ocr_carea' id='block_1_9' title="bbox 707 1092 1206 1144">
    <p class='ocr_par' dir='ltr' id='par_1_9' title="bbox 707 1092 1206 1144">
     <span class='ocr_line' id='line_1_9' title="bbox 707 1092 1206 1144; baseline -0.002 0"><span class='ocrx_word' id='word_1_53' title='bbox 707 1092 1035 1144; x_wconf 76' lang='lat' dir='ltr'>Testimouia</span> <span class='ocrx_word' id='word_1_54' title='bbox 1072 1092 1206 1144; x_wconf 83' lang='lat' dir='ltr'>alia.</span> 
     </span>
    </p>
   </div>
   <div class='ocr_carea' id='block_1_10' title="bbox 164 1211 1802 1284">
    <p class='ocr_par' dir='ltr' id='par_1_10' title="bbox 164 1211 1802 1284">
     <span class='ocr_line' id='line_1_10' title="bbox 164 1211 1802 1284; baseline 0.001 -19"><span class='ocrx_word' id='word_1_55' title='bbox 164 1211 465 1274; x_wconf 79' lang='lat' dir='ltr'>Ieremias,</span> <span class='ocrx_word' id='word_1_56' title='bbox 496 1228 730 1283; x_wconf 88' lang='lat' dir='ltr'>quoque</span> <span class='ocrx_word' id='word_1_57' title='bbox 783 1213 935 1267; x_wconf 88' lang='lat' dir='ltr'>hunc</span> <span class='ocrx_word' id='word_1_58' title='bbox 992 1229 1219 1267; x_wconf 84' lang='lat' dir='ltr'>sacrum</span> <span class='ocrx_word' id='word_1_59' title='bbox 1282 1212 1528 1284; x_wconf 80' lang='lat' dir='ltr'>Virginis</span> <span class='ocrx_word' id='word_1_60' title='bbox 1572 1217 1802 1283; x_wconf 89' lang='lat' dir='ltr'>partum</span> 
     </span>
    </p>
   </div>
   <div class='ocr_carea' id='block_1_11' title="bbox 95 1298 1804 1373">
    <p class='ocr_par' dir='ltr' id='par_1_11' title="bbox 95 1298 1804 1373">
     <span class='ocr_line' id='line_1_11' title="bbox 95 1298 1804 1373; baseline 0.002 -22"><span class='ocrx_word' id='word_1_61' title='bbox 95 1298 472 1369; x_wconf 63' lang='lat' dir='ltr'>praesagiens,</span> <span class='ocrx_word' id='word_1_62' title='bbox 508 1300 633 1354; x_wconf 86' lang='lat' dir='ltr'>ait:</span> <span class='ocrx_word' id='word_1_63' title='bbox 690 1322 717 1349; x_wconf 90' lang='grc'>‹‹</span> <span class='ocrx_word' id='word_1_64' title='bbox 752 1302 977 1356; x_wconf 85' lang='lat' dir='ltr'>Creabit</span> <span class='ocrx_word' id='word_1_65' title='bbox 1032 1301 1311 1356; x_wconf 87' lang='lat' dir='ltr'>Dominus</span> <span class='ocrx_word' id='word_1_66' title='bbox 1367 1317 1578 1356; x_wconf 87' lang='lat' dir='ltr'>novum</span> <span class='ocrx_word' id='word_1_67' title='bbox 1633 1318 1804 1373; x_wconf 82' lang='lat' dir='ltr'>super</span> 
     </span>
    </p>
   </div>
   <div class='ocr_carea' id='block_1_12' title="bbox 94 1387 1800 1459">
    <p class='ocr_par' dir='ltr' id='par_1_12' title="bbox 94 1387 1800 1459">
     <span class='ocr_line' id='line_1_12' title="bbox 94 1387 1800 1459; baseline 0.001 -20"><span class='ocrx_word' id='word_1_68' title='bbox 94 1392 313 1440; x_wconf 89' lang='lat' dir='ltr'>terram</span> <span class='ocrx_word' id='word_1_69' title='bbox 357 1402 372 1440; x_wconf 90' lang='lat'><strong>:</strong></span> <span class='ocrx_word' id='word_1_70' title='bbox 402 1387 619 1441; x_wconf 86' lang='lat' dir='ltr'>femina</span> <span class='ocrx_word' id='word_1_71' title='bbox 652 1388 1031 1443; x_wconf 89' lang='lat' dir='ltr'>circumdabit</span> <span class='ocrx_word' id='word_1_72' title='bbox 1062 1390 1245 1443; x_wconf 88' lang='lat' dir='ltr'>virum</span> <span class='ocrx_word' id='word_1_73' title='bbox 1286 1392 1416 1457; x_wconf 76' lang='lat' dir='ltr'>(Jer.</span> <span class='ocrx_word' id='word_1_74' title='bbox 1450 1406 1603 1457; x_wconf 71' lang='lat' dir='ltr'><strong>xxxn,</strong></span> <span class='ocrx_word' id='word_1_75' title='bbox 1638 1390 1746 1459; x_wconf 78' lang='lat'>&#39;22).</span> <span class='ocrx_word' id='word_1_76' title='bbox 1775 1409 1800 1440; x_wconf 75' lang='grc' dir='ltr'>ι)</span> 
     </span>
    </p>
   </div>
   <div class='ocr_carea' id='block_1_13' title="bbox 100 1476 1805 1547">
    <p class='ocr_par' dir='ltr' id='par_1_13' title="bbox 100 1476 1805 1547">
     <span class='ocr_line' id='line_1_13' title="bbox 100 1476 1805 1547; baseline 0.001 -17"><span class='ocrx_word' id='word_1_77' title='bbox 100 1476 377 1530; x_wconf 87' lang='lat' dir='ltr'>Discerne</span> <span class='ocrx_word' id='word_1_78' title='bbox 436 1476 577 1546; x_wconf 92' lang='lat' dir='ltr'>quid</span> <span class='ocrx_word' id='word_1_79' title='bbox 625 1492 841 1530; x_wconf 88' lang='lat' dir='ltr'>novum</span> <span class='ocrx_word' id='word_1_80' title='bbox 887 1477 1095 1532; x_wconf 78' lang='lat' dir='ltr'>dixerit</span> <span class='ocrx_word' id='word_1_81' title='bbox 1139 1483 1393 1533; x_wconf 88' lang='lat' dir='ltr'>creatum</span> <span class='ocrx_word' id='word_1_82' title='bbox 1441 1479 1534 1547; x_wconf 90' lang='lat' dir='ltr'>iri,</span> <span class='ocrx_word' id='word_1_83' title='bbox 1592 1478 1805 1532; x_wconf 79' lang='lat' dir='ltr'>scilicet</span> 
     </span>
    </p>
   </div>
   <div class='ocr_carea' id='block_1_14' title="bbox 96 1562 1802 1638">
    <p class='ocr_par' dir='ltr' id='par_1_14' title="bbox 96 1562 1802 1638">
     <span class='ocr_line' id='line_1_14' title="bbox 96 1562 1802 1638; baseline 0.002 -23"><span class='ocrx_word' id='word_1_84' title='bbox 96 1564 253 1633; x_wconf 86' lang='lat' dir='ltr'>quod</span> <span class='ocrx_word' id='word_1_85' title='bbox 292 1562 542 1617; x_wconf 78' lang='lat' dir='ltr'>femineo</span> <span class='ocrx_word' id='word_1_86' title='bbox 571 1569 793 1618; x_wconf 89' lang='lat' dir='ltr'>tantum</span> <span class='ocrx_word' id='word_1_87' title='bbox 829 1565 1045 1619; x_wconf 87' lang='lat' dir='ltr'>semine</span> <span class='ocrx_word' id='word_1_88' title='bbox 1079 1566 1261 1621; x_wconf 86' lang='lat' dir='ltr'>sancti</span> <span class='ocrx_word' id='word_1_89' title='bbox 1292 1567 1535 1637; x_wconf 87' lang='lat' dir='ltr'>Spiritus</span> <span class='ocrx_word' id='word_1_90' title='bbox 1557 1584 1659 1638; x_wconf 92' lang='lat' dir='ltr'>per</span> <span class='ocrx_word' id='word_1_91' title='bbox 1691 1567 1802 1620; x_wconf 90' lang='lat' dir='ltr'>mi-</span> 
     </span>
    </p>
   </div>
   <div class='ocr_carea' id='block_1_15' title="bbox 1907 500 3605 569">
    <p class='ocr_par' dir='ltr' id='par_1_15' title="bbox 1907 500 3605 569">
     <span class='ocr_line' id='line_1_15' title="bbox 1907 500 3605 569; baseline 0.001 -14"><span class='ocrx_word' id='word_1_92' title='bbox 1907 502 2224 567; x_wconf 88' lang='lat' dir='ltr'>veniamus,</span> <span class='ocrx_word' id='word_1_93' title='bbox 2256 506 2313 556; x_wconf 90' lang='lat' dir='ltr'>et</span> <span class='ocrx_word' id='word_1_94' title='bbox 2359 500 2428 556; x_wconf 91' lang='lat' dir='ltr'>de</span> <span class='ocrx_word' id='word_1_95' title='bbox 2460 500 2766 555; x_wconf 81' lang='lat' dir='ltr'>domorum</span> <span class='ocrx_word' id='word_1_96' title='bbox 2797 501 3078 569; x_wconf 82' lang='lat' dir='ltr'>claustris,</span> <span class='ocrx_word' id='word_1_97' title='bbox 3113 502 3170 557; x_wconf 89' lang='lat' dir='ltr'>id</span> <span class='ocrx_word' id='word_1_98' title='bbox 3220 505 3307 557; x_wconf 90' lang='lat' dir='ltr'>est</span> <span class='ocrx_word' id='word_1_99' title='bbox 3366 506 3605 556; x_wconf 89' lang='lat' dir='ltr'>secreto-</span> 
     </span>
    </p>
   </div>
   <div class='ocr_carea' id='block_1_16' title="bbox 1908 589 3604 662">
    <p class='ocr_par' dir='ltr' id='par_1_16' title="bbox 1908 589 3604 662">
     <span class='ocr_line' id='line_1_16' title="bbox 1908 589 3604 662; baseline -0.002 -17"><span class='ocrx_word' id='word_1_100' title='bbox 1908 607 2037 645; x_wconf 85' lang='lat' dir='ltr'>rum</span> <span class='ocrx_word' id='word_1_101' title='bbox 2096 589 2297 660; x_wconf 90' lang='lat' dir='ltr'>ﬁguris</span> <span class='ocrx_word' id='word_1_102' title='bbox 2348 589 2415 644; x_wconf 89' lang='lat' dir='ltr'>ad</span> <span class='ocrx_word' id='word_1_103' title='bbox 2479 594 2773 660; x_wconf 88' lang='lat' dir='ltr'>portarum</span> <span class='ocrx_word' id='word_1_104' title='bbox 2830 590 3195 645; x_wconf 84' lang='lat' dir='ltr'>latitudinem</span> <span class='ocrx_word' id='word_1_105' title='bbox 3265 590 3604 662; x_wconf 87' lang='lat' dir='ltr'>migremns,</span> 
     </span>
    </p>
   </div>
   <div class='ocr_carea' id='block_1_17' title="bbox 1908 677 3603 750">
    <p class='ocr_par' dir='ltr' id='par_1_17' title="bbox 1908 677 3603 750">
     <span class='ocr_line' id='line_1_17' title="bbox 1908 677 3603 750; baseline 0 -17"><span class='ocrx_word' id='word_1_106' title='bbox 1908 683 2189 750; x_wconf 82' lang='lat' dir='ltr'>quatenus</span> <span class='ocrx_word' id='word_1_107' title='bbox 2213 677 2449 747; x_wconf 89' lang='lat' dir='ltr'>vestigia</span> <span class='ocrx_word' id='word_1_108' title='bbox 2477 677 2694 749; x_wconf 84' lang='lat' dir='ltr'>sponsi,</span> <span class='ocrx_word' id='word_1_109' title='bbox 2731 682 2788 732; x_wconf 90' lang='lat' dir='ltr'>et</span> <span class='ocrx_word' id='word_1_110' title='bbox 2832 677 3167 733; x_wconf 87' lang='lat' dir='ltr'>emissiones</span> <span class='ocrx_word' id='word_1_111' title='bbox 3197 695 3442 750; x_wconf 66' lang='lat' dir='ltr'>sponsae,</span> <span class='ocrx_word' id='word_1_112' title='bbox 3497 679 3603 733; x_wconf 88' lang='lat' dir='ltr'>sub</span> 
     </span>
    </p>
   </div>
   <div class='ocr_carea' id='block_1_18' title="bbox 1907 766 2544 837">
    <p class='ocr_par' dir='ltr' id='par_1_18' title="bbox 1907 766 2544 837">
     <span class='ocr_line' id='line_1_18' title="bbox 1907 766 2544 837; baseline -0.006 -15"><span class='ocrx_word' id='word_1_113' title='bbox 1907 768 2036 822; x_wconf 88' lang='lat' dir='ltr'>divo</span> <span class='ocrx_word' id='word_1_114' title='bbox 2067 766 2544 837; x_wconf 88' lang='lat' dir='ltr'>contemplemur.</span> 
     </span>
    </p>
   </div>
   <div class='ocr_carea' id='block_1_19' title="bbox 1979 853 3604 924">
    <p class='ocr_par' dir='ltr' id='par_1_19' title="bbox 1979 853 3604 924">
     <span class='ocr_line' id='line_1_19' title="bbox 1979 853 3604 924; baseline 0 -16"><span class='ocrx_word' id='word_1_115' title='bbox 1979 855 2042 908; x_wconf 93' lang='lat' dir='ltr'>In</span> <span class='ocrx_word' id='word_1_116' title='bbox 2090 855 2215 924; x_wconf 87' lang='lat' dir='ltr'>lege</span> <span class='ocrx_word' id='word_1_117' title='bbox 2266 870 2436 908; x_wconf 90' lang='lat' dir='ltr'>omne</span> <span class='ocrx_word' id='word_1_118' title='bbox 2494 853 2951 924; x_wconf 85' lang='lat' dir='ltr'>primogenitum</span> <span class='ocrx_word' id='word_1_119' title='bbox 3004 854 3419 909; x_wconf 89' lang='lat' dir='ltr'>sanctiﬁcatum</span> <span class='ocrx_word' id='word_1_120' title='bbox 3481 859 3604 909; x_wconf 88' lang='lat' dir='ltr'>erat</span> 
     </span>
    </p>
   </div>
   <div class='ocr_carea' id='block_1_20' title="bbox 1911 942 3605 1014">
    <p class='ocr_par' dir='ltr' id='par_1_20' title="bbox 1911 942 3605 1014">
     <span class='ocr_line' id='line_1_20' title="bbox 1911 942 3605 1014; baseline 0 -17"><span class='ocrx_word' id='word_1_121' title='bbox 1911 943 2179 1010; x_wconf 90' lang='lat' dir='ltr'>Domino,</span> <span class='ocrx_word' id='word_1_122' title='bbox 2231 942 2563 1014; x_wconf 89' lang='lat' dir='ltr'>signiﬁcans</span> <span class='ocrx_word' id='word_1_123' title='bbox 2602 959 2734 997; x_wconf 88' lang='lat' dir='ltr'>eum</span> <span class='ocrx_word' id='word_1_124' title='bbox 2766 942 2866 1013; x_wconf 88' lang='lat' dir='ltr'>qui</span> <span class='ocrx_word' id='word_1_125' title='bbox 2920 942 3075 996; x_wconf 90' lang='lat' dir='ltr'>solus</span> <span class='ocrx_word' id='word_1_126' title='bbox 3120 948 3347 996; x_wconf 87' lang='lat' dir='ltr'>sanctus</span> <span class='ocrx_word' id='word_1_127' title='bbox 3395 947 3452 997; x_wconf 91' lang='lat' dir='ltr'>et</span> <span class='ocrx_word' id='word_1_128' title='bbox 3482 943 3605 997; x_wconf 91' lang='lat' dir='ltr'>sine</span> 
     </span>
    </p>
   </div>
   <div class='ocr_carea' id='block_1_21' title="bbox 1908 1031 3605 1102">
    <p class='ocr_par' dir='ltr' id='par_1_21' title="bbox 1908 1031 3605 1102">
     <span class='ocr_line' id='line_1_21' title="bbox 1908 1031 3605 1102; baseline -0.001 -16"><span class='ocrx_word' id='word_1_129' title='bbox 1908 1036 2138 1102; x_wconf 88' lang='lat' dir='ltr'>peccato</span> <span class='ocrx_word' id='word_1_130' title='bbox 2166 1037 2335 1085; x_wconf 88' lang='lat' dir='ltr'>natus</span> <span class='ocrx_word' id='word_1_131' title='bbox 2374 1037 2477 1085; x_wconf 91' lang='lat' dir='ltr'>est.</span> <span class='ocrx_word' id='word_1_132' title='bbox 2510 1031 2599 1086; x_wconf 86' lang='lat' dir='ltr'>Sic</span> <span class='ocrx_word' id='word_1_133' title='bbox 2646 1032 2801 1085; x_wconf 89' lang='lat' dir='ltr'>enim</span> <span class='ocrx_word' id='word_1_134' title='bbox 2854 1047 3025 1101; x_wconf 88' lang='lat' dir='ltr'>super</span> <span class='ocrx_word' id='word_1_135' title='bbox 3071 1032 3181 1085; x_wconf 87' lang='lat' dir='ltr'>hoc</span> <span class='ocrx_word' id='word_1_136' title='bbox 3236 1032 3414 1085; x_wconf 88' lang='lat' dir='ltr'>habes</span> <span class='ocrx_word' id='word_1_137' title='bbox 3468 1031 3605 1084; x_wconf 87' lang='lat' dir='ltr'>scri-</span> 
     </span>
    </p>
   </div>
   <div class='ocr_carea' id='block_1_22' title="bbox 1909 1120 3606 1193">
    <p class='ocr_par' dir='ltr' id='par_1_22' title="bbox 1909 1120 3606 1193">
     <span class='ocr_line' id='line_1_22' title="bbox 1909 1120 3606 1193; baseline -0.001 -18"><span class='ocrx_word' id='word_1_138' title='bbox 1909 1127 2071 1193; x_wconf 89' lang='lat' dir='ltr'>ptum</span> <span class='ocrx_word' id='word_1_139' title='bbox 2104 1139 2115 1176; x_wconf 92' lang='lat'>:</span> <span class='ocrx_word' id='word_1_140' title='bbox 2153 1140 2178 1174; x_wconf 75' lang='grc' dir='ltr'><strong>α</strong></span> <span class='ocrx_word' id='word_1_141' title='bbox 2211 1122 2565 1176; x_wconf 88' lang='lat' dir='ltr'>Sanctiﬁcate</span> <span class='ocrx_word' id='word_1_142' title='bbox 2598 1120 2740 1175; x_wconf 89' lang='lat' dir='ltr'>mihi</span> <span class='ocrx_word' id='word_1_143' title='bbox 2772 1137 2942 1175; x_wconf 91' lang='lat' dir='ltr'>omne</span> <span class='ocrx_word' id='word_1_144' title='bbox 2968 1121 3422 1191; x_wconf 87' lang='lat' dir='ltr'>primogenitum</span> <span class='ocrx_word' id='word_1_145' title='bbox 3452 1121 3606 1191; x_wconf 85' lang='lat' dir='ltr'>quod</span> 
     </span>
    </p>
   </div>
   <div class='ocr_carea' id='block_1_23' title="bbox 1909 1209 3606 1282">
    <p class='ocr_par' dir='ltr' id='par_1_23' title="bbox 1909 1209 3606 1282">
     <span class='ocr_line' id='line_1_23' title="bbox 1909 1209 3606 1282; baseline -0.001 -18"><span class='ocrx_word' id='word_1_146' title='bbox 1909 1210 2091 1282; x_wconf 90' lang='lat' dir='ltr'>aperit</span> <span class='ocrx_word' id='word_1_147' title='bbox 2121 1210 2349 1264; x_wconf 91' lang='lat' dir='ltr'>vulvam</span> <span class='ocrx_word' id='word_1_148' title='bbox 2414 1210 2476 1263; x_wconf 93' lang='lat' dir='ltr'>in</span> <span class='ocrx_word' id='word_1_149' title='bbox 2544 1210 2712 1263; x_wconf 88' lang='lat' dir='ltr'>Israel</span> <span class='ocrx_word' id='word_1_150' title='bbox 2784 1209 2991 1280; x_wconf 74' lang='lat' dir='ltr'>(Exod.</span> <span class='ocrx_word' id='word_1_151' title='bbox 3057 1226 3173 1277; x_wconf 82' lang='lat' dir='ltr'>xm,</span> <span class='ocrx_word' id='word_1_152' title='bbox 3230 1210 3352 1280; x_wconf 80' lang='grc'>1).»</span> <span class='ocrx_word' id='word_1_153' title='bbox 3415 1211 3606 1263; x_wconf 91' lang='lat' dir='ltr'>Item:</span> 
     </span>
    </p>
   </div>
   <div class='ocr_carea' id='block_1_24' title="bbox 1914 1298 3609 1370">
    <p class='ocr_par' dir='ltr' id='par_1_24' title="bbox 1914 1298 3609 1370">
     <span class='ocr_line' id='line_1_24' title="bbox 1914 1298 3609 1370; baseline -0.001 -17"><span class='ocrx_word' id='word_1_154' title='bbox 1914 1320 1941 1347; x_wconf 86' lang='grc'>‹‹</span> <span class='ocrx_word' id='word_1_155' title='bbox 1968 1300 2224 1370; x_wconf 88' lang='lat' dir='ltr'>Cumque</span> <span class='ocrx_word' id='word_1_156' title='bbox 2252 1299 2634 1353; x_wconf 86' lang='lat' dir='ltr'>introduxerit</span> <span class='ocrx_word' id='word_1_157' title='bbox 2664 1304 2719 1353; x_wconf 90' lang='lat' dir='ltr'>te</span> <span class='ocrx_word' id='word_1_158' title='bbox 2767 1299 3045 1353; x_wconf 88' lang='lat' dir='ltr'>Dominus</span> <span class='ocrx_word' id='word_1_159' title='bbox 3088 1298 3147 1352; x_wconf 92' lang='lat' dir='ltr'>iu</span> <span class='ocrx_word' id='word_1_160' title='bbox 3202 1303 3412 1352; x_wconf 87' lang='lat' dir='ltr'>terram</span> <span class='ocrx_word' id='word_1_161' title='bbox 3467 1298 3609 1351; x_wconf 85' lang='lat' dir='ltr'>Cha-</span> 
     </span>
    </p>
   </div>
   <div class='ocr_carea' id='block_1_25' title="bbox 1912 1385 3611 1458">
    <p class='ocr_par' dir='ltr' id='par_1_25' title="bbox 1912 1385 3611 1458">
     <span class='ocr_line' id='line_1_25' title="bbox 1912 1385 3611 1458; baseline -0.001 -17"><span class='ocrx_word' id='word_1_162' title='bbox 1912 1388 2121 1456; x_wconf 65' lang='lat' dir='ltr'>nanazi,</span> <span class='ocrx_word' id='word_1_163' title='bbox 2149 1388 2293 1442; x_wconf 87' lang='lat' dir='ltr'>sicut</span> <span class='ocrx_word' id='word_1_164' title='bbox 2316 1388 2536 1457; x_wconf 88' lang='lat' dir='ltr'>juravit</span> <span class='ocrx_word' id='word_1_165' title='bbox 2566 1387 2672 1442; x_wconf 90' lang='lat' dir='ltr'>tibi</span> <span class='ocrx_word' id='word_1_166' title='bbox 2698 1392 2755 1441; x_wconf 89' lang='lat' dir='ltr'>et</span> <span class='ocrx_word' id='word_1_167' title='bbox 2802 1388 3057 1458; x_wconf 90' lang='lat' dir='ltr'>patribus</span> <span class='ocrx_word' id='word_1_168' title='bbox 3087 1387 3229 1454; x_wconf 90' lang='lat' dir='ltr'>tuis;</span> <span class='ocrx_word' id='word_1_169' title='bbox 3276 1393 3333 1442; x_wconf 91' lang='lat' dir='ltr'>et</span> <span class='ocrx_word' id='word_1_170' title='bbox 3389 1385 3611 1441; x_wconf 82' lang='lat' dir='ltr'>dederit</span> 
     </span>
    </p>
   </div>
   <div class='ocr_carea' id='block_1_26' title="bbox 1911 1476 3601 1548">
    <p class='ocr_par' dir='ltr' id='par_1_26' title="bbox 1911 1476 3601 1548">
     <span class='ocr_line' id='line_1_26' title="bbox 1911 1476 3601 1548; baseline -0.001 -18"><span class='ocrx_word' id='word_1_171' title='bbox 1911 1493 2038 1530; x_wconf 87' lang='lat' dir='ltr'>eam</span> <span class='ocrx_word' id='word_1_172' title='bbox 2107 1476 2231 1544; x_wconf 89' lang='lat' dir='ltr'>tibi,</span> <span class='ocrx_word' id='word_1_173' title='bbox 2301 1477 2589 1547; x_wconf 76' lang='lat' dir='ltr'>separabis</span> <span class='ocrx_word' id='word_1_174' title='bbox 2654 1493 2825 1531; x_wconf 91' lang='lat' dir='ltr'>omne</span> <span class='ocrx_word' id='word_1_175' title='bbox 2891 1479 3047 1548; x_wconf 89' lang='lat' dir='ltr'>quod</span> <span class='ocrx_word' id='word_1_176' title='bbox 3109 1478 3297 1546; x_wconf 87' lang='lat' dir='ltr'>aperit</span> <span class='ocrx_word' id='word_1_177' title='bbox 3378 1477 3601 1529; x_wconf 87' lang='lat' dir='ltr'>vulvam</span> 
     </span>
    </p>
   </div>
   <div class='ocr_carea' id='block_1_27' title="bbox 1912 1565 3605 1635">
    <p class='ocr_par' dir='ltr' id='par_1_27' title="bbox 1912 1565 3605 1635">
     <span class='ocr_line' id='line_1_27' title="bbox 1912 1565 3605 1635; baseline -0.001 -16"><span class='ocrx_word' id='word_1_178' title='bbox 1912 1565 2157 1619; x_wconf 92' lang='lat' dir='ltr'>Domino</span> <span class='ocrx_word' id='word_1_179' title='bbox 2204 1566 2394 1635; x_wconf 77' lang='lat' dir='ltr'>(Ibid,</span> <span class='ocrx_word' id='word_1_180' title='bbox 2454 1569 2532 1631; x_wconf 90' lang='lat' dir='ltr'>ll,</span> <span class='ocrx_word' id='word_1_181' title='bbox 2602 1566 2703 1635; x_wconf 73' lang='lat' dir='ltr'>l2).</span> <span class='ocrx_word' id='word_1_182' title='bbox 2750 1566 2986 1635; x_wconf 74' lang='lat' dir='ltr'>»_Item:</span> <span class='ocrx_word' id='word_1_183' title='bbox 3032 1586 3059 1615; x_wconf 86' lang='grc'><em>‹‹</em></span> <span class='ocrx_word' id='word_1_184' title='bbox 3089 1566 3231 1619; x_wconf 88' lang='lat' dir='ltr'>Nam</span> <span class='ocrx_word' id='word_1_185' title='bbox 3276 1580 3405 1618; x_wconf 91' lang='lat' dir='ltr'>cum</span> <span class='ocrx_word' id='word_1_186' title='bbox 3440 1565 3605 1618; x_wconf 86' lang='lat' dir='ltr'>indu-</span> 
     </span>
    </p>
   </div>
   <div class='ocr_carea' id='block_1_28' title="bbox 95 1651 3610 1727">
    <p class='ocr_par' dir='ltr' id='par_1_28' title="bbox 95 1651 3610 1727">
     <span class='ocr_line' id='line_1_28' title="bbox 95 1651 3610 1727; baseline 0 -22"><span class='ocrx_word' id='word_1_187' title='bbox 95 1651 430 1718; x_wconf 88' lang='lat' dir='ltr'>nisterium,</span> <span class='ocrx_word' id='word_1_188' title='bbox 478 1652 733 1706; x_wconf 89' lang='lat' dir='ltr'>matricis</span> <span class='ocrx_word' id='word_1_189' title='bbox 766 1653 827 1707; x_wconf 89' lang='lat' dir='ltr'>in</span> <span class='ocrx_word' id='word_1_190' title='bbox 859 1654 1081 1724; x_wconf 89' lang='lat' dir='ltr'>gremio</span> <span class='ocrx_word' id='word_1_191' title='bbox 1134 1655 1362 1709; x_wconf 90' lang='lat' dir='ltr'>habitus</span> <span class='ocrx_word' id='word_1_192' title='bbox 1414 1656 1805 1727; x_wconf 88' lang='lat' dir='ltr'>conﬁguretur</span> <span class='ocrx_word' id='word_1_193' title='bbox 1836 1722 1867 1727; x_wconf 88' lang='lat'><strong><em>_</em></strong></span> <span class='ocrx_word' id='word_1_194' title='bbox 1909 1657 2066 1707; x_wconf 89' lang='lat' dir='ltr'>ratus</span> <span class='ocrx_word' id='word_1_195' title='bbox 2086 1657 2233 1707; x_wconf 85' lang='lat' dir='ltr'>esset</span> <span class='ocrx_word' id='word_1_196' title='bbox 2283 1654 2522 1717; x_wconf 85' lang='lat' dir='ltr'>Pharao,</span> <span class='ocrx_word' id='word_1_197' title='bbox 2556 1657 2611 1707; x_wconf 89' lang='lat' dir='ltr'>et</span> <span class='ocrx_word' id='word_1_198' title='bbox 2643 1654 2822 1707; x_wconf 88' lang='lat' dir='ltr'>nollet</span> <span class='ocrx_word' id='word_1_199' title='bbox 2874 1670 2975 1708; x_wconf 91' lang='lat' dir='ltr'>nos</span> <span class='ocrx_word' id='word_1_200' title='bbox 3027 1653 3339 1720; x_wconf 87' lang='lat' dir='ltr'>dimittere,</span> <span class='ocrx_word' id='word_1_201' title='bbox 3404 1652 3610 1706; x_wconf 91' lang='lat' dir='ltr'>occidit</span> 
     </span>
    </p>
   </div>
   <div class='ocr_carea' id='block_1_29' title="bbox 98 1722 3608 1814">
    <p class='ocr_par' dir='ltr' id='par_1_29' title="bbox 98 1722 3608 1814">
     <span class='ocr_line' id='line_1_29' title="bbox 98 1722 3608 1814; baseline 0.001 -22"><span class='ocrx_word' id='word_1_202' title='bbox 98 1738 301 1793; x_wconf 77' lang='lat' dir='ltr'>virilis.</span> <span class='ocrx_word' id='word_1_203' title='bbox 337 1740 405 1793; x_wconf 83' lang='lat' dir='ltr'>Et</span> <span class='ocrx_word' id='word_1_204' title='bbox 453 1741 729 1811; x_wconf 88' lang='lat' dir='ltr'>quoniam</span> <span class='ocrx_word' id='word_1_205' title='bbox 780 1722 1065 1798; x_wconf 75' lang='lat' dir='ltr'>nascendo</span> <span class='ocrx_word' id='word_1_206' title='bbox 1115 1745 1243 1798; x_wconf 89' lang='lat' dir='ltr'>talis</span> <span class='ocrx_word' id='word_1_207' title='bbox 1295 1722 1604 1814; x_wconf 72' lang='lat' dir='ltr'>conceptus</span> <span class='ocrx_word' id='word_1_208' title='bbox 1655 1744 1799 1799; x_wconf 89' lang='lat' dir='ltr'>uteri</span> <span class='ocrx_word' id='word_1_209' title='bbox 1836 1722 1874 1776; x_wconf 76' lang='grc' dir='ltr'><strong>Β</strong></span> <span class='ocrx_word' id='word_1_210' title='bbox 1912 1742 2192 1797; x_wconf 88' lang='lat' dir='ltr'>Dominus</span> <span class='ocrx_word' id='word_1_211' title='bbox 2223 1758 2395 1796; x_wconf 92' lang='lat' dir='ltr'>omne</span> <span class='ocrx_word' id='word_1_212' title='bbox 2426 1742 2872 1813; x_wconf 88' lang='lat' dir='ltr'>primogenitum</span> <span class='ocrx_word' id='word_1_213' title='bbox 2906 1741 2964 1796; x_wconf 94' lang='lat' dir='ltr'>in</span> <span class='ocrx_word' id='word_1_214' title='bbox 2994 1746 3148 1795; x_wconf 90' lang='lat' dir='ltr'>terra</span> <span class='ocrx_word' id='word_1_215' title='bbox 3165 1741 3409 1812; x_wconf 67' lang='lat' dir='ltr'>.‘Egypti.</span> <span class='ocrx_word' id='word_1_216' title='bbox 3434 1741 3608 1795; x_wconf 83' lang='lat' dir='ltr'>Idcir-</span> 
     </span>
    </p>
   </div>
   <div class='ocr_carea' id='block_1_30' title="bbox 96 1828 1800 1902">
    <p class='ocr_par' dir='ltr' id='par_1_30' title="bbox 96 1828 1800 1902">
     <span class='ocr_line' id='line_1_30' title="bbox 96 1828 1800 1902; baseline 0.004 -22"><span class='ocrx_word' id='word_1_217' title='bbox 96 1828 337 1882; x_wconf 89' lang='lat' dir='ltr'>semitas</span> <span class='ocrx_word' id='word_1_218' title='bbox 366 1844 486 1883; x_wconf 90' lang='lat' dir='ltr'>non</span> <span class='ocrx_word' id='word_1_219' title='bbox 527 1830 869 1900; x_wconf 67' lang='lat' dir='ltr'>praeteriret,</span> <span class='ocrx_word' id='word_1_220' title='bbox 923 1832 1024 1902; x_wconf 88' lang='lat' dir='ltr'>qui</span> <span class='ocrx_word' id='word_1_221' title='bbox 1070 1847 1268 1887; x_wconf 87' lang='lat' dir='ltr'>cursus</span> <span class='ocrx_word' id='word_1_222' title='bbox 1311 1832 1626 1887; x_wconf 83' lang='lat' dir='ltr'>nativitatis</span> <span class='ocrx_word' id='word_1_223' title='bbox 1656 1849 1800 1886; x_wconf 89' lang='lat' dir='ltr'>cun—</span> 
     </span>
    </p>
   </div>
   <div class='ocr_carea' id='block_1_31' title="bbox 100 1916 1801 1992">
    <p class='ocr_par' dir='ltr' id='par_1_31' title="bbox 100 1916 1801 1992">
     <span class='ocr_line' id='line_1_31' title="bbox 100 1916 1801 1992; baseline 0.003 -22"><span class='ocrx_word' id='word_1_224' title='bbox 100 1916 204 1970; x_wconf 85' lang='lat' dir='ltr'>etis</span> <span class='ocrx_word' id='word_1_225' title='bbox 263 1918 434 1971; x_wconf 89' lang='lat' dir='ltr'>datus</span> <span class='ocrx_word' id='word_1_226' title='bbox 491 1919 853 1985; x_wconf 85' lang='lat' dir='ltr'>mortalibus,</span> <span class='ocrx_word' id='word_1_227' title='bbox 907 1921 1112 1974; x_wconf 88' lang='lat' dir='ltr'>merito</span> <span class='ocrx_word' id='word_1_228' title='bbox 1167 1920 1308 1975; x_wconf 90' lang='lat' dir='ltr'>illud</span> <span class='ocrx_word' id='word_1_229' title='bbox 1339 1921 1516 1989; x_wconf 89' lang='lat' dir='ltr'>siluit,</span> <span class='ocrx_word' id='word_1_230' title='bbox 1570 1921 1629 1975; x_wconf 91' lang='lat' dir='ltr'>in</span> <span class='ocrx_word' id='word_1_231' title='bbox 1688 1937 1801 1992; x_wconf 88' lang='lat' dir='ltr'>quo</span> 
     </span>
    </p>
   </div>
   <div class='ocr_carea' id='block_1_32' title="bbox 100 2005 1799 2080">
    <p class='ocr_par' dir='ltr' id='par_1_32' title="bbox 100 2005 1799 2080">
     <span class='ocr_line' id='line_1_32' title="bbox 100 2005 1799 2080; baseline 0.003 -23"><span class='ocrx_word' id='word_1_232' title='bbox 100 2011 318 2075; x_wconf 67' lang='lat' dir='ltr'>praeter</span> <span class='ocrx_word' id='word_1_233' title='bbox 348 2005 696 2060; x_wconf 89' lang='lat' dir='ltr'>inviolatum</span> <span class='ocrx_word' id='word_1_234' title='bbox 725 2007 1009 2077; x_wconf 87' lang='lat' dir='ltr'>pudorem</span> <span class='ocrx_word' id='word_1_235' title='bbox 1054 2010 1159 2062; x_wconf 89' lang='lat' dir='ltr'>sub</span> <span class='ocrx_word' id='word_1_236' title='bbox 1192 2010 1467 2064; x_wconf 80' lang='lat' dir='ltr'>nascendi</span> <span class='ocrx_word' id='word_1_237' title='bbox 1496 2010 1622 2080; x_wconf 90' lang='lat' dir='ltr'>lege</span> <span class='ocrx_word' id='word_1_238' title='bbox 1656 2011 1799 2064; x_wconf 85' lang='lat' dir='ltr'>nihil</span> 
     </span>
    </p>
   </div>
   <div class='ocr_carea' id='block_1_33' title="bbox 100 2094 521 2148">
    <p class='ocr_par' dir='ltr' id='par_1_33' title="bbox 100 2094 521 2148">
     <span class='ocr_line' id='line_1_33' title="bbox 100 2094 521 2148; baseline 0 -1"><span class='ocrx_word' id='word_1_239' title='bbox 100 2094 335 2148; x_wconf 80' lang='lat' dir='ltr'>afferret</span> <span class='ocrx_word' id='word_1_240' title='bbox 370 2095 521 2148; x_wconf 87' lang='lat' dir='ltr'>novi.</span> 
     </span>
    </p>
   </div>
   <div class='ocr_carea' id='block_1_34' title="bbox 172 2184 1804 2259">
    <p class='ocr_par' dir='ltr' id='par_1_34' title="bbox 172 2184 1804 2259">
     <span class='ocr_line' id='line_1_34' title="bbox 172 2184 1804 2259; baseline 0.002 -22"><span class='ocrx_word' id='word_1_241' title='bbox 172 2184 439 2238; x_wconf 84' lang='lat' dir='ltr'>Ezechiel</span> <span class='ocrx_word' id='word_1_242' title='bbox 472 2200 706 2255; x_wconf 90' lang='lat' dir='ltr'>quoque</span> <span class='ocrx_word' id='word_1_243' title='bbox 737 2201 749 2239; x_wconf 93' lang='lat'>:</span> <span class='ocrx_word' id='word_1_244' title='bbox 786 2208 811 2235; x_wconf 84' lang='grc'><strong>‹‹</strong></span> <span class='ocrx_word' id='word_1_245' title='bbox 846 2186 910 2240; x_wconf 83' lang='lat' dir='ltr'>Et</span> <span class='ocrx_word' id='word_1_246' title='bbox 941 2185 1190 2240; x_wconf 86' lang='lat' dir='ltr'>converti</span> <span class='ocrx_word' id='word_1_247' title='bbox 1223 2202 1313 2239; x_wconf 89' lang='lat' dir='ltr'>me</span> <span class='ocrx_word' id='word_1_248' title='bbox 1343 2187 1412 2241; x_wconf 88' lang='lat' dir='ltr'>ad</span> <span class='ocrx_word' id='word_1_249' title='bbox 1446 2188 1591 2241; x_wconf 87' lang='lat' dir='ltr'>viam</span> <span class='ocrx_word' id='word_1_250' title='bbox 1624 2194 1804 2259; x_wconf 72' lang='lat' dir='ltr'>porta:</span> 
     </span>
    </p>
   </div>
   <div class='ocr_carea' id='block_1_35' title="bbox 102 2272 1798 2345">
    <p class='ocr_par' dir='ltr' id='par_1_35' title="bbox 102 2272 1798 2345">
     <span class='ocr_line' id='line_1_35' title="bbox 102 2272 1798 2345; baseline 0.003 -20"><span class='ocrx_word' id='word_1_251' title='bbox 102 2272 414 2326; x_wconf 85' lang='lat' dir='ltr'>sanctuarii</span> <span class='ocrx_word' id='word_1_252' title='bbox 447 2273 769 2340; x_wconf 81' lang='lat' dir='ltr'>exterioris,</span> <span class='ocrx_word' id='word_1_253' title='bbox 822 2291 951 2345; x_wconf 59' lang='lat' dir='ltr'>quae</span> <span class='ocrx_word' id='word_1_254' title='bbox 996 2275 1339 2345; x_wconf 84' lang='lat' dir='ltr'>respiciebat</span> <span class='ocrx_word' id='word_1_255' title='bbox 1370 2276 1439 2329; x_wconf 89' lang='lat' dir='ltr'>ad</span> <span class='ocrx_word' id='word_1_256' title='bbox 1485 2277 1798 2342; x_wconf 89' lang='lat' dir='ltr'>orientem;</span> 
     </span>
    </p>
   </div>
   <div class='ocr_carea' id='block_1_36' title="bbox 103 2362 1805 2421">
    <p class='ocr_par' dir='ltr' id='par_1_36' title="bbox 103 2362 1805 2421">
     <span class='ocr_line' id='line_1_36' title="bbox 103 2362 1805 2421; baseline 0.004 -6"><span class='ocrx_word' id='word_1_257' title='bbox 103 2367 157 2415; x_wconf 90' lang='lat' dir='ltr'>et</span> <span class='ocrx_word' id='word_1_258' title='bbox 186 2368 312 2415; x_wconf 87' lang='lat' dir='ltr'>erat</span> <span class='ocrx_word' id='word_1_259' title='bbox 347 2362 539 2415; x_wconf 78' lang='lat' dir='ltr'>clausa</span> <span class='ocrx_word' id='word_1_260' title='bbox 569 2379 582 2416; x_wconf 90' lang='lat'>:</span> <span class='ocrx_word' id='word_1_261' title='bbox 618 2367 674 2416; x_wconf 90' lang='lat' dir='ltr'>et</span> <span class='ocrx_word' id='word_1_262' title='bbox 700 2363 841 2417; x_wconf 78' lang='lat' dir='ltr'>dixit</span> <span class='ocrx_word' id='word_1_263' title='bbox 870 2364 1149 2418; x_wconf 82' lang='lat' dir='ltr'>Dominus</span> <span class='ocrx_word' id='word_1_264' title='bbox 1179 2365 1248 2419; x_wconf 90' lang='lat' dir='ltr'>ad</span> <span class='ocrx_word' id='word_1_265' title='bbox 1294 2382 1385 2419; x_wconf 91' lang='lat' dir='ltr'>me</span> <span class='ocrx_word' id='word_1_266' title='bbox 1414 2382 1426 2419; x_wconf 90' lang='lat'><strong>:</strong></span> <span class='ocrx_word' id='word_1_267' title='bbox 1476 2368 1643 2420; x_wconf 88' lang='lat' dir='ltr'>Porta</span> <span class='ocrx_word' id='word_1_268' title='bbox 1683 2368 1805 2421; x_wconf 58' lang='lat' dir='ltr'>haec</span> 
     </span>
    </p>
   </div>
   <div class='ocr_carea' id='block_1_37' title="bbox 102 2450 1806 2523">
    <p class='ocr_par' dir='ltr' id='par_1_37' title="bbox 102 2450 1806 2523">
     <span class='ocr_line' id='line_1_37' title="bbox 102 2450 1806 2523; baseline 0.002 -21"><span class='ocrx_word' id='word_1_269' title='bbox 102 2450 295 2503; x_wconf 89' lang='lat' dir='ltr'>clausa</span> <span class='ocrx_word' id='word_1_270' title='bbox 328 2450 462 2516; x_wconf 88' lang='lat' dir='ltr'>erit,</span> <span class='ocrx_word' id='word_1_271' title='bbox 498 2466 615 2504; x_wconf 90' lang='lat' dir='ltr'>non</span> <span class='ocrx_word' id='word_1_272' title='bbox 670 2452 978 2521; x_wconf 87' lang='lat' dir='ltr'>aperietur,</span> <span class='ocrx_word' id='word_1_273' title='bbox 1018 2456 1075 2506; x_wconf 90' lang='lat' dir='ltr'>et</span> <span class='ocrx_word' id='word_1_274' title='bbox 1122 2452 1210 2505; x_wconf 87' lang='lat' dir='ltr'>vir</span> <span class='ocrx_word' id='word_1_275' title='bbox 1240 2469 1353 2507; x_wconf 91' lang='lat' dir='ltr'>non</span> <span class='ocrx_word' id='word_1_276' title='bbox 1412 2454 1650 2507; x_wconf 85' lang='lat' dir='ltr'>transiet</span> <span class='ocrx_word' id='word_1_277' title='bbox 1703 2470 1806 2523; x_wconf 88' lang='lat' dir='ltr'>per</span> 
     </span>
    </p>
   </div>
   <div class='ocr_carea' id='block_1_38' title="bbox 103 2538 1805 2612">
    <p class='ocr_par' dir='ltr' id='par_1_38' title="bbox 103 2538 1805 2612">
     <span class='ocr_line' id='line_1_38' title="bbox 103 2538 1805 2612; baseline 0.002 -21"><span class='ocrx_word' id='word_1_278' title='bbox 103 2553 249 2603; x_wconf 88' lang='lat' dir='ltr'>eam,</span> <span class='ocrx_word' id='word_1_279' title='bbox 281 2538 566 2609; x_wconf 87' lang='lat' dir='ltr'>quoniam</span> <span class='ocrx_word' id='word_1_280' title='bbox 601 2539 875 2593; x_wconf 87' lang='lat' dir='ltr'>Dominus</span> <span class='ocrx_word' id='word_1_281' title='bbox 912 2541 1056 2593; x_wconf 85' lang='lat' dir='ltr'>Deus</span> <span class='ocrx_word' id='word_1_282' title='bbox 1084 2541 1250 2594; x_wconf 91' lang='lat' dir='ltr'>Israel</span> <span class='ocrx_word' id='word_1_283' title='bbox 1281 2541 1571 2611; x_wconf 89' lang='lat' dir='ltr'>ingressus</span> <span class='ocrx_word' id='word_1_284' title='bbox 1594 2548 1678 2595; x_wconf 90' lang='lat' dir='ltr'>est</span> <span class='ocrx_word' id='word_1_285' title='bbox 1706 2558 1805 2612; x_wconf 90' lang='lat' dir='ltr'>per</span> 
     </span>
    </p>
   </div>
   <div class='ocr_carea' id='block_1_39' title="bbox 103 2627 1805 2699">
    <p class='ocr_par' dir='ltr' id='par_1_39' title="bbox 103 2627 1805 2699">
     <span class='ocr_line' id='line_1_39' title="bbox 103 2627 1805 2699; baseline 0.002 -19"><span class='ocrx_word' id='word_1_286' title='bbox 103 2644 268 2693; x_wconf 81' lang='lat' dir='ltr'>eam;</span> <span class='ocrx_word' id='word_1_287' title='bbox 303 2627 533 2699; x_wconf 85' lang='lat' dir='ltr'>eritque</span> <span class='ocrx_word' id='word_1_288' title='bbox 598 2629 789 2682; x_wconf 87' lang='lat' dir='ltr'>clausa</span> <span class='ocrx_word' id='word_1_289' title='bbox 844 2629 1115 2699; x_wconf 88' lang='lat' dir='ltr'>principi.</span> <span class='ocrx_word' id='word_1_290' title='bbox 1176 2632 1283 2684; x_wconf 91' lang='lat' dir='ltr'>Per</span> <span class='ocrx_word' id='word_1_291' title='bbox 1339 2631 1489 2684; x_wconf 88' lang='lat' dir='ltr'>viam</span> <span class='ocrx_word' id='word_1_292' title='bbox 1542 2631 1805 2685; x_wconf 74' lang='lat' dir='ltr'>vestibuli</span> 
     </span>
    </p>
   </div>
   <div class='ocr_carea' id='block_1_40' title="bbox 103 2716 1801 2789">
    <p class='ocr_par' dir='ltr' id='par_1_40' title="bbox 103 2716 1801 2789">
     <span class='ocr_line' id='line_1_40' title="bbox 103 2716 1801 2789; baseline 0.002 -20"><span class='ocrx_word' id='word_1_293' title='bbox 103 2723 283 2786; x_wconf 65' lang='lat' dir='ltr'>porta:</span> <span class='ocrx_word' id='word_1_294' title='bbox 314 2716 701 2786; x_wconf 89' lang='lat' dir='ltr'>ingredietur,</span> <span class='ocrx_word' id='word_1_295' title='bbox 731 2722 786 2771; x_wconf 91' lang='lat' dir='ltr'>et</span> <span class='ocrx_word' id='word_1_296' title='bbox 806 2734 908 2788; x_wconf 91' lang='lat' dir='ltr'>per</span> <span class='ocrx_word' id='word_1_297' title='bbox 929 2718 1078 2772; x_wconf 85' lang='lat' dir='ltr'>viam</span> <span class='ocrx_word' id='word_1_298' title='bbox 1106 2718 1228 2788; x_wconf 90' lang='lat' dir='ltr'>ejus</span> <span class='ocrx_word' id='word_1_299' title='bbox 1244 2720 1570 2789; x_wconf 83' lang='lat' dir='ltr'>egredietur</span> <span class='ocrx_word' id='word_1_300' title='bbox 1588 2721 1801 2789; x_wconf 78' lang='lat' dir='ltr'>(Ezech.</span> 
     </span>
    </p>
   </div>
   <div class='ocr_carea' id='block_1_41' title="bbox 104 2806 1808 2876">
    <p class='ocr_par' dir='ltr' id='par_1_41' title="bbox 104 2806 1808 2876">
     <span class='ocr_line' id='line_1_41' title="bbox 104 2806 1808 2876; baseline 0.003 -19"><span class='ocrx_word' id='word_1_301' title='bbox 104 2821 290 2869; x_wconf 71' lang='lat' dir='ltr'>xuiv,</span> <span class='ocrx_word' id='word_1_302' title='bbox 324 2807 407 2874; x_wconf 88' lang='lat'>3).</span> <span class='ocrx_word' id='word_1_303' title='bbox 458 2826 489 2853; x_wconf 86' lang='lat'>»</span> <span class='ocrx_word' id='word_1_304' title='bbox 549 2806 785 2859; x_wconf 65' lang='lat' dir='ltr'>Estimo</span> <span class='ocrx_word' id='word_1_305' title='bbox 823 2807 975 2876; x_wconf 92' lang='lat' dir='ltr'>quod</span> <span class='ocrx_word' id='word_1_306' title='bbox 1024 2806 1113 2860; x_wconf 89' lang='lat' dir='ltr'>hic</span> <span class='ocrx_word' id='word_1_307' title='bbox 1159 2808 1315 2861; x_wconf 90' lang='lat' dir='ltr'>locus</span> <span class='ocrx_word' id='word_1_308' title='bbox 1346 2824 1577 2862; x_wconf 91' lang='lat' dir='ltr'>omnem</span> <span class='ocrx_word' id='word_1_309' title='bbox 1630 2809 1808 2863; x_wconf 90' lang='lat' dir='ltr'>solvat</span> 
     </span>
    </p>
   </div>
   <div class='ocr_carea' id='block_1_42' title="bbox 104 2893 1803 2968">
    <p class='ocr_par' dir='ltr' id='par_1_42' title="bbox 104 2893 1803 2968">
     <span class='ocr_line' id='line_1_42' title="bbox 104 2893 1803 2968; baseline 0.002 -21"><span class='ocrx_word' id='word_1_310' title='bbox 104 2893 273 2961; x_wconf 85' lang='lat' dir='ltr'>hujus</span> <span class='ocrx_word' id='word_1_311' title='bbox 330 2894 553 2948; x_wconf 88' lang='lat' dir='ltr'>nodum</span> <span class='ocrx_word' id='word_1_312' title='bbox 586 2894 939 2965; x_wconf 77' lang='lat' dir='ltr'>quaestionis.</span> <span class='ocrx_word' id='word_1_313' title='bbox 977 2896 1196 2950; x_wconf 85' lang='lat' dir='ltr'>Etenim</span> <span class='ocrx_word' id='word_1_314' title='bbox 1232 2903 1454 2967; x_wconf 91' lang='lat' dir='ltr'>portam</span> <span class='ocrx_word' id='word_1_315' title='bbox 1486 2914 1659 2968; x_wconf 87' lang='lat' dir='ltr'>quam</span> <span class='ocrx_word' id='word_1_316' title='bbox 1703 2897 1803 2951; x_wconf 89' lang='lat' dir='ltr'>de-</span> 
     </span>
    </p>
   </div>
   <div class='ocr_carea' id='block_1_43' title="bbox 103 2983 1876 3075">
    <p class='ocr_par' dir='ltr' id='par_1_43' title="bbox 103 2983 1876 3075">
     <span class='ocr_line' id='line_1_43' title="bbox 103 2983 1876 3075; baseline 0.003 -40"><span class='ocrx_word' id='word_1_317' title='bbox 103 2983 300 3036; x_wconf 86' lang='lat' dir='ltr'>scribit</span> <span class='ocrx_word' id='word_1_318' title='bbox 330 2984 619 3053; x_wconf 82' lang='lat' dir='ltr'>propheta</span> <span class='ocrx_word' id='word_1_319' title='bbox 653 2984 899 3053; x_wconf 78' lang='lat' dir='ltr'>majores</span> <span class='ocrx_word' id='word_1_320' title='bbox 939 2984 1341 3040; x_wconf 86' lang='lat' dir='ltr'>intellexerunt</span> <span class='ocrx_word' id='word_1_321' title='bbox 1372 2987 1661 3057; x_wconf 88' lang='lat' dir='ltr'>Virginem</span> <span class='ocrx_word' id='word_1_322' title='bbox 1692 2988 1803 3041; x_wconf 81' lang='lat' dir='ltr'>Ma-</span> <span class='ocrx_word' id='word_1_323' title='bbox 1837 3020 1876 3075; x_wconf 66' lang='grc' dir='ltr'>Ο</span> 
     </span>
    </p>
   </div>
   <div class='ocr_carea' id='block_1_44' title="bbox 102 3071 1803 3147">
    <p class='ocr_par' dir='ltr' id='par_1_44' title="bbox 102 3071 1803 3147">
     <span class='ocr_line' id='line_1_44' title="bbox 102 3071 1803 3147; baseline 0.004 -22"><span class='ocrx_word' id='word_1_324' title='bbox 102 3071 269 3139; x_wconf 87' lang='lat' dir='ltr'>riam,</span> <span class='ocrx_word' id='word_1_325' title='bbox 304 3088 439 3140; x_wconf 69' lang='lat' dir='ltr'>qua:</span> <span class='ocrx_word' id='word_1_326' title='bbox 469 3072 618 3126; x_wconf 88' lang='lat' dir='ltr'>bene</span> <span class='ocrx_word' id='word_1_327' title='bbox 652 3078 1000 3127; x_wconf 89' lang='lat' dir='ltr'>monstratur</span> <span class='ocrx_word' id='word_1_328' title='bbox 1042 3076 1252 3141; x_wconf 89' lang='lat' dir='ltr'>clausa,</span> <span class='ocrx_word' id='word_1_329' title='bbox 1279 3076 1414 3146; x_wconf 89' lang='lat' dir='ltr'>quia</span> <span class='ocrx_word' id='word_1_330' title='bbox 1443 3076 1605 3147; x_wconf 86' lang='lat' dir='ltr'>virgo</span> <span class='ocrx_word' id='word_1_331' title='bbox 1656 3092 1803 3131; x_wconf 89' lang='lat' dir='ltr'>sem-</span> 
     </span>
    </p>
   </div>
   <div class='ocr_carea' id='block_1_45' title="bbox 105 3162 1801 3235">
    <p class='ocr_par' dir='ltr' id='par_1_45' title="bbox 105 3162 1801 3235">
     <span class='ocr_line' id='line_1_45' title="bbox 105 3162 1801 3235; baseline 0.003 -23"><span class='ocrx_word' id='word_1_332' title='bbox 105 3176 203 3230; x_wconf 86' lang='lat' dir='ltr'>per</span> <span class='ocrx_word' id='word_1_333' title='bbox 234 3166 435 3214; x_wconf 87' lang='lat' dir='ltr'>manet</span> <span class='ocrx_word' id='word_1_334' title='bbox 491 3162 726 3229; x_wconf 88' lang='lat' dir='ltr'>intacta,</span> <span class='ocrx_word' id='word_1_335' title='bbox 778 3166 834 3216; x_wconf 89' lang='lat' dir='ltr'>et</span> <span class='ocrx_word' id='word_1_336' title='bbox 886 3164 970 3216; x_wconf 88' lang='lat' dir='ltr'>vir</span> <span class='ocrx_word' id='word_1_337' title='bbox 1027 3179 1146 3217; x_wconf 92' lang='lat' dir='ltr'>non</span> <span class='ocrx_word' id='word_1_338' title='bbox 1208 3164 1447 3219; x_wconf 80' lang='lat' dir='ltr'>transiet</span> <span class='ocrx_word' id='word_1_339' title='bbox 1503 3181 1604 3235; x_wconf 88' lang='lat' dir='ltr'>per</span> <span class='ocrx_word' id='word_1_340' title='bbox 1656 3180 1801 3219; x_wconf 89' lang='lat' dir='ltr'>eam.</span> 
     </span>
    </p>
   </div>
   <div class='ocr_carea' id='block_1_46' title="bbox 116 3248 1810 3324">
    <p class='ocr_par' dir='ltr' id='par_1_46' title="bbox 116 3248 1810 3324">
     <span class='ocr_line' id='line_1_46' title="bbox 116 3248 1810 3324; baseline 0.003 -22"><span class='ocrx_word' id='word_1_341' title='bbox 116 3250 352 3304; x_wconf 91' lang='lat' dir='ltr'>Intende</span> <span class='ocrx_word' id='word_1_342' title='bbox 388 3248 700 3320; x_wconf 88' lang='lat' dir='ltr'>diligenter</span> <span class='ocrx_word' id='word_1_343' title='bbox 737 3250 828 3304; x_wconf 91' lang='lat' dir='ltr'>cui</span> <span class='ocrx_word' id='word_1_344' title='bbox 859 3257 1100 3322; x_wconf 90' lang='lat' dir='ltr'>negatur</span> <span class='ocrx_word' id='word_1_345' title='bbox 1130 3253 1423 3318; x_wconf 90' lang='lat' dir='ltr'>transitus,</span> <span class='ocrx_word' id='word_1_346' title='bbox 1456 3259 1513 3307; x_wconf 90' lang='lat' dir='ltr'>et</span> <span class='ocrx_word' id='word_1_347' title='bbox 1558 3270 1672 3324; x_wconf 88' lang='lat' dir='ltr'>qua</span> <span class='ocrx_word' id='word_1_348' title='bbox 1713 3270 1810 3308; x_wconf 88' lang='lat' dir='ltr'>ne-</span> 
     </span>
    </p>
   </div>
   <div class='ocr_carea' id='block_1_47' title="bbox 106 3338 1810 3411">
    <p class='ocr_par' dir='ltr' id='par_1_47' title="bbox 106 3338 1810 3411">
     <span class='ocr_line' id='line_1_47' title="bbox 106 3338 1810 3411; baseline 0.004 -22"><span class='ocrx_word' id='word_1_349' title='bbox 106 3342 294 3405; x_wconf 89' lang='lat' dir='ltr'>gatur.</span> <span class='ocrx_word' id='word_1_350' title='bbox 333 3338 590 3407; x_wconf 75' lang='lat' dir='ltr'>Negatur</span> <span class='ocrx_word' id='word_1_351' title='bbox 620 3354 856 3409; x_wconf 89' lang='lat' dir='ltr'>prorsus</span> <span class='ocrx_word' id='word_1_352' title='bbox 904 3340 1044 3405; x_wconf 89' lang='lat' dir='ltr'>viro,</span> <span class='ocrx_word' id='word_1_353' title='bbox 1078 3342 1177 3411; x_wconf 90' lang='lat' dir='ltr'>qui</span> <span class='ocrx_word' id='word_1_354' title='bbox 1205 3346 1430 3411; x_wconf 89' lang='lat' dir='ltr'>poterat</span> <span class='ocrx_word' id='word_1_355' title='bbox 1475 3340 1707 3407; x_wconf 89' lang='lat' dir='ltr'>violare,</span> <span class='ocrx_word' id='word_1_356' title='bbox 1752 3346 1810 3395; x_wconf 90' lang='lat' dir='ltr'>et</span> 
     </span>
    </p>
   </div>
   <div class='ocr_carea' id='block_1_48' title="bbox 105 3426 1805 3500">
    <p class='ocr_par' dir='ltr' id='par_1_48' title="bbox 105 3426 1805 3500">
     <span class='ocr_line' id='line_1_48' title="bbox 105 3426 1805 3500; baseline 0.004 -22"><span class='ocrx_word' id='word_1_357' title='bbox 105 3426 172 3479; x_wconf 88' lang='lat' dir='ltr'>ab</span> <span class='ocrx_word' id='word_1_358' title='bbox 202 3442 271 3479; x_wconf 91' lang='lat' dir='ltr'>eo</span> <span class='ocrx_word' id='word_1_359' title='bbox 304 3431 656 3493; x_wconf 81' lang='lat' dir='ltr'>removetur,</span> <span class='ocrx_word' id='word_1_360' title='bbox 694 3428 849 3498; x_wconf 90' lang='lat' dir='ltr'>quod</span> <span class='ocrx_word' id='word_1_361' title='bbox 880 3434 1103 3499; x_wconf 91' lang='lat' dir='ltr'>poterat</span> <span class='ocrx_word' id='word_1_362' title='bbox 1128 3445 1232 3499; x_wconf 90' lang='lat' dir='ltr'>per</span> <span class='ocrx_word' id='word_1_363' title='bbox 1260 3430 1473 3483; x_wconf 90' lang='lat' dir='ltr'>coitum</span> <span class='ocrx_word' id='word_1_364' title='bbox 1496 3431 1805 3500; x_wconf 90' lang='lat' dir='ltr'>corrumpi.</span> 
     </span>
    </p>
   </div>
   <div class='ocr_carea' id='block_1_49' title="bbox 107 3515 1809 3588">
    <p class='ocr_par' dir='ltr' id='par_1_49' title="bbox 107 3515 1809 3588">
     <span class='ocr_line' id='line_1_49' title="bbox 107 3515 1809 3588; baseline 0.003 -21"><span class='ocrx_word' id='word_1_365' title='bbox 107 3515 282 3568; x_wconf 85' lang='lat' dir='ltr'>Nemo</span> <span class='ocrx_word' id='word_1_366' title='bbox 316 3516 473 3568; x_wconf 91' lang='lat' dir='ltr'>enim</span> <span class='ocrx_word' id='word_1_367' title='bbox 504 3521 764 3571; x_wconf 89' lang='lat' dir='ltr'>removet</span> <span class='ocrx_word' id='word_1_368' title='bbox 815 3516 1159 3588; x_wconf 89' lang='lat' dir='ltr'>ingressum,</span> <span class='ocrx_word' id='word_1_369' title='bbox 1214 3518 1351 3588; x_wconf 88' lang='lat' dir='ltr'>quia</span> <span class='ocrx_word' id='word_1_370' title='bbox 1379 3517 1523 3572; x_wconf 90' lang='lat' dir='ltr'>ratio</span> <span class='ocrx_word' id='word_1_371' title='bbox 1590 3523 1809 3573; x_wconf 67' lang='lat' dir='ltr'>natura:</span> 
     </span>
    </p>
   </div>
   <div class='ocr_carea' id='block_1_50' title="bbox 107 3604 1809 3678">
    <p class='ocr_par' dir='ltr' id='par_1_50' title="bbox 107 3604 1809 3678">
     <span class='ocr_line' id='line_1_50' title="bbox 107 3604 1809 3678; baseline 0.002 -22"><span class='ocrx_word' id='word_1_372' title='bbox 107 3619 207 3657; x_wconf 89' lang='lat' dir='ltr'>nec</span> <span class='ocrx_word' id='word_1_373' title='bbox 241 3604 393 3658; x_wconf 87' lang='lat' dir='ltr'>viam</span> <span class='ocrx_word' id='word_1_374' title='bbox 429 3605 702 3671; x_wconf 88' lang='lat' dir='ltr'>admittit,</span> <span class='ocrx_word' id='word_1_375' title='bbox 735 3622 842 3660; x_wconf 91' lang='lat' dir='ltr'>nec</span> <span class='ocrx_word' id='word_1_376' title='bbox 871 3606 1200 3669; x_wconf 85' lang='lat' dir='ltr'>transitum,</span> <span class='ocrx_word' id='word_1_377' title='bbox 1233 3624 1345 3678; x_wconf 91' lang='lat' dir='ltr'>qua</span> <span class='ocrx_word' id='word_1_378' title='bbox 1376 3609 1446 3662; x_wconf 88' lang='lat' dir='ltr'>de</span> <span class='ocrx_word' id='word_1_379' title='bbox 1476 3624 1537 3662; x_wconf 92' lang='lat' dir='ltr'>re</span> <span class='ocrx_word' id='word_1_380' title='bbox 1578 3608 1809 3678; x_wconf 90' lang='lat' dir='ltr'>quando</span> 
     </span>
    </p>
   </div>
   <div class='ocr_carea' id='block_1_51' title="bbox 106 3693 1805 3765">
    <p class='ocr_par' dir='ltr' id='par_1_51' title="bbox 106 3693 1805 3765">
     <span class='ocr_line' id='line_1_51' title="bbox 106 3693 1805 3765; baseline 0.003 -21"><span class='ocrx_word' id='word_1_381' title='bbox 106 3693 316 3746; x_wconf 90' lang='lat' dir='ltr'>dicitur</span> <span class='ocrx_word' id='word_1_382' title='bbox 344 3711 357 3747; x_wconf 89' lang='lat'><strong>:</strong></span> <span class='ocrx_word' id='word_1_383' title='bbox 401 3714 423 3741; x_wconf 78' lang='grc' dir='ltr'>ι</span> <span class='ocrx_word' id='word_1_384' title='bbox 460 3694 555 3747; x_wconf 90' lang='lat' dir='ltr'>Vir</span> <span class='ocrx_word' id='word_1_385' title='bbox 583 3710 702 3748; x_wconf 91' lang='lat' dir='ltr'>non</span> <span class='ocrx_word' id='word_1_386' title='bbox 732 3695 968 3749; x_wconf 83' lang='lat' dir='ltr'>transiet</span> <span class='ocrx_word' id='word_1_387' title='bbox 997 3712 1099 3765; x_wconf 91' lang='lat' dir='ltr'>per</span> <span class='ocrx_word' id='word_1_388' title='bbox 1129 3712 1279 3762; x_wconf 86' lang='lat' dir='ltr'>eam,</span> <span class='ocrx_word' id='word_1_389' title='bbox 1313 3717 1335 3745; x_wconf 74' lang='grc' dir='ltr'>ι</span> <span class='ocrx_word' id='word_1_390' title='bbox 1366 3713 1480 3751; x_wconf 90' lang='lat' dir='ltr'>non</span> <span class='ocrx_word' id='word_1_391' title='bbox 1511 3697 1579 3751; x_wconf 90' lang='lat' dir='ltr'>de</span> <span class='ocrx_word' id='word_1_392' title='bbox 1611 3698 1805 3763; x_wconf 90' lang='lat' dir='ltr'>latere,</span> 
     </span>
    </p>
   </div>
   <div class='ocr_carea' id='block_1_52' title="bbox 108 3781 1808 3856">
    <p class='ocr_par' dir='ltr' id='par_1_52' title="bbox 108 3781 1808 3856">
     <span class='ocr_line' id='line_1_52' title="bbox 108 3781 1808 3856; baseline 0.003 -22"><span class='ocrx_word' id='word_1_393' title='bbox 108 3797 208 3835; x_wconf 86' lang='lat' dir='ltr'>nec</span> <span class='ocrx_word' id='word_1_394' title='bbox 252 3781 327 3835; x_wconf 87' lang='lat' dir='ltr'>de</span> <span class='ocrx_word' id='word_1_395' title='bbox 384 3782 647 3850; x_wconf 86' lang='lat' dir='ltr'>cerebro,</span> <span class='ocrx_word' id='word_1_396' title='bbox 706 3799 808 3836; x_wconf 92' lang='lat' dir='ltr'>nec</span> <span class='ocrx_word' id='word_1_397' title='bbox 854 3784 924 3837; x_wconf 92' lang='lat' dir='ltr'>de</span> <span class='ocrx_word' id='word_1_398' title='bbox 983 3783 1198 3837; x_wconf 85' lang='lat' dir='ltr'>femore</span> <span class='ocrx_word' id='word_1_399' title='bbox 1251 3784 1481 3851; x_wconf 91' lang='lat' dir='ltr'>dicitur,</span> <span class='ocrx_word' id='word_1_400' title='bbox 1535 3785 1808 3856; x_wconf 89' lang='lat' dir='ltr'>quoniam</span> 
     </span>
    </p>
   </div>
   <div class='ocr_carea' id='block_1_53' title="bbox 110 3870 1808 3945">
    <p class='ocr_par' dir='ltr' id='par_1_53' title="bbox 110 3870 1808 3945">
     <span class='ocr_line' id='line_1_53' title="bbox 110 3870 1808 3945; baseline 0.002 -22"><span class='ocrx_word' id='word_1_401' title='bbox 110 3870 383 3924; x_wconf 86' lang='lat' dir='ltr'>transitus</span> <span class='ocrx_word' id='word_1_402' title='bbox 415 3871 735 3941; x_wconf 87' lang='lat' dir='ltr'>conjugalis</span> <span class='ocrx_word' id='word_1_403' title='bbox 766 3872 837 3926; x_wconf 86' lang='lat' dir='ltr'>ad</span> <span class='ocrx_word' id='word_1_404' title='bbox 867 3872 1007 3927; x_wconf 88' lang='lat' dir='ltr'>alias</span> <span class='ocrx_word' id='word_1_405' title='bbox 1036 3873 1283 3927; x_wconf 78' lang='lat' dir='ltr'>refertur</span> <span class='ocrx_word' id='word_1_406' title='bbox 1312 3874 1567 3944; x_wconf 91' lang='lat' dir='ltr'>corporis</span> <span class='ocrx_word' id='word_1_407' title='bbox 1598 3880 1808 3945; x_wconf 89' lang='lat' dir='ltr'>partes,</span> 
     </span>
    </p>
   </div>
   <div class='ocr_carea' id='block_1_54' title="bbox 111 3960 1806 4032">
    <p class='ocr_par' dir='ltr' id='par_1_54' title="bbox 111 3960 1806 4032">
     <span class='ocr_line' id='line_1_54' title="bbox 111 3960 1806 4032; baseline 0.004 -20"><span class='ocrx_word' id='word_1_408' title='bbox 111 3960 320 4028; x_wconf 89' lang='lat' dir='ltr'>quibus</span> <span class='ocrx_word' id='word_1_409' title='bbox 351 3964 564 4014; x_wconf 86' lang='lat' dir='ltr'>natura</span> <span class='ocrx_word' id='word_1_410' title='bbox 595 3961 665 4014; x_wconf 90' lang='lat' dir='ltr'>ad</span> <span class='ocrx_word' id='word_1_411' title='bbox 691 3961 903 4015; x_wconf 91' lang='lat' dir='ltr'>coitum</span> <span class='ocrx_word' id='word_1_412' title='bbox 933 3961 1083 4015; x_wconf 90' lang='lat' dir='ltr'>viam</span> <span class='ocrx_word' id='word_1_413' title='bbox 1117 3962 1366 4032; x_wconf 68' lang='lat' dir='ltr'>praebuit</span> <span class='ocrx_word' id='word_1_414' title='bbox 1397 3969 1453 4017; x_wconf 90' lang='lat' dir='ltr'>et</span> <span class='ocrx_word' id='word_1_415' title='bbox 1482 3964 1806 4019; x_wconf 87' lang='lat' dir='ltr'>transitum.</span> 
     </span>
    </p>
   </div>
   <div class='ocr_carea' id='block_1_55' title="bbox 110 4048 1811 4120">
    <p class='ocr_par' dir='ltr' id='par_1_55' title="bbox 110 4048 1811 4120">
     <span class='ocr_line' id='line_1_55' title="bbox 110 4048 1811 4120; baseline 0.002 -19"><span class='ocrx_word' id='word_1_416' title='bbox 110 4048 391 4111; x_wconf 86' lang='lat' dir='ltr'>Quoniam</span> <span class='ocrx_word' id='word_1_417' title='bbox 432 4065 566 4103; x_wconf 88' lang='lat' dir='ltr'>vero</span> <span class='ocrx_word' id='word_1_418' title='bbox 594 4066 705 4120; x_wconf 89' lang='lat' dir='ltr'>qua</span> <span class='ocrx_word' id='word_1_419' title='bbox 753 4050 933 4104; x_wconf 89' lang='lat' dir='ltr'>virilis</span> <span class='ocrx_word' id='word_1_420' title='bbox 983 4056 1309 4105; x_wconf 83' lang='lat' dir='ltr'>removetur</span> <span class='ocrx_word' id='word_1_421' title='bbox 1351 4051 1647 4120; x_wconf 87' lang='lat' dir='ltr'>transitus,</span> <span class='ocrx_word' id='word_1_422' title='bbox 1683 4053 1811 4105; x_wconf 87' lang='lat' dir='ltr'>illac</span> 
     </span>
    </p>
   </div>
   <div class='ocr_carea' id='block_1_56' title="bbox 113 4136 1811 4209">
    <p class='ocr_par' dir='ltr' id='par_1_56' title="bbox 113 4136 1811 4209">
     <span class='ocr_line' id='line_1_56' title="bbox 113 4136 1811 4209; baseline 0.002 -20"><span class='ocrx_word' id='word_1_423' title='bbox 113 4136 389 4190; x_wconf 86' lang='lat' dir='ltr'>Dominus</span> <span class='ocrx_word' id='word_1_424' title='bbox 423 4138 575 4191; x_wconf 90' lang='lat' dir='ltr'>Deus</span> <span class='ocrx_word' id='word_1_425' title='bbox 608 4138 779 4191; x_wconf 90' lang='lat' dir='ltr'>Israel</span> <span class='ocrx_word' id='word_1_426' title='bbox 810 4143 896 4192; x_wconf 89' lang='lat' dir='ltr'>est</span> <span class='ocrx_word' id='word_1_427' title='bbox 929 4136 1244 4206; x_wconf 85' lang='lat' dir='ltr'>ingressus,</span> <span class='ocrx_word' id='word_1_428' title='bbox 1302 4139 1660 4209; x_wconf 89' lang='lat' dir='ltr'>subsequens</span> <span class='ocrx_word' id='word_1_429' title='bbox 1686 4156 1811 4192; x_wconf 91' lang='lat' dir='ltr'>ser-</span> 
     </span>
    </p>
   </div>
   <div class='ocr_carea' id='block_1_57' title="bbox 111 4226 1810 4293">
    <p class='ocr_par' dir='ltr' id='par_1_57' title="bbox 111 4226 1810 4293">
     <span class='ocr_line' id='line_1_57' title="bbox 111 4226 1810 4293; baseline 0.002 -15"><span class='ocrx_word' id='word_1_430' title='bbox 111 4240 201 4277; x_wconf 90' lang='lat' dir='ltr'>mo</span> <span class='ocrx_word' id='word_1_431' title='bbox 232 4226 615 4293; x_wconf 90' lang='lat' dir='ltr'>demonstrat,</span> <span class='ocrx_word' id='word_1_432' title='bbox 649 4226 890 4281; x_wconf 88' lang='lat' dir='ltr'>dicendo</span> <span class='ocrx_word' id='word_1_433' title='bbox 926 4242 939 4280; x_wconf 89' lang='lat'><strong>:</strong></span> <span class='ocrx_word' id='word_1_434' title='bbox 974 4248 1001 4275; x_wconf 85' lang='grc'>‹‹</span> <span class='ocrx_word' id='word_1_435' title='bbox 1032 4227 1307 4281; x_wconf 89' lang='lat' dir='ltr'>Dominus</span> <span class='ocrx_word' id='word_1_436' title='bbox 1341 4228 1487 4281; x_wconf 89' lang='lat' dir='ltr'>Deus</span> <span class='ocrx_word' id='word_1_437' title='bbox 1520 4230 1689 4283; x_wconf 87' lang='lat' dir='ltr'>Israel</span> <span class='ocrx_word' id='word_1_438' title='bbox 1716 4228 1810 4282; x_wconf 83' lang='lat' dir='ltr'>in-</span> 
     </span>
    </p>
   </div>
   <div class='ocr_carea' id='block_1_58' title="bbox 110 4316 1879 4388">
    <p class='ocr_par' dir='ltr' id='par_1_58' title="bbox 110 4316 1879 4388">
     <span class='ocr_line' id='line_1_58' title="bbox 110 4316 1879 4388; baseline 0.005 -21"><span class='ocrx_word' id='word_1_439' title='bbox 110 4330 337 4385; x_wconf 87' lang='lat' dir='ltr'>gressus</span> <span class='ocrx_word' id='word_1_440' title='bbox 368 4320 454 4367; x_wconf 88' lang='lat' dir='ltr'>est</span> <span class='ocrx_word' id='word_1_441' title='bbox 480 4331 584 4385; x_wconf 92' lang='lat' dir='ltr'>per</span> <span class='ocrx_word' id='word_1_442' title='bbox 614 4331 761 4369; x_wconf 88' lang='lat' dir='ltr'>eam.</span> <span class='ocrx_word' id='word_1_443' title='bbox 784 4336 810 4366; x_wconf 86' lang='grc'><strong>››</strong></span> <span class='ocrx_word' id='word_1_444' title='bbox 835 4316 1016 4387; x_wconf 87' lang='lat' dir='ltr'>thue</span> <span class='ocrx_word' id='word_1_445' title='bbox 1035 4332 1206 4370; x_wconf 91' lang='lat' dir='ltr'>omne</span> <span class='ocrx_word' id='word_1_446' title='bbox 1233 4316 1424 4370; x_wconf 82' lang='lat' dir='ltr'>demat</span> <span class='ocrx_word' id='word_1_447' title='bbox 1444 4317 1801 4388; x_wconf 83' lang='lat' dir='ltr'>ambiguum,</span> <span class='ocrx_word' id='word_1_448' title='bbox 1839 4323 1879 4376; x_wconf 91' lang='lat' dir='ltr'>D</span> 
     </span>
    </p>
   </div>
   <div class='ocr_carea' id='block_1_59' title="bbox 111 4404 1813 4475">
    <p class='ocr_par' dir='ltr' id='par_1_59' title="bbox 111 4404 1813 4475">
     <span class='ocr_line' id='line_1_59' title="bbox 111 4404 1813 4475; baseline 0.004 -20"><span class='ocrx_word' id='word_1_449' title='bbox 111 4404 341 4472; x_wconf 82' lang='lat' dir='ltr'>subjicit</span> <span class='ocrx_word' id='word_1_450' title='bbox 373 4420 386 4457; x_wconf 93' lang='lat'>:</span> <span class='ocrx_word' id='word_1_451' title='bbox 424 4423 454 4455; x_wconf 81' lang='grc' dir='ltr'>ι</span> <span class='ocrx_word' id='word_1_452' title='bbox 490 4405 597 4458; x_wconf 88' lang='lat' dir='ltr'>Per</span> <span class='ocrx_word' id='word_1_453' title='bbox 630 4404 780 4458; x_wconf 89' lang='lat' dir='ltr'>viam</span> <span class='ocrx_word' id='word_1_454' title='bbox 813 4404 1079 4459; x_wconf 85' lang='lat' dir='ltr'>vestibuli</span> <span class='ocrx_word' id='word_1_455' title='bbox 1121 4410 1303 4475; x_wconf 70' lang='lat' dir='ltr'>portae</span> <span class='ocrx_word' id='word_1_456' title='bbox 1345 4405 1721 4475; x_wconf 87' lang='lat' dir='ltr'>ingredietur,</span> <span class='ocrx_word' id='word_1_457' title='bbox 1756 4412 1813 4461; x_wconf 88' lang='lat' dir='ltr'>et</span> 
     </span>
    </p>
   </div>
   <div class='ocr_carea' id='block_1_60' title="bbox 112 4491 1813 4565">
    <p class='ocr_par' dir='ltr' id='par_1_60' title="bbox 112 4491 1813 4565">
     <span class='ocr_line' id='line_1_60' title="bbox 112 4491 1813 4565; baseline 0.003 -20"><span class='ocrx_word' id='word_1_458' title='bbox 112 4507 212 4561; x_wconf 87' lang='lat' dir='ltr'>per</span> <span class='ocrx_word' id='word_1_459' title='bbox 240 4491 393 4545; x_wconf 85' lang='lat' dir='ltr'>viam</span> <span class='ocrx_word' id='word_1_460' title='bbox 425 4492 552 4562; x_wconf 89' lang='lat' dir='ltr'>ejus</span> <span class='ocrx_word' id='word_1_461' title='bbox 585 4492 933 4561; x_wconf 88' lang='lat' dir='ltr'>egredietur.</span> <span class='ocrx_word' id='word_1_462' title='bbox 973 4516 993 4541; x_wconf 73' lang='grc' dir='ltr'>ι</span> <span class='ocrx_word' id='word_1_463' title='bbox 1032 4493 1157 4548; x_wconf 87' lang='lat' dir='ltr'>Noli</span> <span class='ocrx_word' id='word_1_464' title='bbox 1185 4495 1307 4565; x_wconf 86' lang='lat' dir='ltr'>jam</span> <span class='ocrx_word' id='word_1_465' title='bbox 1332 4493 1401 4548; x_wconf 91' lang='lat' dir='ltr'>de</span> <span class='ocrx_word' id='word_1_466' title='bbox 1441 4494 1531 4548; x_wconf 89' lang='lat' dir='ltr'>via</span> <span class='ocrx_word' id='word_1_467' title='bbox 1564 4494 1813 4550; x_wconf 86' lang='lat' dir='ltr'>Salvato-</span> 
     </span>
    </p>
   </div>
   <div class='ocr_carea' id='block_1_61' title="bbox 114 4582 1809 4653">
    <p class='ocr_par' dir='ltr' id='par_1_61' title="bbox 114 4582 1809 4653">
     <span class='ocr_line' id='line_1_61' title="bbox 114 4582 1809 4653; baseline 0.004 -20"><span class='ocrx_word' id='word_1_468' title='bbox 114 4582 209 4645; x_wconf 87' lang='lat' dir='ltr'>ris,</span> <span class='ocrx_word' id='word_1_469' title='bbox 260 4597 436 4653; x_wconf 88' lang='lat' dir='ltr'>quam</span> <span class='ocrx_word' id='word_1_470' title='bbox 493 4583 780 4637; x_wconf 89' lang='lat' dir='ltr'>nascendo</span> <span class='ocrx_word' id='word_1_471' title='bbox 832 4587 1058 4637; x_wconf 91' lang='lat' dir='ltr'>secutus</span> <span class='ocrx_word' id='word_1_472' title='bbox 1087 4588 1190 4647; x_wconf 91' lang='lat' dir='ltr'>est,</span> <span class='ocrx_word' id='word_1_473' title='bbox 1237 4583 1470 4638; x_wconf 69' lang='lat' dir='ltr'>haeresis</span> <span class='ocrx_word' id='word_1_474' title='bbox 1500 4600 1645 4638; x_wconf 88' lang='lat' dir='ltr'>nova</span> <span class='ocrx_word' id='word_1_475' title='bbox 1703 4585 1809 4639; x_wconf 90' lang='lat' dir='ltr'>du-</span> 
     </span>
    </p>
   </div>
   <div class='ocr_carea' id='block_1_62' title="bbox 118 4671 1809 4744">
    <p class='ocr_par' dir='ltr' id='par_1_62' title="bbox 118 4671 1809 4744">
     <span class='ocr_line' id='line_1_62' title="bbox 118 4671 1809 4744; baseline 0.002 -21"><span class='ocrx_word' id='word_1_476' title='bbox 118 4671 313 4725; x_wconf 85' lang='lat' dir='ltr'>bitare.</span> <span class='ocrx_word' id='word_1_477' title='bbox 350 4672 430 4726; x_wconf 84' lang='lat' dir='ltr'>En</span> <span class='ocrx_word' id='word_1_478' title='bbox 467 4672 573 4727; x_wconf 89' lang='lat' dir='ltr'>tibi</span> <span class='ocrx_word' id='word_1_479' title='bbox 631 4673 915 4742; x_wconf 82' lang='lat' dir='ltr'>propheta</span> <span class='ocrx_word' id='word_1_480' title='bbox 966 4679 1239 4744; x_wconf 86' lang='lat' dir='ltr'>tanquam</span> <span class='ocrx_word' id='word_1_481' title='bbox 1294 4673 1397 4727; x_wconf 91' lang='lat' dir='ltr'>sub</span> <span class='ocrx_word' id='word_1_482' title='bbox 1460 4674 1656 4727; x_wconf 91' lang='lat' dir='ltr'>oculos</span> <span class='ocrx_word' id='word_1_483' title='bbox 1691 4690 1809 4728; x_wconf 89' lang='lat' dir='ltr'>me-</span> 
     </span>
    </p>
   </div>
   <div class='ocr_carea' id='block_1_63' title="bbox 118 4761 1811 4831">
    <p class='ocr_par' dir='ltr' id='par_1_63' title="bbox 118 4761 1811 4831">
     <span class='ocr_line' id='line_1_63' title="bbox 118 4761 1811 4831; baseline 0.002 -18"><span class='ocrx_word' id='word_1_484' title='bbox 118 4763 407 4831; x_wconf 86' lang='lat' dir='ltr'>taphorice</span> <span class='ocrx_word' id='word_1_485' title='bbox 451 4761 805 4816; x_wconf 88' lang='lat' dir='ltr'>mulieribris</span> <span class='ocrx_word' id='word_1_486' title='bbox 834 4763 1015 4818; x_wconf 66' lang='lat' dir='ltr'>vulvas</span> <span class='ocrx_word' id='word_1_487' title='bbox 1073 4767 1129 4815; x_wconf 90' lang='lat' dir='ltr'>et</span> <span class='ocrx_word' id='word_1_488' title='bbox 1180 4761 1523 4815; x_wconf 85' lang='lat' dir='ltr'>vestibulum</span> <span class='ocrx_word' id='word_1_489' title='bbox 1554 4766 1611 4815; x_wconf 93' lang='lat' dir='ltr'>et</span> <span class='ocrx_word' id='word_1_490' title='bbox 1662 4762 1811 4817; x_wconf 90' lang='lat' dir='ltr'>viam</span> 
     </span>
    </p>
   </div>
   <div class='ocr_carea' id='block_1_64' title="bbox 116 4851 1812 4923">
    <p class='ocr_par' dir='ltr' id='par_1_64' title="bbox 116 4851 1812 4923">
     <span class='ocr_line' id='line_1_64' title="bbox 116 4851 1812 4923; baseline 0 -18"><span class='ocrx_word' id='word_1_491' title='bbox 116 4853 288 4921; x_wconf 88' lang='lat' dir='ltr'>ponit.</span> <span class='ocrx_word' id='word_1_492' title='bbox 321 4874 350 4899; x_wconf 83' lang='grc'>‹‹</span> <span class='ocrx_word' id='word_1_493' title='bbox 413 4853 714 4921; x_wconf 91' lang='lat' dir='ltr'>Ingressus</span> <span class='ocrx_word' id='word_1_494' title='bbox 763 4856 848 4905; x_wconf 92' lang='lat' dir='ltr'>est</span> <span class='ocrx_word' id='word_1_495' title='bbox 897 4870 925 4902; x_wconf 77' lang='grc' dir='ltr'>ιι</span> <span class='ocrx_word' id='word_1_496' title='bbox 981 4851 1233 4923; x_wconf 91' lang='lat' dir='ltr'>denique</span> <span class='ocrx_word' id='word_1_497' title='bbox 1267 4872 1289 4900; x_wconf 78' lang='grc' dir='ltr'>ι</span> <span class='ocrx_word' id='word_1_498' title='bbox 1355 4851 1629 4905; x_wconf 92' lang='lat' dir='ltr'>Dominus</span> <span class='ocrx_word' id='word_1_499' title='bbox 1663 4853 1812 4906; x_wconf 91' lang='lat' dir='ltr'>Deus</span> 
     </span>
    </p>
   </div>
   <div class='ocr_carea' id='block_1_65' title="bbox 120 4939 1813 5011">
    <p class='ocr_par' dir='ltr' id='par_1_65' title="bbox 120 4939 1813 5011">
     <span class='ocr_line' id='line_1_65' title="bbox 120 4939 1813 5011; baseline 0.001 -18"><span class='ocrx_word' id='word_1_500' title='bbox 120 4941 284 4995; x_wconf 83' lang='lat' dir='ltr'>Israel</span> <span class='ocrx_word' id='word_1_501' title='bbox 312 4957 420 5011; x_wconf 90' lang='lat' dir='ltr'>per</span> <span class='ocrx_word' id='word_1_502' title='bbox 448 4941 602 4994; x_wconf 88' lang='lat' dir='ltr'>viam</span> <span class='ocrx_word' id='word_1_503' title='bbox 632 4940 897 4994; x_wconf 87' lang='lat' dir='ltr'>vestibuli</span> <span class='ocrx_word' id='word_1_504' title='bbox 927 4939 1105 5009; x_wconf 89' lang='lat' dir='ltr'>hujus</span> <span class='ocrx_word' id='word_1_505' title='bbox 1136 4944 1337 5011; x_wconf 64' lang='lat' dir='ltr'>porte,</span> <span class='ocrx_word' id='word_1_506' title='bbox 1372 4960 1400 4989; x_wconf 87' lang='grc'><strong>››</strong></span> <span class='ocrx_word' id='word_1_507' title='bbox 1432 4941 1566 5011; x_wconf 87' lang='lat' dir='ltr'>quia</span> <span class='ocrx_word' id='word_1_508' title='bbox 1596 4941 1813 5011; x_wconf 82' lang='lat' dir='ltr'>perin-</span> 
     </span>
    </p>
   </div>
   <div class='ocr_carea' id='block_1_66' title="bbox 118 5028 1811 5099">
    <p class='ocr_par' dir='ltr' id='par_1_66' title="bbox 118 5028 1811 5099">
     <span class='ocr_line' id='line_1_66' title="bbox 118 5028 1811 5099; baseline 0.001 -16"><span class='ocrx_word' id='word_1_509' title='bbox 118 5030 458 5085; x_wconf 86' lang='lat' dir='ltr'>caruationis</span> <span class='ocrx_word' id='word_1_510' title='bbox 492 5029 835 5099; x_wconf 87' lang='lat' dir='ltr'>mysterium</span> <span class='ocrx_word' id='word_1_511' title='bbox 865 5028 1144 5099; x_wconf 86' lang='lat' dir='ltr'>virginale</span> <span class='ocrx_word' id='word_1_512' title='bbox 1192 5028 1448 5083; x_wconf 90' lang='lat' dir='ltr'>introivit</span> <span class='ocrx_word' id='word_1_513' title='bbox 1495 5029 1811 5099; x_wconf 89' lang='lat' dir='ltr'>gremium;</span> 
     </span>
    </p>
   </div>
   <div class='ocr_carea' id='block_1_67' title="bbox 120 5117 1816 5188">
    <p class='ocr_par' dir='ltr' id='par_1_67' title="bbox 120 5117 1816 5188">
     <span class='ocr_line' id='line_1_67' title="bbox 120 5117 1816 5188; baseline 0.001 -19"><span class='ocrx_word' id='word_1_514' title='bbox 120 5124 171 5171; x_wconf 90' lang='lat' dir='ltr'>et</span> <span class='ocrx_word' id='word_1_515' title='bbox 194 5134 293 5188; x_wconf 81' lang='lat' dir='ltr'>per</span> <span class='ocrx_word' id='word_1_516' title='bbox 323 5119 474 5172; x_wconf 84' lang='lat' dir='ltr'>viam</span> <span class='ocrx_word' id='word_1_517' title='bbox 503 5117 682 5186; x_wconf 86' lang='lat' dir='ltr'>hujus</span> <span class='ocrx_word' id='word_1_518' title='bbox 722 5121 903 5186; x_wconf 67' lang='lat' dir='ltr'>porte</span> <span class='ocrx_word' id='word_1_519' title='bbox 947 5132 1206 5188; x_wconf 91' lang='lat' dir='ltr'>egressus</span> <span class='ocrx_word' id='word_1_520' title='bbox 1238 5122 1341 5178; x_wconf 87' lang='lat' dir='ltr'>est,</span> <span class='ocrx_word' id='word_1_521' title='bbox 1399 5117 1673 5187; x_wconf 91' lang='lat' dir='ltr'>quoniam</span> <span class='ocrx_word' id='word_1_522' title='bbox 1711 5118 1816 5171; x_wconf 89' lang='lat' dir='ltr'>hu-</span> 
     </span>
    </p>
   </div>
   <div class='ocr_carea' id='block_1_68' title="bbox 121 5203 1814 5276">
    <p class='ocr_par' dir='ltr' id='par_1_68' title="bbox 121 5203 1814 5276">
     <span class='ocr_line' id='line_1_68' title="bbox 121 5203 1814 5276; baseline -0.001 -17"><span class='ocrx_word' id='word_1_523' title='bbox 121 5207 378 5260; x_wconf 81' lang='lat' dir='ltr'>manitate</span> <span class='ocrx_word' id='word_1_524' title='bbox 410 5208 687 5276; x_wconf 87' lang='lat' dir='ltr'>suscepta</span> <span class='ocrx_word' id='word_1_525' title='bbox 732 5204 793 5257; x_wconf 91' lang='lat' dir='ltr'>in</span> <span class='ocrx_word' id='word_1_526' title='bbox 834 5204 1067 5258; x_wconf 89' lang='lat' dir='ltr'>domum</span> <span class='ocrx_word' id='word_1_527' title='bbox 1103 5204 1301 5258; x_wconf 90' lang='lat' dir='ltr'>mundi</span> <span class='ocrx_word' id='word_1_528' title='bbox 1340 5219 1443 5275; x_wconf 89' lang='lat' dir='ltr'>per</span> <span class='ocrx_word' id='word_1_529' title='bbox 1473 5203 1814 5257; x_wconf 89' lang='lat' dir='ltr'>incontami-</span> 
     </span>
    </p>
   </div>
   <div class='ocr_carea' id='block_1_69' title="bbox 120 5291 1815 5363">
    <p class='ocr_par' dir='ltr' id='par_1_69' title="bbox 120 5291 1815 5363">
     <span class='ocr_line' id='line_1_69' title="bbox 120 5291 1815 5363; baseline 0 -18"><span class='ocrx_word' id='word_1_530' title='bbox 120 5297 296 5347; x_wconf 78' lang='lat' dir='ltr'>natam</span> <span class='ocrx_word' id='word_1_531' title='bbox 340 5295 488 5349; x_wconf 79' lang='lat' dir='ltr'>exiit</span> <span class='ocrx_word' id='word_1_532' title='bbox 540 5293 798 5347; x_wconf 88' lang='lat' dir='ltr'>vulvam.</span> <span class='ocrx_word' id='word_1_533' title='bbox 852 5294 975 5347; x_wconf 86' lang='lat' dir='ltr'>Non</span> <span class='ocrx_word' id='word_1_534' title='bbox 1020 5292 1197 5362; x_wconf 90' lang='lat' dir='ltr'>igitur</span> <span class='ocrx_word' id='word_1_535' title='bbox 1241 5293 1433 5347; x_wconf 89' lang='lat' dir='ltr'>nescio</span> <span class='ocrx_word' id='word_1_536' title='bbox 1482 5308 1655 5363; x_wconf 90' lang='lat' dir='ltr'>quem</span> <span class='ocrx_word' id='word_1_537' title='bbox 1718 5291 1815 5346; x_wconf 87' lang='lat' dir='ltr'>Dei</span> 
     </span>
    </p>
   </div>
   <div class='ocr_carea' id='block_1_70' title="bbox 124 5380 1817 5453">
    <p class='ocr_par' dir='ltr' id='par_1_70' title="bbox 124 5380 1817 5453">
     <span class='ocr_line' id='line_1_70' title="bbox 124 5380 1817 5453; baseline 0 -20"><span class='ocrx_word' id='word_1_538' title='bbox 124 5380 247 5435; x_wconf 73' lang='lat' dir='ltr'>Filio</span> <span class='ocrx_word' id='word_1_539' title='bbox 273 5384 339 5437; x_wconf 91' lang='lat' dir='ltr'>de</span> <span class='ocrx_word' id='word_1_540' title='bbox 397 5388 575 5438; x_wconf 88' lang='lat' dir='ltr'>utero</span> <span class='ocrx_word' id='word_1_541' title='bbox 625 5380 832 5435; x_wconf 89' lang='lat' dir='ltr'>mortis</span> <span class='ocrx_word' id='word_1_542' title='bbox 879 5382 1173 5453; x_wconf 80' lang='lat' dir='ltr'>contingas</span> <span class='ocrx_word' id='word_1_543' title='bbox 1212 5397 1525 5453; x_wconf 90' lang='lat' dir='ltr'>egressum.</span> <span class='ocrx_word' id='word_1_544' title='bbox 1572 5381 1817 5452; x_wconf 83' lang='lat' dir='ltr'>Spiritus</span> 
     </span>
    </p>
   </div>
   <div class='ocr_carea' id='block_1_71' title="bbox 123 5470 1816 5543">
    <p class='ocr_par' dir='ltr' id='par_1_71' title="bbox 123 5470 1816 5543">
     <span class='ocr_line' id='line_1_71' title="bbox 123 5470 1816 5543; baseline 0.002 -23"><span class='ocrx_word' id='word_1_545' title='bbox 123 5477 326 5527; x_wconf 82' lang='lat' dir='ltr'>sanctus</span> <span class='ocrx_word' id='word_1_546' title='bbox 364 5479 420 5528; x_wconf 88' lang='lat' dir='ltr'>te</span> <span class='ocrx_word' id='word_1_547' title='bbox 465 5472 689 5527; x_wconf 85' lang='lat' dir='ltr'>doceat</span> <span class='ocrx_word' id='word_1_548' title='bbox 725 5470 1039 5535; x_wconf 87' lang='lat' dir='ltr'>veritatem,</span> <span class='ocrx_word' id='word_1_549' title='bbox 1071 5470 1172 5543; x_wconf 92' lang='lat' dir='ltr'>qui</span> <span class='ocrx_word' id='word_1_550' title='bbox 1200 5477 1256 5526; x_wconf 92' lang='lat' dir='ltr'>et</span> <span class='ocrx_word' id='word_1_551' title='bbox 1297 5472 1613 5527; x_wconf 88' lang='lat' dir='ltr'>thalamum</span> <span class='ocrx_word' id='word_1_552' title='bbox 1659 5474 1816 5524; x_wconf 89' lang='lat' dir='ltr'>tanto</span> 
     </span>
    </p>
   </div>
   <div class='ocr_carea' id='block_1_72' title="bbox 122 5558 1817 5635">
    <p class='ocr_par' dir='ltr' id='par_1_72' title="bbox 122 5558 1817 5635">
     <span class='ocr_line' id='line_1_72' title="bbox 122 5558 1817 5635; baseline 0.001 -24"><span class='ocrx_word' id='word_1_553' title='bbox 122 5559 335 5630; x_wconf 84' lang='lat' dir='ltr'>dignum</span> <span class='ocrx_word' id='word_1_554' title='bbox 367 5576 601 5635; x_wconf 89' lang='lat' dir='ltr'>sponso</span> <span class='ocrx_word' id='word_1_555' title='bbox 638 5558 1017 5614; x_wconf 84' lang='lat' dir='ltr'>sanctiﬁcavit</span> <span class='ocrx_word' id='word_1_556' title='bbox 1043 5565 1100 5616; x_wconf 90' lang='lat' dir='ltr'>et</span> <span class='ocrx_word' id='word_1_557' title='bbox 1136 5566 1376 5632; x_wconf 88' lang='lat' dir='ltr'>portam.</span> <span class='ocrx_word' id='word_1_558' title='bbox 1425 5559 1534 5616; x_wconf 88' lang='lat' dir='ltr'>Sed</span> <span class='ocrx_word' id='word_1_559' title='bbox 1588 5559 1729 5631; x_wconf 86' lang='lat' dir='ltr'>quid</span> <span class='ocrx_word' id='word_1_560' title='bbox 1760 5559 1817 5613; x_wconf 91' lang='lat' dir='ltr'>in</span> 
     </span>
    </p>
   </div>
   <div class='ocr_carea' id='block_1_73' title="bbox 1912 1830 3609 1902">
    <p class='ocr_par' dir='ltr' id='par_1_73' title="bbox 1912 1830 3609 1902">
     <span class='ocr_line' id='line_1_73' title="bbox 1912 1830 3609 1902; baseline 0.001 -19"><span class='ocrx_word' id='word_1_561' title='bbox 1912 1847 1977 1884; x_wconf 92' lang='lat' dir='ltr'>co</span> <span class='ocrx_word' id='word_1_562' title='bbox 2008 1830 2534 1897; x_wconf 87' lang='lat' dir='ltr'>immola_Domiuo</span> <span class='ocrx_word' id='word_1_563' title='bbox 2575 1847 2740 1885; x_wconf 89' lang='lat' dir='ltr'>omne</span> <span class='ocrx_word' id='word_1_564' title='bbox 2794 1831 2949 1902; x_wconf 82' lang='lat' dir='ltr'>quod</span> <span class='ocrx_word' id='word_1_565' title='bbox 2995 1831 3178 1900; x_wconf 88' lang='lat' dir='ltr'>aperit</span> <span class='ocrx_word' id='word_1_566' title='bbox 3227 1832 3450 1885; x_wconf 88' lang='lat' dir='ltr'>vulvam</span> <span class='ocrx_word' id='word_1_567' title='bbox 3484 1846 3609 1884; x_wconf 88' lang='lat' dir='ltr'>ma-</span> 
     </span>
    </p>
   </div>
   <div class='ocr_carea' id='block_1_74' title="bbox 1913 1918 3609 1989">
    <p class='ocr_par' dir='ltr' id='par_1_74' title="bbox 1913 1918 3609 1989">
     <span class='ocr_line' id='line_1_74' title="bbox 1913 1918 3609 1989; baseline -0.001 -16"><span class='ocrx_word' id='word_1_568' title='bbox 1913 1919 2116 1973; x_wconf 88' lang='lat' dir='ltr'>sculini</span> <span class='ocrx_word' id='word_1_569' title='bbox 2139 1936 2322 1985; x_wconf 78' lang='lat' dir='ltr'>sexus,</span> <span class='ocrx_word' id='word_1_570' title='bbox 2353 1922 2409 1973; x_wconf 92' lang='lat' dir='ltr'>et</span> <span class='ocrx_word' id='word_1_571' title='bbox 2437 1919 2631 1973; x_wconf 91' lang='lat' dir='ltr'>omnia</span> <span class='ocrx_word' id='word_1_572' title='bbox 2658 1919 3042 1989; x_wconf 89' lang='lat' dir='ltr'>primogenita</span> <span class='ocrx_word' id='word_1_573' title='bbox 3064 1918 3609 1989; x_wconf 73' lang='lat' dir='ltr'>ﬁliorumlmeorum</span> 
     </span>
    </p>
   </div>
   <div class='ocr_carea' id='block_1_75' title="bbox 1912 2006 3609 2078">
    <p class='ocr_par' dir='ltr' id='par_1_75' title="bbox 1912 2006 3609 2078">
     <span class='ocr_line' id='line_1_75' title="bbox 1912 2006 3609 2078; baseline -0.001 -16"><span class='ocrx_word' id='word_1_574' title='bbox 1912 2006 2134 2062; x_wconf 82' lang='lat' dir='ltr'>redime</span> <span class='ocrx_word' id='word_1_575' title='bbox 2193 2008 2383 2075; x_wconf 65' lang='lat' dir='ltr'>(Ibid,</span> <span class='ocrx_word' id='word_1_576' title='bbox 2450 2008 2647 2078; x_wconf 79' lang='grc'>13-15).</span> <span class='ocrx_word' id='word_1_577' title='bbox 2712 2029 2739 2057; x_wconf 83' lang='grc'>››</span> <span class='ocrx_word' id='word_1_578' title='bbox 2800 2009 2945 2062; x_wconf 86' lang='lat' dir='ltr'>Nota</span> <span class='ocrx_word' id='word_1_579' title='bbox 3012 2007 3165 2078; x_wconf 89' lang='lat' dir='ltr'>quod</span> <span class='ocrx_word' id='word_1_580' title='bbox 3236 2006 3609 2078; x_wconf 89' lang='lat' dir='ltr'>primogeniti</span> 
     </span>
    </p>
   </div>
   <div class='ocr_carea' id='block_1_76' title="bbox 1914 2096 3607 2167">
    <p class='ocr_par' dir='ltr' id='par_1_76' title="bbox 1914 2096 3607 2167">
     <span class='ocr_line' id='line_1_76' title="bbox 1914 2096 3607 2167; baseline -0.001 -18"><span class='ocrx_word' id='word_1_581' title='bbox 1914 2101 2046 2150; x_wconf 91' lang='lat' dir='ltr'>sunt</span> <span class='ocrx_word' id='word_1_582' title='bbox 2070 2098 2168 2167; x_wconf 90' lang='lat' dir='ltr'>qui</span> <span class='ocrx_word' id='word_1_583' title='bbox 2200 2098 2425 2151; x_wconf 80' lang='lat' dir='ltr'>vulvam</span> <span class='ocrx_word' id='word_1_584' title='bbox 2458 2096 2740 2150; x_wconf 89' lang='lat' dir='ltr'>nascendo</span> <span class='ocrx_word' id='word_1_585' title='bbox 2770 2096 2943 2167; x_wconf 91' lang='lat' dir='ltr'>primi</span> <span class='ocrx_word' id='word_1_586' title='bbox 2974 2096 3262 2166; x_wconf 89' lang='lat' dir='ltr'>aperiunt,</span> <span class='ocrx_word' id='word_1_587' title='bbox 3302 2100 3363 2150; x_wconf 89' lang='lat' dir='ltr'>ut</span> <span class='ocrx_word' id='word_1_588' title='bbox 3410 2112 3607 2149; x_wconf 89' lang='lat' dir='ltr'>conse-</span> 
     </span>
    </p>
   </div>
   <div class='ocr_carea' id='block_1_77' title="bbox 1913 2182 3607 2255">
    <p class='ocr_par' dir='ltr' id='par_1_77' title="bbox 1913 2182 3607 2255">
     <span class='ocr_line' id='line_1_77' title="bbox 1913 2182 3607 2255; baseline -0.002 -16"><span class='ocrx_word' id='word_1_589' title='bbox 1913 2182 2157 2255; x_wconf 83' lang='lat' dir='ltr'>quenter</span> <span class='ocrx_word' id='word_1_590' title='bbox 2185 2186 2428 2255; x_wconf 88' lang='lat' dir='ltr'>accipias</span> <span class='ocrx_word' id='word_1_591' title='bbox 2469 2186 2573 2238; x_wconf 85' lang='lat' dir='ltr'>hoc</span> <span class='ocrx_word' id='word_1_592' title='bbox 2601 2201 2723 2239; x_wconf 90' lang='lat' dir='ltr'>esse</span> <span class='ocrx_word' id='word_1_593' title='bbox 2754 2185 2906 2238; x_wconf 89' lang='lat' dir='ltr'>nasci</span> <span class='ocrx_word' id='word_1_594' title='bbox 2936 2186 3003 2238; x_wconf 91' lang='lat' dir='ltr'>de</span> <span class='ocrx_word' id='word_1_595' title='bbox 3050 2185 3286 2249; x_wconf 87' lang='lat' dir='ltr'>femina,</span> <span class='ocrx_word' id='word_1_596' title='bbox 3338 2184 3490 2254; x_wconf 91' lang='lat' dir='ltr'>quod</span> <span class='ocrx_word' id='word_1_597' title='bbox 3521 2188 3607 2237; x_wconf 83' lang='lat' dir='ltr'>est</span> 
     </span>
    </p>
   </div>
   <div class='ocr_carea' id='block_1_78' title="bbox 1912 2273 3604 2343">
    <p class='ocr_par' dir='ltr' id='par_1_78' title="bbox 1912 2273 3604 2343">
     <span class='ocr_line' id='line_1_78' title="bbox 1912 2273 3604 2343; baseline 0 -17"><span class='ocrx_word' id='word_1_598' title='bbox 1912 2273 2149 2327; x_wconf 88' lang='lat' dir='ltr'>oriendo</span> <span class='ocrx_word' id='word_1_599' title='bbox 2183 2276 2411 2328; x_wconf 85' lang='lat' dir='ltr'>vulvam</span> <span class='ocrx_word' id='word_1_600' title='bbox 2467 2273 2642 2329; x_wconf 76' lang='lat' dir='ltr'>exire.</span> <span class='ocrx_word' id='word_1_601' title='bbox 2692 2275 2754 2327; x_wconf 93' lang='lat' dir='ltr'>In</span> <span class='ocrx_word' id='word_1_602' title='bbox 2808 2275 3066 2343; x_wconf 89' lang='lat' dir='ltr'>catalogo</span> <span class='ocrx_word' id='word_1_603' title='bbox 3137 2277 3604 2343; x_wconf 63' lang='lat' dir='ltr'>praeceptorum:</span> 
     </span>
    </p>
   </div>
   <div class='ocr_carea' id='block_1_79' title="bbox 1918 2361 3605 2433">
    <p class='ocr_par' dir='ltr' id='par_1_79' title="bbox 1918 2361 3605 2433">
     <span class='ocr_line' id='line_1_79' title="bbox 1918 2361 3605 2433; baseline -0.002 -16"><span class='ocrx_word' id='word_1_604' title='bbox 1918 2362 2429 2433; x_wconf 68' lang='lat' dir='ltr'>«Prfmogenitum</span> <span class='ocrx_word' id='word_1_605' title='bbox 2487 2362 2736 2417; x_wconf 88' lang='lat' dir='ltr'>ﬁliorum</span> <span class='ocrx_word' id='word_1_606' title='bbox 2798 2362 2961 2417; x_wconf 90' lang='lat' dir='ltr'>dabis</span> <span class='ocrx_word' id='word_1_607' title='bbox 3009 2361 3150 2415; x_wconf 87' lang='lat' dir='ltr'>mihi</span> <span class='ocrx_word' id='word_1_608' title='bbox 3206 2362 3408 2431; x_wconf 68' lang='lat' dir='ltr'>(Exod.</span> <span class='ocrx_word' id='word_1_609' title='bbox 3472 2377 3605 2427; x_wconf 68' lang='grc' dir='ltr'>χχιι,</span> 
     </span>
    </p>
   </div>
   <div class='ocr_carea' id='block_1_80' title="bbox 1914 2448 3608 2520">
    <p class='ocr_par' dir='ltr' id='par_1_80' title="bbox 1914 2448 3608 2520">
     <span class='ocr_line' id='line_1_80' title="bbox 1914 2448 3608 2520; baseline -0.001 -17"><span class='ocrx_word' id='word_1_610' title='bbox 1914 2450 2023 2519; x_wconf 78' lang='lat'>29).</span> <span class='ocrx_word' id='word_1_611' title='bbox 2069 2471 2095 2499; x_wconf 87' lang='grc'><strong>››</strong></span> <span class='ocrx_word' id='word_1_612' title='bbox 2128 2449 2275 2505; x_wconf 83' lang='lat' dir='ltr'>Alibi</span> <span class='ocrx_word' id='word_1_613' title='bbox 2318 2467 2331 2503; x_wconf 88' lang='lat'><strong>:</strong></span> <span class='ocrx_word' id='word_1_614' title='bbox 2384 2470 2410 2500; x_wconf 82' lang='grc' dir='ltr'>(ι</span> <span class='ocrx_word' id='word_1_615' title='bbox 2467 2450 2647 2505; x_wconf 89' lang='lat' dir='ltr'>Omne</span> <span class='ocrx_word' id='word_1_616' title='bbox 2701 2450 2855 2520; x_wconf 90' lang='lat' dir='ltr'>quod</span> <span class='ocrx_word' id='word_1_617' title='bbox 2887 2448 3071 2519; x_wconf 85' lang='lat' dir='ltr'>aperit</span> <span class='ocrx_word' id='word_1_618' title='bbox 3122 2450 3345 2502; x_wconf 81' lang='lat' dir='ltr'>vulvam</span> <span class='ocrx_word' id='word_1_619' title='bbox 3381 2449 3608 2517; x_wconf 77' lang='lat' dir='ltr'>generis</span> 
     </span>
    </p>
   </div>
   <div class='ocr_carea' id='block_1_81' title="bbox 1916 2541 3604 2612">
    <p class='ocr_par' dir='ltr' id='par_1_81' title="bbox 1916 2541 3604 2612">
     <span class='ocr_line' id='line_1_81' title="bbox 1916 2541 3604 2612; baseline -0.001 -17"><span class='ocrx_word' id='word_1_620' title='bbox 1916 2542 2217 2595; x_wconf 89' lang='lat' dir='ltr'>masculini</span> <span class='ocrx_word' id='word_1_621' title='bbox 2252 2558 2445 2596; x_wconf 90' lang='lat' dir='ltr'>meum</span> <span class='ocrx_word' id='word_1_622' title='bbox 2475 2542 2602 2607; x_wconf 46' lang='lat' dir='ltr'>terit</span> <span class='ocrx_word' id='word_1_623' title='bbox 2636 2541 2833 2612; x_wconf 70' lang='lat' dir='ltr'>(Exod.</span> <span class='ocrx_word' id='word_1_624' title='bbox 2864 2558 2983 2608; x_wconf 79' lang='lat' dir='ltr'>xm,</span> <span class='ocrx_word' id='word_1_625' title='bbox 3017 2543 3090 2609; x_wconf 79' lang='lat'>2).</span> <span class='ocrx_word' id='word_1_626' title='bbox 3125 2562 3152 2588; x_wconf 86' lang='grc'><strong>››</strong></span> <span class='ocrx_word' id='word_1_627' title='bbox 3197 2543 3258 2595; x_wconf 94' lang='lat' dir='ltr'>In</span> <span class='ocrx_word' id='word_1_628' title='bbox 3316 2541 3558 2594; x_wconf 88' lang='lat' dir='ltr'>Levitico</span> <span class='ocrx_word' id='word_1_629' title='bbox 3592 2557 3604 2594; x_wconf 89' lang='lat'><strong>:</strong></span> 
     </span>
    </p>
   </div>
   <div class='ocr_carea' id='block_1_82' title="bbox 1918 2630 3611 2703">
    <p class='ocr_par' dir='ltr' id='par_1_82' title="bbox 1918 2630 3611 2703">
     <span class='ocr_line' id='line_1_82' title="bbox 1918 2630 3611 2703; baseline -0.001 -17"><span class='ocrx_word' id='word_1_630' title='bbox 1918 2654 1945 2681; x_wconf 85' lang='grc'>‹‹</span> <span class='ocrx_word' id='word_1_631' title='bbox 1972 2632 2173 2687; x_wconf 84' lang='lat' dir='ltr'>Mulier</span> <span class='ocrx_word' id='word_1_632' title='bbox 2203 2633 2250 2686; x_wconf 93' lang='lat' dir='ltr'>si</span> <span class='ocrx_word' id='word_1_633' title='bbox 2279 2638 2541 2703; x_wconf 89' lang='lat' dir='ltr'>suscepto</span> <span class='ocrx_word' id='word_1_634' title='bbox 2572 2632 2791 2687; x_wconf 89' lang='lat' dir='ltr'>semine</span> <span class='ocrx_word' id='word_1_635' title='bbox 2842 2631 3069 2702; x_wconf 83' lang='lat' dir='ltr'>peperit</span> <span class='ocrx_word' id='word_1_636' title='bbox 3116 2630 3454 2691; x_wconf 87' lang='lat' dir='ltr'>masculum,</span> <span class='ocrx_word' id='word_1_637' title='bbox 3486 2649 3513 2681; x_wconf 87' lang='lat'><strong>»</strong></span> <span class='ocrx_word' id='word_1_638' title='bbox 3555 2635 3611 2684; x_wconf 89' lang='lat' dir='ltr'>et</span> 
     </span>
    </p>
   </div>
   <div class='ocr_carea' id='block_1_83' title="bbox 1916 2718 3607 2792">
    <p class='ocr_par' dir='ltr' id='par_1_83' title="bbox 1916 2718 3607 2792">
     <span class='ocr_line' id='line_1_83' title="bbox 1916 2718 3607 2792; baseline -0.002 -17"><span class='ocrx_word' id='word_1_639' title='bbox 1916 2721 2136 2792; x_wconf 89' lang='lat' dir='ltr'>reliqua</span> <span class='ocrx_word' id='word_1_640' title='bbox 2162 2722 2307 2791; x_wconf 81' lang='lat' dir='ltr'>(Leu.</span> <span class='ocrx_word' id='word_1_641' title='bbox 2345 2738 2438 2788; x_wconf 79' lang='lat' dir='ltr'>xu,</span> <span class='ocrx_word' id='word_1_642' title='bbox 2495 2724 2561 2790; x_wconf 88' lang='lat' dir='ltr'>l).</span> <span class='ocrx_word' id='word_1_643' title='bbox 2618 2722 2807 2775; x_wconf 87' lang='lat' dir='ltr'>Item:</span> <span class='ocrx_word' id='word_1_644' title='bbox 2867 2742 2887 2768; x_wconf 76' lang='grc' dir='ltr'><strong><em>α</em></strong></span> <span class='ocrx_word' id='word_1_645' title='bbox 2942 2720 3041 2774; x_wconf 87' lang='lat' dir='ltr'>Sin</span> <span class='ocrx_word' id='word_1_646' title='bbox 3086 2724 3278 2773; x_wconf 90' lang='lat' dir='ltr'>autem</span> <span class='ocrx_word' id='word_1_647' title='bbox 3336 2718 3607 2772; x_wconf 82' lang='lat' dir='ltr'>feminam</span> 
     </span>
    </p>
   </div>
   <div class='ocr_carea' id='block_1_84' title="bbox 1916 2809 3610 2881">
    <p class='ocr_par' dir='ltr' id='par_1_84' title="bbox 1916 2809 3610 2881">
     <span class='ocr_line' id='line_1_84' title="bbox 1916 2809 3610 2881; baseline -0.002 -17"><span class='ocrx_word' id='word_1_648' title='bbox 1916 2810 2135 2881; x_wconf 89' lang='lat' dir='ltr'>peperit</span> <span class='ocrx_word' id='word_1_649' title='bbox 2168 2811 2431 2879; x_wconf 82' lang='lat' dir='ltr'>(Ibid.,v.</span> <span class='ocrx_word' id='word_1_650' title='bbox 2486 2809 2559 2879; x_wconf 88' lang='grc'>5),</span> <span class='ocrx_word' id='word_1_651' title='bbox 2596 2830 2616 2857; x_wconf 74' lang='grc' dir='ltr'>ι</span> <span class='ocrx_word' id='word_1_652' title='bbox 2687 2814 2814 2875; x_wconf 92' lang='lat' dir='ltr'>etc.,</span> <span class='ocrx_word' id='word_1_653' title='bbox 2881 2814 2938 2862; x_wconf 89' lang='lat' dir='ltr'>et</span> <span class='ocrx_word' id='word_1_654' title='bbox 2995 2824 3269 2879; x_wconf 89' lang='lat' dir='ltr'>generare</span> <span class='ocrx_word' id='word_1_655' title='bbox 3325 2812 3379 2861; x_wconf 91' lang='lat' dir='ltr'>et</span> <span class='ocrx_word' id='word_1_656' title='bbox 3410 2824 3610 2877; x_wconf 90' lang='lat' dir='ltr'>parere</span> 
     </span>
    </p>
   </div>
   <div class='ocr_carea' id='block_1_85' title="bbox 1918 2897 3608 2968">
    <p class='ocr_par' dir='ltr' id='par_1_85' title="bbox 1918 2897 3608 2968">
     <span class='ocr_line' id='line_1_85' title="bbox 1918 2897 3608 2968; baseline -0.004 -14"><span class='ocrx_word' id='word_1_657' title='bbox 1918 2900 2081 2954; x_wconf 90' lang='lat' dir='ltr'>docet</span> <span class='ocrx_word' id='word_1_658' title='bbox 2112 2900 2374 2965; x_wconf 83' lang='lat' dir='ltr'>feminas,</span> <span class='ocrx_word' id='word_1_659' title='bbox 2430 2916 2548 2953; x_wconf 93' lang='lat' dir='ltr'>non</span> <span class='ocrx_word' id='word_1_660' title='bbox 2606 2898 2762 2952; x_wconf 91' lang='lat' dir='ltr'>aliud</span> <span class='ocrx_word' id='word_1_661' title='bbox 2817 2915 2938 2951; x_wconf 92' lang='lat' dir='ltr'>esse</span> <span class='ocrx_word' id='word_1_662' title='bbox 2994 2914 3169 2968; x_wconf 87' lang='lat' dir='ltr'>quam</span> <span class='ocrx_word' id='word_1_663' title='bbox 3226 2913 3328 2965; x_wconf 89' lang='lat' dir='ltr'>per</span> <span class='ocrx_word' id='word_1_664' title='bbox 3384 2897 3608 2949; x_wconf 87' lang='lat' dir='ltr'>vulvam</span> 
     </span>
    </p>
   </div>
   <div class='ocr_carea' id='block_1_86' title="bbox 1918 2986 3599 3059">
    <p class='ocr_par' dir='ltr' id='par_1_86' title="bbox 1918 2986 3599 3059">
     <span class='ocr_line' id='line_1_86' title="bbox 1918 2986 3599 3059; baseline -0.004 -16"><span class='ocrx_word' id='word_1_665' title='bbox 1918 2989 2179 3043; x_wconf 82' lang='lat' dir='ltr'>emittere</span> <span class='ocrx_word' id='word_1_666' title='bbox 2232 2992 2480 3059; x_wconf 86' lang='lat' dir='ltr'>partum.</span> <span class='ocrx_word' id='word_1_667' title='bbox 2534 2988 2598 3040; x_wconf 93' lang='lat' dir='ltr'>In</span> <span class='ocrx_word' id='word_1_668' title='bbox 2655 2986 3012 3040; x_wconf 54' lang='lat' dir='ltr'>numerisztt</span> <span class='ocrx_word' id='word_1_669' title='bbox 3068 2986 3251 3039; x_wconf 84' lang='lat' dir='ltr'>Meum</span> <span class='ocrx_word' id='word_1_670' title='bbox 3286 2989 3372 3038; x_wconf 89' lang='lat' dir='ltr'>est</span> <span class='ocrx_word' id='word_1_671' title='bbox 3428 3000 3599 3037; x_wconf 87' lang='lat' dir='ltr'>omne</span> 
     </span>
    </p>
   </div>
   <div class='ocr_carea' id='block_1_87' title="bbox 1914 3072 3613 3147">
    <p class='ocr_par' dir='ltr' id='par_1_87' title="bbox 1914 3072 3613 3147">
     <span class='ocr_line' id='line_1_87' title="bbox 1914 3072 3613 3147; baseline -0.002 -16"><span class='ocrx_word' id='word_1_672' title='bbox 1914 3077 2364 3147; x_wconf 88' lang='lat' dir='ltr'>primogenitum</span> <span class='ocrx_word' id='word_1_673' title='bbox 2397 3093 2460 3130; x_wconf 80' lang='lat' dir='ltr'>ex</span> <span class='ocrx_word' id='word_1_674' title='bbox 2492 3092 2605 3147; x_wconf 88' lang='lat' dir='ltr'>quo</span> <span class='ocrx_word' id='word_1_675' title='bbox 2636 3074 2889 3145; x_wconf 90' lang='lat' dir='ltr'>percussi</span> <span class='ocrx_word' id='word_1_676' title='bbox 2912 3073 3331 3144; x_wconf 89' lang='lat' dir='ltr'>primogenitos</span> <span class='ocrx_word' id='word_1_677' title='bbox 3374 3072 3435 3126; x_wconf 92' lang='lat' dir='ltr'>in</span> <span class='ocrx_word' id='word_1_678' title='bbox 3462 3077 3613 3127; x_wconf 87' lang='lat' dir='ltr'>terra</span> 
     </span>
    </p>
   </div>
   <div class='ocr_carea' id='block_1_88' title="bbox 1914 3161 3613 3236">
    <p class='ocr_par' dir='ltr' id='par_1_88' title="bbox 1914 3161 3613 3236">
     <span class='ocr_line' id='line_1_88' title="bbox 1914 3161 3613 3236; baseline -0.004 -15"><span class='ocrx_word' id='word_1_679' title='bbox 1914 3166 2160 3236; x_wconf 63' lang='lat' dir='ltr'>Egypti.</span> <span class='ocrx_word' id='word_1_680' title='bbox 2189 3165 2489 3220; x_wconf 83' lang='lat' dir='ltr'>Sanctiﬁca</span> <span class='ocrx_word' id='word_1_681' title='bbox 2537 3164 2678 3218; x_wconf 90' lang='lat' dir='ltr'>mihi</span> <span class='ocrx_word' id='word_1_682' title='bbox 2704 3162 2999 3235; x_wconf 67' lang='lat' dir='ltr'>{quidquid</span> <span class='ocrx_word' id='word_1_683' title='bbox 3048 3163 3300 3233; x_wconf 90' lang='lat' dir='ltr'>primum</span> <span class='ocrx_word' id='word_1_684' title='bbox 3356 3161 3613 3216; x_wconf 90' lang='lat' dir='ltr'>nascitur</span> 
     </span>
    </p>
   </div>
   <div class='ocr_carea' id='block_1_89' title="bbox 1915 3250 3612 3325">
    <p class='ocr_par' dir='ltr' id='par_1_89' title="bbox 1915 3250 3612 3325">
     <span class='ocr_line' id='line_1_89' title="bbox 1915 3250 3612 3325; baseline -0.003 -17"><span class='ocrx_word' id='word_1_685' title='bbox 1915 3255 1975 3308; x_wconf 89' lang='lat' dir='ltr'>in</span> <span class='ocrx_word' id='word_1_686' title='bbox 2010 3254 2176 3309; x_wconf 86' lang='lat' dir='ltr'>Israel</span> <span class='ocrx_word' id='word_1_687' title='bbox 2209 3256 2392 3325; x_wconf 82' lang='lat' dir='ltr'>(Num.</span> <span class='ocrx_word' id='word_1_688' title='bbox 2446 3270 2525 3321; x_wconf 89' lang='grc' dir='ltr'>ιιι,</span> <span class='ocrx_word' id='word_1_689' title='bbox 2565 3252 2649 3323; x_wconf 86' lang='grc'>13)</span> <span class='ocrx_word' id='word_1_690' title='bbox 2717 3274 2742 3301; x_wconf 87' lang='grc'>››</span> <span class='ocrx_word' id='word_1_691' title='bbox 2810 3254 2873 3306; x_wconf 86' lang='lat' dir='ltr'>Et</span> <span class='ocrx_word' id='word_1_692' title='bbox 2930 3251 3192 3321; x_wconf 90' lang='lat' dir='ltr'>superius</span> <span class='ocrx_word' id='word_1_693' title='bbox 3225 3267 3237 3304; x_wconf 86' lang='lat'>:</span> <span class='ocrx_word' id='word_1_694' title='bbox 3276 3272 3302 3300; x_wconf 88' lang='grc'>‹‹</span> <span class='ocrx_word' id='word_1_695' title='bbox 3359 3252 3475 3321; x_wconf 86' lang='lat' dir='ltr'>Ego</span> <span class='ocrx_word' id='word_1_696' title='bbox 3509 3250 3612 3303; x_wconf 91' lang='lat' dir='ltr'>tuli</span> 
     </span>
    </p>
   </div>
   <div class='ocr_carea' id='block_1_90' title="bbox 1919 3339 3613 3412">
    <p class='ocr_par' dir='ltr' id='par_1_90' title="bbox 1919 3339 3613 3412">
     <span class='ocr_line' id='line_1_90' title="bbox 1919 3339 3613 3412; baseline -0.002 -14"><span class='ocrx_word' id='word_1_697' title='bbox 1919 3344 2135 3398; x_wconf 86' lang='lat' dir='ltr'>Levitas</span> <span class='ocrx_word' id='word_1_698' title='bbox 2165 3360 2198 3397; x_wconf 90' lang='lat' dir='ltr'>a</span> <span class='ocrx_word' id='word_1_699' title='bbox 2236 3344 2369 3396; x_wconf 88' lang='lat' dir='ltr'>ﬁliis</span> <span class='ocrx_word' id='word_1_700' title='bbox 2417 3342 2587 3396; x_wconf 88' lang='lat' dir='ltr'>Israel</span> <span class='ocrx_word' id='word_1_701' title='bbox 2646 3358 2748 3412; x_wconf 89' lang='lat' dir='ltr'>pro</span> <span class='ocrx_word' id='word_1_702' title='bbox 2810 3340 3217 3412; x_wconf 80' lang='lat' dir='ltr'>primogenita,</span> <span class='ocrx_word' id='word_1_703' title='bbox 3280 3339 3378 3410; x_wconf 92' lang='lat' dir='ltr'>qui</span> <span class='ocrx_word' id='word_1_704' title='bbox 3430 3340 3613 3410; x_wconf 91' lang='lat' dir='ltr'>aperit</span> 
     </span>
    </p>
   </div>
   <div class='ocr_carea' id='block_1_91' title="bbox 1918 3428 3613 3499">
    <p class='ocr_par' dir='ltr' id='par_1_91' title="bbox 1918 3428 3613 3499">
     <span class='ocr_line' id='line_1_91' title="bbox 1918 3428 3613 3499; baseline -0.002 -14"><span class='ocrx_word' id='word_1_705' title='bbox 1918 3434 2142 3487; x_wconf 84' lang='lat' dir='ltr'>vulvam</span> <span class='ocrx_word' id='word_1_706' title='bbox 2177 3433 2238 3486; x_wconf 93' lang='lat' dir='ltr'>in</span> <span class='ocrx_word' id='word_1_707' title='bbox 2287 3432 2420 3486; x_wconf 84' lang='lat' dir='ltr'>ﬁliis</span> <span class='ocrx_word' id='word_1_708' title='bbox 2478 3431 2650 3485; x_wconf 90' lang='lat' dir='ltr'>Israel</span> <span class='ocrx_word' id='word_1_709' title='bbox 2680 3431 2872 3499; x_wconf 66' lang='lat' dir='ltr'>(Ibid,</span> <span class='ocrx_word' id='word_1_710' title='bbox 2912 3432 3016 3498; x_wconf 82' lang='lat' dir='ltr'>l2).</span> <span class='ocrx_word' id='word_1_711' title='bbox 3083 3450 3110 3478; x_wconf 86' lang='lat'><strong>»</strong></span> <span class='ocrx_word' id='word_1_712' title='bbox 3153 3430 3222 3482; x_wconf 90' lang='lat' dir='ltr'>Et</span> <span class='ocrx_word' id='word_1_713' title='bbox 3253 3428 3312 3482; x_wconf 93' lang='lat' dir='ltr'>in</span> <span class='ocrx_word' id='word_1_714' title='bbox 3361 3444 3613 3499; x_wconf 88' lang='lat' dir='ltr'>sequen-</span> 
     </span>
    </p>
   </div>
   <div class='ocr_carea' id='block_1_92' title="bbox 1917 3517 3613 3589">
    <p class='ocr_par' dir='ltr' id='par_1_92' title="bbox 1917 3517 3613 3589">
     <span class='ocr_line' id='line_1_92' title="bbox 1917 3517 3613 3589; baseline -0.002 -15"><span class='ocrx_word' id='word_1_715' title='bbox 1917 3521 2070 3575; x_wconf 88' lang='lat' dir='ltr'>tibus</span> <span class='ocrx_word' id='word_1_716' title='bbox 2102 3539 2118 3574; x_wconf 89' lang='lat'><strong><em>:</em></strong></span> <span class='ocrx_word' id='word_1_717' title='bbox 2146 3539 2173 3572; x_wconf 72' lang='grc' dir='ltr'>ιι</span> <span class='ocrx_word' id='word_1_718' title='bbox 2220 3521 2469 3575; x_wconf 86' lang='lat' dir='ltr'>Numera</span> <span class='ocrx_word' id='word_1_719' title='bbox 2517 3518 2936 3589; x_wconf 89' lang='lat' dir='ltr'>primogenitos</span> <span class='ocrx_word' id='word_1_720' title='bbox 2965 3534 3131 3571; x_wconf 85' lang='lat' dir='ltr'>sexus</span> <span class='ocrx_word' id='word_1_721' title='bbox 3186 3517 3491 3571; x_wconf 89' lang='lat' dir='ltr'>masculini</span> <span class='ocrx_word' id='word_1_722' title='bbox 3543 3517 3613 3570; x_wconf 76' lang='lat' dir='ltr'>(le</span> 
     </span>
    </p>
   </div>
   <div class='ocr_carea' id='block_1_93' title="bbox 1918 3607 3609 3677">
    <p class='ocr_par' dir='ltr' id='par_1_93' title="bbox 1918 3607 3609 3677">
     <span class='ocr_line' id='line_1_93' title="bbox 1918 3607 3609 3677; baseline -0.004 -13"><span class='ocrx_word' id='word_1_723' title='bbox 1918 3610 2052 3664; x_wconf 87' lang='lat' dir='ltr'>ﬁliis</span> <span class='ocrx_word' id='word_1_724' title='bbox 2082 3610 2256 3664; x_wconf 89' lang='lat' dir='ltr'>Israel</span> <span class='ocrx_word' id='word_1_725' title='bbox 2287 3625 2320 3662; x_wconf 90' lang='lat' dir='ltr'>a</span> <span class='ocrx_word' id='word_1_726' title='bbox 2364 3625 2557 3663; x_wconf 90' lang='lat' dir='ltr'>mense</span> <span class='ocrx_word' id='word_1_727' title='bbox 2616 3624 2731 3662; x_wconf 86' lang='lat' dir='ltr'>uno</span> <span class='ocrx_word' id='word_1_728' title='bbox 2794 3608 2992 3677; x_wconf 58' lang='lat' dir='ltr'>(Ibid,</span> <span class='ocrx_word' id='word_1_729' title='bbox 3051 3608 3165 3675; x_wconf 76' lang='grc'>40).</span> <span class='ocrx_word' id='word_1_730' title='bbox 3203 3627 3230 3654; x_wconf 85' lang='grc'><strong>››</strong></span> <span class='ocrx_word' id='word_1_731' title='bbox 3295 3607 3358 3659; x_wconf 86' lang='lat' dir='ltr'>Et</span> <span class='ocrx_word' id='word_1_732' title='bbox 3389 3622 3564 3675; x_wconf 89' lang='lat' dir='ltr'>supra</span> <span class='ocrx_word' id='word_1_733' title='bbox 3597 3622 3609 3659; x_wconf 89' lang='lat'>:</span> 
     </span>
    </p>
   </div>
   <div class='ocr_carea' id='block_1_94' title="bbox 1922 3694 3611 3769">
    <p class='ocr_par' dir='ltr' id='par_1_94' title="bbox 1922 3694 3611 3769">
     <span class='ocr_line' id='line_1_94' title="bbox 1922 3694 3611 3769; baseline -0.001 -20"><span class='ocrx_word' id='word_1_734' title='bbox 1922 3718 1949 3749; x_wconf 78' lang='grc' dir='ltr'>α</span> <span class='ocrx_word' id='word_1_735' title='bbox 1975 3700 2275 3769; x_wconf 90' lang='lat' dir='ltr'>Tollesque</span> <span class='ocrx_word' id='word_1_736' title='bbox 2316 3698 2537 3752; x_wconf 87' lang='lat' dir='ltr'>Levitas</span> <span class='ocrx_word' id='word_1_737' title='bbox 2570 3696 2712 3750; x_wconf 89' lang='lat' dir='ltr'>mihi</span> <span class='ocrx_word' id='word_1_738' title='bbox 2752 3712 2855 3765; x_wconf 92' lang='lat' dir='ltr'>pro</span> <span class='ocrx_word' id='word_1_739' title='bbox 2902 3695 3290 3765; x_wconf 78' lang='lat' dir='ltr'>primogenita</span> <span class='ocrx_word' id='word_1_740' title='bbox 3363 3694 3611 3748; x_wconf 90' lang='lat' dir='ltr'>ﬁliorum</span> 
     </span>
    </p>
   </div>
   <div class='ocr_carea' id='block_1_95' title="bbox 1917 3783 3611 3857">
    <p class='ocr_par' dir='ltr' id='par_1_95' title="bbox 1917 3783 3611 3857">
     <span class='ocr_line' id='line_1_95' title="bbox 1917 3783 3611 3857; baseline -0.003 -17"><span class='ocrx_word' id='word_1_741' title='bbox 1917 3788 2088 3841; x_wconf 89' lang='lat' dir='ltr'>Israel</span> <span class='ocrx_word' id='word_1_742' title='bbox 2146 3786 2343 3857; x_wconf 69' lang='lat' dir='ltr'>(Ibid,</span> <span class='ocrx_word' id='word_1_743' title='bbox 2391 3788 2479 3840; x_wconf 80' lang='grc'>41.</span> <span class='ocrx_word' id='word_1_744' title='bbox 2512 3806 2539 3834; x_wconf 87' lang='grc'><strong>››</strong></span> <span class='ocrx_word' id='word_1_745' title='bbox 2575 3787 2637 3839; x_wconf 85' lang='lat' dir='ltr'>Et</span> <span class='ocrx_word' id='word_1_746' title='bbox 2697 3784 2893 3837; x_wconf 88' lang='lat' dir='ltr'>infra:</span> <span class='ocrx_word' id='word_1_747' title='bbox 2960 3806 2979 3832; x_wconf 75' lang='grc' dir='ltr'><strong>ε</strong></span> <span class='ocrx_word' id='word_1_748' title='bbox 3036 3785 3145 3837; x_wconf 85' lang='lat' dir='ltr'>Pro</span> <span class='ocrx_word' id='word_1_749' title='bbox 3206 3783 3611 3853; x_wconf 89' lang='lat' dir='ltr'>primogenitis</span> 
     </span>
    </p>
   </div>
   <div class='ocr_carea' id='block_1_96' title="bbox 1919 3872 3613 3946">
    <p class='ocr_par' dir='ltr' id='par_1_96' title="bbox 1919 3872 3613 3946">
     <span class='ocr_line' id='line_1_96' title="bbox 1919 3872 3613 3946; baseline -0.003 -18"><span class='ocrx_word' id='word_1_750' title='bbox 1919 3892 2048 3946; x_wconf 64' lang='lat' dir='ltr'>quae</span> <span class='ocrx_word' id='word_1_751' title='bbox 2080 3876 2349 3946; x_wconf 88' lang='lat' dir='ltr'>aperiunt</span> <span class='ocrx_word' id='word_1_752' title='bbox 2395 3890 2629 3928; x_wconf 90' lang='lat' dir='ltr'>omnem</span> <span class='ocrx_word' id='word_1_753' title='bbox 2689 3874 2916 3926; x_wconf 85' lang='lat' dir='ltr'>vulvam</span> <span class='ocrx_word' id='word_1_754' title='bbox 2948 3872 3007 3926; x_wconf 93' lang='lat' dir='ltr'>in</span> <span class='ocrx_word' id='word_1_755' title='bbox 3066 3872 3236 3926; x_wconf 88' lang='lat' dir='ltr'>Israel</span> <span class='ocrx_word' id='word_1_756' title='bbox 3297 3872 3483 3941; x_wconf 88' lang='lat' dir='ltr'>accepi</span> <span class='ocrx_word' id='word_1_757' title='bbox 3517 3887 3613 3924; x_wconf 91' lang='lat' dir='ltr'>eos</span> 
     </span>
    </p>
   </div>
   <div class='ocr_carea' id='block_1_97' title="bbox 1920 3960 3616 4037">
    <p class='ocr_par' dir='ltr' id='par_1_97' title="bbox 1920 3960 3616 4037">
     <span class='ocr_line' id='line_1_97' title="bbox 1920 3960 3616 4037; baseline -0.005 -17"><span class='ocrx_word' id='word_1_758' title='bbox 1920 3966 2096 4037; x_wconf 84' lang='lat' dir='ltr'>(Num.</span> <span class='ocrx_word' id='word_1_759' title='bbox 2122 3981 2239 4031; x_wconf 80' lang='lat' dir='ltr'>vui,</span> <span class='ocrx_word' id='word_1_760' title='bbox 2282 3964 2395 4034; x_wconf 86' lang='lat' dir='ltr'>l6);</span> <span class='ocrx_word' id='word_1_761' title='bbox 2439 3984 2466 4011; x_wconf 83' lang='grc'><strong>››</strong></span> <span class='ocrx_word' id='word_1_762' title='bbox 2504 3962 2782 4016; x_wconf 90' lang='lat' dir='ltr'>nimirum</span> <span class='ocrx_word' id='word_1_763' title='bbox 2818 3962 3055 4015; x_wconf 88' lang='lat' dir='ltr'>Levitas.</span> <span class='ocrx_word' id='word_1_764' title='bbox 3109 3961 3227 4014; x_wconf 86' lang='lat' dir='ltr'>Mea</span> <span class='ocrx_word' id='word_1_765' title='bbox 3259 3964 3393 4014; x_wconf 87' lang='lat' dir='ltr'>sunt</span> <span class='ocrx_word' id='word_1_766' title='bbox 3423 3960 3616 4014; x_wconf 90' lang='lat' dir='ltr'>omnia</span> 
     </span>
    </p>
   </div>
   <div class='ocr_carea' id='block_1_98' title="bbox 1919 4046 3615 4124">
    <p class='ocr_par' dir='ltr' id='par_1_98' title="bbox 1919 4046 3615 4124">
     <span class='ocr_line' id='line_1_98' title="bbox 1919 4046 3615 4124; baseline -0.004 -18"><span class='ocrx_word' id='word_1_767' title='bbox 1919 4052 2305 4124; x_wconf 86' lang='lat' dir='ltr'>primogenita</span> <span class='ocrx_word' id='word_1_768' title='bbox 2338 4051 2590 4104; x_wconf 91' lang='lat' dir='ltr'>ﬁliorum</span> <span class='ocrx_word' id='word_1_769' title='bbox 2624 4050 2816 4104; x_wconf 87' lang='lat' dir='ltr'>Israel.</span> <span class='ocrx_word' id='word_1_770' title='bbox 2858 4049 3008 4104; x_wconf 80' lang='lat' dir='ltr'>Alibi</span> <span class='ocrx_word' id='word_1_771' title='bbox 3039 4065 3051 4103; x_wconf 89' lang='lat'><strong>:</strong></span> <span class='ocrx_word' id='word_1_772' title='bbox 3091 4071 3112 4096; x_wconf 73' lang='grc' dir='ltr'>α</span> <span class='ocrx_word' id='word_1_773' title='bbox 3167 4048 3457 4119; x_wconf 84' lang='lat' dir='ltr'>Quidquid</span> <span class='ocrx_word' id='word_1_774' title='bbox 3489 4046 3615 4119; x_wconf 90' lang='lat' dir='ltr'>pri-</span> 
     </span>
    </p>
   </div>
   <div class='ocr_carea' id='block_1_99' title="bbox 1920 4135 3618 4208">
    <p class='ocr_par' dir='ltr' id='par_1_99' title="bbox 1920 4135 3618 4208">
     <span class='ocr_line' id='line_1_99' title="bbox 1920 4135 3618 4208; baseline -0.004 -14"><span class='ocrx_word' id='word_1_775' title='bbox 1920 4156 2083 4194; x_wconf 90' lang='lat' dir='ltr'>mum</span> <span class='ocrx_word' id='word_1_776' title='bbox 2113 4139 2365 4208; x_wconf 89' lang='lat' dir='ltr'>erumpit</span> <span class='ocrx_word' id='word_1_777' title='bbox 2395 4154 2424 4191; x_wconf 92' lang='lat' dir='ltr'>e</span> <span class='ocrx_word' id='word_1_778' title='bbox 2458 4138 2621 4191; x_wconf 89' lang='lat' dir='ltr'>vulva</span> <span class='ocrx_word' id='word_1_779' title='bbox 2665 4142 2882 4190; x_wconf 67' lang='lat' dir='ltr'>cunctae</span> <span class='ocrx_word' id='word_1_780' title='bbox 2912 4136 3099 4190; x_wconf 87' lang='lat' dir='ltr'>carnis</span> <span class='ocrx_word' id='word_1_781' title='bbox 3142 4152 3315 4206; x_wconf 89' lang='lat' dir='ltr'>quam</span> <span class='ocrx_word' id='word_1_782' title='bbox 3368 4135 3618 4189; x_wconf 81' lang='lat' dir='ltr'>offerunt</span> 
     </span>
    </p>
   </div>
   <div class='ocr_carea' id='block_1_100' title="bbox 1922 4223 3613 4295">
    <p class='ocr_par' dir='ltr' id='par_1_100' title="bbox 1922 4223 3613 4295">
     <span class='ocr_line' id='line_1_100' title="bbox 1922 4223 3613 4295; baseline -0.004 -12"><span class='ocrx_word' id='word_1_783' title='bbox 1922 4228 2186 4293; x_wconf 88' lang='lat' dir='ltr'>Domino,</span> <span class='ocrx_word' id='word_1_784' title='bbox 2216 4227 2330 4281; x_wconf 90' lang='lat' dir='ltr'>sive</span> <span class='ocrx_word' id='word_1_785' title='bbox 2371 4226 2440 4281; x_wconf 91' lang='lat' dir='ltr'>de</span> <span class='ocrx_word' id='word_1_786' title='bbox 2496 4225 2848 4287; x_wconf 88' lang='lat' dir='ltr'>hominibus,</span> <span class='ocrx_word' id='word_1_787' title='bbox 2882 4225 2999 4278; x_wconf 87' lang='lat' dir='ltr'>sive</span> <span class='ocrx_word' id='word_1_788' title='bbox 3029 4224 3098 4278; x_wconf 91' lang='lat' dir='ltr'>de</span> <span class='ocrx_word' id='word_1_789' title='bbox 3158 4223 3462 4295; x_wconf 87' lang='lat' dir='ltr'>pecoribus</span> <span class='ocrx_word' id='word_1_790' title='bbox 3492 4223 3613 4277; x_wconf 58' lang='lat' dir='ltr'>fuec</span> 
     </span>
    </p>
   </div>
   <div class='ocr_carea' id='block_1_101' title="bbox 1918 4309 3617 4386">
    <p class='ocr_par' dir='ltr' id='par_1_101' title="bbox 1918 4309 3617 4386">
     <span class='ocr_line' id='line_1_101' title="bbox 1918 4309 3617 4386; baseline -0.005 -16"><span class='ocrx_word' id='word_1_791' title='bbox 1918 4318 2012 4384; x_wconf 88' lang='lat' dir='ltr'>rit,</span> <span class='ocrx_word' id='word_1_792' title='bbox 2044 4317 2128 4371; x_wconf 90' lang='lat' dir='ltr'>tui</span> <span class='ocrx_word' id='word_1_793' title='bbox 2168 4316 2316 4386; x_wconf 88' lang='lat' dir='ltr'>juris</span> <span class='ocrx_word' id='word_1_794' title='bbox 2374 4314 2484 4369; x_wconf 91' lang='lat' dir='ltr'>erit</span> <span class='ocrx_word' id='word_1_795' title='bbox 2538 4314 2733 4385; x_wconf 77' lang='lat' dir='ltr'>(Nam.</span> <span class='ocrx_word' id='word_1_796' title='bbox 2777 4330 2938 4380; x_wconf 79' lang='lat' dir='ltr'>xv.u,</span> <span class='ocrx_word' id='word_1_797' title='bbox 2990 4311 3091 4382; x_wconf 81' lang='grc'>15).</span> <span class='ocrx_word' id='word_1_798' title='bbox 3140 4332 3167 4363; x_wconf 73' lang='grc' dir='ltr'>ιο</span> <span class='ocrx_word' id='word_1_799' title='bbox 3228 4314 3374 4383; x_wconf 87' lang='lat' dir='ltr'>Ergo</span> <span class='ocrx_word' id='word_1_800' title='bbox 3426 4309 3617 4365; x_wconf 91' lang='lat' dir='ltr'>omnis</span> 
     </span>
    </p>
   </div>
   <div class='ocr_carea' id='block_1_102' title="bbox 1918 4399 3616 4477">
    <p class='ocr_par' dir='ltr' id='par_1_102' title="bbox 1918 4399 3616 4477">
     <span class='ocr_line' id='line_1_102' title="bbox 1918 4399 3616 4477; baseline -0.004 -19"><span class='ocrx_word' id='word_1_801' title='bbox 1918 4411 2134 4477; x_wconf 89' lang='lat' dir='ltr'>partus,</span> <span class='ocrx_word' id='word_1_802' title='bbox 2159 4410 2278 4458; x_wconf 84' lang='lat' dir='ltr'>tam</span> <span class='ocrx_word' id='word_1_803' title='bbox 2301 4403 2604 4458; x_wconf 89' lang='lat' dir='ltr'>hominum</span> <span class='ocrx_word' id='word_1_804' title='bbox 2628 4418 2800 4473; x_wconf 89' lang='lat' dir='ltr'>quam</span> <span class='ocrx_word' id='word_1_805' title='bbox 2818 4401 3242 4472; x_wconf 86' lang='lat' dir='ltr'>jumentorum,</span> <span class='ocrx_word' id='word_1_806' title='bbox 3262 4417 3366 4471; x_wconf 90' lang='lat' dir='ltr'>per</span> <span class='ocrx_word' id='word_1_807' title='bbox 3391 4399 3616 4453; x_wconf 90' lang='lat' dir='ltr'>vulvam</span> 
     </span>
    </p>
   </div>
   <div class='ocr_carea' id='block_1_103' title="bbox 1920 4488 3617 4564">
    <p class='ocr_par' dir='ltr' id='par_1_103' title="bbox 1920 4488 3617 4564">
     <span class='ocr_line' id='line_1_103' title="bbox 1920 4488 3617 4564; baseline -0.005 -16"><span class='ocrx_word' id='word_1_808' title='bbox 1920 4494 2195 4564; x_wconf 89' lang='lat' dir='ltr'>erumpit.</span> <span class='ocrx_word' id='word_1_809' title='bbox 2229 4494 2349 4558; x_wconf 90' lang='lat' dir='ltr'>Qua</span> <span class='ocrx_word' id='word_1_810' title='bbox 2402 4492 2471 4546; x_wconf 90' lang='lat' dir='ltr'>de</span> <span class='ocrx_word' id='word_1_811' title='bbox 2498 4507 2559 4545; x_wconf 88' lang='lat' dir='ltr'>re</span> <span class='ocrx_word' id='word_1_812' title='bbox 2615 4491 2803 4544; x_wconf 91' lang='lat' dir='ltr'>omnis</span> <span class='ocrx_word' id='word_1_813' title='bbox 2864 4490 2934 4544; x_wconf 91' lang='lat' dir='ltr'>de</span> <span class='ocrx_word' id='word_1_814' title='bbox 2975 4488 3192 4544; x_wconf 86' lang='lat' dir='ltr'>femina</span> <span class='ocrx_word' id='word_1_815' title='bbox 3249 4504 3488 4542; x_wconf 83' lang='lat' dir='ltr'>nascens</span> <span class='ocrx_word' id='word_1_816' title='bbox 3514 4502 3617 4557; x_wconf 89' lang='lat' dir='ltr'>per</span> 
     </span>
    </p>
   </div>
   <div class='ocr_carea' id='block_1_104' title="bbox 1918 4577 3619 4652">
    <p class='ocr_par' dir='ltr' id='par_1_104' title="bbox 1918 4577 3619 4652">
     <span class='ocr_line' id='line_1_104' title="bbox 1918 4577 3619 4652; baseline -0.005 -16"><span class='ocrx_word' id='word_1_817' title='bbox 1918 4585 2143 4637; x_wconf 90' lang='lat' dir='ltr'>vulvam</span> <span class='ocrx_word' id='word_1_818' title='bbox 2175 4582 2489 4652; x_wconf 89' lang='lat' dir='ltr'>egreditur.</span> <span class='ocrx_word' id='word_1_819' title='bbox 2519 4581 2640 4635; x_wconf 80' lang='lat' dir='ltr'>Non</span> <span class='ocrx_word' id='word_1_820' title='bbox 2666 4595 2805 4650; x_wconf 90' lang='lat' dir='ltr'>ergo</span> <span class='ocrx_word' id='word_1_821' title='bbox 2836 4577 3002 4632; x_wconf 86' lang='lat' dir='ltr'>nobis</span> <span class='ocrx_word' id='word_1_822' title='bbox 3029 4577 3308 4630; x_wconf 87' lang='lat' dir='ltr'>incertam</span> <span class='ocrx_word' id='word_1_823' title='bbox 3341 4579 3619 4646; x_wconf 89' lang='lat' dir='ltr'>generent</span> 
     </span>
    </p>
   </div>
   <div class='ocr_carea' id='block_1_105' title="bbox 1920 4665 3617 4744">
    <p class='ocr_par' dir='ltr' id='par_1_105' title="bbox 1920 4665 3617 4744">
     <span class='ocr_line' id='line_1_105' title="bbox 1920 4665 3617 4744; baseline -0.007 -17"><span class='ocrx_word' id='word_1_824' title='bbox 1920 4672 2300 4744; x_wconf 65' lang='lat' dir='ltr'>quaestionem</span> <span class='ocrx_word' id='word_1_825' title='bbox 2350 4670 2521 4725; x_wconf 89' lang='lat' dir='ltr'>verba</span> <span class='ocrx_word' id='word_1_826' title='bbox 2579 4684 2707 4740; x_wconf 67' lang='lat' dir='ltr'>quas</span> <span class='ocrx_word' id='word_1_827' title='bbox 2766 4665 3183 4721; x_wconf 89' lang='lat' dir='ltr'>consuetudine</span> <span class='ocrx_word' id='word_1_828' title='bbox 3240 4680 3341 4718; x_wconf 92' lang='lat' dir='ltr'>sua</span> <span class='ocrx_word' id='word_1_829' title='bbox 3392 4669 3449 4716; x_wconf 90' lang='lat' dir='ltr'>et</span> <span class='ocrx_word' id='word_1_830' title='bbox 3508 4679 3617 4716; x_wconf 91' lang='lat' dir='ltr'>usu</span> 
     </span>
    </p>
   </div>
   <div class='ocr_carea' id='block_1_106' title="bbox 1918 4749 3611 4828">
    <p class='ocr_par' dir='ltr' id='par_1_106' title="bbox 1918 4749 3611 4828">
     <span class='ocr_line' id='line_1_106' title="bbox 1918 4749 3611 4828; baseline -0.006 -15"><span class='ocrx_word' id='word_1_831' title='bbox 1918 4760 2345 4828; x_wconf 90' lang='lat' dir='ltr'>Scripturarum</span> <span class='ocrx_word' id='word_1_832' title='bbox 2398 4760 2610 4811; x_wconf 87' lang='lat' dir='ltr'>certam</span> <span class='ocrx_word' id='word_1_833' title='bbox 2665 4770 2784 4809; x_wconf 66' lang='lat' dir='ltr'>sua:</span> <span class='ocrx_word' id='word_1_834' title='bbox 2834 4749 3273 4823; x_wconf 89' lang='lat' dir='ltr'>signiﬁcationis</span> <span class='ocrx_word' id='word_1_835' title='bbox 3330 4749 3611 4803; x_wconf 90' lang='lat' dir='ltr'>submini-</span> 
     </span>
    </p>
   </div>
   <div class='ocr_carea' id='block_1_107' title="bbox 1919 4837 3614 4913">
    <p class='ocr_par' dir='ltr' id='par_1_107' title="bbox 1919 4837 3614 4913">
     <span class='ocr_line' id='line_1_107' title="bbox 1919 4837 3614 4913; baseline -0.007 -11"><span class='ocrx_word' id='word_1_836' title='bbox 1919 4852 2102 4902; x_wconf 89' lang='lat' dir='ltr'>strant</span> <span class='ocrx_word' id='word_1_837' title='bbox 2128 4846 2453 4913; x_wconf 88' lang='lat' dir='ltr'>notionem;</span> <span class='ocrx_word' id='word_1_838' title='bbox 2490 4848 2553 4897; x_wconf 91' lang='lat' dir='ltr'>ut</span> <span class='ocrx_word' id='word_1_839' title='bbox 2581 4843 2735 4897; x_wconf 90' lang='lat' dir='ltr'>enim</span> <span class='ocrx_word' id='word_1_840' title='bbox 2769 4841 3064 4896; x_wconf 83' lang='lat' dir='ltr'>ambulare</span> <span class='ocrx_word' id='word_1_841' title='bbox 3095 4839 3165 4892; x_wconf 87' lang='lat' dir='ltr'>de</span> <span class='ocrx_word' id='word_1_842' title='bbox 3200 4837 3360 4907; x_wconf 88' lang='lat' dir='ltr'>pedis</span> <span class='ocrx_word' id='word_1_843' title='bbox 3404 4837 3614 4903; x_wconf 87' lang='lat' dir='ltr'>ofﬁcio,</span> 
     </span>
    </p>
   </div>
   <div class='ocr_carea' id='block_1_108' title="bbox 1921 4927 3616 5005">
    <p class='ocr_par' dir='ltr' id='par_1_108' title="bbox 1921 4927 3616 5005">
     <span class='ocr_line' id='line_1_108' title="bbox 1921 4927 3616 5005; baseline -0.006 -16"><span class='ocrx_word' id='word_1_844' title='bbox 1921 4935 1968 4989; x_wconf 92' lang='lat' dir='ltr'>si</span> <span class='ocrx_word' id='word_1_845' title='bbox 1997 4930 2197 5005; x_wconf 62' lang='lat' dir='ltr'>parere.</span> <span class='ocrx_word' id='word_1_846' title='bbox 2230 4935 2299 4987; x_wconf 92' lang='lat' dir='ltr'>de</span> <span class='ocrx_word' id='word_1_847' title='bbox 2330 4934 2511 4987; x_wconf 66' lang='lat' dir='ltr'>vulva:</span> <span class='ocrx_word' id='word_1_848' title='bbox 2540 4930 2862 4985; x_wconf 88' lang='lat' dir='ltr'>ministerio</span> <span class='ocrx_word' id='word_1_849' title='bbox 2893 4927 3290 4997; x_wconf 63' lang='lat' dir='ltr'>praedicamus.</span> <span class='ocrx_word' id='word_1_850' title='bbox 3349 4927 3474 4981; x_wconf 86' lang='lat' dir='ltr'>Non</span> <span class='ocrx_word' id='word_1_851' title='bbox 3506 4927 3616 4997; x_wconf 89' lang='lat' dir='ltr'>igi-</span> 
     </span>
    </p>
   </div>
   <div class='ocr_carea' id='block_1_109' title="bbox 1922 5012 3617 5087">
    <p class='ocr_par' dir='ltr' id='par_1_109' title="bbox 1922 5012 3617 5087">
     <span class='ocr_line' id='line_1_109' title="bbox 1922 5012 3617 5087; baseline -0.006 -9"><span class='ocrx_word' id='word_1_852' title='bbox 1922 5027 2017 5078; x_wconf 88' lang='lat' dir='ltr'>tur</span> <span class='ocrx_word' id='word_1_853' title='bbox 2068 5023 2381 5077; x_wconf 90' lang='lat' dir='ltr'>confundat</span> <span class='ocrx_word' id='word_1_854' title='bbox 2439 5019 2703 5074; x_wconf 89' lang='lat' dir='ltr'>dubietas</span> <span class='ocrx_word' id='word_1_855' title='bbox 2756 5017 2910 5087; x_wconf 91' lang='lat' dir='ltr'>quod</span> <span class='ocrx_word' id='word_1_856' title='bbox 2955 5014 3281 5069; x_wconf 90' lang='lat' dir='ltr'>intellectus</span> <span class='ocrx_word' id='word_1_857' title='bbox 3329 5012 3617 5069; x_wconf 86' lang='lat' dir='ltr'>manifesti</span> 
     </span>
    </p>
   </div>
   <div class='ocr_carea' id='block_1_110' title="bbox 1921 5103 3617 5184">
    <p class='ocr_par' dir='ltr' id='par_1_110' title="bbox 1921 5103 3617 5184">
     <span class='ocr_line' id='line_1_110' title="bbox 1921 5103 3617 5184; baseline -0.006 -17"><span class='ocrx_word' id='word_1_858' title='bbox 1921 5112 2267 5184; x_wconf 87' lang='lat' dir='ltr'>signiﬁcatio</span> <span class='ocrx_word' id='word_1_859' title='bbox 2300 5111 2569 5165; x_wconf 88' lang='lat' dir='ltr'>declarat.</span> <span class='ocrx_word' id='word_1_860' title='bbox 2610 5108 2678 5162; x_wconf 89' lang='lat' dir='ltr'>Ut</span> <span class='ocrx_word' id='word_1_861' title='bbox 2729 5110 2922 5159; x_wconf 88' lang='lat' dir='ltr'>autem</span> <span class='ocrx_word' id='word_1_862' title='bbox 2953 5104 3074 5157; x_wconf 90' lang='lat' dir='ltr'>sine</span> <span class='ocrx_word' id='word_1_863' title='bbox 3132 5103 3239 5158; x_wconf 68' lang='lat' dir='ltr'>vias</span> <span class='ocrx_word' id='word_1_864' title='bbox 3302 5103 3617 5158; x_wconf 86' lang='lat' dir='ltr'>directione</span> 
     </span>
    </p>
   </div>
   <div class='ocr_carea' id='block_1_111' title="bbox 1922 5192 3619 5271">
    <p class='ocr_par' dir='ltr' id='par_1_111' title="bbox 1922 5192 3619 5271">
     <span class='ocr_line' id='line_1_111' title="bbox 1922 5192 3619 5271; baseline -0.006 -15"><span class='ocrx_word' id='word_1_865' title='bbox 1922 5218 2037 5255; x_wconf 91' lang='lat' dir='ltr'>non</span> <span class='ocrx_word' id='word_1_866' title='bbox 2068 5200 2399 5271; x_wconf 87' lang='lat' dir='ltr'>pervenitur</span> <span class='ocrx_word' id='word_1_867' title='bbox 2451 5197 2521 5251; x_wconf 89' lang='lat' dir='ltr'>ad</span> <span class='ocrx_word' id='word_1_868' title='bbox 2557 5195 2803 5250; x_wconf 89' lang='lat' dir='ltr'>limitem</span> <span class='ocrx_word' id='word_1_869' title='bbox 2839 5193 3209 5261; x_wconf 85' lang='lat' dir='ltr'>destinatum,</span> <span class='ocrx_word' id='word_1_870' title='bbox 3241 5193 3321 5247; x_wconf 88' lang='lat' dir='ltr'>sic</span> <span class='ocrx_word' id='word_1_871' title='bbox 3374 5192 3484 5246; x_wconf 91' lang='lat' dir='ltr'>nisi</span> <span class='ocrx_word' id='word_1_872' title='bbox 3515 5208 3619 5263; x_wconf 92' lang='lat' dir='ltr'>per</span> 
     </span>
    </p>
   </div>
   <div class='ocr_carea' id='block_1_112' title="bbox 1923 5280 3616 5357">
    <p class='ocr_par' dir='ltr' id='par_1_112' title="bbox 1923 5280 3616 5357">
     <span class='ocr_line' id='line_1_112' title="bbox 1923 5280 3616 5357; baseline -0.005 -16"><span class='ocrx_word' id='word_1_873' title='bbox 1923 5289 2229 5343; x_wconf 87' lang='lat' dir='ltr'>verborum</span> <span class='ocrx_word' id='word_1_874' title='bbox 2264 5284 2710 5357; x_wconf 89' lang='lat' dir='ltr'>signiﬁcantiam</span> <span class='ocrx_word' id='word_1_875' title='bbox 2762 5299 2975 5349; x_wconf 88' lang='lat' dir='ltr'>veram,</span> <span class='ocrx_word' id='word_1_876' title='bbox 3041 5282 3352 5336; x_wconf 90' lang='lat' dir='ltr'>locutionis</span> <span class='ocrx_word' id='word_1_877' title='bbox 3408 5280 3616 5333; x_wconf 87' lang='lat' dir='ltr'>veritas</span> 
     </span>
    </p>
   </div>
   <div class='ocr_carea' id='block_1_113' title="bbox 1925 5370 3616 5449">
    <p class='ocr_par' dir='ltr' id='par_1_113' title="bbox 1925 5370 3616 5449">
     <span class='ocr_line' id='line_1_113' title="bbox 1925 5370 3616 5449; baseline -0.007 -16"><span class='ocrx_word' id='word_1_878' title='bbox 1925 5395 2039 5433; x_wconf 92' lang='lat' dir='ltr'>non</span> <span class='ocrx_word' id='word_1_879' title='bbox 2066 5378 2339 5449; x_wconf 88' lang='lat' dir='ltr'>aperitur.</span> <span class='ocrx_word' id='word_1_880' title='bbox 2386 5378 2616 5430; x_wconf 88' lang='lat' dir='ltr'>Partum</span> <span class='ocrx_word' id='word_1_881' title='bbox 2648 5374 2826 5445; x_wconf 88' lang='lat' dir='ltr'>igitur</span> <span class='ocrx_word' id='word_1_882' title='bbox 2876 5378 2978 5427; x_wconf 89' lang='lat' dir='ltr'>aut</span> <span class='ocrx_word' id='word_1_883' title='bbox 3029 5376 3229 5427; x_wconf 89' lang='lat' dir='ltr'>natum</span> <span class='ocrx_word' id='word_1_884' title='bbox 3288 5371 3372 5424; x_wconf 87' lang='lat' dir='ltr'>vel</span> <span class='ocrx_word' id='word_1_885' title='bbox 3424 5370 3470 5423; x_wconf 94' lang='lat' dir='ltr'>si</span> <span class='ocrx_word' id='word_1_886' title='bbox 3502 5385 3616 5440; x_wconf 90' lang='lat' dir='ltr'>quo</span> 
     </span>
    </p>
   </div>
   <div class='ocr_carea' id='block_1_114' title="bbox 1925 5456 3621 5529">
    <p class='ocr_par' dir='ltr' id='par_1_114' title="bbox 1925 5456 3621 5529">
     <span class='ocr_line' id='line_1_114' title="bbox 1925 5456 3621 5529; baseline -0.006 -8"><span class='ocrx_word' id='word_1_887' title='bbox 1925 5468 2036 5522; x_wconf 89' lang='lat' dir='ltr'>alio</span> <span class='ocrx_word' id='word_1_888' title='bbox 2069 5465 2306 5521; x_wconf 89' lang='lat' dir='ltr'>nomine</span> <span class='ocrx_word' id='word_1_889' title='bbox 2336 5464 2468 5520; x_wconf 89' lang='lat' dir='ltr'>talis</span> <span class='ocrx_word' id='word_1_890' title='bbox 2492 5463 2639 5518; x_wconf 88' lang='lat' dir='ltr'>actio</span> <span class='ocrx_word' id='word_1_891' title='bbox 2668 5463 3015 5529; x_wconf 88' lang='lat' dir='ltr'>nominatur,</span> <span class='ocrx_word' id='word_1_892' title='bbox 3065 5461 3433 5523; x_wconf 89' lang='lat' dir='ltr'>feminarum,</span> <span class='ocrx_word' id='word_1_893' title='bbox 3469 5456 3621 5511; x_wconf 90' lang='lat' dir='ltr'>docti</span> 
     </span>
    </p>
   </div>
   <div class='ocr_carea' id='block_1_115' title="bbox 1925 5544 3623 5619">
    <p class='ocr_par' dir='ltr' id='par_1_115' title="bbox 1925 5544 3623 5619">
     <span class='ocr_line' id='line_1_115' title="bbox 1925 5544 3623 5619; baseline -0.009 -7"><span class='ocrx_word' id='word_1_894' title='bbox 1925 5562 1983 5612; x_wconf 86' lang='lat' dir='ltr'>et</span> <span class='ocrx_word' id='word_1_895' title='bbox 2017 5560 2241 5611; x_wconf 67' lang='lat' dir='ltr'>naturae</span> <span class='ocrx_word' id='word_1_896' title='bbox 2295 5553 2554 5619; x_wconf 86' lang='lat' dir='ltr'>veritate,</span> <span class='ocrx_word' id='word_1_897' title='bbox 2613 5558 2672 5607; x_wconf 91' lang='lat' dir='ltr'>et</span> <span class='ocrx_word' id='word_1_898' title='bbox 2728 5549 3144 5609; x_wconf 88' lang='lat' dir='ltr'>consuetudine</span> <span class='ocrx_word' id='word_1_899' title='bbox 3207 5544 3494 5608; x_wconf 87' lang='lat' dir='ltr'>nascendi,</span> <span class='ocrx_word' id='word_1_900' title='bbox 3566 5547 3623 5598; x_wconf 90' lang='lat' dir='ltr'>et</span> 
     </span>
    </p>
   </div>
  </div>
