3920 6224
94 299 151 350 93
1264 297 1471 354 LIBER
1526 298 1613 354 DE
1658 298 2066 355 NATlt’lTATE
2116 298 2412 357 CHRISTI.
3521 301 3587 355 ‘Ji

94 427 289 482 vatoris
319 433 525 483 exortu
552 432 823 485 tractaret
852 430 930 498 (in
957 431 1084 485 Luc.
1120 430 1157 484 l.
1214 445 1287 495 x1,
1321 446 1367 484 c.
1402 431 1477 501 2),
1514 431 1590 484 ita
1627 430 1780 485 fatus
1813 435 1855 489 A
1893 433 2232 505 virginalem
2262 436 2488 489 vulvam
2532 437 2838 505 nascendo,
2873 440 2935 492 ut
2982 440 3174 493 tamen
3226 452 3352 492 eam
3408 436 3584 490 relin—

93 522 213 570 est:
253 539 271 565 ι
308 520 394 571 An
428 518 818 573 mediocribus
867 518 1046 590 signis
1081 520 1233 573 Deus
1290 519 1590 590 probatur,
1634 521 1786 592 quod

92 606 275 677 angeli
307 607 660 674 ministrant,
686 608 838 679 quod
870 608 1022 678 magi
1045 608 1306 675 adorant,
1333 609 1485 680 quod
1510 613 1787 680 martyres

93 697 468 750 conﬁtentur?
500 698 580 751 Ex
616 703 779 752 utero
802 697 1084 767 funditur,
1117 698 1216 752 sed
1242 703 1500 752 coruscat
1533 715 1561 753 e
1598 700 1736 753 coalo
1769 715 1781 752 :

94 788 314 838 terreno
343 784 404 839 in
434 786 942 856 diversoriojacet,
970 786 1067 840 sed
1122 786 1335 840 etelesti
1366 787 1583 840 lumine
1614 787 1783 857 viget.

94 873 274 943 Nupta
307 874 554 944 peperit,
600 874 695 927 sed
728 874 887 945 virgo
936 875 1220 944 concepit.
1261 876 1448 945 Nupta
1505 875 1783 946 concepit,

94 961 183 1015 sed
214 962 376 1031 virgo
409 963 724 1032 generavit.
760 982 786 1013 λ)
820 963 999 1027 Quam
1050 963 1337 1017 subtiliter
1366 963 1621 1018 inviolati
1678 980 1785 1034 pu-

92 1052 238 1106 doris
284 1053 489 1106 edocet
549 1057 852 1117 secretum,
912 1069 1087 1123 quam
1143 1053 1445 1123 magniﬁce
1502 1053 1787 1123 virginem

92 1141 375 1208 describit,
403 1146 459 1195 et
486 1146 728 1195 matrem
776 1146 1015 1212 nuptam
1065 1141 1343 1211 praedicat
1391 1145 1445 1195 et
1474 1142 1777 1196 intactam!

93 1232 298 1285 Fusum
331 1235 526 1284 narrat
547 1246 613 1284 ex
646 1235 808 1285 utero
833 1231 1145 1295 Christum,
1191 1235 1253 1285 ut
1275 1246 1406 1284 eum
1431 1248 1531 1301 per
1564 1235 1785 1285 naturae

90 1319 232 1372 viam
284 1320 502 1373 sentias
557 1318 922 1390 processisse,
980 1336 1087 1373 nec
1139 1319 1390 1374 aestimes
1451 1319 1786 1390 peregrinos

92 1414 243 1462 ortus
274 1407 365 1461 sui
397 1407 583 1462 exitus
616 1408 941 1479 requisisse,
976 1424 1147 1479 quem
1177 1425 1319 1462 vena
1352 1408 1500 1462 uteri
1536 1408 1782 1461 naturali

91 1498 237 1550 ﬂuxu
273 1496 544 1550 emisitiu
567 1496 769 1550 lucem.
804 1496 964 1561 Quod
998 1500 1059 1550 ut
1088 1496 1296 1550 clarius
1322 1497 1777 1561 commendaret,

92 1585 311 1655 adjecit,
349 1590 593 1655 nuptam
640 1586 949 1656 peperisse,
984 1586 1081 1639 sed
1141 1585 1424 1655 virginem
1457 1586 1785 1655 concepisse

92 1680 142 1727 et
172 1678 417 1744 nuptam
456 1674 807 1743 concepisse,
868 1674 965 1728 sed
1027 1673 1308 1744 virginem
1369 1674 1687 1745 peperisse;
1725 1679 1787 1726 ut

93 1768 361 1834 conceptu
391 1762 630 1833 virginis
680 1768 735 1817 et
785 1768 951 1834 partu
1010 1779 1304 1817 removeas
1336 1764 1494 1817 virile
1553 1779 1783 1816 consor-

94 1852 249 1905 tium.
286 1851 715 1905 Animadvertis
774 1857 965 1906 autem
1025 1852 1281 1906 membra
1339 1852 1455 1906 suis
1506 1870 1538 1906 a
1577 1858 1785 1905 natura

95 1939 424 1994 ministeriis
454 1941 746 2009 deputata,
784 1944 845 1994 ut
873 1946 1180 2012 conceptus
1216 1942 1287 1995 ad
1306 1941 1619 2008 matricem,
1654 1958 1785 2011 par-

95 2035 181 2083 tus
208 2029 275 2082 ad
307 2028 597 2083 oriﬁcium
628 2030 929 2083 referatur.
963 2030 1180 2094 Quibus
1212 2030 1461 2100 denique
1514 2030 1786 2083 membris

96 2116 297 2171 mulier
328 2123 512 2187 nupta
543 2118 792 2188 concipit
834 2122 891 2171 et
945 2117 1118 2189 parit,
1150 2118 1366 2172 eisdem
1419 2119 1699 2188 virginem
1733 2123 1787 2172 et

99 2206 451 2260 fecundatam
482 2207 677 2260 credas
709 2212 766 2261 et
792 2207 1038 2262 enixam.

167 2297 379 2350 Rursus
403 2295 463 2348 in
492 2296 885 2366 sequentibus.
925 2314 952 2347 ‹‹
979 2296 1158 2350 Omne
1182 2295 1561 2349 masculinum
1585 2295 1789 2366 adape-

100 2383 244 2437 rieus
274 2384 523 2449 vulvam,
555 2388 813 2439 sanctum
848 2384 1089 2438 Domino
1122 2384 1435 2437 vocabitur.
1470 2406 1497 2432 »
1537 2407 1556 2431 α
1592 2385 1788 2437 Verbis

100 2472 244 2526 enim
278 2472 421 2544 legis
454 2473 900 2542 promittebatur
957 2472 1202 2542 Virginis
1263 2478 1477 2543 partus.
1540 2474 1603 2527 Et
1652 2489 1782 2526 vere

100 2567 336 2628 sanctus,
372 2563 511 2633 quia
544 2562 969 2616 immaculatus.
1024 2564 1279 2634 Denique
1314 2563 1505 2633 ipsum
1538 2580 1657 2617 esse
1689 2564 1787 2634 qui

96 2651 215 2719 lege
247 2654 529 2721 signetur,
564 2652 623 2704 in
655 2653 923 2705 eumdem
958 2653 1190 2705 modum
1214 2652 1285 2706 ab
1315 2653 1521 2722 angelo
1546 2652 1789 2723 repetita

100 2741 259 2792 verba
287 2741 605 2810 :declarant
642 2757 654 2793 :
692 2758 718 2791 ‹‹
758 2740 901 2805 Quia
959 2742 1109 2812 quod
1169 2745 1456 2808 nascetur,
1489 2762 1515 2789 η
1577 2741 1785 2811 inquit,

102 2851 123 2873 ιι
156 2834 439 2891 sanctum,
476 2828 772 2881 vocabitur
803 2828 977 2882 Filius
1009 2829 1128 2882 Dei.
1176 2850 1201 2877 ››
1238 2830 1360 2883 Non
1401 2828 1554 2881 enim
1612 2828 1789 2881 virilis

98 2917 268 2968 coitus
304 2917 487 2969 vulvae
516 2916 807 2985 virginalis
840 2922 1054 2970 secreta
1096 2917 1385 2981 reseravit,
1420 2917 1516 2971 sed
1577 2916 1790 2970 imma-

98 3005 343 3057 culatum
402 3020 602 3057 semen
662 3004 978 3058 inviolabili
1040 3010 1202 3058 utero
1259 3004 1505 3075 Spiritus
1562 3011 1790 3059 sanctus

101 3093 311 3146 etfudit.
346 3092 512 3147 Solus
551 3093 707 3146 enim
750 3109 854 3163 per
884 3093 1078 3147 omnia
1134 3110 1199 3147 ex
1258 3095 1404 3147 natis
1462 3095 1530 3148 de
1580 3094 1792 3148 femina

98 3186 320 3233 sanctus
355 3181 640 3234 Dominus
666 3182 847 3245 Jesus,
878 3182 976 3252 qui
1006 3187 1249 3236 terrente
1282 3183 1551 3253 contagia
1601 3198 1794 3235 corru-

98 3269 257 3337 ptela:
290 3269 656 3323 immaculati
689 3275 888 3339 partus
940 3271 1233 3325 nativitate
1265 3288 1381 3324 non
1436 3270 1697 3335 senserit,
1739 3274 1796 3324 et

100 3357 300 3411 cmlesti
338 3359 641 3426 maiestate
672 3358 977 3430 depulerit.
1030 3360 1171 3413 Nam
1204 3360 1249 3413 si
1302 3361 1550 3414 litteram
1583 3376 1794 3430 sequa—

99 3463 238 3510 mur,
272 3447 573 3516 quomodo
605 3453 834 3500 sanctus
864 3447 1051 3501 omnis
1081 3449 1388 3513 masculus,
1420 3464 1550 3501 cum
1585 3450 1796 3502 multos

99 3534 563 3587 sceleratissimos
608 3535 783 3588 fuisse
830 3552 944 3589 non
996 3535 1210 3590 lateat?
1265 3536 1537 3607 Nunquid
1570 3542 1795 3591 sanctus

98 3622 325 3676 Achab?
380 3623 657 3693 Nunquid
709 3624 886 3677 sancti
935 3625 1475 3695 pseudoprophetas,
1528 3626 1681 3697 quod
1724 3626 1793 3679 ad

100 3709 222 3763 Elia.-
250 3726 458 3779 preces
491 3710 649 3763 ultor
673 3711 915 3765 caelestis
946 3711 1175 3783 injurias
1210 3712 1379 3782 ,ignis
1433 3713 1795 3782 absumpsit?

99 3796 194 3851 Sed
222 3798 319 3851 ille
348 3802 612 3862 sanctus,
665 3814 769 3868 per
817 3814 989 3869 quem
1040 3800 1282 3869 ﬁguram
1314 3809 1338 3833 ⁸
1389 3800 1644 3870 mysterii
1704 3800 1797 3871 pia

99 3885 225 3954 legis
256 3884 505 3956 divinas]
540 3886 876 3956 przrscripta
939 3886 1261 3957 signabant.
1314 3889 1378 3941 Et
1433 3889 1583 3959 quod
1644 3890 1796 3943 solus

100 3979 292 4029 sanctae
326 3975 606 4029 Ecclesiae
637 3974 874 4045 virginis
923 3975 992 4029 ad
1025 3977 1380 4044 generandos
1422 3977 1663 4047 populos
1698 3977 1798 4032 Dei

100 4062 481 4117 immaculata:
513 4063 882 4117 fecunditatis
931 4065 1181 4134 aperiret
1212 4066 1459 4134 genitale
1492 4071 1793 4119 secretum.

104 4150 185 4204 llic
215 4168 354 4223 ergo
405 4152 575 4206 solus
632 4152 856 4223 aperuit
895 4153 1002 4206 sibi
1060 4154 1304 4207 vulvam.
1367 4154 1479 4206 Nec
1535 4153 1795 4207 mirum:

100 4239 185 4307 qui
214 4242 370 4294 enim
431 4240 667 4294 dixerat
703 4256 807 4310 per
850 4241 1189 4311 prophetam
1223 4257 1235 4294 :
1291 4261 1319 4292 «
1371 4241 1709 4311 Priusquam
1745 4245 1798 4295 te

99 4326 395 4382 formarem
432 4329 501 4381 in
536 4332 723 4394 utero,
760 4328 892 4381 novi
919 4332 994 4395 te,
1028 4334 1084 4383 et
1121 4329 1181 4383 in
1225 4329 1397 4383 vulva
1430 4329 1630 4383 matris
1660 4346 1790 4383 san-
1823 4333 1866 4387 D

101 4417 321 4470 ctiticavi
354 4423 414 4470 te
473 4418 617 4487 (Jer.
648 4416 704 4486 ι).
737 4438 756 4463 ι
815 4418 922 4480 Qui
972 4433 1109 4487 ergo
1167 4419 1390 4471 vulvam
1426 4418 1802 4472 sanctiﬁeavit

101 4504 349 4571 alienam,
384 4510 453 4559 ut
490 4512 830 4559 nasceretur
861 4506 1163 4575 propheta,
1212 4506 1303 4559 hic
1328 4512 1414 4560 est
1442 4506 1542 4578 qui
1576 4506 1801 4576 aperuit

103 4596 278 4649 matris
326 4612 456 4650 sum
531 4595 786 4661 vulvam,
855 4600 917 4649 ut
983 4596 1386 4650 immaculatus
1453 4596 1648 4650 exiret.
1718 4596 1796 4665 (S.

101 4684 367 4750 Ambros,
400 4686 442 4740 1.
486 4702 528 4738 ιι
562 4686 622 4738 in
663 4686 816 4749 Luc.,
846 4700 893 4738 c.
927 4688 989 4751 2;
1038 4684 1092 4739 S.
1126 4688 1292 4754 Aug.,
1328 4686 1367 4739 l.
1403 4702 1440 4739 ιι
1476 4686 1541 4739 de
1588 4688 1798 4740 Pcccat.

102 4776 243 4840 θήρη
282 4791 329 4827 c.
366 4776 464 4839 40,
507 4778 569 4827 et
604 4772 701 4826 lib.
734 4790 749 4826 1
781 4778 920 4827 cont.
954 4775 1087 4840 Jul.,
1129 4788 1177 4827 c.
1210 4774 1289 4844 2.)

159 4862 347 4916 Orator
380 4862 646 4932 insignis
685 4862 790 4914 hac
828 4862 1087 4916 oratione
1117 4862 1307 4933 primo
1358 4862 1612 4933 antiquae
1657 4862 1803 4933 legis

105 4952 389 5021 explanans
426 4952 719 5017 edictum,
753 4950 1100 5019 dogmatizat
1129 4956 1386 5005 sanctum
1422 4951 1605 5020 legale
1631 4952 1802 5005 unius

105 5042 200 5092 veri
227 5042 405 5095 sancti
440 5039 800 5110 mysterium
851 5039 1128 5109 signasse,
1179 5040 1279 5109 qui
1309 5040 1503 5093 saeculi
1553 5039 1657 5093 sub
1690 5039 1802 5093 ﬁne

106 5132 243 5181 natus
272 5129 342 5184 de
378 5128 659 5199 Virgine,
720 5131 962 5180 terrenae
1013 5127 1279 5198 contagia
1310 5128 1653 5197 corruptelae
1688 5128 1803 5182 im-

109 5218 342 5272 maculati
375 5222 605 5290 partus
648 5214 898 5269 novitate
932 5231 1047 5270 non
1093 5216 1355 5284 senserit,
1413 5216 1493 5269 sic
1542 5217 1803 5287 aperiens

165 5434 297 5485 ‘Per
347 5446 522 5502 quem
600 5426 1192 5502 figuram._Eumdem
1250 5427 1438 5502 locum
1508 5427 1805 5497 exscripsit

114 5497 421 5568 Radbertus,
459 5502 637 5571 apud
672 5513 848 5567 quem
882 5497 1093 5571 legitur
1126 5513 1288 5571 quem,
1313 5501 1371 5571 in
1404 5501 1607 5571 ﬁgura.
1655 5502 1803 5551 Ante

118 5572 209 5625 hac
235 5568 529 5629 Ambrosii
567 5574 628 5622 et
661 5568 967 5636 Augustini
995 5570 1200 5637 elogia,
1239 5569 1333 5621 ubi
1374 5568 1706 5638 scripsimus
1737 5586 1801 5622 ex

1897 527 2099 595 queret
2128 526 2379 579 clausam
2407 540 2521 579 non
2554 525 2844 581 violando.
2876 526 3145 598 Alioquin
3189 526 3236 580 si
3279 542 3390 580 non
3420 526 3586 580 illum

1895 614 2188 684 Scriptura
2222 614 2582 685 signiﬁcavit,
2643 632 2772 686 quae
2801 616 2869 669 de
2929 615 3197 670 masculis
3250 615 3494 669 sancivit
3527 620 3588 669 ut

1895 705 2214 759 habeantur
2246 705 2446 769 sancti,
2483 704 2726 758 ostendit
2752 720 2948 758 verum
2978 721 3091 758 non
3138 721 3259 759 esse
3290 705 3585 758 decretum

1896 796 2210 847 multorum
2246 794 2490 865 pravitas
2522 794 2925 848 masculorum.
2958 794 3064 848 Sed
3097 796 3179 848 lex
3212 795 3438 848 Domini
3475 794 3583 847 im-

1896 883 2182 937 maculata
2211 887 2267 937 et
2314 882 2709 937 testimonium
2742 882 2926 937 ﬁdele.
2962 883 3083 947 Qua
3113 884 3181 935 de
3212 898 3272 936 re
3321 899 3584 953 quaeren-

1896 972 2002 1027 dus
2028 977 2111 1025 est
2140 971 2461 1026 intellectus
2492 971 2592 1042 qui
2634 970 2814 1042 possit
2842 970 3025 1042 aptari
3080 971 3283 1025 merito
3324 971 3581 1037 veritati;

1895 1061 1994 1116 ubi
2025 1066 2251 1115 sanctus
2280 1062 2376 1115 ille
2409 1062 2560 1114 solus
2592 1061 2884 1131 repetitur,
2923 1060 3023 1131 qui
3055 1059 3430 1128 sine'peccato
3458 1075 3588 1113 con-

1895 1152 2109 1216 ceptus,
2143 1147 2263 1201 sine
2288 1147 2489 1201 delicto
2521 1148 2767 1218 genitus,
2805 1153 3014 1200 sanctae
3049 1145 3305 1200 Ecclesim
3337 1146 3587 1215 _virgiuis

1896 1234 1965 1288 ad
1992 1233 2352 1304 generaudos
2386 1236 2631 1305 populos
2664 1235 2761 1288 Dei
2798 1234 3180 1288 immaculatus
3223 1232 3585 1288 fecunditatis

1897 1322 2120 1393 aperuit
2148 1321 2394 1392 genitale
2442 1329 2740 1377 secretum.
2776 1321 2818 1393 [³³
2857 1324 2978 1388 Quo
3039 1323 3275 1395 mystico
3325 1323 3477 1377 dicto
3503 1327 3587 1375 te-

1897 1417 2096 1479 statur,
2130 1413 2328 1466 malris
2363 1412 2600 1482 virginis
2628 1413 2782 1483 quod
2814 1413 3197 1465 immaculata:
3223 1410 3588 1465 fecunditatis

1896 1502 2120 1571 aperuit
2147 1502 2395 1571 genitale
2430 1500 2757 1573 secretum]
2791 1502 2913 1554 Non
2934 1501 3086 1554 enim
3120 1501 3226 1554 hoc
3249 1516 3431 1569 genus
3458 1516 3585 1553 nar-

1896 1590 2130 1644 rationis
2159 1592 2228 1644 ad
2286 1590 2586 1645 Ecclesiam
2612 1606 2717 1660 per
2749 1591 3081 1659 mysterium
3134 1595 3442 1660 coeptaret,
3478 1589 3586 1643 nisi

1897 1680 1979 1733 rei
2032 1679 2268 1734 veritate
2298 1680 2365 1734 de
2394 1678 2690 1750 virginalis
2742 1679 2923 1732 vulva:
2958 1679 3307 1734 reseratione
3373 1679 3585 1734 factum

1896 1769 2069 1823 fuisse
2103 1769 2308 1823 docere
2338 1769 2630 1822 voluisset.
2667 1768 2846 1832 Quem
2878 1768 3172 1839 sequentia
3207 1767 3589 1838 comprobant

1898 1857 2287 1925 intellectum;
2336 1858 2414 1911 ait
2443 1857 2596 1912 enim
2631 1874 2644 1912 :
2699 1858 2796 1912 Hic
2827 1873 2961 1929 ergo
3012 1858 3166 1910 solus
3221 1856 3448 1927 aperuit
3478 1855 3587 1910 sibi

1897 1948 2145 2001 vulvam.
2179 1947 2325 2010 Quid
2358 1946 2602 2017 amplius
2651 1946 2915 2016 requiris,
2954 1946 3184 2016 quando
3236 1945 3471 2016 signatis
3503 1949 3587 1997 at-

1896 2040 2136 2089 testatur
2166 2036 2318 2105 quod
2360 2035 2603 2089 dicimus
2652 2034 2875 2089 verbis?
2928 2035 2991 2088 Et
3042 2033 3267 2105 aperuit
3322 2033 3499 2098 enim,
3534 2038 3591 2087 et

1895 2126 2119 2179 vulvam
2155 2125 2311 2191 dixit,
2345 2141 2459 2196 quo
2490 2124 2632 2178 nihil
2667 2140 2770 2194 per
2801 2123 3046 2193 ﬁguram
3080 2128 3311 2194 reputes
3351 2123 3586 2176 dictum.

1897 2214 2077 2284 Igitur
2109 2213 2405 2268 manifesta
2435 2214 2735 2267 conﬁrmat
2767 2211 3067 2279 sententia,
3093 2212 3247 2282 quod
3270 2211 3590 2277 olimlvetus

1898 2303 2188 2374 Scriptura
2219 2302 2561 2373 loquebatur
2594 2318 2607 2356 :
2646 2322 2673 2353 α
2716 2303 2895 2356 Omne
2945 2302 3156 2355 scilicet
3208 2300 3589 2355 masculinum

1898 2394 2051 2463 quod
2088 2393 2338 2464 aperiret
2364 2392 2610 2458 vulvam,
2640 2396 2900 2445 sanctum
2933 2390 3175 2445 Domino
3221 2390 3429 2456 vocari,
3469 2411 3489 2438 ι
3523 2394 3588 2443 ut

1899 2497 2016 2535 non
2049 2482 2324 2536 moderuo
2356 2480 2453 2535 sed
2483 2480 2883 2551 antiquissimo
2910 2480 3090 2532 discas
3122 2484 3381 2548 tempore
3409 2478 3593 2548 signa-

1898 2578 2021 2624 tum
2051 2570 2243 2631 fuisse,
2271 2570 2406 2637 fnon
2450 2570 2637 2622 solum
2671 2569 2826 2639 quod
2859 2568 2926 2621 de
2987 2567 3213 2637 Virgine
3264 2572 3593 2626 nasceretur

1896 2660 2077 2725 Jesus,
2118 2674 2314 2711 verum
2361 2657 2512 2729 quod
2546 2673 2650 2728 per
2696 2656 3026 2710 intemerali
3078 2656 3315 2727 pudoris
3363 2656 3589 2709 vulvam

1899 2752 2244 2801 nasceretur.

1975 2837 2156 2903 thue
2204 2835 2469 2889 nativitas
2514 2834 2621 2888 ista
2673 2833 2974 2904 impolluta
3004 2832 3073 2886 de
3125 2831 3413 2899 inviolato,
3477 2848 3590 2885 non

1900 2925 2273 2996 coinquinata
2319 2925 2387 2978 de
2433 2927 2699 2994 corrupto
2758 2937 2985 2992 egressu
3046 2926 3362 2991 putaretur,
3430 2921 3595 2975 docet

1841 3034 1863 3083 3
1902 3014 2005 3069 sub
2037 3014 2298 3083 exemplo
2340 3013 2527 3067 adhuc
2574 3012 2633 3065 in
2684 3011 2850 3065 vulva
2888 3009 3227 3064 sanctiﬁcali
3274 3009 3590 3081 prophetae.

1902 3103 2210 3175 Subjungit
2239 3108 2429 3156 autem
2465 3121 2480 3155 :
2515 3101 2621 3166 Qui
2652 3100 2807 3154 enim
2841 3100 3060 3153 dixerat
3088 3099 3178 3166 :ad
3210 3098 3545 3169 prophetam
3578 3113 3589 3151 :

1905 3215 1932 3242 ‹‹
1965 3193 2308 3264 Priusquam
2366 3196 2416 3244 te
2449 3190 2758 3244 formarem
2789 3189 2848 3243 in
2910 3194 3094 3256 utero,
3128 3188 3261 3241 novi
3323 3193 3395 3253 te,
3454 3186 3595 3240 etin

1902 3283 2072 3337 vulva
2102 3281 2298 3335 matris
2329 3280 2671 3334 sanctiticavi
2700 3284 2783 3343 te;
2819 3296 2844 3328 ››
2882 3278 2980 3348 qui
3011 3294 3147 3347 ergo
3178 3279 3425 3343 ﬁvulvam
3458 3292 3595 3330 san-

1904 3369 2169 3425 ctiﬁeavit
2198 3369 2466 3434 alienam,
2516 3372 2578 3420 ut
2630 3370 2960 3420 nasceretur
3018 3365 3319 3434 propheta,
3381 3364 3473 3417 hic
3513 3367 3597 3417 est

1903 3460 2003 3532 qui
2050 3458 2279 3530 aperuit
2339 3456 2539 3511 matris
2597 3472 2713 3509 sua:
2768 3455 3014 3517 vulvam,
3071 3456 3130 3506 ut
3190 3453 3596 3507 immaculatus

1904 3549 2101 3604 exiret.
2141 3550 2373 3602 Cessent
2394 3546 2516 3615 jam
2565 3544 2736 3598 verba
2766 3552 2976 3608 nostra,
3016 3541 3111 3595 ubi
3159 3542 3302 3595 tanti
3349 3541 3599 3596 doctoris

1904 3636 2093 3692 verbis
2150 3634 2491 3689 instruimur
2545 3632 2685 3703 quid
2738 3632 2809 3686 de
2861 3630 3164 3685 Salvatoris
3220 3636 3347 3683 ortu
3387 3629 3597 3682 sentire

1906 3726 2235 3781 debeamus.
2272 3725 2397 3778 Non
2442 3721 2597 3776 enim
2629 3720 2909 3791 explicare
2965 3719 3239 3773 debemus
3270 3717 3405 3788 quid
3438 3716 3597 3770 dixe-

1906 3814 2000 3881 rit,
2034 3830 2164 3867 cum
2209 3813 2401 3884 potius
2434 3811 2720 3864 involvere
2768 3824 2940 3879 quam
2975 3806 3331 3861 manifestius
3376 3805 3598 3875 aperire

1908 3920 2229 3976 queamus:
2260 3900 2370 3956 nisi
2402 3901 2544 3955 forte
2587 3898 2715 3970 quis
2772 3899 2915 3951 adeo
2973 3896 3129 3950 rudis
3177 3892 3473 3960 exstiterit,
3537 3898 3601 3947 ut

1907 3994 2132 4049 vulvam
2162 3992 2283 4046 fore
2314 3988 2649 4062 pudendum
2683 3986 2944 4041 mulieris
2976 3986 3222 4055 ignoret.

2564 4111 2786 4166 CAPUT
2826 4110 2940 4163 νη.

2197 4203 2527 4273 TeStimonia
2557 4233 2623 4271 ea:
2648 4217 2958 4285 Augustino
2990 4219 3040 4269 et
3068 4214 3315 4268 Hilario.

1973 4327 2247 4382 Procedat
2277 4325 2372 4380 sed
2426 4325 2484 4378 in
2540 4327 2910 4394 conSpectum
2966 4321 3342 4392 Augustinus,
3396 4320 3601 4374 ﬂuvius

1909 4415 2275 4489 eloquentia,
2346 4418 2739 4485 perscrutator
2808 4416 3186 4477 secretorum,
3247 4411 3602 4464 occultorum

1911 4506 2194 4561 revelator
2223 4506 2619 4576 propugnator
2642 4501 2924 4564 Ecclesiae,
2966 4500 3366 4554 haereticorum
3410 4497 3602 4551 debel-

1909 4595 2084 4661 iator;
2117 4598 2175 4648 et
2202 4592 2339 4665 quid
2373 4607 2544 4662 super
2574 4589 2880 4645 Salvatoris
2910 4588 3116 4641 sentiat
3162 4591 3366 4642 exortu
3410 4586 3601 4655 palam

1910 4686 2265 4756 proﬁteatur.
2300 4683 2362 4736 In
2394 4696 2659 4735 sermone
2714 4680 2782 4734 de
2815 4678 2997 4733 Natali
3055 4676 3301 4740 Domini,
3366 4674 3503 4727 dum
3532 4673 3602 4728 de

1911 4772 2191 4828 modestia
2244 4770 2511 4840 Virginis,
2571 4773 2627 4824 et
2659 4767 2907 4823 mirabili
2960 4763 3264 4820 Salvatoris
3320 4767 3600 4831 conceptu

1911 4863 2276 4929 declamaret,
2308 4860 2385 4913 sic
2413 4859 2492 4912 ait
2522 4875 2535 4912 :
2574 4879 2601 4907 «
2634 4856 3007 4913 Pronuntiato
3028 4869 3130 4923 per
3146 4851 3413 4921 angelum
3434 4855 3600 4920 partu

1912 4951 2082 5022 coepit
2116 4950 2361 5004 Verbum
2393 4946 2651 5013 formari,
2684 4941 3050 5012 conceptione
3079 4939 3369 5009 colligitur
3401 4938 3459 4991 iu
3492 4937 3603 4991 ho-

1914 5040 2069 5094 mine
2100 5040 2265 5105 Deus,
2299 5042 2352 5091 et
2388 5051 2516 5089 eum
2550 5034 2795 5087 sustinet
2820 5035 3018 5084 venter
3047 5029 3137 5083 cui
3170 5044 3377 5099 parvus
3419 5027 3605 5082 fuerat

1913 5127 2183 5192 mundus,
2216 5129 2272 5179 et
2306 5123 2452 5176 intra
2511 5120 2682 5174 breve
2739 5116 2984 5188 virginei
3040 5116 3297 5186 corporis
3355 5116 3603 5186 spatium

1912 5233 2017 5288 pro
2051 5214 2215 5270 nobis
2258 5218 2342 5266 est
2401 5211 2698 5264 incarnata
2749 5207 3046 5277 majestas;
3108 5206 3351 5260 fecunda
3390 5206 3605 5259 viscera

1912 5424 2037 5480 cod.
2077 5424 2215 5477 Dall.
2256 5422 2532 5489 Virginem
2559 5424 2608 5473 et
2628 5417 3000 5486 fecundatam,
3035 5417 3254 5471 editum
3286 5418 3453 5467 antea
3486 5414 3606 5466 erat

1911 5497 2178 5560 virginem
2218 5492 2626 5558 fecunditatem.

1984 5551 2153 5630 b"0m
2183 5551 2427 5630 mystico.
2461 5564 2667 5616 Totum
2699 5561 2805 5614 hoc
2837 5560 3094 5613 additum
3129 5561 3218 5610 est
3246 5571 3276 5608 θ
3307 5554 3431 5608 cod.
3463 5551 3602 5607 Dall.
