3920 6224
316 292 383 343 95
1467 285 1829 342 RATRAMNI
1871 285 2326 342 CORBEIENSIS
2366 283 2677 340 MONACHI
3767 286 3825 336 96

318 420 500 475 Verbo
526 424 759 475 auctore
788 418 1133 487 tenduntur;
1169 419 1591 492 completisque
1624 436 1830 475 novem
1854 436 2015 474 men-
2045 425 2085 477 A
2127 420 2189 474 In
2224 419 2463 473 homilia
2492 422 2577 483 26,
2610 418 2749 473 dum
2779 419 3133 489 propositam
3165 418 3414 474 solveret
3444 420 3821 490 quaestionem

316 509 473 563 sibus
502 514 701 563 venter
733 509 1021 563 caelestem
1050 509 1347 564 hominem
1374 509 1521 564 fudit
1554 525 1566 564 :
1600 514 1799 563 natum
1825 509 2011 563 Domi-

318 614 458 651 num
512 598 767 668 publicat
819 597 1112 668 angelicus
1143 615 1352 652 sermo.
1394 615 1418 649 υ
1486 597 1759 668 Diligenti
1791 598 2009 652 descri—

315 687 509 756 ptione
539 702 711 757 quam
742 686 1077 740 brevissime
1108 691 1442 758 prosecutus
1473 690 1577 753 est,
1631 692 1687 740 et
1726 686 2007 756 principia

312 779 636 846 conceptus,
663 780 718 828 et
747 775 1239 830 constructionem
1271 775 1596 843 soliditatis,
1630 780 1687 830 et
1723 792 2009 846 augmen-

314 871 437 916 tum
466 862 738 935 corporis.
799 863 1076 918 Mensium
1107 880 1335 935 quoque
1393 863 1645 934 spatium
1701 880 1815 934 quo
1856 864 2008 917 intra

310 957 526 1005 secreta
551 952 762 1006 ventris
791 952 1072 1006 infantilis
1106 952 1322 1006 coaluit
1352 967 1663 1018 successus,
1710 951 1839 1005 inde
1869 966 2007 1020 pro-

310 1057 538 1111 gressus
568 1043 627 1094 in
655 1057 841 1107 auras,
874 1046 930 1095 et
963 1041 1022 1095 in
1048 1041 1407 1095 nativitatem
1439 1040 1540 1095 Dei
1572 1039 1833 1111 angelica
1863 1055 2001 1092 con-

310 1130 593 1183 clamatio.
628 1130 763 1183 Vide
796 1130 1047 1200 profecto
1076 1130 1351 1201 quoniam
1379 1133 1435 1183 et
1492 1133 1832 1199 conceptum
1863 1127 2001 1181 dici-

309 1222 424 1283 tur,
457 1224 515 1272 et
552 1224 904 1287 concretum,
955 1224 1011 1272 et
1040 1220 1252 1281 fusum,
1285 1218 1341 1271 id
1365 1222 1449 1272 est
1469 1233 1583 1271 non
1619 1232 1720 1287 per
1746 1216 2002 1287 peregri-

311 1322 442 1361 nam
470 1307 849 1377 irruptionem
883 1323 1199 1377 egressum,
1235 1307 1334 1361 sed
1368 1323 1469 1378 per
1495 1307 1846 1361 vestibulum
1875 1322 2005 1360 ven-

312 1396 414 1449 tris
444 1396 738 1467 virginalis
776 1396 988 1450 fusum.

381 1485 520 1538 Item
577 1486 638 1538 in
693 1484 803 1539 alio
866 1500 1130 1538 sermone
1171 1500 1343 1555 super
1400 1483 1599 1538 eadem
1658 1484 1999 1538 nativitate:

310 1591 337 1623 α
371 1574 543 1627 Natus
572 1590 710 1645 ergo
751 1574 1029 1628 Dominus
1064 1579 1258 1629 noster
1300 1590 1366 1628 ex
1397 1589 1567 1628 carne
1613 1573 1869 1644 quidem,
1903 1574 2001 1627 sed

306 1678 423 1716 non
455 1678 521 1717 ex
543 1663 911 1733 corruptione
940 1663 1157 1717 carnali
1191 1668 1396 1717 :natus
1428 1666 1489 1716 ut
1519 1663 1713 1729 homo,
1748 1662 1846 1716 sed
1886 1678 2001 1716 non

307 1751 532 1821 genitus
566 1756 627 1805 ut
656 1752 851 1805 homo.
884 1752 987 1814 glta
1045 1752 1293 1822 suscepit
1345 1767 1598 1811 carnem,
1634 1756 1701 1805 ut
1753 1756 2003 1806 servaret

308 1839 620 1909 majestatis
668 1840 986 1906 honorem;
1045 1844 1102 1894 et
1163 1840 1242 1894 sic
1314 1840 1638 1909 segregavit
1692 1839 2004 1909 puritatem

306 1927 618 1982 nativitatis
645 1944 762 1982 suae
812 1946 842 1981 a
891 1929 1213 1983 colluvione
1270 1928 1647 1983 concretionis
1710 1928 2000 1982 humanae.

308 2017 535 2084 Peregit
560 2017 794 2087 quidem
823 2017 883 2071 in
914 2023 1037 2071 ortu
1071 2034 1172 2071 suo
1209 2018 1442 2088 plenam
1484 2016 1733 2071 hominis
1765 2016 2005 2086 dispen-

309 2104 609 2168 sationem,
643 2105 738 2159 sed
774 2106 872 2158 Dei
903 2110 1096 2159 tamen
1129 2122 1245 2160 non
1272 2106 1524 2159 deseruit
1579 2106 1938 2176 dignitatem.
1979 2126 1999 2153 ι

309 2193 474 2247 Vides
506 2211 536 2245 a
564 2194 728 2247 docto
762 2194 881 2248 viro
942 2200 997 2248 et
1055 2194 1411 2248 divinitatem
1471 2194 1596 2248 Filii
1644 2194 1763 2259 Dei,
1797 2198 1853 2247 et
1891 2193 1998 2247 hu-

309 2297 493 2335 manae
526 2281 835 2337 nativitatis
866 2283 1129 2336 ordinem
1164 2283 1475 2353 designari.
1513 2282 1650 2337 Dicit
1680 2281 1835 2335 enim
1871 2298 2003 2335 eum

310 2375 504 2425 natum
540 2388 608 2425 ex
629 2388 818 2438 carne,
867 2372 1083 2426 scilicet
1112 2372 1183 2426 de
1224 2371 1498 2426 membris
1531 2376 1588 2425 et
1642 2372 2004 2425 humanitate

310 2459 564 2530 virginis,
598 2461 722 2530 lege
754 2460 988 2531 quidem
1044 2460 1252 2527 carnis,
1298 2461 1394 2514 sed
1425 2465 1636 2530 praeter
1686 2460 2004 2529 corruptio-

308 2564 441 2601 nem
496 2549 711 2613 carnis;
772 2553 952 2618 utque
1011 2549 1368 2601 manifestius
1404 2548 1552 2619 :quid
1606 2548 1815 2601 dicitur
1866 2548 2003 2616 [ani-

308 2636 648 2699 madvertas,
687 2637 804 2689 ait:
841 2660 861 2685 ι
901 2638 1077 2690 Natus
1113 2642 1177 2690 ut
1204 2637 1400 2702 homo,
1454 2637 1553 2691 sed
1599 2652 1715 2690 non
1773 2636 2005 2705 genitus

308 2730 372 2778 ut
416 2724 611 2779 homo.
651 2725 878 2792 {Cerne
905 2741 1077 2795 quam
1128 2726 1463 2796 plenissime
1499 2726 1809 2780 nativitatis
1842 2727 2003 2781 Cbri-

309 2813 381 2867 sti
436 2813 774 2885 mysterium
833 2814 1107 2868 reseravit
1140 2830 1153 2867 :
1183 2815 1279 2868 Ait
1324 2832 1574 2886 namque
1608 2832 1620 2870 :
1658 2833 1686 2867 α
1718 2816 1894 2870 Natus
1943 2820 2006 2869 ut

308 2900 504 2968 homo,
539 2902 635 2956 sed
672 2918 783 2955 non
824 2903 1054 2972 genitus
1105 2908 1165 2956 ut
1207 2903 1401 2958 homo.
1444 2927 1463 2952 ι
1499 2904 1642 2968 Quid
1674 2909 1775 2970 est,
1837 2909 2005 2957 natus

310 2994 375 3041 ut
400 2990 597 3043 homo.
637 2991 780 3054 Quia
814 3008 917 3061 per
942 2993 1186 3057 vulvam,
1212 3008 1317 3062 per
1334 3009 1508 3063 quam
1536 2994 1789 3047 nascitur
1818 2993 2005 3046 omnis

308 3077 503 3145 homo,
534 3078 602 3132 de
629 3080 865 3149 virginis
897 3084 1059 3134 utero
1096 3097 1356 3152 egressus
1387 3087 1485 3136 est.
1518 3082 1733 3152 thuid
1766 3087 1849 3136 est
1890 3099 2006 3136 non

310 3167 539 3237 genitus
563 3172 623 3220 ut
653 3167 867 3224 homo?
901 3169 1182 3233 Quoniam
1214 3186 1328 3223 non
1362 3170 1430 3224 de
1470 3171 1687 3224 semine
1748 3170 1875 3236 viri,
1906 3171 2007 3224 sed

310 3254 379 3309 de
407 3254 625 3325 Spiritu
647 3261 841 3310 sancto
886 3261 969 3309 est
1004 3257 1356 3311 incarnatus.
1422 3259 1527 3311 Fac
1585 3263 1649 3310 ut
1693 3273 1805 3311 non
1835 3256 2008 3310 fuerit

311 3359 574 3414 egressus
605 3360 708 3413 per
753 3344 963 3399 ostium
1011 3345 1243 3411 ventris,
1278 3362 1394 3399 non
1450 3346 1560 3398 erit
1616 3360 1812 3398 verum
1854 3345 2007 3415 quod

310 3436 480 3485 natus
506 3432 680 3486 fuerit
702 3438 767 3486 ut
795 3433 969 3487 homo
1000 3450 1011 3487 :
1047 3434 1145 3488 sed
1174 3438 1342 3488 natus
1372 3439 1456 3487 est
1488 3439 1550 3487 ut
1589 3434 1782 3503 homo,
1833 3433 2008 3503 igitur

310 3536 414 3589 per
443 3521 655 3575 ventris
678 3522 910 3589 ostium,
938 3522 994 3576 id
1025 3531 1109 3577 est
1140 3524 1389 3587 vulvam,
1422 3527 1589 3577 natus
1621 3528 1722 3576 est.

380 3609 647 3675 Hilarius,
683 3610 769 3663 vir
807 3610 1083 3665 virtutum
1133 3611 1391 3664 omnium
1419 3616 1590 3683 atque
1639 3616 2005 3665 ornamento-

307 3712 458 3763 rum,
490 3702 546 3752 et
574 3699 717 3752 sicut
747 3698 861 3753 vita
912 3699 992 3753 ita
1032 3700 1203 3755 etiam
1272 3700 1603 3771 eloquentia
1650 3701 1917 3769 insignis,
1943 3701 2003 3753 iu

308 3784 454 3839 libro
484 3787 635 3842 Fidei
666 3788 916 3843 secundo
952 3788 1040 3859 (de
1088 3789 1362 3845 Trinitate
1388 3789 1485 3843 lib.
1514 3807 1572 3856 ιι,
1635 3790 1740 3843 sub
1779 3789 1953 3858 med.)
1989 3805 2001 3842 :

313 3896 334 3923 ι
374 3875 530 3929 Unus
560 3877 895 3948 unigenitus
937 3879 1084 3932 Deus
1137 3878 1194 3939 in
1237 3879 1560 3950 corpusculi
1607 3878 1848 3932 humani
1895 3876 2005 3932 for-

309 3978 462 4016 mam
489 3969 698 4017 sanctas
759 3966 1007 4036 Virginis
1066 3970 1226 4019 utero
1282 3966 1530 4020 insertus
1579 3967 1867 4020 accrescit.
1899 3966 2007 4029 Qui

310 4051 505 4103 omnia
531 4051 808 4117 continet,
845 4057 900 4105 et
948 4054 1096 4106 intra
1126 4070 1299 4123 quem
1331 4061 1385 4107 et
1418 4070 1519 4123 per
1576 4071 1746 4123 quem
1803 4059 2006 4107 cuncta

310 4144 445 4191 sunt
475 4139 712 4192 humani
760 4146 959 4210 partus
990 4142 1117 4210 lege
1166 4142 1471 4211 profertur.
1504 4162 1530 4190 »
1582 4144 1756 4197 Docet
1785 4158 1916 4196 eum
1952 4147 2007 4196 et

309 4226 564 4295 corporis
594 4226 854 4280 habitum
899 4244 968 4282 ex
1017 4229 1248 4299 Virgine
1278 4234 1334 4282 et
1366 4229 1519 4283 intra
1580 4230 1867 4301 Virginem
1914 4229 2005 4284 in-

2117 508 2273 580 quod
2302 524 2510 578 corpus
2559 508 2925 562 Dominicum
2987 512 3042 562 et
3072 523 3274 561 verum
3304 507 3435 574 fuit,
3501 514 3560 562 et
3612 508 3819 562 clausis

2111 598 2304 667 januis
2334 597 2404 650 ad
2435 596 2750 659 discipulos
2781 596 3065 665 introivit,
3098 598 3197 649 tali
3230 596 3335 651 sub
3368 598 3633 667 exemplo
3667 613 3818 651 com-

2118 686 2400 756 probavit.
2439 706 2461 733 ι
2498 686 2643 739 Illud
2701 684 2856 739 enim
2911 701 3120 755 corpus
3175 686 3401 739 Domini
3456 686 3721 740 introivit
3758 688 3819 740 ad

2118 774 2424 845 discipulos
2454 773 2649 844 januis
2680 773 2907 842 clausis,
2943 773 3097 845 quod
3132 773 3396 828 videlicet
3426 775 3498 827 ad
3529 775 3817 828 humanos

2118 864 2312 917 oculos
2345 878 2446 933 per
2493 862 2846 916 nativitatem
2905 878 3068 916 suam
3125 862 3318 915 clauso
3369 856 3504 915 exiit
3562 866 3755 916 utero.
3790 882 3813 913 ιι

2119 951 2338 1005 Dicitur
2363 951 2519 1022 quod
2560 948 3052 1022 quemadmodum
3104 951 3380 1004 Dominus
3426 951 3593 1005 Jesus
3650 951 3816 1006 Chri-

2116 1043 2236 1093 stus
2266 1048 2393 1111 post
2412 1040 2843 1094 resurrectionis
2870 1040 3116 1109 gloriam
3145 1056 3275 1094 cum
3294 1040 3552 1110 corporis
3578 1040 3815 1094 veritate

2116 1128 2493 1182 diversorium
2539 1128 2975 1197 discipulorum,
3039 1144 3155 1181 non
3210 1144 3312 1199 per
3362 1129 3672 1198 parietem,
3717 1144 3817 1183 nec

2114 1232 2215 1287 per
2247 1216 2484 1286 postica,
2514 1216 2612 1271 sed
2641 1232 2745 1287 per
2767 1218 3026 1287 januam,
3063 1233 3182 1271 non
3235 1222 3429 1271 tamen
3479 1225 3815 1282 reseratam,

2112 1305 2402 1375 ingressus
2430 1310 2535 1371 est,
2590 1305 2670 1358 ita
2717 1305 2786 1359 de
2853 1306 3055 1359 matris
3113 1306 3238 1360 alvo
3289 1306 3626 1377 procedens,
3704 1323 3817 1361 non

2113 1394 2366 1464 aliunde,
2396 1393 2495 1448 sed
2515 1409 2619 1464 per
2650 1394 2895 1461 vulvam,
2920 1395 3171 1449 clausam
3202 1397 3418 1465 tamen,
3450 1395 3644 1449 exivit.
3677 1395 3818 1449 Dicis

2111 1482 2257 1537 forte
2286 1482 2494 1537 clausis
2521 1483 2590 1537 ad
2616 1483 2925 1553 discipulos
2944 1483 3138 1553 januis
3171 1483 3482 1537 Dominum
3512 1483 3814 1553 (introisse,

2113 1575 2447 1625 nontamen
2487 1586 2590 1641 per
2622 1571 2807 1625 locum
2847 1571 3182 1642 januarum,
3235 1572 3331 1625 sed
3362 1588 3467 1642 per
3497 1588 3817 1643 quamcun-

2111 1676 2222 1730 que
2254 1665 2584 1730 penetrasse
2613 1665 2855 1731 partem.
2894 1660 3088 1714 Primo
3115 1659 3250 1731 quid
3295 1661 3365 1715 ad
3397 1660 3667 1715 divinum
3712 1662 3815 1715 mi-

2113 1749 2371 1803 raculum
2420 1753 2636 1819 spectat
2680 1748 2888 1803 clausis
2943 1748 3102 1802 ostiis
3150 1748 3384 1803 aliunde
3438 1749 3818 1819 ingressum?

2112 1841 2225 1893 Aut
2256 1838 2395 1908 quid
2421 1838 2661 1908 dignum
2696 1837 3061 1908 evangelista:
3108 1838 3642 1905 commendatione,
3687 1840 3817 1894 inde

2114 1926 2378 1981 introisse
2406 1927 2852 1993 Dominatorem,
2881 1942 2983 1997 per
3007 1926 3159 1996 quod
3176 1926 3447 1996 quislibet
3489 1926 3820 1997 ingressum

2114 2016 2222 2070 sibi
2261 2020 2486 2086 poterat
2536 2016 2788 2086 reperire
2839 2014 3211 2069 mortalium?
3241 2018 3358 2069 Aut
3413 2016 3819 2087 Omnipoteuti

2115 2106 2162 2158 si
2177 2104 2318 2158 nihil
2342 2119 2463 2159 esse
2480 2104 2738 2158 clausum
2753 2104 2946 2175 quiret
2965 2104 3036 2158 ad
3050 2103 3377 2169 introitum,
3400 2120 3502 2159 cur
3515 2121 3641 2160 non
3666 2106 3820 2160 idem

2114 2196 2612 2264 superjanuarum
2655 2194 2815 2247 aditu
2846 2192 3213 2263 suscipiatur,
3254 2197 3319 2246 ut
3342 2197 3399 2247 et
3440 2192 3555 2248 illis
3585 2195 3819 2263 clausis,

2115 2288 2367 2336 attamen
2397 2299 2499 2337 suo
2528 2282 2800 2337 adventui
2823 2282 3087 2335 reseratis
3116 2282 3187 2335 ad
3221 2282 3531 2351 discipulos
3563 2284 3820 2337 foretin-

2115 2387 2342 2443 gressus
2365 2372 2392 2425 ?
2424 2371 2529 2426 Sed
2561 2371 2697 2442 quid
2727 2370 3101 2441 respondebis
3140 2370 3208 2424 de
3238 2372 3520 2441 sepulcro,
3556 2371 3819 2441 quando-

2114 2460 2347 2531 quidem
2363 2476 2479 2514 non
2500 2461 2682 2513 solum
2706 2460 2921 2523 clauso,
2938 2474 3138 2512 verum
3162 2458 3336 2512 etiam
3364 2459 3674 2528 obsignato
3693 2459 3813 2523 illo,

2111 2565 2320 2620 corpus
2342 2549 2660 2603 redivivum
2690 2548 2948 2618 reposuit
2978 2548 3083 2601 sub
3108 2547 3310 2601 auras?
3343 2550 3427 2600 Au
3453 2547 3609 2601 dices
3658 2548 3820 2618 quod

2114 2643 2290 2692 tantas
2335 2638 2663 2692 subtilitatis
2718 2653 2927 2706 corpus
2979 2636 3123 2690 illud
3180 2636 3498 2689 substiterit
3544 2637 3707 2701 Jesu,
3760 2642 3823 2689 ut

2110 2727 2340 2781 tenuius
2370 2727 2573 2787 ventis,
2615 2726 2817 2780 exilius
2850 2742 2979 2779 aere
3016 2724 3345 2795 nequiverit
3372 2724 3585 2778 tumuli
3626 2726 3820 2795 parie-

2112 2815 2265 2868 tibus
2294 2814 2585 2868 coerceri?
2615 2814 2719 2867 Sed
2769 2828 3101 2883 quanquam
3134 2813 3206 2865 sit
3236 2812 3483 2882 impium
3536 2812 3647 2866 ista
3680 2830 3822 2866 sen-

2111 2903 2221 2956 tire
2251 2903 2321 2956 de
2362 2902 2663 2957 Salvatoris
2693 2917 2949 2972 corpore,
2994 2917 3125 2954 cum
3156 2908 3286 2971 post
3331 2902 3821 2955 resurrectionem

2036 3024 2076 3078 C
2114 2991 2321 3045 dixerit
2381 2991 2451 3045 ad
2511 2991 2866 3061 discipulos:
2928 3010 2955 3039 (ί
3012 2989 3241 3060 Palpate
3265 2995 3321 3043 et
3378 2989 3565 3043 videte
3637 2991 3816 3061 spiri-

2118 3085 2209 3133 tus
2240 3095 2469 3133 carnem
2502 3085 2559 3132 et
2588 3095 2716 3131 ossa
2744 3094 2861 3132 non
2911 3077 3104 3143 habet,
3139 3078 3288 3131 sicut
3336 3094 3425 3131 me
3470 3077 3686 3131 videtis
3719 3079 3821 3133 ba-

2116 3168 2250 3223 bere
2286 3184 2299 3221 :
2341 3189 2361 3216 »
2398 3172 2453 3221 et
2485 3173 2693 3221 natura
2722 3183 2840 3220 non
2865 3166 3080 3236 patitur
3108 3171 3167 3219 ut
3198 3171 3254 3218 et
3283 3165 3497 3219 ossium
3531 3170 3591 3220 et
3622 3167 3819 3222 carnis

2117 3257 2401 3311 soliditate
2432 3256 2703 3311 duratum
2744 3256 2819 3309 sit
2846 3270 3129 3320 crassum;
3180 3258 3237 3308 et
3265 3254 3601 3309 subtilitatis
3652 3257 3823 3310 exili-

2117 3350 2231 3399 tate
2265 3345 2569 3399 deductum
2597 3344 2672 3397 sit
2706 3349 2875 3397 tenue
2905 3359 2917 3397 :
2954 3360 3056 3396 nec
3096 3343 3371 3397 catholica
3417 3343 3558 3396 ﬁdes
3592 3350 3822 3399 natura:

2117 3436 2372 3506 corporis
2400 3440 2499 3489 aut
2524 3434 2786 3505 qualitati
2816 3434 3050 3487 ascribit
3094 3433 3247 3503 quod
3303 3434 3561 3487 clausum
3612 3435 3825 3489 exierit

2116 3525 2463 3595 sepulcrum,
2516 3524 2668 3593 quod
2726 3522 3001 3577 obseratis
3047 3522 3265 3577 foribus
3311 3524 3707 3593 penetraverit
3750 3526 3823 3579 ad

2116 3613 2444 3682 discipulos,
2480 3612 2575 3665 sed
2623 3611 2943 3665 Divinitatis
2973 3611 3248 3680 potentia:
3292 3616 3346 3665 et
3373 3613 3823 3666 resurrectionis

2116 3703 2336 3771 gloriae.
2396 3700 2667 3772 Alioquin
2698 3717 2817 3753 non
2874 3700 2984 3753 erit
3021 3700 3143 3768 jam
3201 3699 3544 3754 miraculum
3576 3700 3824 3755 Deitatis

2115 3789 2525 3845 commendans
2559 3789 2799 3859 insigne,
2836 3788 2991 3858 quod
3018 3791 3236 3841 natura:
3268 3788 3489 3841 ratione
3522 3789 3825 3843 tenebitur

2117 3878 2428 3932 astrictum.
2496 3881 2763 3930 Attamen
2831 3875 3197 3929 concedimus
3236 3875 3478 3945 et4ista,
3540 3876 3825 3947 {quamvis

2115 3966 2314 4037 impia,
2349 3965 2607 4037 quamvis
2637 3969 2837 4019 contra
2866 3964 3060 4018 fidem.
3101 3964 3369 4035 Nunquid
3399 3980 3514 4017 non
3552 3965 3709 4019 idem
3747 3967 3819 4020 de

2108 4056 2300 4126 januis
2328 4054 2689 4109 conﬁteberis
2737 4052 2980 4106 clausis?
3013 4053 3179 4114 Velis,
3218 4053 3387 4121 nolis,
3430 4055 3559 4115 .lioc
3606 4054 3825 4125 laqueo

2115 4143 2448 4214 illigaberis.
2507 4144 2654 4211 Ergo
2686 4141 2860 4195 exivit
2904 4141 3097 4195 clauso
3156 4142 3441 4212 sepulcro,
3501 4146 3559 4196 et
3587 4142 3821 4214 ingres-

2116 4248 2211 4286 sus
2238 4232 2455 4286 foribus
2480 4231 2775 4285 obseratis.
2800 4232 3181 4285 Tantumdem
3213 4231 3389 4301 igitur
3412 4231 3544 4285 licet
3575 4231 3819 4297 invitus,

312 4313 525 4383 duisse,
561 4320 618 4369 et
642 4315 734 4383 {de
784 4332 944 4371 more
998 4317 1313 4371 nativitatis
1368 4318 1653 4385 humanae,
1712 4318 2004 4389 virginalis
2034 4323 2078 4378 D
2116 4321 2249 4375 licet
2276 4322 2577 4387 resultans,
2624 4320 2889 4374 concedis
2945 4319 3211 4389 virginali
3260 4319 3458 4385 vulvae,
3512 4335 3617 4374 nec
3649 4320 3822 4375 inﬁr-

310 4402 492 4456 vulvaa
525 4408 853 4473 penetrasse
882 4411 1114 4459 secreta.
1149 4407 1528 4461 Commutatis
1558 4406 1844 4478 siquidem
1878 4424 2005 4462 ver-

310 4490 396 4544 bis
427 4491 580 4546 idem
615 4492 763 4563 quod
835 4494 1004 4548 Pater
1055 4496 1413 4565 Augustinus
1452 4500 1803 4566 protestetur
1836 4513 1848 4550 :
1908 4497 2005 4551 ille

312 4596 561 4651 namque
594 4581 746 4651 quod
772 4589 940 4635 natus
974 4583 1046 4635 sit
1088 4588 1153 4637 ut
1180 4584 1356 4637 homo
1407 4583 1777 4650 testiﬁcatur;
1810 4588 1867 4637 at
1896 4583 2004 4638 iste

311 4667 465 4737 quod
496 4667 735 4722 humani
766 4674 962 4740 partus
992 4670 1117 4740 lege
1144 4672 1402 4741 prolatus
1429 4676 1532 4738 est,
1558 4671 1828 4725 intonuit.
1861 4672 2007 4736 Qua-

308 4758 478 4811 tenus
508 4761 751 4828 uterque
778 4758 916 4813 dum
950 4759 1261 4813 Salvatoris
1298 4775 1631 4830 processum
1669 4759 1738 4813 de
1773 4759 2005 4831 Virgine

309 4858 560 4899 consona
591 4845 898 4915 Scripturis
930 4846 1104 4900 sacris
1138 4863 1271 4901 voce
1313 4847 1676 4917 profitentur,
1710 4852 1767 4901 et
1800 4848 2006 4902 veritas

310 4932 605 4999 doceatur,
634 4940 690 4987 et
720 4934 940 4989 falsitas
965 4935 1298 4989 subruatur.

947 5059 1174 5114 CAPUT
1221 5060 1364 5114 VIII.

523 5164 650 5217 Item
672 5179 738 5217 ea:
770 5165 1031 5233 Gregorio
1057 5181 1209 5246 papa
1233 5170 1284 5220 et
1304 5166 1600 5221 venerabili
1626 5166 1790 5222 Beda.

383 5286 452 5340 Ut
484 5292 674 5340 autem
708 5289 898 5343 nullus
924 5289 1249 5345 adversario
1271 5291 1429 5345 locus
1472 5291 1831 5363 relinquatur
1864 5309 2006 5346 con-

313 5375 686 5439 tradictionis,
740 5378 1006 5447 procedat
1065 5379 1124 5432 in
1174 5380 1431 5435 medium
1489 5381 1815 5450 Gregorius,
1878 5397 2003 5451 spe-

312 5464 502 5517 culum
536 5465 870 5531 sanctitatis,
904 5466 1198 5538 eloquium
1228 5470 1494 5537 lacteum,
1532 5470 1731 5541 regula
1756 5486 2004 5535 morum,

313 5555 371 5605 et
402 5553 683 5608 Dominici
715 5560 912 5626 partus
944 5557 1271 5627 genituram
1298 5560 1487 5614 verbis
1517 5559 1718 5614 doceat
1735 5559 2009 5615 veritatis-

2113 4410 2282 4477 mior,
2317 4426 2420 4463 nec
2447 4409 2821 4463 inhumanior
2848 4409 3080 4479 superni
3107 4407 3361 4461 numinis
3380 4408 3572 4478 proles
3594 4410 3825 4463 exstitit

2113 4498 2260 4553 circa
2293 4501 2567 4552 materna:
2598 4498 2845 4551 claustra
2884 4498 3092 4561 vulvas,
3127 4502 3191 4550 ut
3243 4502 3301 4551 et
3351 4497 3601 4551 clausam
3634 4499 3825 4553 relin-

2114 4593 2338 4659 queret,
2371 4594 2429 4642 et
2455 4604 2558 4658 per
2589 4603 2715 4641 eam
2757 4587 3046 4654 transiret,
3080 4586 3570 4657 quemadmodum
3605 4589 3824 4641 tumuli

2114 4676 2203 4730 sui
2229 4676 2413 4745 signa,
2444 4680 2500 4729 et
2543 4675 2959 4745 discipulorum
2992 4675 3198 4729 domus
3242 4675 3450 4727 ostium
3484 4676 3571 4729 vel
3617 4677 3821 4739 exivit,

2113 4767 2199 4819 vel
2234 4764 2511 4831 introivit,
2545 4781 2648 4818 nec
2678 4765 3024 4818 transeundo
3064 4764 3347 4834 patefecit.

2189 4853 2356 4919 Beda,
2404 4853 2699 4923 presbyter
2726 4854 3094 4923 Angelorum,
3128 4852 3334 4906 Christi
3354 4852 3683 4907 membrum
3706 4870 3825 4908 non

2115 4940 2445 5011 reprobum,
2476 4940 2545 4994 de
2574 4941 2678 4993 hac
2709 4940 3027 5011 quaestione
3074 4956 3191 4993 non
3242 4939 3580 4993 dissimilem
3647 4959 3823 5013 supe-

2115 5029 2361 5086 rioribus
2392 5029 2608 5100 profert
2658 5029 3001 5084 sententiam
3059 5029 3117 5083 in
3170 5030 3599 5084 Commentario
3655 5032 3825 5085 Lucae

2116 5117 2196 5185 (in
2233 5133 2353 5185 cap.
2391 5116 2472 5185 ιι),
2534 5117 2671 5170 dum
2722 5118 2791 5171 de
2849 5116 3155 5171 Salvatoris
3216 5116 3510 5170 uativitate
3566 5122 3623 5170 et
3651 5128 3820 5187 partu

2113 5205 2351 5276 virginis
2379 5206 2737 5277 loqueretur,
2790 5206 2869 5259 sic
2900 5206 2980 5259 ait
3014 5225 3025 5260 :
3060 5227 3082 5254 ι
3136 5205 3296 5269 Quod
3347 5208 3540 5258 autem
3609 5208 3823 5263 Filium

2116 5310 2283 5348 suum
2307 5293 2760 5364 primogenitum
2792 5294 2964 5348 Maria
2989 5294 3272 5364 peperisse
3303 5293 3665 5357 describitur,
3705 5313 3822 5350 non

2107 5385 2268 5454 juxta
2304 5382 2625 5438 Helvidium
2653 5382 2820 5437 nobis
2850 5382 3247 5453 accipiendum
3271 5386 3374 5447 est,
3407 5382 3550 5435 alios
3583 5400 3825 5455 quoque

2118 5470 2264 5524 filios
2295 5485 2421 5523 eam
2478 5485 2826 5539 procreasse,
2862 5469 3026 5541 quasi
3084 5474 3333 5541 nequeat
3382 5469 3827 5542 primogenitus

2116 5558 2248 5623 dici,
2280 5559 2389 5613 nisi
2430 5557 2531 5629 qui
2584 5557 2792 5612 habeat
2833 5558 3058 5624 fratres,
3097 5558 3243 5613 sicut
3290 5575 3405 5612 non
3455 5559 3827 5631 unigenitus,
