3920 6224
131 344 185 394 97
1307 342 1510 399 LIBER
1550 344 1640 399 DE
1683 341 2097 400 NATIVITATE
2138 344 2435 400 CHRISTI.

3552 346 3619 397 98

129 472 227 527 nisi
254 472 348 543 qui
381 476 538 526 caret
579 472 878 540 fratribus,
917 472 1059 528 solet
1092 473 1370 543 appellari
1404 490 1417 527 :
1454 473 1588 544 quia
1632 476 1689 527 et
1724 478 1808 526 te-
1840 478 1883 529 A
1924 490 2055 528 nem
2081 474 2200 527 viro
2231 490 2333 528 suo
2363 473 2623 545 nupsisse
2654 478 2785 544 post
2822 479 3071 544 partum.
3106 493 3133 524 ι)
3185 474 3468 529 Hactenus
3493 474 3609 528 ha:-

130 560 443 614 stimonium
476 561 641 631 legis,
675 566 735 614 et
765 566 959 632 aperta
988 562 1131 615 ratio
1165 562 1412 615 declarat
1450 577 1647 615 omnes
1675 561 1806 614 uni-

130 651 351 721 genitos,
382 649 559 704 etiam
591 650 1027 721 primogenitos,
1062 667 1174 705 non
1222 656 1410 704 autem
1443 666 1642 703 omnes
1683 650 1809 720 pri-

128 739 424 809 mogenitos
473 738 655 793 etiam
706 739 1032 809 unigenitos
1086 756 1249 810 posse
1298 739 1505 793 vocari.
1562 740 1677 792 Hoc
1723 742 1809 793 est

127 844 229 881 non
258 828 438 881 solum
471 827 929 899 primogenitum
966 833 1091 899 post
1121 844 1292 899 quem
1328 828 1443 894 alii,
1478 828 1578 881 sed
1609 843 1807 881 omnes

127 922 413 987 antequam
455 917 656 969 nullus
684 934 714 971 e
744 918 913 971 vulva
944 918 1305 987 processerit.
1363 917 1620 987 Denique
1672 917 1807 987 quia

125 1021 274 1059 omne
303 1006 693 1060 masculinum
724 1007 876 1077 quod
910 1006 1094 1077 aperit
1118 1007 1364 1072 vulvam,
1402 1012 1662 1059 sanctum
1696 1007 1805 1059 Do-

126 1094 265 1147 mino
293 1094 477 1148 vocari
522 1095 886 1166 praecipitur,
920 1096 1038 1149 sive
1069 1095 1271 1149 fratres
1321 1100 1655 1165 sequantur,
1690 1095 1805 1149 sive

126 1198 227 1236 non
252 1188 579 1254 sequantur,
614 1185 769 1255 quod
799 1184 1051 1255 primum
1093 1185 1163 1239 dc
1184 1186 1350 1238 vulva
1378 1185 1647 1250 nascitur,
1684 1184 1802 1253 pri-

124 1271 374 1342 mogeniti
441 1278 523 1325 est
565 1272 704 1342 jure
764 1273 1232 1327 consecrandum.
1288 1293 1314 1323 »
1368 1273 1463 1327 His
1513 1273 1702 1326 verbis
1750 1278 1806 1326 et

125 1361 485 1431 virginitatem
519 1362 781 1417 defendit
825 1362 1033 1428 Mariae,
1063 1367 1119 1415 et
1148 1362 1387 1416 humani
1440 1366 1638 1431 partus
1676 1362 1804 1433 lege

126 1449 403 1503 Salvatoris
434 1448 700 1503 insinuat
730 1454 938 1503 ortum.
981 1450 1122 1503 Nam
1185 1449 1323 1503 dum
1381 1448 1803 1518 primogenitus

125 1542 173 1590 et
219 1536 540 1606 unigenitus
594 1537 959 1607 perdocetur,
997 1538 1201 1591 fratres
1239 1553 1373 1591 eum
1432 1537 1645 1590 habere
1696 1553 1801 1607 po-

124 1627 279 1680 tuisse
326 1632 709 1691 monstratur,
776 1627 927 1695 quod
979 1642 1348 1697 nequaquam
1406 1629 1632 1695 poterat
1681 1642 1802 1679 esse

126 1731 320 1779 verum,
350 1716 395 1767 si
443 1714 711 1767 Christus
764 1715 1017 1768 humana
1057 1720 1227 1767 natus
1280 1730 1398 1767 non
1430 1714 1603 1767 fuerit
1655 1714 1797 1783 lege.

1917 562 2127 615 reticus
2157 562 2227 616 de
2268 569 2449 633 nuptu
2483 563 2729 633 Virginis
2759 569 2886 633 post
2918 571 3145 635 partum
3201 564 3612 618 nefandissima

1917 650 2104 705 latrat.
2167 651 2275 706 Sed
2330 652 2399 706 de
2457 653 2824 721 generatione
2855 653 2978 707 Filii
3020 653 3115 706 Dei
3173 669 3274 724 per
3314 654 3609 707 hominem

1918 739 2209 793 verissima
2239 744 2452 805 narrat,
2506 740 2659 811 quod
2693 756 2937 811 sequens
2970 742 3152 795 oratio
3199 742 3448 795 doctoris
3498 758 3608 795 no-

1918 827 2020 882 stri
2062 828 2311 883 declarat
2357 828 2676 883 manifeste.
2712 829 2861 883 Talis
2910 830 3065 884 enim
3100 834 3183 884 est
3215 847 3227 883 :
3264 851 3291 879 ‹‹
3322 832 3526 901 Junge.
3563 831 3610 884 si

1917 917 2058 972 libet
2108 917 2246 971 alias
2301 923 2523 971 naturae
2589 918 2984 985 contumelias,
3058 934 3261 972 novem
3320 920 3611 973 mensibus

1916 1012 2144 1061 uterum
2177 1007 2635 1073 insolescentem,
2683 1008 2926 1072 fastidia,
2962 1013 3210 1079 partum,
3246 1009 3608 1079 sanguinem.

1915 1112 2153 1166 pannos.
2192 1098 2314 1167 Ipse
2364 1097 2468 1151 tibi
2511 1097 2868 1150 describatur
2901 1097 3089 1151 infans
3146 1097 3399 1167 tegmine
3429 1113 3610 1151 mem-

1913 1184 2221 1238 branarum
2258 1185 2424 1238 solito
2471 1186 2803 1238 convolutus
2837 1201 2849 1238 :
2884 1184 3222 1255 ingerantur
3272 1186 3415 1239 dura
3457 1202 3611 1255 prae-

1915 1272 2092 1343 sepia,
2126 1272 2349 1342 vagitus
2379 1274 2626 1342 parvuli,
2662 1274 2845 1326 octavi
2884 1273 2999 1327 diei
3030 1273 3409 1339 circumcisio,
3462 1278 3608 1327 tem-

1914 1377 2020 1429 pus
2054 1361 2434 1431 purgationis,
2467 1366 2532 1415 ut
2554 1362 2831 1431 probetur
2860 1362 3214 1429 immundus,
3250 1378 3362 1416 non
3396 1362 3607 1416 erube-

1914 1448 2146 1514 scimus,
2203 1465 2314 1503 non
2362 1450 2619 1503 silemus.
2662 1451 2887 1514 Quanto
2936 1456 3068 1503 sunt
3124 1451 3434 1505 humiliora
3482 1467 3610 1521 qua:

1914 1553 2015 1607 pro
2070 1553 2158 1591 me
2200 1553 2399 1608 passus
2456 1544 2559 1603 est,
2612 1544 2771 1592 tanto
2804 1540 2888 1592 illi
2938 1541 3067 1609 plus
3119 1540 3320 1595 debeo.
3386 1542 3608 1594 Etcum

1913 1625 2105 1679 omnia
2146 1625 2528 1696 replicaveris,
2562 1626 2704 1679 nihil
2748 1642 2911 1680 cruce
2944 1628 3420 1681 contumeliosius
3472 1646 3607 1698 pro-

1912 1714 2076 1777 feres,
2110 1731 2283 1785 quam
2340 1714 2697 1784 profitemur,
2738 1720 2796 1768 et
2834 1716 3145 1783 credimus,
3175 1722 3231 1769 et
3274 1717 3331 1769 in
3378 1733 3493 1787 qua
3539 1718 3608 1770 de

127 1805 222 1858 Nec
248 1778 391 1856 enim
423 1803 638 1855 merito
670 1808 804 1856 tunc
835 1804 919 1856 vel
951 1802 1387 1872 primogenitus,
1422 1803 1508 1855 vel
1534 1778 1799 1872 unigeni-
1832 1778 1872 1833 Β
1912 1778 2169 1856 hostibus
2228 1778 2690 1873 triumphamus.
2734 1803 2841 1857 Sed
2905 1810 2971 1858 ut
3034 1778 3157 1858 haec
3212 1822 3342 1875 quas
3398 1778 3609 1875 scripta

130 1896 206 1945 tus
232 1892 527 1957 diceretur,
583 1891 722 1962 quia
752 1908 866 1945 non
925 1892 1172 1961 genitus,
1212 1891 1439 1961 genitus
1469 1895 1680 1955 autem,
1718 1896 1803 1945 est

131 1980 408 2034 nativitatis
438 1980 718 2033 humana?
742 1981 866 2050 lege
894 1980 1174 2049 prolatus,
1207 1980 1327 2042 Qua
1358 1979 1427 2033 de
1452 1995 1513 2032 re
1544 1979 1803 2035 Christus

133 2086 231 2122 non
275 2075 352 2122 est
398 2075 571 2121 natus
629 2071 773 2123 sicut
802 2069 999 2136 homo,
1050 2084 1155 2122 nec
1203 2069 1248 2122 si
1288 2068 1580 2138 genuisset
1631 2068 1803 2122 Maria

133 2161 311 2225 praeter
363 2156 682 2219 Christum,
748 2158 1002 2226 potuisse
1070 2156 1326 2210 Christus
1382 2156 1802 2226 primogenitus

134 2246 321 2311 vocari;
364 2246 649 2315 quoniam
708 2261 827 2299 non
884 2250 1025 2299 esset
1078 2245 1328 2313 genitus,
1381 2245 1475 2298 sed
1536 2245 1803 2299 adversus

128 2334 241 2403 jura
275 2339 485 2387 natura:
518 2334 611 2387 vel
648 2334 881 2404 ejectus,
924 2334 1008 2387 vel
1041 2350 1321 2404 egressus.
1369 2334 1528 2387 Nunc
1557 2350 1691 2387 vero
1747 2338 1803 2388 et

136 2424 253 2492 legis
281 2423 638 2489 auctoritate,
670 2428 722 2477 et
762 2422 1052 2492 Evangelii
1088 2422 1324 2475 veritate
1356 2421 1444 2475 hic
1482 2422 1681 2476 doctor
1706 2422 1801 2476 in-

135 2516 323 2565 tructus
350 2511 705 2581 dogmatizat
732 2512 924 2565 Iesum
972 2510 1429 2581 primogenitum
1484 2526 1657 2565 sacras
1687 2512 1804 2565 Vir-

133 2602 275 2669 ginis,
299 2601 573 2670 quoniam
604 2604 662 2653 et
693 2601 911 2668 primus
950 2605 1005 2653 et
1032 2599 1187 2652 solus
1218 2606 1385 2653 natus
1416 2604 1498 2652 est
1520 2615 1583 2653 ex
1609 2616 1677 2653 ea
1700 2599 1803 2653 hu-

134 2689 263 2741 mani
298 2694 490 2758 partus
517 2690 682 2758 jure;
727 2687 1004 2758 quoniam
1054 2688 1337 2742 nascendo
1395 2688 1621 2757 aperuit
1678 2689 1802 2743 vul-

132 2793 256 2843 ram,
284 2794 395 2831 non
444 2783 507 2831 ut
568 2777 865 2830 violaverit
923 2776 1071 2830 uteri
1101 2776 1405 2846 pudorem,
1442 2793 1638 2830 verum
1690 2794 1802 2847 quo

133 2881 217 2934 per
241 2865 512 2935 signatam
542 2871 602 2919 et
630 2866 1030 2919 intemeratam
1064 2865 1403 2934 procederet
1427 2864 1689 2934 januam,
1733 2867 1802 2921 de

134 2960 315 3008 secreto
341 2955 556 3008 ventris
588 2956 660 3008 ad
702 2954 985 3007 humanos
1016 2953 1233 3007 oculos.
1269 2956 1331 3008 Et
1382 2954 1591 3009 idcirco
1649 2955 1802 3026 quod

1910 1895 2064 1956 sunt,
2118 1907 2235 1944 non
2286 1907 2582 1961 negamus,
2641 1890 2719 1944 ita
2752 1907 2817 1944 ea
2870 1908 2998 1960 quas
3038 1907 3157 1945 non
3212 1897 3347 1946 sunt
3376 1892 3603 1962 scripta,

1912 1979 2245 2033 renuimus:
2280 1986 2479 2033 natum
2532 1981 2710 2033 Deum
2744 1995 2867 2033 esse
2911 1980 2979 2033 de
3027 1980 3259 2050 Virgine
3301 1980 3607 2048 credimus,

1912 2068 2047 2138 quia
2096 2068 2385 2138 legimus:
2444 2069 2679 2123 Mariam
2730 2068 2991 2139 nupsisse
3048 2074 3175 2140 post
3228 2074 3460 2141 partum
3492 2086 3607 2124 non

1910 2157 2218 2220 credimus,
2251 2156 2387 2227 quia
2412 2173 2528 2210 non
2566 2157 2829 2227 legimus.
2868 2179 2894 2205 ››

1983 2245 2354 2299 Distinctione
2377 2245 2645 2316 prudenti
2680 2246 2767 2299 vir
2793 2246 3186 2301 docetissimus
3218 2264 3345 2318 quin
3373 2247 3603 2301 fuerant

1911 2334 1981 2387 ab
2011 2334 2333 2388 adversario
2361 2334 2509 2388 male
2542 2334 2763 2405 ingesta
2794 2335 3060 2401 removit,
3086 2340 3143 2389 et
3171 2352 3300 2405 quae
3332 2336 3606 2391 catholice

1912 2423 2131 2494 prolata
2179 2423 2457 2493 suscepit;
2537 2440 2665 2493 qua:
2718 2440 2846 2477 vere
2907 2424 3056 2478 dicta
3120 2425 3497 2491 confirmavit,
3552 2430 3608 2479 et

1911 2528 2038 2582 quas
2063 2527 2160 2565 ore
2198 2512 2534 2581 blasphemo
2560 2513 2807 2582 jaculata
2840 2513 3150 2583 redarguit.
3198 2515 3304 2567 Per
3333 2514 3607 2583 genitalia

1912 2600 2160 2669 Virginis
2192 2605 2390 2655 natum
2432 2616 2551 2654 esse
2603 2602 2783 2654 Deum
2816 2601 3106 2655 confessus
3138 2606 3223 2656 est
3253 2619 3265 2656 :
3314 2607 3442 2673 post
3472 2618 3605 2672 par-

1910 2694 2031 2742 tum
2065 2690 2324 2760 nupsisse
2358 2689 2592 2744 Mariam
2646 2689 2974 2758 reprobavit
3004 2706 3016 2743 :
3052 2690 3207 2761 quod
3248 2690 3522 2760 genitalia
3551 2696 3607 2744 et

1910 2778 2182 2849 pudenda
2253 2778 2311 2833 in
2381 2779 2653 2849 injuriam
2712 2780 2857 2832 sacri
2909 2784 3108 2849 partus
3163 2779 3602 2850 deprompserit,

1910 2872 2229 2921 exsecratus
2258 2872 2373 2933 est;
2409 2867 2558 2937 quod
2594 2866 2841 2921 Verbum
2883 2882 3015 2920 caro
3045 2867 3254 2921 factum
3290 2883 3391 2937 per
3421 2883 3603 2921 secre-

1910 2959 2027 3010 tam
2059 2956 2271 3010 ventris
2294 2956 2533 3026 januam
2583 2954 2738 3009 exire
2792 2972 2909 3009 non
2949 2954 3354 3025 repudiaverit,
3398 2970 3605 3025 appro-

136 3045 323 3112 priuius
359 3044 427 3097 de
466 3044 640 3097 vulva
672 3047 837 3097 natus
885 3048 988 3111 est,
1034 3042 1565 3114 primogenitijure
1604 3060 1799 3099 conse-
1831 3075 1872 3131 ο
1912 3043 2083 3097 bavit.
2118 3044 2255 3098 Inde
2287 3050 2372 3097 est
2427 3044 2579 3114 quod
2640 3038 2712 3097 et‘
2746 3043 2886 3097 alias
2946 3047 3165 3097 naturae
3221 3042 3607 3112 depositiones

137 3135 313 3183 cratur.
358 3130 560 3185 Nescio
604 3131 743 3202 quid
800 3132 1049 3202 amplius
1109 3132 1181 3186 ad
1243 3133 1414 3202 hujus
1468 3133 1801 3203 quaestionis

137 3220 637 3288 comprobationem
698 3236 1005 3290 congerere
1054 3222 1129 3275 sit
1158 3221 1543 3276 necessarium
1596 3227 1791 3276 testes.

138 3306 218 3359 Tot
239 3309 379 3361 enim
407 3313 462 3361 et
493 3314 616 3361 tam
644 3325 870 3379 magnae
900 3309 1257 3363 auctoritatis
1296 3309 1424 3372 viri,
1469 3326 1581 3364 non
1614 3311 1799 3365 solum

140 3396 338 3450 cuilibet
364 3396 632 3451 sufficere
672 3397 949 3451 catholico
997 3403 1254 3468 possunt,
1287 3414 1485 3453 verum
1542 3400 1801 3469 quemvis

141 3484 452 3553 limreticum,
486 3491 545 3540 et
598 3486 734 3541 ﬁdei
792 3486 1091 3557 gravitate,
1133 3492 1190 3541 et
1232 3487 1532 3559 sapientiae
1580 3488 1799 3543 lumine

141 3579 389 3629 conterere
416 3579 662 3647 queunt.

778 3699 1003 3755 CAPUT
1044 3699 1131 3754 IX.

640 3806 781 3860 Item
815 3822 881 3859 ea:
911 3806 1264 3875 Hieronymo.

201 3927 263 3981 Ne
303 3932 490 3983 autem
542 3929 653 3983 sibi
697 3929 1017 4000 quidquam
1074 3932 1467 3983 commentum
1527 3927 1800 3982 novitatis

147 4013 301 4069 deesse
354 4023 655 4088 queratur,
683 4018 799 4088 jam
846 4034 1000 4071 nunc
1048 4018 1171 4088 ipsa
1229 4016 1482 4088 Virginis
1532 4016 1800 4087 pudenda

147 4103 267 4157 nudo
297 4106 523 4160 nomine
556 4107 727 4167 dicta,
774 4112 833 4160 et
860 4122 964 4176 per
1015 4122 1082 4159 ea
1135 4107 1395 4176 genitum
1446 4105 1796 4160 Salvatorem

149 4190 191 4242 in
216 4193 443 4248 medium
485 4195 930 4249 constituamus.
984 4195 1387 4265 Hieronymus,
1428 4210 1601 4247 sacras
1658 4194 1799 4263 legis

149 4278 401 4352 interpres,
430 4283 695 4338 omnium
730 4282 1115 4354 peritissimus
1154 4282 1607 4353 disciplinarum,
1665 4282 1801 4336 fidei

1911 3132 2197 3198 annexuit,
2247 3148 2452 3186 novem
2510 3131 2803 3185 mensibus
2860 3136 3087 3185 uterum
3141 3132 3601 3197 insolescentem,

1910 3220 2417 3291 fastidia,partum,
2442 3220 2805 3290 sanguinem,
2838 3236 3077 3291 pannos,
3107 3219 3383 3273 infantem
3405 3220 3607 3290 tegmi-

1908 3325 1980 3362 ne
2012 3310 2479 3363 membranarum
2518 3308 2686 3363 solito
2719 3309 3259 3373 convolutum,dura
3299 3308 3602 3379 prtesepia,

1908 3397 2151 3468 vagitus,
2185 3398 2697 3467 circumcisionem,
2740 3403 2967 3467 tempus
3001 3397 3380 3468 purgationis,
3413 3397 3599 3450 novis-

1909 3485 2050 3539 sime
2088 3487 2271 3540 crucis
2314 3486 2763 3550 contumeliam;
2822 3485 2944 3539 haec
3002 3485 3269 3539 universa
3330 3492 3605 3555 tanquam

1907 3574 2221 3628 catholicus
2261 3576 2636 3645 amplexatur,
2693 3574 2951 3644 suscipit,
3006 3578 3331 3627 veneratur.
3378 3573 3604 3636 Quanto

1909 3678 2159 3733 namque
2216 3662 2526 3717 humiliora
2566 3678 2670 3731 pro
2722 3662 2917 3715 electis
2964 3677 3165 3730 passus
3208 3666 3295 3714 est
3348 3661 3601 3719 Creator.

1908 3755 2070 3804 tanto
2101 3750 2232 3821 plus
2286 3750 2370 3804 illi
2408 3749 2618 3804 debent
2663 3749 2768 3803 hac
2807 3748 3067 3802 oratione
3099 3747 3349 3802 doctoris
3383 3749 3604 3818 egregii

1908 3837 2289 3903 considerare,
2324 3837 2461 3908 quia
2489 3852 2605 3890 non
2645 3852 2825 3906 pauca
2845 3836 3194 3901 dinumerat,
3225 3851 3354 3906 qum
3394 3851 3601 3906 parvu-

1908 3925 1996 3978 lus
2020 3925 2338 3996 nequiverit
2369 3924 2671 3991 sustinere,
2714 3924 2760 3977 si
2809 3939 2924 3977 non
2976 3922 3216 3977 humani
3246 3928 3445 3994 partus
3479 3925 3601 3994 lege

1910 4020 2077 4067 natus
2109 4018 2213 4080 est,
2244 4018 2306 4067 ut
2335 4019 2584 4084 partum,
2621 4012 2983 4082 sanguinem,
3017 4028 3260 4082 pannos,
3322 4012 3604 4066 membra-

1909 4118 2111 4156 narum
2140 4102 2623 4168 convolutionem,
2646 4102 2887 4172 vagitus.
2923 4102 3189 4156 Universa
3223 4100 3345 4155 hinc
3375 4107 3431 4155 et
3450 4101 3605 4171 geni-

1912 4190 2039 4243 talis
2070 4190 2313 4261 virginei
2342 4197 2646 4259 secretum,
2680 4196 2737 4245 et
2765 4191 3034 4245 humanas
3069 4190 3379 4245 nativitatis
3416 4193 3604 4261 legem

1909 4282 2317 4349 protestantur.

149 4371 283 4423 turris
308 4371 663 4438 inconcussa,
687 4372 983 4442 sapientiai
1016 4372 1277 4442 lampade
1306 4371 1803 4441 splendidissimus
1833 4382 1876 4437 ι)
1988 4367 2208 4422 Pariter
2234 4384 2465 4439 quoque
2497 4367 2647 4423 disce
2700 4367 2975 4438 Spiritum
3025 4371 3286 4423 sanctum
3338 4368 3487 4423 hanc
3516 4384 3603 4421 sa-

150 4457 333 4529 eloqnio
360 4461 831 4527 facundissimus,
868 4462 1073 4526 Latini,
1109 4462 1287 4515 Graeci
1318 4460 1659 4529 Hebraeique
1687 4476 1804 4512 ser-

151 4546 293 4599 monis
337 4548 723 4614 doctissimus,
783 4548 841 4602 in
890 4548 1087 4602 libello
1131 4549 1399 4603 adversus
1458 4548 1801 4617 Helvidium,

152 4636 444 4690 constituens
472 4638 670 4707 primo
703 4636 883 4706 ipsius
916 4636 1162 4692 Ilelvidii
1192 4652 1366 4706 super
1403 4636 1509 4690 hac
1538 4652 1599 4690 re
1632 4635 1799 4703 dicta,

151 4730 304 4786 postea
330 4742 489 4781 suam
519 4724 869 4780 sententiam
911 4724 1151 4796 profert,
1187 4740 1301 4796 qua
1331 4724 1477 4779 bene
1518 4724 1587 4779 ab
1618 4724 1801 4779 haere-

152 4808 235 4862 tico
273 4812 545 4869 insinuata
599 4814 921 4869 conﬁrmat.
954 4813 1045 4869 Sic
1075 4813 1228 4868 enim
1286 4814 1496 4884 legitur
1528 4830 1540 4866 :
1590 4833 1617 4864 «
1651 4815 1803 4868 Nun-

152 4899 253 4966 quid
281 4918 385 4956 non
415 4902 684 4974 quotidie
716 4903 814 4957 Dei
848 4902 1113 4957 manibus
1145 4902 1367 4974 parvuli
1402 4902 1702 4973 tinguntur
1740 4902 1800 4956 in

154 4990 408 5058 ventribus,
442 4996 507 5045 ut
536 4991 747 5044 merito
799 4990 1131 5045 erubescere
1189 4990 1502 5045 debeamus
1565 4990 1801 5044 Mariam

156 5076 359 5145 nupsisse
387 5084 519 5150 post
569 5079 841 5149 partum?
865 5078 1025 5143 Quod
1057 5078 1105 5132 si
1157 5078 1266 5133 hoc
1295 5078 1407 5133 illis
1449 5082 1615 5148 turpe
1645 5078 1798 5133 vide-

157 5166 237 5231 tur,
273 5172 524 5238 superest
566 5172 631 5221 ut
680 5183 799 5221 non
847 5167 1148 5221 credamus
1176 5177 1199 5203 ³
1250 5166 1422 5221 etiam
1462 5167 1641 5221 Deum
1698 5182 1802 5236 per

158 5253 371 5319 genitalia
392 5256 649 5329 Virginis
682 5261 901 5311 natum.
933 5256 1178 5327 Turpius
1207 5259 1292 5311 est
1321 5255 1475 5310 enim
1500 5256 1664 5325 juxta
1701 5271 1801 5310 eos

164 5338 267 5395 Deus
298 5360 394 5414 per
445 5344 697 5415 Virginis
734 5345 1001 5415 pudenda
1058 5343 1339 5415 genitum,
1387 5358 1560 5414 quam
1609 5342 1802 5413 Virgi-

166 5552 169 5555 ἰ
207 5490 225 5514 ⁸
271 5483 334 5538 Ut
385 5502 491 5541 non
547 5484 854 5541 credamus.
908 5485 1084 5555 Alias,
1123 5484 1367 5551 credant,
1412 5481 1802 5555 aitAcherius

164 5566 201 5637 ξη
222 5557 479 5637 margine;
520 5561 701 5637 atque
760 5572 823 5610 ea
850 5556 1019 5637 lectio
1065 5554 1426 5637 mihinmagis
1458 5554 1665 5635 placet.
1722 5555 1800 5608 Ex

163 5618 361 5681 bocloco
406 5618 625 5699 liquet;
676 5643 800 5681 eam
833 5627 904 5681 de
962 5632 1129 5697 partu
1186 5618 1435 5696 Virginis
1459 5618 1798 5694 opinionem

1910 4461 2267 4510 crosanctum
2311 4457 2412 4527 qui
2469 4462 2821 4526 protestatus
2879 4460 2964 4510 est
3020 4462 3234 4523 ortum,
3288 4461 3345 4511 et
3382 4460 3605 4511 sanctos

1911 4543 2223 4615 doctosque
2243 4544 2524 4612 homines,
2549 4545 2650 4616 qui
2671 4561 2803 4599 eum
2832 4550 3028 4615 postea
3047 4545 3233 4599 verbis
3263 4545 3603 4616 scriptisque

1910 4633 2026 4685 suis
2065 4632 2540 4687 commendavere
2588 4633 2837 4703 populis,
2900 4634 3082 4703 magis
3137 4633 3298 4687 illum
3355 4634 3603 4688 voluisse

1910 4721 2191 4775 sermonis
2220 4721 2564 4776 honestioris
2606 4721 2900 4776 insinuare
2953 4720 3213 4787 circuitu,
3246 4736 3421 4789 quam
3465 4721 3601 4775 sim-

1910 4808 2069 4878 plicis
2102 4808 2317 4880 eloquii
2365 4809 2640 4864 servando
2697 4808 3133 4879 proprietatem,
3166 4807 3386 4877 aliquid
3447 4809 3601 4878 quod

1909 4895 2227 4951 offenderet
2264 4896 2582 4961 audientes,
2624 4897 2685 4950 in
2733 4896 2991 4950 medium
3023 4895 3280 4964 proferre
3322 4911 3335 4949 :
3371 4895 3605 4950 decebat

1909 4985 2065 5039 enim
2097 4989 2313 5039 tantam
2347 5000 2468 5038 rem
2497 5000 2613 5038 non
2665 4984 3003 5048 humilibus,
3055 4983 3154 5037 sed
3206 4985 3452 5055 magnis,
3485 5001 3601 5039 non

1907 5072 2174 5139 sordidis,
2233 5072 2329 5126 sed
2386 5072 2639 5126 honestis
2670 5086 2955 5141 exponere
3008 5071 3216 5138 verbis,
3279 5077 3341 5125 ut
3408 5072 3597 5129 illud:

1911 5181 1937 5208 ‹‹
1970 5160 2198 5215 Orietur
2244 5159 2407 5214 stella
2462 5175 2534 5213 ex
2588 5158 2783 5226 Jacob,
2835 5162 2891 5212 et
2928 5163 3238 5229 consurget
3301 5159 3476 5215 homo
3534 5162 3602 5216 de

1910 5249 2102 5313 Israel,
2135 5252 2192 5302 et
2220 5247 2366 5301 exiet
2397 5246 2557 5316 virga
2584 5246 2652 5301 de
2692 5246 2881 5301 radice
2914 5248 3089 5315 Jesse,
3135 5252 3190 5302 et
3240 5248 3345 5303 flos
3402 5249 3472 5303 de
3514 5266 3604 5304 ra-

1908 5336 2033 5390 dice
2063 5336 2187 5405 ejus
2229 5334 2551 5389 descendet.
2596 5335 2825 5405 Rorate,
2856 5336 3005 5407 caeli,
3037 5336 3302 5408 desuper,
3336 5344 3393 5392 et
3422 5339 3602 5393 nubes

1909 5491 2084 5547 quam
2111 5475 2456 5530 Ratramnus
2487 5481 2836 5547 propugnat,
2881 5477 2962 5533 ita
3000 5492 3364 5533 communem
3406 5478 3597 5545 fuisse,

1909 5554 1973 5600 ut
2011 5546 2081 5600 de
2114 5547 2291 5601 altera
2323 5546 2503 5601 nemo
2526 5546 2821 5618 cogitaret.
