3920 6224
298 314 365 365 99
1440 308 1799 365 RATRMINI
1838 306 2295 364 CORBEIENSIS
2344 307 2655 364 MONACHI
3716 313 3811 365 100

301 444 504 513 pluant
535 442 788 512 justum;
837 441 1130 513 aperiatur
1176 444 1349 508 terra,
1391 444 1448 494 et
1485 440 1766 511 germinet
1804 440 1993 494 Salva-
2026 441 2072 493 A
2110 439 2516 509 perveniemus
2547 440 2669 509 jam
2709 439 2779 494 ad
2820 439 3091 509 genitalia
3120 440 3390 511 Virginis,
3433 441 3807 495 transivimus

299 538 482 585 torem
526 532 707 601 (Num.
742 547 885 597 xxiv,
917 534 1012 596 l7;
1062 532 1172 584 Isa.
1208 546 1223 583 ι
1256 546 1378 596 va,
1414 530 1485 599 8).
1538 551 1563 577 ››
1602 530 1795 601 Neque
1836 528 1989 582 enim

299 621 531 674 defuere
566 620 801 690 Spiritui
835 626 1026 672 sancto
1058 619 1249 685 verba,
1284 619 1494 689 quibus
1526 618 1775 688 genitale
1816 616 1990 687 virgi-

300 727 468 763 neum
512 709 760 763 valuerit
811 708 1053 778 aperire,
1114 708 1212 761 sed
1268 725 1386 761 rem
1443 708 1775 778 praeclaram
1821 712 1992 776 atque

298 798 680 869 magniﬁcam.
721 798 1012 868 praeclaris
1043 796 1477 867 magniﬁcisque
1528 796 1738 865 delegit
1791 796 1991 864 ﬁguris

299 888 557 942 edocere.
590 886 841 940 Accessit
869 892 1062 939 tamen
1094 891 1150 939 et
1178 885 1434 955 propius,
1467 889 1523 938 et
1558 883 1826 953 legitimis
1856 899 1990 952 pro-

297 976 551 1047 priisque
601 974 821 1030 decoris
870 974 1167 1045 adaperuit
1228 972 1629 1028 sermonibus:
1686 978 1993 1043 prapterea

300 1066 585 1135 Propheta
618 1081 630 1119 :
660 1086 685 1112 ‹‹
720 1065 854 1118 Ecce
885 1064 1044 1133 virgo
1084 1062 1366 1132 concipiet
1394 1061 1453 1115 in
1484 1065 1758 1131 utero,.et
1808 1061 1994 1130 pariet

300 1154 481 1208 ﬁlium
516 1154 659 1222 (Isa.
710 1168 806 1218 vn,
845 1152 949 1221 14).
985 1173 1012 1200 ››
1051 1153 1157 1205 Et:
1196 1174 1221 1199 ‹‹
1266 1153 1413 1205 Puer
1459 1154 1631 1204 natus
1661 1154 1746 1203 est
1794 1149 1992 1217 nobis;

300 1243 451 1297 ﬁlius
509 1242 672 1295 datus
731 1246 816 1295 est
853 1241 1039 1295 nobis.
1096 1260 1121 1290 »
1184 1240 1249 1292 Et
1302 1239 1540 1308 angelus
1591 1239 1661 1292 ad
1708 1236 1989 1292 Mariam:

302 1353 330 1381 ‹‹
391 1333 528 1385 Ecce
586 1331 868 1401 concipias
923 1334 979 1383 et
1027 1330 1215 1399 paries
1259 1329 1444 1382 ﬁlium
1508 1326 1656 1397 (Luc.
1715 1344 1751 1393 i,
1807 1327 1917 1393 3t),
1961 1346 1988 1374 »

300 1425 357 1475 et
385 1421 565 1474 multa
588 1421 795 1475 horum
829 1418 1039 1473 similia
1075 1434 1087 1472 :
1132 1418 1190 1471 in
1250 1416 1521 1471 omnibus
1552 1415 1674 1469 istis
1733 1418 1789 1468 ct
1826 1419 1993 1467 natu-

300 1510 514 1563 ralibus
539 1516 595 1563 et
646 1509 975 1562 decentibus
1010 1506 1220 1561 Christi
1261 1505 1525 1559 nativitas
1560 1503 1995 1557 commendatur

299 1598 502 1651 verbis.

371 1686 591 1739 Vitatur
634 1690 827 1738 tamen
872 1700 973 1736 suo
1005 1683 1278 1736 vocabulo
1310 1697 1440 1752 pars
1473 1681 1568 1734 illa
1601 1678 1991 1733 membrorum

301 1792 413 1845 qua
440 1779 646 1845 partus-
667 1774 977 1843 egreditur,
1016 1771 1479 1837 commemorari,
1512 1775 1711 1839 utpote
1744 1785 1847 1822 nec
1885 1768 1991 1822 ho-

301 1868 548 1925 nestum,
591 1879 694 1916 nec
732 1862 1137 1915 necessarium.
1182 1860 1451 1930 Alioquin
1472 1858 1727 1929 {quando
1759 1856 1990 1911 nomina

301 1957 596 2022 ponuntur
626 1951 944 2005 officiorum
980 1954 1036 2004 et
1064 1948 1255 2010 verba,
1303 1948 1431 2018 quis
1461 1964 1577 2002 non
1619 1952 1674 2001 et
1706 1964 1770 2000 ea
1805 1962 1991 2000 mem-

300 2041 403 2095 bra
435 2042 642 2111 quibus
674 2041 769 2093 illa
819 2045 1170 2110 peragantur
1193 2038 1400 2101 ofﬁcia,
1458 2037 1647 2091 statim
1682 2035 1993 2105 intelligit?

300 2130 357 2184 Si
390 2129 622 2200 quidem
656 2134 711 2182 et
750 2128 942 2182 videre
984 2144 1086 2198 per
1115 2128 1329 2190 oculos,
1366 2132 1419 2180 et
1451 2125 1647 2180 audire
1680 2142 1784 2195 per
1803 2141 1990 2190 aures,

300 2224 355 2272 et
384 2218 678 2272 ambulare
706 2234 805 2288 per
844 2217 1018 2288 pedes
1050 2216 1447 2285 intelligimus,
1506 2231 1611 2269 nec
1648 2214 1874 2285 quando
1922 2214 1991 2268 de

300 2308 492 2377 aliquo
519 2308 888 2377 prmdicatur,
916 2312 981 2360 ut
1013 2306 1170 2371 vidit,
1214 2305 1454 2370 audivit,
1505 2303 1840 2368 ambulavit,
1888 2318 1993 2372 po-

297 2402 517 2450 nuntur
548 2397 766 2467 pariter
796 2396 967 2463 oculi,
1003 2412 1190 2462 aures,
1219 2395 1416 2464 pedes,
1458 2393 1569 2446 nisi
1611 2392 1993 2447 distinctionis

303 2477 357 2538 et
385 2485 783 2554 intelligentiae
841 2485 1042 2552 gratia,
1088 2500 1191 2537 nec
1223 2482 1300 2536 sic
1348 2498 1453 2535 nos
1504 2480 1825 2551 signiﬁcata
1868 2496 1992 2534 ver-

302 2574 507 2628 borum
536 2573 903 2636 advertimus,
941 2576 1026 2637 ut,
1068 2588 1184 2624 non
1230 2573 1472 2640 partem,
1515 2569 1689 2623 etiam
1735 2569 1994 2623 membra

301 2661 399 2715 illa
453 2661 573 2714 sine
631 2662 840 2731 quibus
896 2659 1035 2713 talia
1067 2658 1387 2713 ministeria
1444 2673 1559 2712 non
1609 2658 1986 2729 explicantur,

300 2750 635 2803 sentiamus.
669 2749 789 2812 Qua
819 2749 887 2802 de
916 2764 975 2802 re
1002 2748 1154 2819 quod
1188 2746 1544 2817 superﬂuum
1577 2753 1631 2801 et
1668 2752 1834 2817 turpe
1873 2751 1995 2800 erat

299 2853 473 2907 super
503 2837 646 2891 sacri
686 2842 883 2907 partus
935 2842 1061 2890 actu
1097 2836 1306 2907 refugit
1338 2836 1638 2890 enuntiare
1695 2836 1992 2890 oraculum

299 2927 543 2993 caeleste,
580 2926 920 2996 refugerunt
962 2931 1017 2979 et
1048 2925 1226 2979 sancti
1267 2924 1545 2979 homines.
1608 2926 1784 2978 Porro
1838 2924 1991 2995 quod

297 3016 536 3084 plenum
568 3014 1002 3084 signiﬁcationis
1032 3019 1090 3069 et
1139 3012 1617 3068 commodationis
1650 3013 1988 3067 modestiam
2021 3040 2060 3095 ο

298 3102 560 3171 habebat,
591 3118 920 3173 exposuere.
975 3104 1086 3157 Nec
1117 3107 1309 3156 tamen
1351 3107 1403 3155 et
1435 3103 1541 3155 hoc
1570 3117 1986 3172 usquequaque
2046 3172 2060 3186 .

297 3191 568 3258 vitarunt,
603 3192 718 3245 sive
741 3196 978 3261 propter
1026 3191 1245 3245 futuros
1273 3190 1524 3245 veritatis
1554 3191 1836 3258 inimicos,
1871 3191 1986 3244 sive

296 3286 532 3351 propter
580 3281 849 3334 tollendas
910 3280 1214 3334 dubietatis
1260 3279 1641 3333 occasionem.
1699 3279 1834 3333 Inde
1901 3284 1988 3333 est

298 3369 450 3438 quod
479 3369 557 3422 ait
589 3370 763 3423 Lucas
786 3369 1137 3439 evangelista
1171 3385 1184 3421 :
1223 3389 1249 3416 «
1284 3368 1833 3439 Postquamimpleti
1856 3372 1990 3422 sunt

297 3457 417 3510 dies
445 3457 804 3527 purgationis
833 3457 1020 3510 Maria!
1050 3456 1359 3509 secundum
1396 3457 1580 3526 legem
1614 3456 1808 3526 Moysi,
1841 3457 1986 3511 tule-

296 3550 433 3599 runt
457 3547 647 3600 Iesum
683 3547 742 3599 in
782 3546 1095 3600 Jerusalem
1128 3549 1190 3598 ut
1236 3545 1501 3598 sisterent
1558 3561 1691 3599 eum
1750 3545 1987 3599 Domino

295 3634 440 3688 sicut
460 3635 737 3703 scriptum
777 3639 862 3687 est
888 3634 949 3687 in
980 3634 1108 3704 lege
1141 3632 1371 3688 Domini
1405 3649 1418 3687 :
1471 3633 1614 3698 Quia
1654 3650 1824 3687 omne
1864 3650 1983 3687 ma-

294 3723 576 3777 sculinum
597 3723 934 3794 adaperiens
968 3723 1216 3785 vulvam,
1252 3727 1510 3777 sanctum
1544 3722 1785 3777 Domino
1822 3738 1981 3777 voca-

292 3810 446 3865 bitur
476 3813 624 3882 (Luc.
686 3829 744 3879 u,
787 3813 896 3882 ‘22).
946 3834 966 3859 n
1006 3813 1117 3866 Nec
1150 3812 1357 3866 mirum
1389 3812 1433 3865 si
1463 3813 1753 3866 noluerint
1789 3828 1987 3881 graves

293 3905 349 3954 et
379 3901 675 3955 reverendi
723 3902 984 3956 doctores
1015 3901 1151 3955 talia
1180 3917 1353 3973 super
1383 3901 1807 3971 gloriosissima!
1839 3900 1986 3954 nati-

293 3989 484 4041 vitatis
515 3990 924 4043 contumeliam
954 3990 1187 4057 referre,
1226 3990 1421 4060 qualia
1452 4006 1554 4043 nec
1582 3990 1788 4059 vulgus
1818 4004 1990 4058 super

295 4077 600 4144 cujuslibet
629 4079 994 4147 pauperculae
1042 4084 1212 4149 partu
1248 4094 1364 4132 non
1396 4078 1676 4131 erubescit
1707 4076 1983 4130 conﬁteri.

366 4165 511 4234 Ergo
565 4170 620 4218 et
671 4164 778 4219 iste
832 4166 1031 4219 doctor
1076 4166 1344 4236 insignis,
1389 4167 1551 4236 cujus
1589 4166 1681 4219 hic
1730 4166 1986 4219 testimo-

294 4252 454 4306 nium
510 4253 874 4323 protulimus,
924 4271 1055 4307 cum
1111 4255 1417 4325 recepisset
1471 4254 1539 4309 ab
1598 4254 1834 4309 inimico
1892 4270 1988 4308 ve-

295 4341 481 4395 ritatis
524 4342 916 4397 testimonium
967 4342 1220 4397 veritatis
1285 4359 1457 4413 super
1503 4342 1693 4397 divina
1738 4358 1981 4413 genera-
2013 4341 2056 4395 D

295 4430 469 4498 tione,
507 4430 837 4501 indignatur
880 4436 1072 4485 tamen
1123 4431 1428 4485 verborum
1470 4432 1710 4500 injurias
1758 4431 1817 4485 in
1858 4432 1983 4484 Vir-

294 4518 442 4588 ginis
518 4519 913 4585 contumelias,
987 4521 1140 4590 quod
1224 4520 1336 4574 illis
1394 4521 1583 4574 verbis
1652 4536 1984 4591 quanquam

294 4608 672 4676 naturalibus,
720 4624 1050 4679 quanquam
1082 4610 1353 4679 propriis,
1402 4608 1718 4662 humilibus
1792 4614 1986 4663 tamen

295 4697 601 4768 minusque
642 4697 916 4751 modestis
948 4696 1187 4767 virginis
1221 4697 1541 4751 narraverit
1586 4702 1838 4768 partum.

978 4822 1202 4876 CAPUT
1244 4822 1303 4875 X.

401 4948 462 4999 In
491 4946 725 5000 medium
757 4946 1107 5001 adducuntur
1130 4950 1410 5014 poetarum
1433 4945 1880 5002 Christianorum

994 5033 1284 5103 suffragia.

368 5160 629 5231 Amplius
660 5177 795 5232 ergo
838 5162 958 5231 jam
994 5178 1109 5215 non
1142 5167 1225 5216 est
1255 5161 1393 5233 quid
1434 5162 1714 5234 requiras,
1757 5163 1985 5232 quando

296 5249 377 5303 nil
406 5255 639 5320 superat
672 5250 742 5304 de
775 5255 969 5304 sancto
992 5256 1162 5321 partu
1183 5252 1320 5322 quid
1351 5250 1621 5305 discutias
1656 5266 1669 5305 :
1701 5250 1985 5323 siquidem

368 5446 392 5471 ⁸
432 5438 655 5508 Easque
676 5439 953 5509 passibili.
984 5440 1271 5495 Posterior
1306 5457 1410 5495 vox
1432 5440 1626 5495 addita
1656 5444 1742 5494 est
1788 5456 1818 5494 e
1856 5441 1981 5497 cod.

302 5508 463 5578 Dalli,
496 5514 657 5579 cujus
687 5510 860 5565 iidem
891 5510 1068 5565 secuti
1096 5512 1477 5581 expunximus
1517 5527 1715 5565 vocem
1746 5512 1985 5567 Gallicus

296 5586 429 5648 post
450 5582 750 5652 presbyter.
789 5581 938 5636 Infra
970 5584 1101 5651 quia
1126 5584 1301 5649 virgo.
1338 5584 1468 5637 llaec
1499 5582 1776 5652 marginis
1817 5583 1983 5635 lectio

2101 529 2170 582 ad
2212 529 2480 598 pudenda
2513 546 2835 601 puerperae,
2867 534 2929 582 ut
2975 529 3066 583 cui
3119 547 3231 584 non
3263 531 3437 585 dabat
3467 531 3805 601 intelligen-

2100 618 2237 672 tiam
2262 624 2590 689 conceptus,
2619 625 2839 689 partus,
2872 620 3192 690 generatio,
3243 620 3531 687 nativitas,
3584 622 3805 691 apertio

2100 708 2300 775 vulvas,
2335 708 2569 761 tandem
2609 707 2850 761 doceant
2874 708 3163 778 pudenda,
3198 709 3469 763 erudiant
3497 711 3802 780 genitalia;

2103 812 2215 848 non
2260 796 2525 849 dederint
2565 795 2916 849 intellectum
2952 796 3238 850 naturalia
3288 803 3344 852 et
3372 797 3637 864 honesta,
3674 798 3807 852 dent

2102 884 2304 937 saltem
2332 883 2518 954 turpia
2546 890 2603 937 et
2623 884 2885 954 ﬁgurata.
2917 884 3201 947 Quoniam
3224 890 3449 940 tantum
3484 887 3637 940 docti
3674 894 3806 941 sunt

2100 972 2283 1026 nostri
2313 977 2660 1027 secretorum
2701 974 3196 1044 pervestigatores,
3229 979 3292 1028 ut
3322 976 3513 1045 potius
3546 976 3805 1030 obscuris

2103 1065 2159 1114 et
2188 1061 2407 1128 alienis,
2435 1078 2608 1132 quam
2642 1062 2809 1116 claris
2836 1067 2891 1115 et
2921 1062 3169 1133 propriis
3201 1064 3588 1119 assentiantur
3617 1065 3803 1135 signi-

2102 1149 2487 1205 ﬁcationibus.

2176 1240 2380 1293 Verum
2422 1245 2721 1309 poetarum
2776 1239 2895 1309 jam
2949 1239 3221 1311 suffragia
3274 1257 3684 1308 convocemus,
3747 1246 3804 1294 ut

2103 1327 2286 1381 omnis
2344 1328 2671 1398 eloquentia
2716 1328 3110 1382 testimonium
3144 1328 3309 1395 ferat
3364 1330 3613 1384 veritati.
3680 1333 3806 1384 Pru-

2103 1416 2351 1482 dentius,
2406 1417 2489 1470 vir
2538 1416 2860 1470 liberalium
2909 1418 3229 1471 studiorum
3280 1435 3394 1473 non
3445 1419 3712 1489 ignarus,
3750 1421 3803 1473 in

2105 1505 2417 1575 Apotheosi
2447 1506 2580 1559 dum
2616 1506 2683 1559 de
2723 1505 2950 1574 injuriis
2977 1522 3119 1577 quas
3149 1522 3312 1576 passa
3344 1514 3426 1560 est
3447 1508 3564 1561 vita
3600 1510 3802 1563 mundi

2104 1610 2208 1664 pro
2240 1594 2563 1648 libertatem
2588 1595 2723 1648 undi
2745 1595 3080 1665 disputaret,
3107 1600 3274 1666 atque
3301 1596 3370 1649 ab
3392 1595 3471 1649 eis
3504 1596 3807 1650 inviolabi-

2105 1684 2219 1737 lem
2237 1686 2524 1750 naturam,
2543 1683 2601 1737 id
2627 1688 2711 1737 est
2729 1684 3005 1751 divinam,
3025 1690 3368 1754 segregaret,
3396 1701 3610 1756 easque
3634 1686 3808 1755 passi-

2108 1772 2208 1826 bili
2231 1782 2255 1807 ει
2287 1772 2642 1840 substantiae,
2672 1773 2724 1826 id
2751 1778 2836 1827 est
2864 1773 3156 1839 humana),
3188 1774 3535 1844 assignaret,
3569 1776 3655 1829 sic
3683 1777 3761 1831 ait
3792 1805 3805 1840 ;

2164 1886 2254 1933 His
2284 1885 2469 1934 affecta
2494 1889 2573 1934 est
2602 1900 2723 1935 caro
2744 1886 2995 1944 hominis,
3026 1900 3185 1950 quam
3212 1886 3407 1935 femina
3423 1900 3717 1950 praegnans

2165 1956 2337 2004 Enixa
2366 1960 2445 2005 est
2468 1958 2566 2006 sub
2590 1958 2704 2021 lege
2734 1958 2920 2014 veteri,
2949 1957 3062 2006 sine
3088 1957 3203 2021 lege
3228 1959 3420 2008 mariti.

2102 2063 2282 2117 Fideli
2341 2080 2576 2133 prorsus
2633 2068 2690 2117 et
2744 2064 2987 2134 sapienti
3052 2065 3378 2119 narratione
3418 2071 3473 2119 et
3533 2068 3806 2122 concubi-

2100 2157 2223 2206 tum
2256 2152 2511 2221 secrevit,
2541 2155 2597 2205 et
2625 2153 2849 2223 prolem
2879 2153 3219 2206 naturaliter
3240 2153 3466 2207 enixam
3501 2154 3803 2211 disseruit.

2104 2241 2311 2309 Legem
2343 2240 2588 2293 removit
2628 2240 2842 2308 mariti,
2875 2246 2926 2293 et
2961 2241 3147 2312 legem
3190 2241 3485 2296 substituit
3514 2245 3703 2311 uteri;
3747 2250 3807 2299 ut

2100 2326 2169 2380 de
2200 2326 2418 2396 Spiritu
2444 2332 2639 2380 sancto
2668 2330 2996 2399 concepisse
3033 2334 3398 2396 monstraret,
3435 2347 3541 2401 per
3570 2333 3807 2387 vulvam

2100 2416 2392 2485 peperisse
2448 2432 2563 2470 non
2595 2420 2827 2471 taceret.
2860 2417 2997 2472 Huic
3024 2418 3213 2472 simile
3272 2420 3621 2474 Fortunatus
3654 2438 3795 2491 pre-

2103 2504 2294 2574 sbyter
2323 2504 2675 2574 peregrinus,
2708 2506 2802 2559 sed
2837 2507 3081 2560 caelestis
3119 2507 3276 2574 civis,
3321 2524 3545 2578 pauper
3596 2511 3798 2578 rebus,

2102 2608 2273 2646 censu
2306 2592 2438 2646 ﬁdei
2477 2593 2653 2661 dives,
2711 2594 2769 2647 in
2825 2595 2993 2648 laude
3024 2595 3262 2665 virginis
3300 2596 3489 2651 Mariae
3521 2599 3603 2652 sic
3653 2599 3810 2653 fatur

2104 2681 2302 2752 (Carm.
2340 2682 2436 2737 lib.
2470 2697 2586 2748 vui,
2621 2699 2812 2753 poem.
2846 2687 2897 2751 5,
2930 2689 3058 2755 post
3089 2684 3239 2755 init.)
3274 2702 3286 2739 :

2166 2797 2263 2862 Sed
2293 2798 2447 2862 redeo
2474 2812 2578 2862 qua
2605 2798 2763 2862 Virgo
2794 2799 2955 2848 trahit
2984 2800 3140 2849 laude
3174 2801 3418 2850 canenda

2228 2860 2407 2917 Qualis
2438 2860 2584 2908 nulla
2612 2860 2728 2917 fuit,
2762 2861 2911 2910 nulla
2937 2862 3114 2910 futura
3139 2864 3299 2912 venit.

2166 2922 2652 2996 Quemque‘pluunt
2676 2924 2844 2972 nubes
2867 2924 3071 2996 justum
3103 2925 3175 2996 de_
3189 2938 3306 2996 rore
3336 2938 3606 2985 serenum,

2228 2984 2346 3032 Hinc
2372 2984 2693 3047 Salvatorem
2724 2984 2958 3047 germine
2984 2992 3118 3035 terra
3147 2988 3307 3035 dedit.

2166 3047 2288 3110 Haec
2315 3051 2464 3110 porta
2494 3052 2575 3095 est
2599 3046 2795 3110 clausa,
2829 3049 2882 3096 in
2913 3062 3072 3110 quam
3103 3049 3339 3097 introivit
3367 3062 3657 3107 nemo,ne:
3684 3050 3809 3107 exit,

2220 3109 2280 3157 Ni
2316 3109 2573 3157 Dominus
2606 3109 2769 3170 solus,
2801 3110 2885 3158 cui
2906 3109 3115 3174 quoque
3139 3111 3318 3160 clausa
3356 3115 3560 3174 patent.

2170 3216 2293 3269 Non
2354 3216 2709 3270 disconvenit
2774 3217 3081 3287 superiori,
3113 3217 3229 3271 imo
3280 3217 3404 3271 aliis
3453 3216 3648 3271 verbis
3702 3217 3811 3271 hoc

2095 3304 2246 3358 idem
2278 3305 2576 3374 designat;
2626 3321 2760 3359 nam
2812 3305 3041 3376 gemina
3076 3306 3317 3376 periodo
3377 3307 3647 3361 eamdem
3684 3323 3809 3360 sen-

2096 3393 2337 3447 tentiam
2384 3393 2813 3458 commendans,
2859 3400 2917 3449 et
2965 3395 3314 3465 virginitatis
3344 3395 3624 3465 praedicat
3654 3396 3807 3449 inte-

2097 3481 2383 3550 gritatem,
2435 3488 2491 3535 et
2547 3482 2800 3536 humano
2867 3483 2937 3537 de
2992 3499 3150 3537 more
3201 3484 3517 3538 nativitatis
3585 3484 3809 3539 indicat

2097 3570 2533 3640 expositionem,
2611 3577 2668 3624 ct
2724 3571 3075 3625 Salvatorem
3133 3578 3470 3642 conceptum
3523 3573 3808 3627 divinitus

2096 3663 2413 3724 narrat,‘et
2450 3659 2725 3712 naturalis
2778 3660 2999 3713 semitas
3047 3676 3191 3713 vena
3228 3661 3651 3731 germinatum;
3713 3669 3807 3715 ut-

2098 3762 2209 3816 que
2258 3746 2465 3799 clarius
2521 3747 2805 3817 eliqueret
2858 3749 3006 3818 quod
3068 3748 3432 3819 loquebatur,
3493 3755 3808 3805 attestatur

2098 3835 2331 3888 Mariam
2374 3840 2599 3905 portam
2643 3836 2918 3890 exstitisse
2951 3838 3421 3905 Ezechieliticam,
3472 3854 3576 3907 per
3620 3855 3804 3909 quam

2097 3922 2277 3976 virilis
2309 3923 2500 3978 nullus
2533 3929 2614 3977 est
2644 3924 2946 3992 introitus;
2971 3927 3057 3979 vel
3089 3926 3301 3993 exitus;
3338 3929 3489 3980 solus
3518 3943 3657 3981 vero
3685 3945 3810 3982 om-

2098 4011 2381 4081 nipotens,
2420 4011 2511 4065 cui
2559 4011 2700 4066 nihil
2738 4018 2821 4067 est
2865 4015 3143 4081 clausum,
3177 4031 3279 4085 per
3322 4031 3447 4068 eam
3480 4017 3707 4081 transit,
3747 4021 3811 4071 ut

2099 4099 2198 4169 qui
2228 4098 2480 4169 concipit
2510 4099 2760 4155 decrevit
2798 4117 2865 4156 ex
2893 4102 3138 4174 virgine,
3170 4104 3411 4157 humani
3440 4109 3642 4174 partus
3674 4106 3809 4175 lege

2099 4188 2168 4243 de
2201 4204 2265 4241 ea
2298 4193 2644 4242 nasceretur.

2169 4277 2305 4330 Post
2359 4292 2559 4329 omnes
2608 4276 2949 4331 Athanasius
2997 4278 3419 4333 Alexandrinus
3474 4280 3686 4347 veniat,
3742 4289 3809 4336 ut

2099 4364 2198 4436 qui
2220 4364 2349 4419 dote
2382 4364 2679 4431 virtutum,
2714 4367 3033 4420 constantia
3085 4368 3340 4437 probata:
3373 4368 3529 4433 fidei,
3567 4371 3807 4440 sapien-

2094 4453 2189 4505 tiae.
2240 4452 2522 4518 doctrina,
2572 4455 2996 4523 perseverantia
3053 4455 3449 4521 confessionis,
3504 4458 3685 4526 solus,
3733 4464 3805 4513 ut

2094 4543 2175 4596 ita
2227 4540 2492 4606 dixerim,
2547 4542 2772 4596 Arianae
2830 4543 3084 4613 perlidias
3133 4545 3415 4598 subvertit
3472 4545 3806 4600 multitudi-

2094 4645 2227 4683 nem
2258 4645 2645 4698 numerosam,
2679 4636 2735 4685 et
2762 4632 3031 4685 vexillum
3072 4649 3218 4686 verae
3256 4634 3611 4687 credulitatis
3664 4651 3805 4705 pro-

2092 4722 2382 4789 pugnator
2423 4733 2626 4788 gerens
2674 4719 2916 4773 invictus
2951 4721 3210 4775 Ecclesia:
3267 4724 3610 4776 restauravit
3670 4740 3804 4777 mu-

2095 4822 2244 4874 rum,
2279 4806 2569 4862 roboravit
2616 4813 2867 4875 statum;
2925 4815 3137 4864 nostrae
3171 4826 3403 4881 quoque
3454 4811 3804 4881 disputatio-

2096 4894 2185 4948 nis
2224 4895 2875 4964 contirmatorjassistat,
2926 4902 2982 4951 et
3036 4899 3243 4951 erroris
3278 4904 3488 4952 sectam
3543 4901 3805 4955 valenter

2095 4986 2328 5037 evertat.
2362 4983 2441 5037 Ad
2477 4984 2795 5053 Epitectum
2833 4986 3100 5041 adversus
3146 5002 3241 5040 eos
3272 5003 3448 5057 agens
3490 4988 3591 5058 qui
3625 4990 3805 5042 unius

2096 5072 2423 5125 substantiae
2466 5073 2711 5127 Verbum
2768 5078 2824 5127 et
2874 5090 3081 5145 corpus
3138 5075 3292 5145 quod
3325 5077 3638 5145 assumpsit
3694 5094 3803 5147 pro

2095 5163 2290 5213 nostra
2320 5160 2714 5230 redemptione
2745 5161 3232 5232 dogmatizabant,
3258 5179 3389 5216 cum
3428 5162 3572 5217 ﬁdes
3604 5168 3803 5219 teneat

2095 5247 2415 5302 Christiana
2454 5248 2595 5303 duas
2638 5249 3001 5318 substantias,
3039 5250 3294 5305 divinam
3328 5252 3543 5306 scilicet
3588 5253 3800 5307 huma-

2092 5436 2276 5511 magis
2318 5436 2575 5511 placuit,
2597 5454 2769 5509 quam
2828 5454 2959 5511 quia
2984 5444 3107 5494 erat
3136 5439 3192 5493 in
3228 5444 3383 5493 textu
3424 5444 3560 5509 quia
3612 5444 3798 5511 virgo,

2094 5509 2290 5561 statim
2317 5508 2373 5560 in
2398 5508 2657 5579 margine
2688 5510 3009 5565 habebatur
3038 5511 3103 5564 de
3132 5526 3253 5565 rore
3289 5508 3541 5581 supzrno.
