3920 6224
120 341 189 392 101
1262 328 1466 385 LIBER
1504 330 1592 384 DE
1632 328 2045 383 NATIVITATE
2076 326 2379 385 CHRISTI.

3478 338 3574 390 10'2

117 481 325 536 namque
351 463 404 516 in
459 462 690 517 Christo
748 460 1100 529 conjunctas,
1136 465 1199 513 ut
1237 460 1293 514 in
1355 476 1467 513 una
1518 474 1768 528 persona
1797 459 1843 512 A
1882 463 2001 511 tum
2037 464 2124 512 est
2149 458 2517 525 sacrificium,
2552 460 2824 530 quoniam
2859 463 2957 533 qui
2990 470 3159 518 natus
3206 470 3309 533 est,
3342 468 3575 537 aperuit

118 562 320 625 utraque
350 557 555 605 natura
614 567 772 604 suam
836 550 1125 619 possideat
1180 549 1634 614 distinctionem;
1690 548 1770 601 sic

113 644 218 699 infit
242 640 625 710 interreliqua
657 656 671 705 ;
710 662 730 687 ‹
776 641 1083 709 Propterea
1112 654 1248 708 ergo
1298 637 1613 691 necessaria
1652 637 1770 689 Ma-

115 733 201 799 ria,
229 737 284 784 ut
308 746 368 783 ex
428 731 557 799 ipsa
611 744 819 799 corpus
867 736 1204 793 assumeret,
1240 733 1295 780 et
1352 732 1412 779 ut
1465 742 1631 779 suum
1666 741 1769 795 pro

115 821 252 875 nobis
288 834 486 887 corpus
521 817 788 883 offerret;
824 820 880 869 et
929 816 1077 868 hanc
1130 814 1300 869 Isaias
1362 813 1771 884 prophetizans

115 908 345 972 ostendit,
376 906 572 961 dicens
606 923 620 960 :
653 906 791 958 Ecce
817 904 1007 974 Virgo.
1040 903 1264 958 Gabriel
1298 909 1489 956 autem
1524 901 1774 955 mittitur

117 999 172 1053 ad
199 998 362 1068 ipsam
392 1012 513 1049 non
540 994 871 1049 transitoria
902 994 1209 1062 virginem,
1242 992 1338 1046 sed
1369 992 1437 1045 ad
1488 991 1771 1061 virginem

114 1088 482 1157 desponsatam
549 1084 693 1151 viro,
756 1088 817 1137 ut
873 1098 1085 1153 sponso
1154 1081 1478 1135 ostenderet
1542 1080 1771 1133 Mariam

117 1193 225 1229 vere
252 1174 538 1228 hominem
571 1173 767 1226 fuisse.
820 1173 884 1225 Et.
926 1178 1125 1241 partus
1158 1170 1424 1223 meminit
1458 1169 1773 1239 Scriptura,

115 1272 161 1319 et
186 1265 416 1318 dicitur:
453 1261 697 1315 Involvit
743 1276 1010 1330 puerum.
1055 1260 1118 1313 Et
1155 1272 1168 1313 :
1227 1261 1398 1312 Beata
1439 1262 1569 1311 sunt
1605 1257 1779 1310 ubera

118 1371 223 1431 qua
266 1352 423 1405 suxit.
473 1352 561 1417 Et,
613 1351 869 1403 oblatum
926 1353 1010 1402 est
1065 1346 1430 1415 sacrificium,
1504 1346 1776 1416 quoniam

117 1441 312 1513 aperuit
341 1440 436 1511 qui
502 1445 667 1493 natus
718 1443 807 1493 est
838 1438 1083 1491 vulvam.
1148 1438 1275 1490 Hac
1332 1440 1524 1489 autem
1585 1434 1781 1488 omnia

118 1530 454 1601 parturientis
484 1528 720 1598 virginis
763 1531 924 1580 erant
957 1525 1191 1591 indicia,
1244 1530 1300 1578 et
1330 1524 1554 1579 Gabriel
1585 1523 1779 1576 certis-

118 1622 237 1674 sime
266 1618 674 1687 evangelizavit
704 1617 822 1687 ipse
856 1617 1047 1670 dicens
1084 1632 1199 1668 nou
1230 1614 1574 1679 transitorie,
1626 1612 1781 1682 quod

120 1713 409 1762 nasceretur
438 1722 507 1759 ex
543 1712 629 1771 te;
670 1710 732 1758 ut
762 1721 875 1758 non
912 1704 979 1757 de
1010 1704 1146 1756 foris
1184 1701 1431 1755 inditum
1474 1701 1525 1753 ei
1576 1716 1781 1769 corpus

122 1797 394 1863 videretur,
425 1794 546 1857 sed,
585 1809 651 1845 ex
708 1798 790 1857 te;
829 1795 891 1844 ut
920 1807 984 1844 ex
1046 1791 1184 1860 ipsa,
1238 1790 1577 1842 naturaliter
1624 1786 1777 1858 quod
1813 1761 1850 1813 Β

119 1889 287 1936 natum
325 1888 427 1947 cst,
469 1897 597 1934 esse
654 1880 953 1934 manifeste
998 1880 1290 1944 credatur;
1328 1878 1386 1931 in
1442 1878 1549 1931 hoc
1576 1884 1781 1931 natura

119 1974 535 2036 demonstrante,
561 1969 697 2041 quia
724 1969 1076 2040 impossibile
1108 1974 1193 2021 est
1217 1967 1498 2038 virginem
1534 1968 1618 2020 lac
1648 1982 1780 2036 pro-

116 2063 261 2127 ferre,
293 2068 343 2114 et
372 2060 728 2130 impossibile
751 2066 834 2111 est
857 2060 999 2112 lacte
1023 2057 1230 2111 nutriri
1260 2073 1463 2127 corpus
1494 2062 1549 2109 et
1576 2055 1782 2127 pannis

118 2151 299 2204 involvi
330 2166 439 2203 non
474 2154 609 2202 ante
644 2148 980 2202 naturaliter
1006 2152 1227 2200 natum.
1264 2166 1290 2197 »

178 2240 503 2294 Orthodoxaz
560 2236 690 2290 ﬁdei
739 2235 1251 2301 constantissimus,
1296 2249 1465 2304 quem
1510 2232 1784 2287 Dominus

118 2334 353 2399 posuerat
381 2327 440 2380 in
476 2312 783 2379 civitatem
819 2324 1126 2390 munitam,
1161 2322 1217 2375 in
1252 2338 1483 2375 murum
1533 2338 1779 2387 aeneum,

116 2426 162 2471 et
190 2418 242 2471 in
270 2419 597 2471 columnam
648 2414 891 2468 ferream
927 2412 1155 2483 regibus
1211 2411 1391 2478 Iudas,
1424 2410 1783 2481 principibus

118 2510 221 2576 ejus
250 2513 301 2559 et
328 2505 486 2558 omni
536 2504 749 2574 populo
792 2506 981 2564 terrae,
1042 2516 1157 2554 non
1212 2500 1373 2553 aliter
1404 2501 1473 2552 de
1536 2499 1784 2569 Virginis

115 2599 257 2666 partu
288 2599 380 2647 aut
430 2593 648 2646 sentire
705 2592 911 2661 potuit,
947 2594 1043 2642 aut
1083 2589 1263 2654 effari,
1318 2604 1489 2658 quam
1524 2588 1698 2640 sentit
1727 2592 1784 2641 et

114 2684 358 2753 praedicat
403 2682 673 2746 Ecclesia,
727 2696 856 2749 quas
922 2684 1007 2732 est
1054 2678 1257 2732 domus
1308 2678 1584 2732 mdificata
1614 2694 1785 2747 super

114 2772 492 2825 solidissimam
548 2774 790 2840 petram,
824 2769 1092 2821 columna
1140 2772 1196 2821 et
1240 2767 1667 2821 firmamentum
1696 2783 1787 2820 ve-

113 2860 299 2925 ritatis;
342 2864 585 2930 propter
627 2857 782 2928 quod
832 2872 962 2909 cum
1013 2860 1309 2909 enumeret
1360 2857 1525 2925 plura
1576 2856 1786 2926 quibus

111 2950 365 3019 approbat
394 2947 762 3000 incarnatum
803 2950 1003 2999 natum
1036 2946 1324 2999 Christum
1358 2944 1427 2998 de
1448 2945 1699 3015 Virgine,
1723 2950 1785 2998 ut

1876 549 2122 602 vulvam.
2166 566 2191 599 ι
2222 549 2365 612 Quid
2403 555 2597 620 stupes
2657 551 2913 605 falsitatis
2975 556 3407 610 commentum?
3447 559 3573 613 Non

1880 652 2153 690 mucrone
2184 638 2541 705 stimulatus,
2575 638 2671 691 sed
2720 640 3071 695 validissimo
3106 645 3219 697 telo
3270 662 3574 713 percussus

1879 742 1968 792 es;
2004 726 2258 779 oblatum
2292 730 2374 779 est
2419 728 2788 792 sacrificium,
2837 745 2951 782 non
2983 732 3134 784 vales
3182 749 3425 803 negare;
3461 752 3575 805 qua

1879 815 1948 868 de
1980 830 2038 867 re
2058 818 2114 868 et
2144 820 2400 883 apertam
2440 816 2667 869 vulvam
2693 817 2914 885 cogeris
2970 821 3254 875 confiteri.
3319 823 3478 886 Quod
3526 824 3573 876 si

1879 903 2106 973 aperuit
2154 904 2401 966 vulvam,
2461 909 2630 958 natus
2688 910 2774 958 est
2822 922 2926 975 per
2992 914 3256 962 naturam
3318 911 3577 965 mulieris

1882 992 2280 1062 sanguineam.
2304 994 2645 1047 Veternosus
2669 996 2873 1064 anguis
2901 1011 3016 1066 quo
3049 999 3331 1052 convertis
3354 1000 3572 1054 aciem?

1883 1098 1995 1151 quo
2025 1082 2308 1135 lubricum
2340 1085 2532 1151 captas
2563 1089 2735 1151 caput
2766 1084 3092 1153 objectare?
3145 1090 3230 1140 An
3264 1088 3448 1141 adhuc
3475 1106 3575 1141 co-

1884 1170 2039 1223 naris
2069 1170 2129 1223 in
2160 1171 2366 1224 vulnus
2423 1174 2480 1224 et
2536 1171 2796 1225 insibilas
2828 1189 2925 1227 ore
2958 1175 3223 1243 trisulco;
3273 1176 3319 1229 si
3350 1178 3579 1246 aperuit

1884 1259 2133 1323 vulvam,
2158 1258 2454 1329 corrupit?
2483 1260 2589 1314 Sed
2643 1277 2706 1314 os
2736 1262 3070 1331 pestiferum
3127 1265 3288 1318 obice
3324 1265 3575 1320 Danieli-

1886 1346 1998 1400 tico
2016 1346 2136 1415 jam
2162 1361 2312 1399 nunc
2344 1346 2656 1416 Oppiletur,
2680 1353 2742 1401 ut
2768 1365 3107 1417 squamosus
3139 1352 3309 1407 draco
3332 1370 3436 1423 per
3451 1369 3582 1423 par-

1886 1439 1969 1488 tes
2027 1436 2295 1505 disjectus
2342 1442 2519 1489 cesset
2579 1437 2911 1491 dementare
2972 1440 3285 1496 Chaldaeos.
3324 1463 3350 1493 ‹(
3411 1443 3583 1497 Isaias

1888 1523 2215 1593 propheta:
2272 1524 2405 1576 Ecce
2463 1524 2681 1594 Virgo:
2744 1531 2797 1579 et
2877 1528 3097 1582 Gabriel
3148 1530 3397 1583 mittitur
3467 1547 3582 1584 non

1888 1612 2213 1666 transitoria
2260 1613 2327 1665 ad
2372 1612 2673 1682 virginem,
2711 1615 2806 1669 sed
2837 1615 2906 1669 ad
2952 1616 3233 1686 virginem
3278 1620 3584 1689 desponsa-

1890 1704 2008 1753 tam
2038 1700 2176 1765 viro,
2217 1721 2239 1748 ι
2284 1706 2338 1754 et
2372 1707 2523 1771 post,
2554 1707 2803 1771 partum,
2837 1709 2987 1773 post,
3019 1706 3434 1761 involutionem
3456 1725 3582 1778 par-

1892 1788 2033 1854 vuli,
2089 1793 2219 1858 post
2250 1790 2638 1854 lactationem,
2688 1798 2818 1861 post
2838 1792 3114 1859 oblatum,
3148 1796 3421 1865 quoniam
3456 1812 3584 1865 apes

1891 1876 2004 1930 ruit
2026 1876 2123 1947 qui
2151 1882 2319 1930 natus
2351 1882 2435 1930 est
2461 1879 2709 1943 vulvam,
2742 1880 3032 1934 inclamat.
3078 1884 3207 1936 llaac
3239 1882 3429 1937 omnia
3452 1900 3582 1954 par-

1892 1965 2155 2018 turientis
2176 1965 2412 2037 virginis
2444 1972 2606 2020 erant
2639 1968 2866 2021 indicia.
2908 1969 3053 2038 Ergo
3075 1971 3235 2039 virgo
3268 1972 3435 2040 parit,
3471 1988 3583 2026 non

1891 2054 2295 2124 corrumpitur,
2337 2056 2544 2125 virgini
2576 2057 2740 2110 matri
2775 2073 3009 2111 nascens
3045 2060 3189 2112 Deus
3220 2060 3445 2130 aperuit
3468 2062 3587 2114 vul-

1890 2160 2039 2209 vam,
2072 2159 2176 2196 nec
2208 2143 2437 2197 violavit
2463 2145 2697 2214 pudoris
2718 2146 3013 2216 :sigillum.

1968 2233 2077 2285 Nec
2108 2232 2177 2285 ad
2210 2232 2331 2285 hcce
2368 2232 2609 2286 forsitan
2661 2236 2889 2303 penitus
2941 2236 3320 2306 conquiescis,
3354 2239 3449 2290 sed
3485 2256 3583 2290 au-

1893 2321 1991 2374 des
2025 2337 2220 2374 rursus
2251 2322 2600 2375 confractam
2642 2324 3045 2394 concisamque
3082 2326 3140 2378 in
3174 2326 3316 2378 ictus
3352 2342 3583 2380 manum

1892 2410 2081 2464 moliri
2120 2429 2133 2463 ;
2171 2411 2282 2464 Deo
2322 2411 2613 2465 nascituro
2651 2412 2795 2465 nihil
2851 2411 2959 2465 fuit
3001 2413 3279 2480 clausum,
3339 2412 3437 2465 sed
3488 2428 3584 2464 vo-

1892 2499 2080 2552 luntas
2113 2503 2172 2551 ut
2200 2498 2418 2552 exstitit
2448 2500 2738 2567 nascendi,
2774 2500 2959 2553 affluit
2990 2517 3115 2554 mox
3161 2517 3443 2571 egressus,
3480 2517 3585 2555 nec

1893 2603 2083 2641 moras
2112 2603 2315 2657 passus
2349 2593 2430 2641 est
2460 2588 2792 2650 nativitatis,
2826 2590 2915 2642 cui
2950 2590 3072 2641 sine
3107 2606 3376 2659 processu
3409 2592 3586 2644 factus

1893 2683 1978 2729 est
2006 2682 2181 2730 ortus.
2220 2678 2282 2730 Et
2311 2678 2460 2730 hanc
2498 2678 2755 2747 perfidizr
2795 2678 3139 2731 calumniam
3174 2679 3253 2731 sic
3297 2679 3460 2733 elidit
3490 2681 3585 2733 de-

1894 2764 2086 2819 fensor
2125 2764 2275 2829 fidei,
2332 2781 2446 2819 non
2476 2782 2589 2835 quo
2641 2766 2957 2820 Divinitatis
3007 2767 3280 2835 subroget
3317 2769 3586 2838 potentiae

1895 2854 2232 2924 quidquam,
2266 2854 2363 2908 sed
2397 2872 2509 2925 quo
2542 2855 2812 2908 humanae
2860 2856 3173 2909 nativitatis
3214 2857 3431 2910 homini
3475 2858 3587 2911 Deo

1892 2947 2242 2996 contestetur
2274 2943 2605 3010 veritatem;
2660 2949 2723 2996 ut
2752 2960 2817 2997 ex
2867 2945 3009 3014 ipsa,
3057 2943 3396 2998 naturaliter
3429 2947 3585 3016 quod

111 3040 257 3091 etiam
296 3052 503 3089 novam
537 3035 787 3104 depellat
817 3033 1103 3099 hazresim,
1139 3032 1349 3087 dicitur
1378 3034 1650 3103 quoniam
1686 3033 1783 3105 qui
1817 3060 1856 3115 ρ
1896 3036 2093 3086 natum
2124 3036 2225 3100 est,
2262 3047 2383 3086 esse
2417 3032 2713 3086 manifeste
2744 3033 3026 3087 credatur.
3076 3034 3257 3103 Igitur
3305 3036 3585 3090 naturali-

112 3128 256 3177 natus
282 3129 361 3176 est
391 3122 624 3192 aperuit
664 3122 914 3174 vulvam.
968 3120 1236 3190 Hancque
1268 3136 1416 3173 verte
1473 3121 1783 3174 confessio-

110 3213 183 3265 nis
217 3213 532 3266 doctrinam
564 3210 773 3279 :magis
824 3225 887 3263 ac
942 3208 1126 3279 magis
1180 3208 1491 3275 inculcans,
1546 3208 1783 3261 inferius

114 3302 375 3355 annectit:
414 3320 441 3349 (ε
476 3298 832 3370 Impossibile
862 3302 1013 3351 esset
1056 3297 1337 3366 virginem
1385 3297 1467 3350 lac
1506 3297 1781 3366 proferre,

110 3398 157 3444 et
180 3390 525 3461 impossibile
581 3392 728 3441 esset
778 3387 922 3440 lacte
977 3386 1186 3440 nutriri
1218 3402 1445 3455 corpus,
1498 3391 1553 3439 et
1580 3386 1785 3455 pannis

110 3480 314 3545 involvi,
347 3495 468 3532 non
508 3481 647 3530 ante
679 3475 1016 3529 naturaliter
1044 3479 1264 3528 natum.
1298 3496 1324 3521 ››
1360 3473 1505 3538 Quid
1538 3474 1783 3544 amplius

110 3567 270 3631 vultis,
301 3582 465 3619 novae
496 3570 557 3619 et
588 3563 862 3617 inauditae
894 3562 1199 3633 praeteritis
1231 3564 1448 3615 saeculis
1479 3562 1781 3627 haereseos,

110 3656 179 3707 vel
207 3660 476 3720 auctores,
512 3654 604 3708 vel
646 3653 1016 3708 defensores?
1062 3654 1138 3706 En
1171 3651 1430 3705 consistit
1482 3652 1781 3706 adversum

110 3760 324 3798 cuneum
360 3748 627 3797 vestrum
678 3741 1023 3795 Athanasius
1076 3742 1193 3805 ille,
1231 3756 1345 3811 quo
1402 3740 1537 3793 olim
1586 3746 1785 3794 contra

112 3832 379 3899 perfidiam
406 3832 691 3885 Arianam
730 3830 1039 3885 dimicavit.
1077 3830 1179 3883 Illo
1230 3829 1540 3882 certamine
1573 3828 1783 3883 divini-

113 3924 255 3973 tatem
289 3920 458 3975 Verbi
495 3918 782 3987 defendit,
824 3919 932 3972 hoc
962 3934 1149 3988 agone
1193 3917 1786 3988 humanitatempro-

112 4014 314 4078 pugnat.
348 4011 515 4063 Tunc
546 4008 881 4077 [nativitatis
927 4024 1055 4078 qure
1089 4012 1175 4061 est
1223 4006 1291 4060 de
1343 4008 1508 4060 Patre
1561 4006 1786 4060 veritati

111 4098 610 4162 contradicebatur,
643 4112 797 4149 nunc
825 4095 1143 4150 nativitatis
1190 4111 1318 4165 qua:
1352 4100 1437 4148 est
1483 4094 1553 4147 de
1603 4099 1784 4148 matre

110 4186 299 4240 veritati
329 4187 651 4241 resistitur.
696 4186 891 4239 Hostes
948 4184 1031 4238 illi
1074 4183 1459 4252 conﬂigebant
1490 4199 1607 4237 non
1665 4200 1785 4237 esse

114 4280 277 4328 natum
309 4277 524 4329 Filium
586 4274 656 4328 de
714 4273 1027 4327 substantia
1089 4272 1288 4337 Patris,
1324 4272 1419 4326 sed
1475 4288 1544 4325 ex
1602 4272 1784 4327 nihilo

112 4363 310 4429 factum,
340 4365 436 4418 isti
472 4366 827 4434 oppugnant
862 4378 977 4416 non
1008 4361 1350 4415 naturaliter
1398 4366 1589 4415 ortum
1625 4361 1788 4415 Chri-
1820 4359 1861 4412 Ι)

116 4456 235 4503 stum
268 4452 331 4505 de
379 4452 594 4506 matris
639 4457 826 4513 utero,
872 4450 971 4504 sed
1025 4450 1419 4520 prodigialiter
1466 4455 1786 4520 exceptum.

115 4538 297 4611 Ubique
325 4542 561 4596 Christo
594 4540 1026 4607 contradicitur,
1061 4538 1273 4609 ubique
1297 4538 1497 4592 mundi
1530 4539 1792 4593 liberatio

114 4628 523 4684 maledictorum
577 4629 798 4699 linguis
853 4629 1184 4697 injuriatur,
1243 4627 1339 4681 sed
1397 4634 1794 4698 propugnator

115 4715 278 4772 doctus
315 4720 583 4784 vincere,
640 4717 901 4771 nesciens
931 4718 1153 4782 cedere,
1186 4732 1301 4769 non
1360 4715 1429 4768 de
1486 4732 1545 4769 se
1601 4722 1792 4771 tamen

115 4820 454 4873 prasumens,
492 4807 602 4860 sed
636 4804 853 4876 inZipso
882 4822 988 4877 pro
1031 4821 1145 4876 quo
1194 4807 1416 4873 pugnat
1477 4805 1790 4874 confidens,

116 4896 325 4963 accedat,
355 4902 413 4951 et
446 4900 756 4951 catervam
782 4894 1050 4964 superbia
1067 4892 1366 4957 tumidam,
1395 4893 1643 4948 vanitate
1666 4894 1792 4949 sub-

117 4986 290 5053 nixam,
318 4985 596 5041 veritatis
639 4998 913 5037 mucrone
942 4984 1220 5037 concidat.

167 5074 446 5146 Intorques
488 5088 639 5144 pars
669 5070 908 5125 adversa
953 5071 1155 5139 telum,
1187 5076 1242 5125 et
1267 5072 1449 5141 jactas
1482 5087 1494 5126 :
1557 5073 1681 5126 Non
1711 5076 1792 5126 est

116 5167 243 5216 natus
274 5165 419 5217 Deus
451 5178 568 5234 per
602 5164 875 5214 naturam
907 5160 1185 5213 mulieris.
1218 5160 1470 5231 Opponit
1498 5161 1634 5215 fidei
1665 5177 1789 5214 scu-

115 5253 204 5304 tum
231 5252 308 5306 vir
336 5250 562 5315 ﬁdelis,
600 5253 665 5303 et
702 5247 877 5301 refert
906 5247 1163 5318 gladium
1194 5248 1354 5303 verbi
1403 5248 1520 5303 Dei.
1554 5268 1582 5299 ‹‹
1613 5249 1789 5304 Obla-

1893 3123 1982 3174 ter
2013 3126 2211 3175 natum
2245 3137 2363 3174 esse
2405 3122 2585 3175 Deum
2616 3121 2917 3175 hominem
2952 3122 3160 3176 factum
3194 3124 3490 3192 praedicat,
3526 3132 3588 3178 ut

1893 3225 1997 3280 per
2044 3216 2261 3264 naturae
2301 3211 2527 3264 vulvam
2575 3210 2814 3264 humani
2862 3217 3064 3280 partus
3090 3212 3215 3281 lege
3246 3213 3585 3282 processisse

1894 3314 2222 3369 cognoscas.
2256 3300 2389 3353 Inde
2436 3315 2664 3369 quoque
2694 3300 2857 3353 docet
2886 3301 3037 3353 haud
3086 3301 3251 3354 aliter
3296 3302 3584 3371 Virginem

1896 3387 2019 3455 lege
2046 3394 2266 3441 natura:
2300 3388 2556 3457 potuisse
2594 3389 2678 3441 lac
2731 3389 3003 3458 proferre,
3038 3390 3128 3442 vel
3182 3390 3325 3443 lacte
3369 3392 3587 3445 nutrire

1894 3491 2140 3546 corpus;
2172 3478 2258 3530 vel
2286 3482 2705 3547 consequenter
2734 3478 2939 3547 pannis
2970 3477 3258 3533 involvere
3290 3496 3407 3533 non
3459 3487 3589 3533 ante

1896 3566 2235 3620 naturaliter
2276 3572 2497 3620 natum.

1968 3656 2113 3725 Ergo
2175 3654 2560 3721 omnifariam,
2612 3654 2939 3708 adversario
2986 3654 3225 3722 devicto,
3292 3660 3588 3711 teneamus

1898 3758 2025 3796 vera
2057 3743 2187 3804 fide,
2217 3743 2595 3796 confiteamur
2625 3759 2723 3796 ore
2756 3743 3024 3808 veridico,
3060 3744 3303 3797 Verbum
3357 3761 3584 3799 carnem

1894 3831 2104 3885 factum
2163 3847 2266 3900 per
2308 3830 2689 3883 ministerium
2721 3831 2905 3884 vulvas
2964 3832 3306 3885 naturaliter
3363 3840 3585 3899 natum,

1896 3919 2209 3973 secundum
2241 3918 2479 3972 rationis
2508 3919 2999 3989 consequentiam,
3032 3925 3089 3973 et
3143 3921 3458 3975 secundum
3509 3924 3591 3975 di-

1893 4009 2157 4062 vinarum
2189 4007 2517 4061 testimonia
2557 4008 3002 4078 Scripturarum,
3036 4014 3091 4062 et
3120 4010 3437 4063 secundum
3488 4012 3586 4064 do-

1896 4103 2114 4151 ctorum
2147 4112 2261 4150 non
2278 4098 2755 4150 contemnendam
2786 4098 3181 4152 auctoritatem
3208 4115 3219 4152 :
3251 4100 3386 4152 satis
3414 4100 3591 4153 abun-

1898 4185 2103 4257 deque,
2137 4192 2199 4240 ut
2224 4186 2464 4253 aestimo,
2497 4190 2879 4239 monstratum
2912 4190 3016 4253 est,
3049 4187 3359 4242 Dominum
3400 4188 3590 4243 Salva-

1895 4279 2076 4329 torcm
2132 4276 2201 4329 de
2258 4274 2487 4344 Virgine
2539 4274 2686 4328 sicut
2738 4274 3033 4329 hominem
3078 4281 3298 4343 natum,
3359 4292 3477 4332 non
3530 4283 3592 4333 ut

1900 4363 2290 4433 integritatem
2320 4363 2576 4424 violaret,
2606 4362 2703 4416 illa
2733 4363 3013 4428 nativitas,
3040 4366 3176 4435 quia
3228 4365 3401 4419 Maria
3432 4366 3592 4435 virgo

1902 4452 2010 4506 fuit
2037 4457 2169 4505 ante
2199 4456 2451 4521 partum,
2510 4451 2671 4521 virgo
2728 4452 2787 4505 in
2847 4458 3039 4522 partu,
3102 4454 3263 4523 virgo
3301 4457 3511 4509 mansit
3537 4463 3592 4510 et

1903 4545 2032 4611 post
2059 4546 2310 4610 partum.
2336 4540 2443 4595 Sed
2480 4544 2539 4593 ut
2560 4540 2745 4611 quide
2775 4540 2997 4611 virgine
3026 4558 3231 4612 corpus
3262 4545 3589 4615 assumpsit,

1903 4634 1960 4682 et
2015 4629 2163 4683 intra
2214 4630 2497 4699 gremium
2550 4629 2829 4699 virginale
2877 4630 3185 4692 concrevit,
3249 4646 3353 4699 per
3400 4632 3591 4686 aulam

1903 4734 2132 4789 quoque
2195 4717 2510 4788 virgineam
2562 4718 2903 4771 naturaliter
2950 4723 3297 4772 nasceretur.
3345 4720 3507 4783 Quod
3548 4721 3594 4776 si

1903 4806 2074 4860 alicui
2105 4806 2211 4859 ista
2240 4822 2359 4859 non
2393 4806 2741 4871 suffecerint,
2794 4806 2879 4859 vel
2932 4806 3197 4859 tarditate
3255 4823 3474 4874 sensus,
3506 4811 3593 4865 vel

1903 4894 2330 4949 contradicendi
2370 4894 2581 4961 studio,
2626 4910 2741 4947 non
2792 4893 2972 4946 deerit
3011 4893 3165 4947 unde
3196 4894 3424 4965 utrique
3456 4898 3592 4952 sub-

1900 4983 2182 5037 veniatur.
2212 4982 2477 5051 Sitamen
2510 4986 2565 5035 et
2588 4982 2793 5034 vulnus
2817 4980 3043 5050 aperire
3061 4998 3229 5036 suum
3261 4986 3592 5054 maluerint,

1903 5076 1958 5126 et
1988 5071 2372 5126 contentionis
2402 5069 2714 5140 perniciem
2740 5084 2855 5122 non
2906 5084 3121 5123 amare.
3174 5071 3436 5127 Lusimus
3477 5076 3597 5129 haec

1902 5161 1971 5215 de
2000 5176 2161 5214 more
2192 5158 2541 5212 studentium
2577 5174 2589 5211 :
2627 5172 2755 5225 quas
2786 5155 2841 5227 Isi
2882 5156 3010 5225 quis
3049 5164 3399 5230 contemnet,
3434 5178 3595 5218 exer-

1904 5249 2039 5303 citia
2064 5248 2229 5303 nobis
2260 5252 2455 5301 nostra
2493 5245 2951 5317 complacebuut.

1695 5440 1991 5453 *σὴρ-..ο
