3920 6224
304 319 402 370 103

1450 311 1815 366 RATBAMNI
1850 308 2310 366 CORBEIENSIS
2349 306 2660 363 MONACHI
3728 308 3823 358 tOi

1591 604 2518 707 RATRAMNI

1696 813 2102 859 CORBEIENSIS
2149 813 2433 857 MONACIII

304 985 558 1129 DE
655 978 1559 1127 CORPORE
1652 976 1904 1120 ET
2007 971 2995 1119 SANGUINE
3101 972 3820 1119 DOMINI

1901 1220 2217 1317 LIBER,

305 1388 405 1453 Ab
448 1387 629 1450 omni
664 1386 984 1449 novitatis
1015 1388 1130 1448 aut
1158 1383 1438 1447 haeresis
1487 1380 1891 1446 Calvinianae
1931 1381 2327 1443 inventione
2359 1384 2475 1443 aut
2524 1381 2913 1463 suspicione
2942 1380 3352 1459 vindicatus,
3389 1381 3471 1445 ad
3524 1381 3819 1444 amicam

392 1478 748 1539 honestam
789 1480 847 1538 et
882 1474 1277 1536 litterariam
1324 1472 1861 1534 confutationcm
1925 1469 2431 1531 Dissertationis
2482 1468 2554 1531 Β.
2594 1469 2663 1532 P.
2715 1469 2998 1533 Joannis
3032 1470 3382 1548 Iiarduini,

3465 1471 3820 1532 societatis

390 1567 689 1627 nominis
722 1564 907 1637 Jesu,
953 1559 1030 1624 de
1055 1562 1487 1626 Sacramenta
1524 1556 1783 1635 altaris,
1819 1559 1887 1619 in
1922 1577 2080 1638 qua,
2126 1558 2357 1621 relicto
2394 1560 2742 1639 proposito
2777 1560 2858 1621 de
2891 1560 3145 1621 tuendo
3178 1560 3468 1639 epistola
3510 1558 3577 1622 S.
3617 1559 3817 1621 Joan-

392 1654 499 1715 nis
547 1652 1007 1734 Chrysostomi
1063 1651 1144 1712 ad
1199 1649 1562 1712 Caesarium
1606 1647 2045 1723 monachum,
2091 1652 2438 1708 auctorem
2488 1648 2644 1709 dicti
2689 1648 2840 1710 libri
2890 1643 2968 1709 de
3013 1647 3303 1733 Corpore
3350 1658 3413 1709 et
3466 1644 3821 1730 Sanguine

392 1738 661 1803 Domini
694 1742 987 1802 iuventae
1041 1757 1116 1800 ac
1158 1738 1455 1800 defensae
1508 1736 1879 1817 primulum
1912 1736 2192 1797 haeresis
2235 1734 2640 1798 Calvinianaa
2672 1736 2955 1799 crimine
2992 1738 3369 1811 accusavit;
3415 1771 3498 1782 —
3535 1741 3819 1798 auctore

391 1828 642 1893 Jacobo
673 1828 977 1905 Romam,
1012 1826 1336 1904 tlieologo
1379 1824 1770 1888 Parisiensi.
1808 1859 1890 1869 —
1924 1823 2227 1900 Parisiis,
2269 1830 2461 1887 1712.

1899 2002 2205 2014 ----

1503 2118 2007 2192 ΡΒᾹΞΡΑΤΙΟ
2069 2117 2607 2192 HISTORICA.

372 2392 473 2446 Tot
502 2390 613 2444 viri
641 2389 791 2444 docti
821 2392 993 2460 atque
1024 2387 1291 2442 homines
1321 2386 1530 2440 eruditi
1579 2386 1687 2440 hoc
1752 2403 2004 2457 opuscu—
2033 2395 2079 2448 Α
2119 2389 2233 2442 sive
2270 2388 2506 2443 diversae
2536 2389 2711 2460 partis
2740 2389 2808 2443 de
2839 2405 2907 2443 eo
2956 2389 3313 2443 mentionem
3355 2388 3556 2442 fecerit
3605 2388 3672 2443 in
3701 2390 3825 2443 vin-

303 2480 423 2535 lum
460 2480 613 2551 quod
643 2496 763 2550 prae
793 2478 1060 2532 manibus
1083 2476 1277 2541 habes,
1300 2477 1475 2529 lector
1497 2476 1733 2544 optime,
1767 2475 1835 2529 de
1868 2477 2004 2530 Cor-

302 2584 443 2638 pore
483 2573 538 2621 et
565 2566 856 2635 Sanguine
893 2564 1123 2619 Domini
1156 2564 1562 2634 conscriptum,
1611 2564 1771 2633 jussu
1804 2563 2003 2633 .Caroli

307 2656 461 2711 Calvi
496 2654 879 2726 imperatoris,
905 2652 1243 2722 octingintis
1274 2652 1480 2705 abhinc
1500 2651 1685 2717 annis,
1728 2658 2006 2707 nocturna

303 2760 481 2798 manu
520 2743 845 2813 diurnaque
906 2746 1073 2796 (etate
1133 2745 1331 2794 nostra
1386 2755 1705 2807 versavere,
1767 2740 2005 2811 ejusque

304 2832 530 2904 generis
562 2837 856 2886 auctorem
888 2830 1204 2901 genuinum
1236 2830 1518 2883 laboriose
1564 2828 1799 2883 scrutati
1828 2832 2003 2899 leum,

303 2928 370 2976 ut
401 2937 602 2975 eorum
635 2919 1059 2973 lucubrationes
1105 2917 1529 2972 accessionibus
1557 2916 2005 2988 Tquibuscunque

304 3010 597 3064 cumulare
627 3024 743 3062 non
774 3009 962 3061 solum
994 3006 1420 3072 inconsiderati,
1458 3022 1654 3060 verum
1688 3006 1858 3060 etiam
1890 3005 2005 3059 otio

307 3104 363 3153 et
421 3098 628 3151 litteris
676 3098 1132 3167 intemperanter
1187 3095 1475 3149 abutentis
1535 3095 1828 3164 scriptoris
1886 3111 2005 3148 esse

305 3187 585 3241 videatur.
614 3186 1024 3239 Verumtamen
1055 3201 1186 3239 cum
1218 3185 1276 3238 in
1307 3184 1501 3238 animo
1536 3183 1872 3253 neutiquam
1905 3183 2008 3237 lia-

305 3276 532 3332 buerim
565 3292 695 3347 quin
729 3275 880 3329 dicta
908 3280 1043 3329 sunt
1074 3275 1234 3345 prius
1266 3274 1335 3328 ab
1368 3273 1493 3327 aliis
1516 3272 1711 3326 incudi
1745 3271 2005 3337 reddere,

307 3370 363 3419 et
418 3364 567 3417 male
623 3367 850 3418 tornata
901 3379 1240 3434 recoquere,
1300 3360 1828 3432 pertimescendum
1889 3375 2007 3413 non

308 3470 428 3507 esse
462 3454 602 3507 mihi
637 3452 960 3524 persuadeo
1022 3452 1164 3523 quin
1222 3468 1255 3505 a
1316 3449 1622 3504 lectoribus
1677 3447 1923 3502 eruditis
1953 3452 2009 3502 et

307 3540 663 3612 sapientibus
696 3558 814 3595 non
846 3546 1144 3612 acceptum
1177 3540 1248 3594 iri
1281 3544 1343 3594 ut
1400 3538 1782 3609 injucundum
1814 3537 2005 3591 consi-

307 3631 451 3685 lium
482 3647 594 3701 quo
625 3648 830 3686 novam
861 3631 1170 3685 editionem
1196 3630 1343 3685 hanc
1363 3628 1681 3683 faciendam
1713 3642 1841 3681 cum
1872 3642 2007 3680 cura

307 3726 365 3775 et
395 3721 505 3775 fide
536 3721 780 3784 decrevi,
818 3720 1282 3776 adnotationibus
1317 3723 1372 3773 et
1418 3716 1861 3788 cogitationibus
1893 3716 2000 3769 cir-
2036 3701 2074 3754 Β

306 3814 684 3879 cumseptam,
718 3809 927 3879 quibus
973 3807 1221 3863 auctoris
1253 3808 1426 3878 hujus
1487 3804 1752 3879 opusculi
1793 3802 2001 3858 doctri-

307 3910 440 3949 nam
469 3897 539 3949 ab
557 3897 716 3950 omni
738 3897 950 3951 erroris
972 3897 1325 3952 contumelia
1354 3896 1717 3950 defenderem
1748 3897 1807 3947 et
1835 3892 2005 3947 fidem

308 3983 572 4037 Ecclesiae
620 3984 914 4038 catholicae
973 3985 1200 4051 placitis
1249 3982 1611 4047 concordem,
1671 3982 1741 4037 de
1792 3980 2006 4034 Gallico

308 4086 575 4124 sermone
607 4071 803 4125 Latine
844 4071 1115 4141 scriptam
1151 4072 1428 4127 tuendam
1452 4070 1789 4140 reciperem.

378 4158 532 4212 Nihil
563 4158 810 4212 inveniri
842 4164 1031 4229 potest
1056 4176 1123 4214 ea
1138 4164 1303 4214 aetate
1326 4158 1512 4213 Caroli
1544 4157 1697 4212 Calvi
1730 4156 2006 4227 scriptum

309 4248 465 4318 quod
497 4246 874 4301 meditatione
906 4249 1161 4302 humana
1200 4252 1256 4302 et
1298 4246 1645 4317 cogitatione
1685 4245 1869 4314 magis
1906 4245 2006 4300 de-

310 4335 438 4389 beat
467 4334 740 4403 reputari.
770 4334 991 4405 Quippe
1025 4335 1251 4389 nullum
1303 4350 1447 4405 opus
1478 4334 1547 4387 ad
1598 4332 2004 4399 exstricandas,

309 4430 367 4477 et
398 4422 787 4494 explanandas
830 4422 1084 4477 historiae
1138 4423 1407 4490 salebras,
1455 4437 1583 4492 quae
1614 4419 1752 4474 ﬁdei
1807 4420 2005 4474 catho-

313 4512 430 4566 licae
466 4511 911 4583 perpetuitatem
952 4516 1213 4582 spectant
1259 4512 1329 4565 de
1375 4526 1434 4565 re
1468 4508 1841 4564 Eucharistiaa
1890 4508 2005 4562 sive

309 4600 544 4655 veritate
577 4600 836 4671 corporis
876 4600 1087 4656 Christi
1121 4601 1181 4653 in
1211 4616 1370 4654 sacro
1402 4598 1673 4670 mysterio
1723 4598 2003 4653 reconditi

309 4691 491 4761 magis
535 4689 896 4745 conducibile
941 4693 999 4743 et
1038 4688 1445 4744 necessarium.
1502 4687 2004 4742 Verumenimvero

309 4780 524 4834 librum
569 4780 639 4835 de
684 4780 1022 4851 Corporeget
1070 4777 1361 4849 Sanguine
1391 4775 1598 4832 Christi
1654 4791 1770 4829 non
1815 4776 2005 4830 minus

310 4870 595 4923 occultum
629 4868 968 4923 remansisse
999 4868 1060 4921 in
1106 4866 1363 4922 obscuris
1394 4864 1534 4920 noni
1566 4867 1623 4918 et
1670 4863 1877 4918 decimi
1907 4880 2007 4918 sa:-

310 4957 661 5028 culispeleis
719 4957 1002 5013 fateamur
1064 4970 1293 5010 necesse
1354 4960 1482 5010 est:
1545 4957 1781 5024 scilicet,
1838 4953 1908 5007 ab
1935 4969 2002 5007 eo

311 5050 570 5115 tempore
600 5046 753 5116 quod
784 5046 1103 5117 primulum
1137 5061 1242 5099 ovo
1273 5046 1535 5100 exclusus
1575 5049 1661 5101 est
1689 5045 1758 5100 ad
1789 5058 2001 5097 annum

316 5137 471 5200 1532,
495 5151 609 5205 quo
638 5135 826 5205 prima
848 5136 989 5204 vice,
1019 5134 1393 5189 obtetricante
1421 5151 1597 5189 manu
1635 5132 1999 5206 typographi,

313 5222 372 5276 in
403 5223 590 5277 lucem
624 5223 863 5277 eductus
896 5228 999 5279 est.
1036 5223 1189 5278 Nihil
1221 5223 1376 5278 enim
1409 5224 1593 5295 magis
1622 5223 1869 5277 excitare
1899 5237 2005 5291 po-

315 5316 424 5365 test
452 5311 513 5365 in
543 5311 832 5366 mentibus
873 5312 1177 5366 hominum
1224 5313 1605 5367 litteratorum
1660 5310 2008 5367 admirabili-

314 5404 491 5453 tatem
525 5415 698 5470 quam
730 5399 993 5455 ducentis
1020 5400 1226 5471 elapsis
1263 5401 1427 5455 annis
1458 5406 1583 5471 post
1624 5405 1867 5455 mortem
1897 5416 2007 5453 au-

316 5488 505 5555 ctoris,
541 5488 770 5551 scilicet,
793 5505 908 5559 quo
940 5494 1200 5560 tempore
1236 5490 1407 5561 coepit
1436 5505 1740 5561 erumpere
1772 5487 2007 5543 haeresis

317 5577 669 5647 Berengarii,
719 5576 913 5632 nullus
950 5578 1194 5648 scriptor
1242 5578 1656 5632 ecclesiasticus
1710 5576 2005 5631 catholicae

2117 2478 2325 2533 dictam
2351 2484 2447 2531 aut
2474 2478 2939 2549 proﬂigatiouem
2994 2477 3247 2531 veritatis
3291 2478 3617 2547 praesentiae
3672 2495 3824 2532 vera:

2115 2567 2301 2620 carnis
2329 2566 2554 2634 Christi,
2599 2572 2697 2621 aut
2725 2567 3114 2621 conversionis
3138 2566 3301 2637 panis
3346 2572 3403 2620 et
3429 2567 3550 2620 vini
3602 2569 3666 2621 in
3702 2585 3827 2622 cor—

2114 2671 2223 2725 pus
2254 2660 2310 2710 et
2351 2656 2716 2726 sanguinem,
2772 2672 2945 2728 quam
2990 2654 3246 2724 theologi
3305 2654 3476 2724 hujus
3534 2658 3826 2727 temporis

2116 2744 2364 2813 majores
2423 2745 3135 2799 transsubstantiationem
3182 2745 3566 2814 appellavere.
3608 2746 3827 2800 Unicus

2070 2825 2083 2838 ’
2115 2837 2171 2884 et
2198 2831 2486 2886 solitarius
2537 2838 2736 2887 auctor
2789 2848 3113 2903 anonymus
3166 2832 3425 2901 incurrit,
3488 2834 3661 2903 cujus
3714 2851 3828 2889 ser.

2115 2934 2313 2973 mones
2343 2920 2465 2974 sine
2496 2937 2666 2975 sensu
2703 2926 2759 2975 et
2787 2921 3067 2976 sententia
3088 2938 3287 2976 omnes
3314 2922 3523 2976 eruditi
3550 2923 3829 2978 homines

2116 3024 2235 3062 esse
2266 3008 2518 3063 fatentur
2551 3012 2745 3081 :cujus
2776 3015 2913 3065 mtas
2934 3010 3215 3081 impervia
3246 3016 3301 3065 et
3330 3012 3550 3065 nemini
3573 3014 3828 3081 thomini

2117 3098 2364 3151 litterato
2436 3098 2706 3153 adnotata
2763 3104 2866 3161 est,
2900 3099 3000 3169 qui
3052 3098 3207 3153 hunc
3264 3100 3611 3171 scriptorem
3668 3103 3827 3156 inter

2116 3186 2472 3240 adversarios
2533 3188 2707 3243 sancti
2777 3188 3062 3241 Paschasii
3128 3188 3403 3242 Radberti
3461 3192 3828 3245 recensuerit

2117 3274 2338 3329 abbatis
2368 3276 2745 3342 Corbeiensis,
2770 3276 2869 3346 qui
2895 3276 2963 3330 de
2991 3276 3250 3346 ejusdem
3284 3277 3367 3331 rei
3390 3293 3608 3348 genere
3640 3287 3825 3335 mate-

2115 3363 2261 3416 riam
2316 3364 2588 3434 expolivit
2618 3364 2822 3419 eodem
2893 3364 3010 3418 fere
3057 3369 3336 3435 tempore,
3400 3372 3499 3420 aut
3551 3370 3824 3439 suppari,

2117 3466 2233 3521 quo
2268 3452 2579 3505 monachus
2609 3452 2865 3506 constitit
2885 3452 3138 3522 ejusdem
3170 3453 3410 3507 abbatis:
3426 3455 3823 3511 Corbeiensis:

2116 3555 2289 3609 quem
2320 3540 2623 3609 scriptores
2651 3540 2886 3593 diversa:
2921 3540 3098 3610 partis
3128 3540 3460 3609 intelligunt
3489 3548 3545 3595 et
3574 3558 3699 3596 non
3733 3545 3828 3613 ,in-

2116 3627 2239 3682 ﬁmi
2266 3626 2416 3680 inter
2446 3627 2725 3681 litteratos
2758 3628 2945 3682 meriti
2974 3628 3083 3682 sibi
3113 3628 3463 3698 persuadent
3506 3629 3685 3684 fuisse
3715 3633 3825 3687 ab-

2115 3717 2303 3770 batem
2334 3715 2712 3770 Orbacensem
2763 3716 2824 3770 in
2856 3717 3096 3772 'dioecesi
3146 3717 3541 3773 Suessionensi
3589 3735 3660 3774 ex
3694 3721 3828 3775 loco

2117 3804 2247 3858 libri
2306 3819 2375 3858 ιιι
2434 3805 2694 3859 Historiae
2748 3806 3087 3860 Bhemensis
3147 3806 3448 3861 Flodoardi
3502 3808 3682 3879 capit.
3731 3814 3826 3865 28.

2122 3893 2292 3948 David
2327 3893 2655 3948 Blondellus
2689 3894 2748 3948 in
2782 3894 3123 3949 adversariis
3169 3895 3609 3950 enodationibus
3639 3899 3713 3952 de
3745 3902 3830 3954 Ite

2117 3982 2517 4048 Eucharistica,
2554 3983 2848 4054 capitet3,
2903 4000 3034 4054 pag.
3082 3985 3221 4050 427;
3273 3983 3521 4039 Jacobus
3553 3986 3827 4042 Usserius

2116 4072 2378 4127 Historiae
2425 4072 2819 4140 Gotteschalci,
2890 4075 3073 4141 capite
3111 4075 3193 4141 11,
3227 4089 3360 4143 pag.
3422 4076 3545 4128 268.
3590 4076 3829 4132 Revera

2114 4161 2387 4231 praeclare
2416 4165 2472 4214 et
2510 4161 2797 4215 fortunate
2823 4160 3004 4230 egisse
3036 4160 3178 4214 mihi
3220 4160 3487 4215 videntur
3533 4179 3670 4218 cum
3702 4165 3821 4221 isto

2114 4266 2400 4319 anonymo
2468 4249 2775 4319 scriptores
2828 4248 3066 4318 posteri,
3130 4249 3455 4304 tenuissimi
3512 4256 3826 4327 utcunque

2116 4338 2307 4391 meriti
2338 4337 2573 4391 homine
2603 4337 2874 4404 litterato,
2907 4352 3034 4390 cum
3069 4338 3389 4407 praesertim
3421 4340 3545 4408 ejus
3598 4356 3825 4396 nomen

2116 4425 2248 4479 solis
2277 4425 2579 4478 annalibus
2609 4423 3016 4495 emporeuticis
3035 4424 3475 4480 inscribendum
3501 4428 3827 4485 omissione

2115 4513 2336 4567 sincera
2392 4512 2876 4580 oblitteraverint;
2935 4528 3042 4567 nec
3091 4513 3374 4568 infelicius
3427 4515 3499 4569 de
3531 4517 3827 4587 scriptore

2115 4602 2239 4672 ejus
2264 4602 2493 4672 generis
2523 4602 2760 4656 meritus
2792 4618 2914 4656 esse
2944 4602 3240 4657 videretur
3298 4605 3465 4658 Pater
3511 4604 3823 4673 Cellotius,

2111 4691 2347 4757 Jesuita,
2376 4690 2443 4757 si,
2475 4690 2792 4762 postposita
2840 4695 3001 4745 tanta
3046 4691 3365 4759 curatione,
3417 4692 3540 4762 ejus
3571 4710 3728 4764 opus
3764 4698 3826 4750 in

2114 4779 2362 4833 tenebris
2392 4778 2740 4850 reliquisset,
2772 4794 2876 4833 nec
2906 4783 2989 4833 tot
3022 4780 3383 4834 notationum
3417 4786 3475 4834 et
3515 4797 3827 4840 commen-

2113 4867 2389 4922 tariorum
2409 4866 2829 4943 accessionibus
2852 4872 3143 4921 onerasset
3163 4872 3221 4922 et
3249 4868 3664 4939 intemperanti
3714 4890 3827 4929 usu

2112 4956 2535 5027 typographicae
2589 4955 2724 5009 artis
2772 4955 2989 5026 publici
3028 4955 3176 5026 juris
3225 4972 3344 5010 non
3389 4956 3623 5014 fecisset
3665 4978 3829 5017 anno

2114 5045 2323 5101 Christi
2360 5047 2513 5113 1555,
2560 5046 2659 5099 sed
2712 5044 2956 5099 rectioni
3003 5059 3068 5098 ac
3119 5045 3440 5115 prudentiae
3493 5047 3829 5105 doctissimi

2110 5134 2305 5189 Jacobi
2374 5134 2684 5199 Sirmondi,
2753 5134 3037 5188 societatis
3081 5135 3215 5188 Jesu
3310 5136 3583 5205 perennis
3644 5154 3828 5194 orna-

2112 5223 2297 5279 menti
2353 5223 2823 5293 obtemperasset,
2882 5223 2983 5293 qui
3039 5223 3323 5292 ejusmodi
3381 5224 3610 5293 generis
3668 5243 3828 5298 opus

2113 5314 2238 5367 luce
2269 5312 2498 5383 publica
2527 5327 2657 5366 cum
2704 5310 2997 5381 plerisque
3037 5327 3154 5365 suae
3184 5311 3365 5365 aetatis
3412 5313 3684 5367 litteratis
3724 5318 3831 5371 ho-

2115 5401 2366 5456 minibus
2396 5400 2697 5472 indignum
2724 5399 3093 5467 indicaverat,
3129 5416 3259 5454 cum
3314 5400 3539 5455 Usserio
3570 5402 3826 5461 diversae

2113 5488 2293 5558 partis
2321 5488 2617 5558 scriptore,
2674 5487 2774 5559 qui
2831 5503 2897 5542 ex
2957 5487 3304 5542 bibliotheca
3356 5488 3705 5546 Cottoniana
3762 5511 3825 5549 se

2116 5575 2427 5647 pervidisse
2458 5575 2632 5631 refert
2662 5576 2848 5647 capite
2880 5580 2934 5631 11
2975 5576 3107 5632 libri
3130 5577 3198 5632 de
3240 5575 3615 5631 Ecclesiarum
3647 5578 3828 5635 Chri-
