3920 6224
46 349 133 398 105
911 350 999 403 DE
1039 348 1363 404 CORPOBE
1408 349 1493 404 ΕΤ
1532 348 1872 404 SANGCINE
1915 347 2177 403 DOMINI.
2203 378 2270 387 -—-
2298 349 2681 407 PREFATIO.

1408 484 1496 551 4ο,
1563 482 1589 552 §
1663 484 1822 537 16.Α

44 483 317 538 stinarum
391 483 750 537 successione
828 486 884 537 et
954 487 1137 549 statu,
1200 500 1334 554 pag.

46 572 546 627 V’erumeuimvero
579 572 818 642 hujusce
852 571 985 625 libri
1012 572 1284 642 anonymi
1320 571 1600 643 σφάλματα
1635 588 1740 625 nec

44 662 256 714 felicius
308 678 413 715 nec
443 661 766 731 expeditius
813 660 1062 730 perspici
1114 665 1169 713 et
1199 660 1442 731 intelligi
1502 664 1742 730 possunt

46 766 209 821 quam
248 766 316 803 ex
365 751 723 820 autographo
754 750 969 820 publici
1017 750 1166 819 juris
1221 750 1366 803 facto
1397 766 1430 802 a
1475 750 1740 804 Jesuitico

47 839 188 892 socio
222 838 468 894 Cellotio
490 855 619 892 cum
652 844 921 892 notarum
946 843 1001 892 et
1051 837 1509 892 adversariorum
1552 838 1742 892 densis

49 927 484 980 accessionibus.

114 1015 363 1085 Insuper
420 1014 775 1084 Sigebertus,
827 1014 1143 1069 monachus
1201 1014 1647 1082 Gemblacensis,
1690 1016 1747 1066 et

52 1104 371 1158 continenti
419 1110 680 1173 tempore
730 1104 909 1157 sancti
966 1103 1246 1157 Vincentii
1306 1104 1587 1163 Metensis,
1647 1103 1746 1173 qui

56 1195 286 1249 ineunte
315 1193 657 1247 duodecimo
685 1193 893 1247 saculo
923 1193 1082 1258 vixit,
1135 1197 1191 1247 et
1233 1194 1481 1247 Joannes
1527 1193 1746 1246 Tritlie-

55 1284 215 1348 mins,
274 1282 440 1337 initio
501 1282 690 1336 saculi
742 1281 951 1337 decimi
1015 1281 1202 1353 quinti
1257 1282 1431 1336 abbas
1486 1281 1747 1351 Spanhe-

57 1372 337 1435 miensis,
416 1372 477 1424 in
561 1370 679 1424 suis
754 1370 824 1425 de
894 1370 1275 1441 Scriptoribus
1347 1370 1751 1424 Ecclesiasticis

59 1463 535 1532 ὑπομνιμονέυμασι
598 1460 969 1513 Ratramnum
1030 1459 1182 1513 inter
1241 1460 1546 1529 scriptores
1623 1473 1751 1512 vere

60 1550 182 1603 fidei
240 1566 308 1603 ac
356 1549 653 1603 catholica
691 1548 1021 1603 defensores
1080 1549 1361 1617 referunt,
1407 1552 1464 1602 et
1521 1548 1645 1617 ejus
1678 1548 1754 1602 li-

62 1640 216 1692 brum
259 1639 330 1693 de
360 1641 611 1709 Corpore
639 1643 693 1691 et
739 1636 1027 1707 Sanguine
1060 1636 1312 1704 Domini,
1368 1638 1752 1707 conscriptum

57 1730 208 1798 jussu
241 1727 435 1783 Caroli
479 1727 630 1781 Calvi
673 1726 1056 1797 imperatoris,
1115 1726 1257 1779 nulli
1297 1725 1606 1795 suspicioni
1636 1727 1748 1779 bas

65 1818 193 1871 resis
241 1816 560 1870 obnoxium
600 1820 700 1869 aut
756 1815 1027 1869 adversus
1084 1815 1138 1870 S.
1200 1814 1563 1869 Paschasium
1623 1813 1755 1867 scri-

63 1912 216 1976 ptum
248 1906 340 1959 vel
373 1904 675 1958 sententia
703 1904 963 1957 Ecclesia
994 1903 1284 1957 catholica
1334 1904 1448 1956 ulla
1500 1918 1564 1956 ex
1596 1908 1755 1973 parte

68 1998 483 2065 repugnantem
529 1997 844 2046 recensent.
898 1992 1226 2046 Continenti
1272 1996 1551 2061 tempore,
1602 1991 1756 2043 solus

67 2084 230 2153 hujus
262 2082 681 2137 lucubrationis
715 2080 1070 2134 mentionem
1104 2080 1237 2133 fecit
1267 2095 1382 2133 non
1412 2079 1491 2132 ita
1523 2077 1755 2149 pridem

70 2171 408 2243 perillustris
457 2172 699 2225 Joannes
751 2168 1067 2233 Fischerus,
1105 2167 1389 2223 Rofi‘ensis
1440 2168 1497 2221 in
1558 2167 1759 2237 Anglia

74 2263 385 2332 episcopus,
419 2260 488 2313 ad
522 2258 860 2329 dignitatem
895 2257 1196 2313 cardinalis
1228 2262 1530 2328 provectus
1554 2257 1613 2309 in
1647 2271 1761 2308 car-

74 2367 209 2416 cere,
240 2356 297 2403 et
330 2349 401 2403 ab
436 2349 677 2403 Henrico
721 2353 941 2411 octavo,
978 2348 1192 2417 Magna:
1240 2345 1549 2400 Britannia
1602 2360 1757 2414 rege.

76 2440 263 2510 iniquo
320 2438 557 2492 homine
592 2440 649 2490 et
695 2436 1027 2501 mulieroso,
1060 2451 1167 2505 pro
1211 2434 1321 2488 ﬁde
1370 2433 1649 2488 catholica
1706 2437 1764 2486 et

78 2527 400 2581 defensione
455 2524 763 2579 fortissima
814 2523 962 2577 sedis
994 2522 1319 2594 apostolica
1350 2522 1533 2592 capite
1564 2523 1763 2592 plexus

83 2618 254 2669 artatis
291 2614 709 2683 octuagesimo,
743 2612 891 2665 idem
923 2613 1262 2681 opusculum
1295 2610 1589 2665 Ratramni
1620 2626 1760 2680 pro-

85 2706 217 2759 didit
247 2705 306 2757 in
338 2703 805 2756 testificationem
855 2701 988 2754 fidei
1019 2699 1309 2754 catholica
1341 2700 1410 2753 de
1458 2698 1764 2771 prasentia

78 2794 317 2863 corporis
348 2797 407 2845 et
446 2790 746 2859 sanguinis
787 2789 995 2844 Christi
1019 2790 1077 2843 in
1112 2788 1463 2844 Eucharistia
1497 2793 1551 2841 et
1581 2792 1762 2841 trans-

80 2876 566 2941 substantiatioue,
608 2878 665 2929 iu
714 2875 1047 2944 prafatione
1096 2874 1228 2928 libri
1264 2873 1453 2943 quarti
1498 2872 1763 2927 Euchari-

81 2968 189 3019 stia
228 2966 503 3020 adversus
545 2962 1049 3033 Clieolampadium
1083 2978 1231 3016 anno
1268 2964 1424 3026 1526,
1472 2976 1565 3015 sex
1595 2960 1763 3013 annis

3451 358 3547 411 106

1934 481 2122 535 Sixtus
2170 484 2455 550 Senensis,
2516 500 2579 538 ex
2608 486 2807 539 ordine
2838 488 3364 557 Dominicanorum,
3398 509 3549 546 anno

1854 574 2008 635 liiGG,
2044 571 2211 625 tertio
2264 573 2489 625 circiter
2546 578 2674 644 post
2720 576 3159 632 celebrationem
3222 580 3545 650 perfectam

1849 660 2073 713 concilii
2130 661 2472 725 Tridentini,
2535 679 2653 715 non
2712 665 2893 734 magis
2947 666 3097 719 civili
3148 683 3251 721 nec
3298 668 3551 739 propitia

1852 765 2023 801 manu
2058 748 2265 818 excipit
2296 749 2354 803 in
2378 767 2478 803 sua
2501 751 2837 819 prafationc
2901 753 3258 809 Bibliotheca
3318 756 3539 810 Sancta

1852 854 2021 908 quam
2055 839 2151 891 Pio
2180 839 2220 890 V
2252 838 2558 907 inscripsit.
2596 840 2657 893 In
2690 856 2802 910 qua
2827 846 3128 912 postquam
3161 845 3543 898 mortificante

1852 928 2069 981 calamo
2114 933 2170 981 et
2228 928 2600 983 mordacitate
2655 930 2948 984 charitatis
2998 931 3181 985 diluto
3239 938 3544 1003 exaggerat

1856 1016 2129 1070 audacem
2170 1017 2537 1071 insolentiam
2586 1019 3051 1091 protestantinm,
3108 1020 3208 1091 qui
3262 1020 3551 1076 fabricatis

1854 1105 2016 1158 libris
2070 1105 2359 1175 adespotis
2408 1112 2461 1160 et
2518 1108 2926 1177 pseudonymis
2975 1125 3091 1163 sua
3158 1110 3553 1180 superstitioni

1856 1193 2119 1265 propitiis
2168 1195 2425 1249 Ecclesia
2456 1195 2746 1249 catholica
2793 1196 3111 1250 doctrinam
3172 1198 3550 1269 impetehant,

1857 1282 2091 1337 nomine
2142 1286 2198 1337 et
2242 1283 2515 1354 panoplia
2562 1289 2821 1338 veterum
2872 1287 3102 1340 Patrum
3136 1286 3431 1351 indusiati,
3491 1286 3551 1339 in

1860 1387 2105 1443 quorum
2141 1387 2383 1425 numero
2442 1378 2757 1443 aggregant
2812 1374 3021 1428 librum
3072 1375 3411 1445 praedictum
3444 1375 3550 1429 Ra-

1858 1460 2090 1520 tramni,
2136 1482 2157 1509 ι
2193 1460 2304 1526 Sic,
2356 1460 2545 1532 inquit
2573 1462 2764 1516 Sixtus
2803 1462 3087 1525 Senensis,
3135 1463 3413 1534 proximis
3439 1478 3548 1516 an-

1862 1549 1948 1602 nis
2002 1548 2391 1618 perniciosum
2450 1548 2878 1619 OEcolampadii
2936 1551 3207 1604 volumen
3279 1551 3551 1604 adversus

1864 1640 2279 1691 sacramentum
2324 1637 2579 1707 corporis
2610 1637 2819 1691 Christi
2849 1638 3221 1707 invulgarunt
3250 1639 3355 1692 sub
3386 1638 3553 1692 titulo

1866 1726 2143 1781 Bertrami
2172 1726 2483 1796 presbyteri
2516 1726 2584 1779 de
2625 1725 2877 1796 Corpore
2921 1732 2977 1781 et
3005 1727 3295 1797 Sanguine
3328 1727 3557 1781 Domini

1864 1815 1932 1868 ad
1967 1815 2230 1868 Carolum
2264 1814 2551 1883 Magnum.
2590 1834 2616 1861 ››

1938 1901 2099 1957 Brevi
2130 1902 2404 1972 temporis
2426 1901 2665 1955 decursu
2707 1905 2840 1971 post
2876 1901 3097 1956 Sixtum
3140 1903 3450 1958 Senensem
3483 1903 3550 1957 il-

1866 1989 2239 2044 lustrissimus
2292 1990 2559 2044 Claudius
2620 1992 2956 2061 Espenceus,
3000 2008 3171 2063 quem
3216 2008 3318 2046 sua
3387 1998 3555 2046 atate

1866 2078 2060 2131 nullus
2110 2079 2309 2133 doctor
2347 2079 2585 2133 scientia
2610 2085 2709 2133 aut
2747 2080 3070 2134 eruditione
3102 2081 3425 2135 Christiana
3463 2097 3560 2135 su-

1866 2165 2101 2235 peravit,
2135 2166 2223 2220 his
2269 2167 2563 2221 affectibus
2620 2168 3042 2222 contaminatus
3091 2185 3207 2222 non
3255 2168 3362 2223 fuit
3409 2169 3563 2239 quod

1867 2253 1974 2307 zeli
2002 2258 2058 2309 et
2107 2256 2387 2309 sermonis
2420 2256 2728 2310 Christiani
2783 2258 3017 2310 nomine
3048 2257 3309 2327 plerique
3359 2257 3562 2327 indigi-

1867 2345 2012 2407 tant,
2072 2342 2236 2413 aquis
2320 2342 2507 2414 rapidi
2556 2343 2813 2397 fluminis
2864 2345 3135 2414 abreptus
3184 2360 3241 2397 se
3294 2344 3560 2415 permisit

1870 2430 2080 2501 quibus
2111 2432 2417 2485 immersus
2444 2432 2744 2486 videbatur
2804 2434 3146 2487 Ratramnus
3176 2432 3325 2487 inter
3381 2433 3559 2487 hare-

1868 2520 2028 2573 ticos.
2058 2521 2198 2574 Cum
2234 2522 2389 2575 enim
2439 2520 2667 2575 sudaret
2717 2521 2915 2575 labore
2972 2521 3259 2575 cxantlato
3327 2538 3562 2575 suorum

1871 2608 1939 2662 de
1971 2610 2317 2664 Adoratione
2348 2610 2717 2663 Eucliaristia
2762 2609 3065 2675 librorum,
3098 2627 3243 2681 quos
3274 2615 3400 2681 post
3441 2610 3563 2663 obi-

1870 2703 1991 2751 tum
2026 2698 2236 2769 publici
2272 2698 2419 2767 juris
2474 2698 2607 2752 fecit
2646 2698 2885 2752 illustris
2922 2699 3119 2752 doctor
3149 2699 3433 2753 Gilbertus
3460 2700 3566 2754 Ge-

1872 2786 2213 2852 nebrardus,
2244 2786 2393 2840 libro
2445 2790 2530 2854 11,
2562 2786 2747 2856 capite
2775 2789 2860 2853 19,
2912 2787 3123 2841 multos
3168 2804 3389 2841 errores
3426 2804 3567 2841 con-

1875 2881 1960 2927 tra
2019 2873 2190 2927 fidem
2247 2874 2305 2927 in
2350 2874 2458 2928 hoc
2502 2874 2855 2944 recognoscit
2914 2874 3212 2929 Ratramni
3270 2874 3566 2946 opusculo,

1874 2966 2180 3033 postquam
2232 2962 2623 3016 admonitione
2680 2962 2889 3033 pravia
2929 2963 3219 3017 adnotavit
3276 2968 3565 3018 auctorem

81 3056 293 3110 circiter
324 3058 635 3123 antequam
670 3052 819 3123 typis
841 3052 1110 3106 ederetur
1144 3051 1393 3105 Colonia
1424 3067 1573 3104 anno
1608 3052 1762 3113 l532,
1795 3079 1837 3134 ρ
1874 3052 2004 3121 plus
2043 3050 2339 3121 implicare
2372 3050 2667 3105 materiam
2700 3057 2757 3105 et
2806 3051 3043 3105 salebris
3076 3052 3343 3107 intricare
3394 3068 3568 3123 quam

82 3145 163 3196 cui
195 3143 454 3213 adjunxit
498 3142 861 3196 Paschasium
910 3141 1071 3194 nullo
1116 3139 1446 3194 discrimine
1494 3138 1767 3192 doctrina

84 3232 339 3285 adducto.
372 3234 444 3284 At
475 3246 609 3283 vero
645 3244 776 3282 cum
828 3228 1079 3299 primum
1136 3228 1195 3281 in
1244 3229 1426 3281 lucem
1482 3226 1766 3296 publicam

84 3321 310 3374 eductus
338 3324 425 3373 est
474 3319 685 3373 sudore
718 3317 864 3388 preli
889 3316 1305 3387 typographici,
1341 3320 1551 3369 sortem
1581 3315 1767 3368 incre—

89 3409 326 3462 dibiliter
376 3408 595 3461 variam
651 3413 709 3460 et
758 3406 1096 3460 mutabilem
1150 3410 1417 3475 expertus
1458 3408 1583 3457 est:
1640 3418 1768 3474 qua

88 3499 218 3551 forte
288 3497 433 3551 nulli
502 3495 722 3548 auctori
788 3494 1067 3547 catholico
1134 3508 1373 3563 usquam
1432 3491 1765 3561 contigerat.

92 3586 341 3647 Quamvis
372 3586 519 3640 nihil
568 3583 933 3655 praseferret
961 3597 1289 3653 repugnans
1318 3586 1417 3634 aut
1472 3581 1770 3635 adversum

91 3675 297 3728 veritati
344 3673 666 3743 catholica,
718 3672 868 3742 quod
923 3687 990 3725 ex
1034 3672 1138 3725 hac
1191 3670 1588 3724 lucubratione
1641 3669 1770 3737 tibi,

96 3766 272 3831 lector,
322 3764 485 3818 facile
540 3762 896 3815 intellectum
938 3759 1008 3813 iri
1066 3776 1183 3813 non
1237 3758 1586 3824 dubitamus,
1642 3775 1771 3812 cum

95 3852 265 3906 studio
297 3858 351 3906 et
379 3868 517 3905 cura
550 3856 606 3903 et
636 3849 788 3920 typis
820 3849 1266 3903 Protestantium
1302 3848 1771 3902 Germanicorum

100 3940 463 4010 publicijuris
515 3938 698 3992 factus
728 3938 901 3992 fuerit
953 3944 1231 4008 tanquam
1281 3952 1425 4006 opus
1454 3936 1603 4006 quod
1657 3936 1774 3988 suis

101 4028 582 4098 superstitionibus
612 4030 668 4080 et
724 4024 1070 4080 coitionibus
1094 4025 1411 4096 propitium
1444 4024 1551 4078 sibi
1590 4024 1773 4078 ﬁnxe-

104 4124 239 4183 runt,
269 4133 469 4170 omnes
528 4116 650 4170 fere
680 4115 786 4168 viri
841 4114 1098 4180 litterati,
1154 4114 1345 4168 nescio
1381 4130 1495 4184 quo
1538 4118 1773 4167 veterno

105 4204 357 4275 consopiti
384 4203 678 4267 catholici,
739 4202 887 4256 datis
916 4202 1106 4255 verbis
1161 4200 1602 4255 Protestantium
1658 4216 1773 4254 non

108 4294 407 4346 abnuerunt
450 4299 510 4346 et
548 4290 736 4362 pravis
767 4290 1023 4344 consiliis
1056 4306 1170 4344 non
1200 4290 1562 4355 obstiterunt,
1598 4305 1775 4359 opus-

1876 3140 2123 3194 enodare
2154 3143 2208 3194 et
2248 3140 2568 3211 explicare:
2606 3140 2893 3195 concludit
2943 3156 3064 3194 esse
3104 3157 3249 3212 opus
3309 3141 3568 3213 supposi-

1876 3229 2088 3293 titium,
2122 3228 2286 3298 cujus
2312 3229 2655 3283 Ratramnus
2696 3228 2981 3299 genuinus
3010 3235 3210 3284 auctor
3246 3234 3343 3284 aut
3384 3230 3567 3301 gemi-

1876 3334 1983 3372 nus
2011 3333 2133 3371 esse
2164 3333 2280 3371 non
2311 3316 2521 3388 potuit.

1948 3406 2292 3472 Sanctesius,
2353 3406 2656 3477 episcopus
2724 3406 3103 3469 Ebroicensis,
3170 3406 3269 3476 qui
3329 3407 3572 3461 fortibus

1878 3500 1932 3549 et
1970 3494 2323 3565 fulgentibus
2352 3495 2528 3548 armis
2586 3495 2786 3549 eodem
2819 3495 3021 3549 saculo
3070 3495 3342 3549 adversus
3387 3497 3569 3549 hare-

1878 3584 2019 3637 ticos
2062 3583 2361 3637 veritatem
2419 3583 2698 3651 defendit,
2730 3583 2990 3637 eamdem
3015 3583 3180 3636 inivit
3204 3584 3570 3651 sententiam,

1880 3677 1935 3726 et
1960 3674 2334 3727 Ratramnum
2366 3675 2652 3726 auctorem
2686 3671 2922 3741 hujusce
2960 3671 3093 3725 libri
3137 3688 3256 3725 esse
3308 3689 3423 3725 non
3464 3689 3572 3741 po—

1882 3761 2053 3815 tuisse
2080 3761 2357 3814 tuendum
2393 3760 2594 3830 recipit
2625 3759 2871 3813 secunda
2901 3758 3238 3829 repetitione
3263 3760 3331 3813 de
3364 3760 3574 3813 Eucha-

1880 3849 2058 3915 ristia,
2093 3849 2277 3919 capite
2313 3849 2395 3902 14.

1952 3938 2147 3991 Eidem
2193 3936 2490 3990 sententia
2541 3935 2943 4001 deputatorum
2993 3951 3297 3991 censorum
3353 3936 3573 3990 concilii

1880 4026 2195 4082 Tridentini
2222 4026 2425 4080 annuit
2454 4025 2830 4079 libentissime
2872 4042 3129 4080 summus
3178 4025 3426 4096 pontifex
3457 4024 3577 4080 Cle-

1882 4130 2044 4169 mens
2078 4114 2220 4181 Vlll,
2252 4113 2578 4184 librumque
2611 4119 2673 4167 ut
2703 4113 3036 4168 hareticum
3065 4131 3299 4185 prorsus
3320 4114 3580 4184 repudia-

1885 4204 1983 4265 vit,
2017 4202 2254 4272 ejusque
2300 4202 2615 4256 decretorio
2659 4201 2878 4271 judicio
2936 4203 3411 4273 obtemperarunt
3454 4218 3577 4256 caro

1883 4292 2101 4346 dinales
2143 4291 2539 4359 Bellarminus,
2596 4290 2869 4362 Quiroga,
2920 4291 3193 4346 Sandoval
3236 4296 3291 4345 et
3346 4292 3576 4345 Alanus.

110 4397 199 4449 que
229 4382 522 4435 Ratramni
553 4380 712 4434 omni
743 4378 1004 4433 examine
1057 4378 1373 4451 postposito
1422 4382 1481 4431 et
1534 4378 1775 4451 ἀνακρισι
1807 4381 1850 4435 D
1958 4378 2065 4434 Sed
2119 4379 2379 4432 doctores
2437 4379 2833 4445 Lovanienses,
2894 4379 3029 4432 dicti
3069 4380 3240 4449 vulgo
3308 4380 3580 4449 Theologi

111 4471 295 4536 relicta,
321 4477 596 4540 tanquam
634 4484 775 4538 opus
808 4467 1072 4521 haretica
1102 4466 1380 4536 pravitate
1406 4464 1773 4535 inquinatum

111 4562 157 4608 et
198 4558 321 4611 dolo
361 4559 618 4628 maligno
663 4555 1110 4610 Protestantium
1168 4554 1489 4623 nimiopere
1538 4552 1774 4607 fabrica-

111 4652 211 4699 tum
242 4665 254 4699 :
287 4662 588 4717 perperam
633 4644 902 4713 imposito
963 4643 1196 4697 nomine
1251 4641 1543 4711 scriptoris
1589 4642 1780 4694 catho-

118 4733 265 4787 liciut
312 4735 536 4788 facilius
579 4732 987 4786 intoxicatione
1036 4732 1216 4784 celata
1244 4744 1529 4784 venenum
1590 4729 1780 4800 propi-

118 4828 311 4876 natent.

174 4910 690 4975 Verumenimvero,
745 4923 1010 4961 censores
1065 4923 1099 4959 a
1154 4906 1397 4961 concilio
1447 4905 1781 4960 Tridentino

84 4980 345 5066 jdeputati
376 5015 528 5051 anno
568 4999 702 5051 1559
745 4997 813 5050 ad
863 5012 1102 5050 examen
1134 4995 1413 5049 librorum
1464 5010 1609 5065 quos
1651 4995 1783 5064 jure

126 5095 294 5139 merito
343 5104 465 5141 esse
499 5084 891 5157 prohibendos
923 5086 1116 5139 Patres
1154 5083 1572 5150 existimabant,
1632 5083 1784 5138 hunc

128 5171 296 5228 lbruru
336 5176 394 5229 in
428 5176 691 5244 catalogo
748 5173 1104 5227 collocarunt
1141 5177 1198 5227 et
1228 5172 1378 5226 inter
1408 5187 1583 5241 opera
1612 5187 1784 5241 prava

130 5264 436 5332 retegarunt,
479 5263 741 5332 adeoque
773 5262 945 5315 hodie
975 5261 1029 5314 in
1063 5261 1171 5314 hoc
1200 5261 1385 5315 indice
1417 5260 1651 5313 incurrit
1681 5275 1785 5313 nu-

106 5346 252 5419 triere
286 5354 336 5415 5,
376 5352 482 5404 sub
512 5350 750 5404 nomine
779 5348 1055 5402 Bertrami
1108 5348 1195 5401 his
1232 5348 1522 5419 conceptis
1552 5347 1735 5401 verbis
1769 5364 1782 5401 :

140 5436 357 5492 hircini
384 5440 518 5492 (iber
570 5439 667 5506 qui
705 5436 1025 5491 inscribitur
1053 5436 1119 5490 de
1147 5438 1380 5506 Corpore
1407 5442 1456 5491 et
1511 5438 1788 5505 Sanguine

146 5523 336 5579 Ihmini.
372 5524 667 5597 Ejusmodi
698 5525 1301 5595 censorumjudicium
1353 5526 1460 5579 fuit
1489 5524 1786 5579 continen-

144 5620 201 5663 ter
222 5630 249 5666 a
272 5616 363 5669 Pio
394 5616 463 5670 IV
494 5614 765 5685 pontiﬁce
790 5612 1037 5667 maximo
1061 5613 1515 5683 promulgatum.

452 5706 738 5769 PATROL.
791 5702 1000 5767 CXXI.

1887 4468 2226 4531 Duacenses,
2260 4482 2408 4520 anno
2446 4470 2603 4531 l57l,
2644 4484 2758 4538 quo
2783 4467 2895 4520 vita
2937 4467 3205 4538 Espencei
3248 4468 3463 4521 calculo
3495 4469 3579 4521 la-

1886 4556 2139 4611 borantis
2168 4555 2508 4625 stranguria
2540 4555 2833 4609 doloribus
2862 4555 2919 4609 in
2962 4556 3133 4610 caios
3162 4557 3410 4621 recessit,
3452 4572 3580 4609 cum

1888 4644 2061 4698 indici
2096 4643 2372 4697 librorum
2403 4644 2823 4714 prohibiturum
2855 4644 2913 4697 in
2944 4644 3134 4711 Belgio
3188 4644 3586 4697 incumberent

1888 4731 2259 4802 perﬁciendo,
2293 4747 2455 4801 posse
2486 4732 2638 4785 hunc
2669 4732 2901 4796 librum,
2936 4732 3197 4785 admissis
3238 4731 3582 4802 quibusdam

1890 4820 2411 4887 emendationibus,
2453 4819 2580 4889 lege
2630 4819 3037 4889 prohibitionis
3090 4820 3285 4885 eximi,
3328 4835 3432 4872 nec
3480 4819 3583 4873 de-

1891 4908 2026 4962 bere
2080 4907 2230 4961 inter
2249 4908 2638 4978 suppositilios
2686 4906 2991 4974 recenseri,
3041 4912 3236 4960 contra
3266 4922 3440 4978 quam
3490 4906 3575 4960 fas

1892 5001 1977 5051 est
2009 4996 2183 5050 etiam
2240 4995 2323 5049 eis
2364 4995 2642 5065 iujuriose
2681 4995 3094 5066 imponeretur.
3151 4996 3208 5049 Si
3262 4995 3395 5066 quis
3454 5010 3585 5065 per-

1893 5085 2155 5137 suaderet
2240 5084 2543 5154 pradictos
2602 5083 2801 5153 Belgas
2850 5083 3175 5154 percontari
3234 5084 3483 5137 voluisse
3534 5088 3590 5138 et

1894 5171 2157 5240 quadam
2188 5170 2309 5225 loca
2342 5175 2648 5226 emendare
2695 5176 2756 5225 ut
2786 5170 2984 5225 deletis
3025 5171 3368 5241 quihusdam
3424 5188 3592 5242 qua-

1898 5259 2029 5313 dam
2065 5276 2208 5314 nova
2258 5261 2383 5314 loco
2441 5265 2859 5331 expunctorum
2894 5259 3203 5313 verborum
3256 5261 3325 5314 ad
3362 5260 3587 5314 libitum

1899 5355 2347 5419 aggregarcntur
2380 5367 2391 5402 :
2427 5350 2639 5419 quippe
2663 5348 2825 5403 facile
2860 5348 2933 5402 sit
2961 5348 3287 5419 intelligere
3321 5365 3416 5402 eos
3451 5349 3589 5402 nihil

1900 5437 2052 5491 aliud
2085 5438 2143 5489 in
2171 5437 2365 5489 animo
2390 5437 2651 5490 habuisse
2684 5454 2855 5507 quam
2880 5437 3186 5491 emendare
3222 5443 3275 5491 et
3307 5438 3592 5506 corrigere

1900 5539 2044 5593 opus
2075 5538 2224 5576 essse
2281 5538 2347 5575 ea
2393 5538 2523 5591 qua
2553 5522 2688 5575 viris
2742 5524 2924 5594 aquis
2981 5529 3039 5578 et
3069 5524 3334 5578 litteratis
3364 5528 3421 5577 et
3451 5540 3594 5593 pru-

1901 5610 2167 5665 dentibus
2230 5609 2547 5663 necessaria
2598 5612 2655 5662 et
2708 5611 3089 5665 conducibilia
3148 5610 3218 5664 ad
3280 5610 3592 5665 faciliorem

3248 5708 3284 5762 4
