3920 6224
339 317 435 372 107
1500 302 1858 360 RATRAMNI
1898 297 2351 358 CORBEIENSIS
2389 295 2697 353 MONACHI
3741 298 3833 350 108

336 456 523 507 textus
552 447 798 506 auctoris
848 444 1283 515 intelligentiam
1336 446 1393 497 et
1423 456 1651 496 sensum
1703 438 2024 510 percipien-
2056 437 2101 490 A
2140 435 2247 489 lico
2298 450 2457 489 more
2504 439 2561 487 et
2608 436 2752 503 styto
2800 432 3118 486 orthodoxo
3147 432 3419 503 exprimit
3451 437 3508 487 et
3569 434 3833 504 explicat.

337 542 473 596 dum
523 538 902 593 viderentur:
955 532 1114 588 verbi
1146 531 1351 603 gratia,
1400 530 1706 600 legendum
1756 544 1876 581 esse
1919 542 2027 580 nu-

338 647 496 685 mero
526 630 615 694 47,
656 626 1010 681 invisibiliter
1041 628 1097 676 et
1135 638 1253 676 non
1294 620 1584 675 oisibiliter
1620 635 1631 672 :
1683 618 1830 671 hanc
1875 615 2028 669 enim

340 717 804 774 emendationem
853 713 994 767 adeo
1036 717 1419 782 opportunam
1459 706 1794 777 judicarunt
1840 705 2032 758 Prote-

340 812 555 864 stantes
606 811 670 859 ut
717 820 842 858 eam
901 802 1149 855 libenter
1203 796 1541 853 admiserint
1571 796 1630 849 in
1686 792 2034 848 editionibus

343 895 646 952 Basileensi
686 890 1084 948 consentaneis
1124 888 1259 941 anni
1293 891 1424 941 1557
1456 902 1468 939 :
1503 885 1559 938 hi
1613 884 1785 938 etiam
1838 882 2033 936 docto-

342 1002 433 1040 res
458 998 759 1054 nunquam
789 980 895 1034 sibi
948 980 1357 1049 persuaserunt
1409 974 1624 1027 dandos
1657 977 1712 1026 et
1750 970 2036 1041 applican-

342 1076 445 1130 dos
475 1090 594 1126 esse
628 1086 827 1125 sensus
859 1067 1157 1122 sententiae
1205 1065 1373 1134 hujus
1405 1062 1653 1117 auctoris
1684 1059 1952 1114 adversus
1981 1063 2038 1112 et

344 1166 733 1233 repugnantes
773 1158 841 1212 iis
873 1174 1016 1228 quos
1064 1154 1284 1220 habuit,
1329 1168 1457 1205 cum
1491 1150 1545 1204 ei
1576 1148 1909 1204 commodos
1938 1163 2035 1200 seu

347 1249 806 1305 accommodatus
835 1263 954 1300 esse
999 1245 1215 1299 dandos
1239 1245 1617 1307 censuerunt;
1645 1238 1728 1293 uti
1770 1238 1940 1308 plane
1985 1241 2039 1290 et

347 1340 593 1411 perfecte
643 1334 1055 1391 demonstravit
1105 1332 1463 1386 doctissimus
1530 1327 1747 1384 Jesuita
1802 1326 2040 1381 Iacobus

349 1430 668 1490 Gretzerus,
701 1426 760 1479 in
792 1421 1041 1477 secundo
1084 1421 1228 1474 libro
1256 1421 1325 1473 de
1378 1420 1511 1473 Jure
1543 1422 1599 1470 et
1630 1415 1789 1471 Modo
1846 1414 2037 1485 probi-

349 1516 523 1570 bendi
547 1515 722 1568 libros
740 1512 936 1573 malos,
956 1508 1140 1579 capite
1168 1510 1231 1562 t0
1253 1512 1449 1560 contra
1471 1506 1728 1568 Junium,
1757 1519 1890 1572 pag.
1916 1505 2039 1567 3'27,

350 1607 610 1675 impress.
678 1598 1011 1670 lngolstadii
1075 1613 1226 1650 anno
1289 1598 1444 1650 1003.
1498 1595 1625 1647 llazc
1682 1592 1827 1646 nihil
1890 1591 2043 1645 aliud

353 1692 676 1763 signiﬁcant
704 1689 815 1743 nisi
847 1688 898 1741 ei
953 1685 1314 1739 scribendum
1347 1689 1402 1736 et
1451 1684 1727 1735 tuendum
1762 1697 1879 1734 esse
1921 1697 2043 1734 sen-

355 1798 478 1834 sum
537 1778 798 1832 Ecclesim
851 1774 1166 1839 calliolicm,
1199 1789 1231 1825 a
1261 1788 1375 1843 quo
1411 1787 1606 1825 revera
1645 1770 1887 1823 alienior
1928 1786 2043 1822 non

354 1871 595 1933 videtur,
671 1869 752 1920 uti
805 1864 1124 1933 intelligere
1183 1861 1343 1914 facile
1401 1860 1507 1913 erit
1565 1876 1627 1912 ex
1687 1858 2046 1928 autographo

357 1962 515 2013 textu
567 1954 762 2010 Latino
797 1952 925 2006 libri
959 1948 1273 2013 Ratramni,
1336 1947 1672 2002 adversariis
1732 1947 1936 2000 nostris
1992 1952 2049 1999 et

357 2045 617 2101 vindiciis
676 2043 884 2114 quibus
919 2041 1187 2094 adversus
1246 2040 1472 2092 Patrem
1523 2036 1896 2100 llarduinum,
1952 2052 2046 2088 so-

358 2136 507 2189 cium
548 2132 902 2196 Jesuiticum,
964 2130 1171 2183 librum
1231 2128 1538 2181 Ratramno
1594 2141 1694 2179 seu
1754 2125 2045 2178 Bertramo

358 2223 687 2293 presbytero
733 2218 1013 2272 monacho
1041 2216 1285 2271 abbatiae
1317 2221 1596 2269 assertum
1629 2214 1699 2267 ab
1752 2212 1910 2266 omni
1940 2228 2048 2265 no-

361 2311 546 2365 vitatis
576 2314 676 2363 aut
713 2307 946 2363 hmresis
977 2306 1312 2359 Lutheranaz
1347 2308 1446 2358 aut
1471 2302 1817 2358 Calvinianm
1844 2302 2049 2355 inven—

358 2400 513 2455 tione
564 2403 663 2453 aut
708 2397 1031 2468 suspicione
1062 2400 1294 2449 tuemur
1342 2399 1396 2447 et
1426 2392 1797 2447 defendimus.
1844 2392 2050 2445 Doctus

361 2496 417 2542 et
485 2488 681 2541 doctor
739 2485 1088 2540 Sorbonicus
1146 2482 1525 2547 Generardus,
1593 2480 2051 2550 archiepiscopus

360 2575 663 2646 Aquensis,
698 2574 797 2644 qui
830 2578 1151 2642 antequam
1180 2572 1412 2640 hujusce
1445 2570 1658 2640 negotii
1689 2569 1905 2623 viscera
1944 2585 2049 2639 pe-

363 2667 655 2729 netrasset,
686 2663 745 2715 in
783 2678 884 2715 suo
918 2660 1194 2715 Chronico
1234 2660 1607 2713 Ratramnum
1641 2658 1789 2712 inter
1818 2658 2052 2711 haereti-

364 2770 459 2806 cos
490 2751 627 2806 noni
661 2751 851 2804 saeculi
898 2750 1294 2815 collocaverat,
1346 2748 1531 2802 locum
1565 2748 1614 2801 ei
1672 2747 2051 2801 honoriﬁcum

366 2858 480 2896 non
533 2839 835 2909 denegavit
860 2839 1009 2891 inter
1040 2837 1367 2891 defensores
1396 2835 2053 2890 transsubstantiationis

367 2947 516 2985 anno
553 2932 706 2983 1215.
766 2929 905 2982 Eum
939 2928 1178 2992 sulcum,
1235 2926 1295 2979 in
1355 2925 1577 2980 erudito
1634 2925 1865 2996 pulvere
1906 2925 2053 2979 antio

2138 523 2244 577 Sed
2277 522 2556 593 ejusmodi
2608 521 2836 590 generis
2867 521 3074 590 agendi
3103 521 3321 575 ratione
3355 538 3472 575 non
3510 526 3661 575 esset
3706 538 3834 575 usus

2140 611 2442 665 cardinalis
2492 609 2798 665 Perronius
2825 609 2870 662 si
2919 609 3100 679 magis
3129 615 3280 663 certa
3311 612 3607 664 voluntate
3642 616 3707 663 et:
3732 627 3835 664 me-

2143 700 2419 755 ditatione
2461 705 2713 753 mentem
2764 715 3003 769 ruspans
3046 699 3115 753 ad
3150 700 3254 753 hoc
3294 700 3594 771 negotium
3657 701 3834 770 appli-

2143 794 2341 843 casset.
2405 789 2585 843 Facile
2631 787 2787 841 enim
2839 793 2999 841 tanto
3055 793 3113 842 et
3168 793 3285 842 tam
3337 789 3560 842 excelso
3622 789 3836 843 doctori

2144 879 2339 932 fuisset
2370 878 2820 931 animadvertere
2852 876 3085 947 hujusce
3118 877 3362 931 auctoris
3400 878 3665 931 animum
3706 896 3838 931 neu-

2144 968 2365 1039 tiquam
2415 967 2691 1020 inclinare
2740 966 2809 1019 ad
2857 966 3378 1035 recognoscendam
3430 967 3758 1020 solitariam
3788 968 3835 1020 in

2148 1055 2496 1111 Eucharistia
2555 1055 2798 1125 ﬁguram
2842 1054 3098 1124 corporis
3151 1060 3207 1108 et
3254 1056 3551 1124 sanguinis
3611 1056 3836 1120 Christi,

2148 1144 2366 1198 nullam
2397 1160 2528 1196 vero
2562 1145 2685 1213 ejus
2742 1143 3039 1197 veritatem
3070 1149 3172 1197 aut
3225 1160 3412 1198 veram
3443 1148 3837 1214 przesentiam.

2149 1233 2301 1303 quod
2336 1232 2564 1302 subjicit
2596 1249 2725 1303 pag.
2782 1236 2883 1286 672
2914 1233 3104 1302 operis
3130 1234 3199 1287 de
3232 1234 3607 1301 Eucharistia,
3658 1237 3839 1306 ipsum

2148 1337 2281 1374 vero
2314 1321 2687 1375 Ratramnum
2739 1337 2973 1391 prorsus
3005 1321 3135 1375 huic
3165 1323 3422 1393 opinioni
3482 1340 3838 1395 repugnare;

2151 1410 2301 1481 quod
2334 1410 2653 1480 intelligere
2677 1410 2798 1463 fore
2831 1410 3167 1465 facillimum
3209 1428 3323 1466 non
3358 1412 3558 1467 dubito
3594 1430 3665 1468 ex
3700 1420 3840 1468 textu

2151 1500 2508 1569 autograpbo
2541 1504 2596 1552 et
2644 1499 3108 1553 adnotationibus
3138 1505 3195 1554 et
3224 1500 3348 1553 aliis
3392 1501 3659 1556 vindiciis
3718 1520 3843 1557 con-

2152 1592 2239 1643 tra
2269 1590 2494 1642 Patrem
2527 1587 2883 1641 Harduinum
2917 1588 3200 1658 adjunctis
3224 1595 3280 1643 et
3308 1589 3367 1643 in
3406 1590 3515 1644 hoc
3553 1592 3844 1646 volumine

2156 1682 2415 1731 recenter
2435 1676 2618 1729 editis.

2226 1768 2293 1820 At
2344 1781 2476 1819 vero
2532 1781 2659 1818 cum
2727 1781 2967 1835 magnus
3026 1766 3112 1819 vir
3165 1767 3371 1835 passim
3429 1769 3668 1823 audiret
3727 1788 3847 1824 car-

2155 1854 2380 1920 dinalis,
2428 1860 2485 1907 et
2528 1854 2727 1922 ingens
2760 1854 3051 1923 ingentem
3108 1862 3441 1924 personaret
3498 1858 3659 1912 orbis
3724 1861 3848 1914 Per-

2158 1944 2405 2009 ronium,
2438 1942 2562 2011 ejns
2602 1943 2899 1997 sententia:
2946 1945 3137 1997 nullus
3166 1946 3460 2000 doctorum
3518 1950 3848 2002 mortalium

2157 2033 2409 2086 abnuere
2442 2049 2611 2085 ausus
2646 2038 2749 2098 est,
2798 2033 3112 2102 praesertim
3142 2034 3197 2086 in
3257 2035 3433 2088 Gallia
3468 2043 3690 2101 nostra,
3764 2040 3852 2091 ubi

2157 2120 2446 2174 versiones
2503 2122 2726 2175 Gallica:
2778 2140 2805 2174 a
2860 2122 3308 2175 I’rotestantibus
3347 2124 3506 2177 facta:
3566 2126 3639 2178 ab
3706 2143 3855 2180 anno

2163 2213 2297 2265 t5338
2335 2210 2404 2263 ad
2440 2226 2655 2263 annum
2716 2212 2852 2264 1000
2882 2227 3089 2279 genere
3121 2216 3175 2264 et
3209 2212 3377 2265 modo
3408 2214 3856 2269 Protestantium

2158 2299 2484 2354 ﬁctionibus
2510 2300 2671 2353 valde
2706 2300 2974 2370 pr0pitio,
3012 2315 3122 2353 non
3180 2302 3376 2354 leviter
3404 2305 3785 2358 contulerunt
3812 2312 3859 2357 et

2160 2388 2527 2458 profecerunt
2552 2388 2619 2440 ad
2652 2388 3111 2458 persuadendum
3143 2390 3408 2443 omnibus
3436 2391 3554 2445 fere
3595 2392 3858 2445 homini-

2159 2477 2267 2531 bus
2320 2476 2565 2530 incautis
2619 2482 2676 2530 et
2722 2476 3040 2530 studiorum
3107 2478 3330 2531 levitate
3414 2479 3861 2535 inconsideratis

2162 2566 2314 2620 hunc
2344 2565 2680 2635 scriptorem
2714 2563 2885 2618 fuisse
2916 2565 3190 2619 doctrinm
3245 2568 3502 2621 Ecclesiae
3558 2570 3860 2623 catholicae

2163 2654 2466 2707 adversum
2491 2659 2547 2706 et
2586 2653 3009 2723 detorquendos
3045 2655 3183 2707 alios
3237 2672 3307 2709 ne
3359 2654 3603 2729 ἀνάκρισι
3671 2660 3863 2712 docto-

2165 2759 2290 2797 rum
2340 2742 2773 2795 Lovaniensium
2808 2749 2921 2795 tam
2946 2744 3116 2812 justas
3149 2760 3319 2815 quam
3353 2746 3597 2800 erudita:
3652 2765 3865 2801 annue-

2164 2837 2309 2886 rent.
2347 2833 2443 2886 ilic
2480 2832 2660 2886 ferme
2709 2832 2815 2885 fuit
2845 2848 3004 2885 casus
3036 2850 3134 2887 seu
3197 2850 3314 2887 sors
3364 2835 3683 2905 singularis
3742 2839 3870 2892 libri

2166 2922 2463 2976 Ratramni
2495 2921 2564 2975 de
2598 2938 2835 2992 corpore
2857 2927 2915 2974 et
2945 2923 3224 2991 sanguine
3254 2924 3478 2978 Domini
3537 2927 3611 2979 ad
3646 2943 3869 2981 annum

366 3018 599 3090 quitatis
638 3016 746 3070 sibi
806 3016 1097 3070 diductum
1127 3032 1156 3067 a
1196 3015 1523 3069 doctoribus
1593 3015 2050 3080 Lovaniensibus,
2086 3038 2124 3092 ε
2170 3015 2326 3078 1655,
2389 3027 2503 3080 quo
2553 3010 2912 3065 doctissimus
2968 3013 3357 3081 professorum
3408 3014 3870 3071 Sorbonicorum

366 3108 798 3178 ingeminarunt
835 3104 1140 3175 Gregorius
1186 3104 1254 3158 de
1286 3104 1566 3173 Valentia,
1604 3103 1847 3157 Jacobus
1896 3105 2054 3157 Gret-

371 3213 554 3260 zerus,
603 3194 887 3249 Antonius
931 3192 1292 3261 Possevinus,
1324 3194 1574 3259 Jesuitai,
1620 3192 1883 3245 Nicotaus
1938 3193 2055 3246 Ho-

369 3301 553 3351 meus,
601 3283 901 3353 praefectus
954 3281 1237 3351 generalis
1280 3281 1803 3334 Dominicanorum.
1861 3281 1923 3334 Et
1978 3296 2058 3333 re-

368 3389 503 3426 vera
564 3373 759 3426 Petrus
816 3370 1035 3424 Alixius
1091 3370 1240 3423 inter
1306 3369 1595 3423 ministros
1638 3368 2059 3439 superstitionis

370 3460 714 3515 Calviniante
746 3458 1000 3530 quandiu
1040 3458 1097 3511 in
1153 3457 1345 3512 Galliis
1391 3458 1662 3523 substitit,
1696 3458 1855 3511 omni
1904 3474 2060 3511 exce-

369 3550 565 3621 ptione
602 3549 808 3618 major,
853 3562 1156 3617 perperam
1188 3546 1330 3600 dixit
1360 3546 1417 3599 in
1452 3546 1828 3616 responsione
1859 3546 1927 3600 ad
1956 3548 2057 3600 Pa-

368 3644 515 3691 trem
555 3636 727 3702 Paris,
764 3638 1101 3690 canonicum
1134 3636 1456 3706 regularem
1489 3636 1707 3689 Sanctae
1761 3636 2058 3689 Genovefte

372 3725 724 3790 Parisiensis,
759 3741 889 3796 pag.
920 3730 974 3789 7,
1014 3725 1161 3778 hanc
1190 3723 1400 3792 agendi
1431 3724 1712 3777 rationem
1763 3724 2059 3778 doctorum

374 3814 809 3870 Lovaniensium
868 3830 1097 3884 prorsus
1154 3829 1276 3867 esse
1327 3828 1807 3883 supervacaneam
1866 3812 1934 3865 ab
1993 3826 2060 3865 eo

371 3908 630 3973 tempore
667 3918 782 3973 quo
841 3901 1060 3955 inventi
1116 3901 1342 3955 suntin
1398 3902 1533 3955 locis
1577 3901 1725 3955 haud
1787 3899 2063 3971 suspectis

372 3992 543 4060 hujus
589 3990 835 4044 auctoris
860 3990 1085 4044 codices
1116 3990 1487 4059 manuscripti
1523 3990 1691 4059 plane
1750 3987 2061 4042 concordes

372 4079 666 4148 impressis
723 4083 780 4129 et
831 4077 1067 4147 gemini,
1100 4094 1227 4130 cum
1279 4094 1346 4130 ex
1404 4077 1637 4131 adverso
1700 4093 1764 4129 ex
1814 4075 2061 4129 inventis

375 4164 656 4235 ejusmodi
686 4164 974 4217 codicibus
994 4164 1393 4233 manuscriptis
1426 4164 1779 4217 intellectum
1801 4168 1884 4216 est
1909 4164 2063 4218 hunc

377 4258 665 4306 auctorem
700 4268 814 4305 non
861 4268 980 4305 esse
1040 4253 1426 4306 adversarium
1476 4256 1573 4305 aut
1642 4256 2061 4321 repugnantem

2162 3100 2402 3155 Jacobus
2431 3098 2803 3154 Samboevius
2843 3100 2901 3154 in
2939 3117 2997 3153 se
3028 3102 3242 3170 recepit
3271 3102 3676 3159 defensionem
3742 3107 3872 3160 libri

2167 3189 2425 3260 praedicti
2456 3188 2517 3242 in
2562 3193 2804 3243 tractatu
2837 3189 2904 3242 de
2945 3190 3316 3257 Eucharistia,
3346 3192 3508 3260 cujus
3557 3196 3870 3247 enodatio-

2169 3295 2266 3332 ues
2325 3277 2640 3331 resolvebat
2679 3278 2748 3331 ad
2790 3284 3041 3332 mentem
3097 3280 3495 3349 theologorum
3554 3282 3874 3336 Lovanien-

2168 3367 2315 3421 sium
2366 3367 2423 3420 in
2472 3366 2676 3420 scholis
2720 3366 3043 3420 Sorbonicis
3082 3368 3540 3438 annoIraedieto,
3571 3370 3873 3442 plerisque

2170 3455 2324 3509 urbis
2387 3454 2717 3509 Parisiensis
2759 3455 3115 3509 auditoribus
3146 3457 3611 3527 approbantibus
3644 3468 3706 3513 et
3752 3460 3876 3512 inti-

2169 3545 2300 3599 nitis
2331 3544 2459 3597 aliis
2502 3544 2797 3614 propalam
2841 3544 3266 3614 plaudentibus.
3306 3546 3748 3602 lllustrissimus
3780 3551 3875 3602 Pe-

2168 3639 2289 3687 trus
2318 3633 2386 3685 de
2436 3633 2634 3699 Marce,
2670 3632 2759 3686 his
2787 3632 2986 3686 diebus
3016 3634 3476 3705 archiepiscopus
3520 3636 3875 3699 Tolosanus,

2170 3721 2500 3791 designatus
2579 3737 2611 3774 a
2665 3737 2797 3790 rege
2850 3721 3335 3777 Christianissimo
3396 3724 3880 3798 archiepiscopus

2170 3809 2501 3865 Parisiensis
2534 3814 2588 3862 et
2615 3826 2647 3863 a
2677 3825 2903 3863 summo
2934 3810 3199 3880 pontiticc
3237 3812 3409 3865 bullis
3466 3816 3879 3879 conﬁrmatus,

2170 3899 2326 3952 nulla
2374 3898 2725 3969 possessione
2777 3899 2984 3969 adepta
3035 3905 3293 3955 mortuus
3349 3906 3477 3967 est;
3543 3906 3883 3959 continenti

2169 3992 2430 4057 tempore
2459 3987 2700 4040 tentavit
2732 4004 2873 4041 nova
2928 3988 3151 4042 ratione
3200 3996 3257 4043 et
3310 3991 3399 4044 via
3457 3996 3519 4046 ut
3575 3995 3884 4049 celebrem

2170 4074 2321 4130 hunc
2352 4077 2687 4146 scriptorem
2728 4076 2867 4130 noni
2898 4077 3089 4129 seaculi
3131 4076 3199 4131 ab
3253 4078 3474 4132 insidiis
3524 4084 3579 4131 et
3636 4082 3888 4136 salebris

2172 4165 2382 4235 quibus
2438 4164 2813 4218 intricabatur
2866 4165 3151 4232 liberaret,
3207 4167 3369 4235 cujus
3424 4170 3720 4237 opuscula
3775 4172 3889 4225 duo

2172 4253 2647 4325 praestantissima
2675 4252 2744 4307 de
2794 4253 3306 4309 Prwdestinatione
3351 4260 3481 4308 ante
3531 4272 3631 4309 sex
3698 4276 3891 4313 annos

377 4339 702 4401 Paschasio,
738 4356 839 4393 nec
878 4339 1225 4393 abnuentem
1247 4339 1516 4393 doctrina:
1547 4339 1838 4392 catholicae
1875 4340 2061 4393 Eccle-
2095 4343 2136 4396 Ι)
2178 4341 2389 4411 publici
2435 4341 2583 4410 juris
2633 4341 2842 4396 fecerat
2906 4342 3255 4397 clarissimus
3307 4344 3480 4397 curia:
3528 4349 3891 4401 monetarize

376 4428 494 4484 size.
543 4427 819 4497 Equidem
862 4427 977 4481 scio
1008 4426 1350 4481 cardinalem
1410 4426 1770 4493 Perronium,
1816 4426 1914 4498 qui
1961 4427 2063 4481 hos

376 4518 598 4574 codices
659 4517 1078 4587 manuscriptos
1156 4518 1325 4588 plane
1385 4516 1693 4570 concordes
1765 4532 1894 4570 cum
1952 4516 2064 4569 im-

376 4607 586 4679 pressis
614 4610 995 4678 repntaverat,
1029 4605 1111 4659 uti
1166 4605 1523 4659 intellexerat
1573 4621 1639 4658 ex
1670 4604 1863 4659 codice
1902 4604 2064 4658 valde

376 4696 705 4750 authentico
736 4700 792 4749 et
819 4694 1174 4764 autographo
1190 4692 1555 4746 bibliotheca:
1582 4692 1928 4746 nobilissimi
1957 4692 2065 4745 viri

373 4785 567 4839 Jacobi
626 4783 797 4838 Giloti
855 4781 1195 4836 sacrosancti
1254 4780 1445 4834 sacelli
1478 4780 1808 4835 Parisiensis
1865 4779 2066 4835 Palatii

376 4872 654 4938 canonici,
718 4876 774 4924 et
804 4869 1194 4940 augustissimi
1248 4874 1478 4922 senatus
1545 4867 1878 4922 Parisiensis
1909 4884 2066 4922 sena-

375 4960 535 5027 toris,
570 4959 741 5014 amici
772 4959 881 5025 sui,
938 4958 1039 5029 qui
1096 4956 1239 5011 obiit
1285 4974 1437 5011 anno
1485 4960 1637 5025 1618,
1668 4972 1839 5027 quem
1895 4957 2066 5010 etiam

378 5050 531 5103 Isaac
590 5047 958 5102 Casaubonus
1021 5047 1242 5100 viderat
1278 5051 1335 5099 et
1393 5046 1736 5116 perviderat,
1792 5050 1853 5099 ut
1897 5045 2069 5099 refert

380 5137 638 5190 Usserius
667 5136 852 5207 capite
882 5138 913 5189 2
972 5135 1041 5189 de
1095 5134 1461 5189 Successione
1494 5134 1883 5198 Ecclesiarum,
1919 5132 1946 5203 ἓ
1982 5136 2065 5197 l8,

377 5240 495 5278 non
527 5224 816 5277 dubitasse
850 5224 1023 5293 hujus
1054 5222 1188 5277 libri
1217 5227 1506 5278 auctorem
1538 5239 1660 5277 esse
1691 5223 2066 5277 Ratramnum

379 5317 661 5377 nostrum,
708 5327 881 5382 quem
942 5317 1135 5365 tamen
1183 5312 1334 5366 inter
1386 5312 1684 5366 haereticos
1742 5312 2069 5381 relinquere

380 5418 492 5456 non
526 5400 744 5467 abnuit,
805 5405 862 5454 et
902 5400 1090 5455 dubias
1142 5401 1277 5455 ﬁdei
1310 5402 1668 5472 scriptorem,
1729 5400 1830 5471 qui
1874 5401 2069 5455 dedita

379 5505 554 5559 opera
584 5487 962 5558 cogitationes
1003 5506 1132 5542 suas
1160 5490 1416 5544 obscuris
1446 5495 1503 5544 et
1554 5490 1854 5544 salebrosis
1883 5489 2069 5543 verbis

380 5578 587 5632 occulit
637 5583 693 5632 et
744 5593 942 5631 sensus
976 5577 1269 5632 hereticos
1303 5579 1594 5650 conceptis
1653 5578 1841 5632 verbis
1872 5579 2067 5631 catho-

2174 4445 2383 4500 praeses
2432 4429 2797 4500 Mauguinus;
2860 4431 2966 4485 hoc
3018 4447 3150 4485 vero
3173 4432 3374 4485 eodem
3426 4448 3577 4486 anno
3623 4446 3895 4505 quatuor

2175 4517 2440 4572 emiserat
2491 4518 2733 4589 insignis
2760 4518 2971 4589 pietate
3000 4524 3055 4573 et
3080 4519 3319 4573 scientia
3352 4520 3664 4591 theologus
3722 4524 3893 4578 dom-

2174 4622 2281 4660 nus
2342 4606 2515 4661 Lucas
2575 4608 2879 4661 Dacherius
2935 4608 3001 4661 ad
3072 4607 3477 4662 refutationem

2175 4698 2313 4748 tom.
2345 4695 2390 4748 Il
2425 4693 2732 4765 Spicilegii.

2245 4783 2395 4835 Nova
2476 4783 2620 4836 ratio
2685 4783 2915 4837 tuendae
2989 4784 3245 4837 veritatis
3306 4785 3375 4839 de
3438 4784 3544 4839 hoc
3606 4786 3901 4845 Rati-am-

2176 4871 2235 4924 ni
2266 4870 2460 4925 libello
2502 4871 2845 4941 intelligitur
2875 4888 2941 4925 ex
2995 4872 3238 4943 epistola
3286 4873 3485 4927 Latina
3542 4891 3738 4945 quam
3812 4898 3903 4933 re-

2174 4958 2457 5012 verendus
2515 4958 2747 5012 antistes
2802 4958 2872 5012 de
2925 4960 3107 5013 Marca
3156 4960 3383 5029 scripsit
3457 4960 3528 5014 ad
3593 4962 3903 5021 domuum

2179 5048 2383 5101 Lucam
2427 5047 2768 5101 Dacherium
2820 5047 3091 5101 Kalendis
3127 5048 3382 5102 Januarii
3423 5050 3559 5103 anni
3597 5054 3773 5115 lti’n,
3814 5074 3903 5110 re-

2176 5136 2290 5189 lata
2344 5140 2503 5189 torno
2555 5136 2601 5189 ll
2641 5135 2953 5206 Spicilegii,
3007 5135 3211 5190 eodem
3268 5152 3418 5190 anno
3456 5137 3687 5206 publici
3749 5144 3907 5214 juris

2176 5223 2325 5278 facti.
2362 5225 2491 5278 Haec
2520 5224 2863 5294 expediendi
2902 5224 3116 5295 negotii
3156 5225 3225 5279 de
3274 5224 3420 5279 libro
3453 5226 3774 5285 Ratramni
3832 5235 3909 5287 in-

2178 5318 2335 5382 tegra
2380 5313 2525 5366 ratio
2578 5313 2639 5366 in
2672 5329 2738 5366 co
2791 5312 2975 5383 capite
3024 5313 3332 5366 consistere
3363 5313 3613 5381 videtur,
3667 5334 3749 5372 ex
3788 5338 3907 5392 quo

2178 5400 2555 5470 intelligimus
2586 5400 2655 5455 de
2694 5402 2895 5466 Marca,
2930 5400 3189 5455 abdicata
3245 5401 3433 5471 prima
3466 5407 3779 5462 sententia
3845 5412 3909 5471 (si

2181 5505 2373 5542 revera
2422 5490 2497 5542 sit
2547 5493 2746 5543 auctor
2800 5494 3071 5543 tractatus
3134 5489 3330 5543 Gallici
3392 5489 3461 5543 de
3523 5490 3912 5551 Eucharistia

2179 5591 2349 5647 quem
2390 5593 2491 5630 suo
2520 5577 2752 5632 nomine
2783 5583 3057 5648 cognatus
3089 5578 3211 5648 ejus
3244 5577 3417 5631 abbas
3471 5578 3653 5649 Fuget
3693 5586 3909 5654 publi-

3539 4611 3894 4668 Graecorum
