3920 6224
143 259 229 305 ltttl
996 257 1081 310 DE
1121 255 1445 312 CORPOBE
1488 258 1576 312 ET
1616 258 1957 314 SANGUINE
2003 258 2267 315 DOMINI.
2302 291 2366 297 —
2401 261 2774 318 PR.+II“ATIO.

3544 273 3641 323 lit)

133 383 321 451 cavit),
355 382 512 437 hunc
545 388 856 439 tractatum
894 386 964 440 de
1011 386 1262 457 Corpore
1294 392 1349 443 et
1394 388 1683 458 Sanguine
1720 392 1829 444 Do-
1860 396 1902 449 A
1943 401 2039 444 aut
2070 391 2445 464 ϐαλανοφὰγοις
2477 394 2574 464 qui
2607 410 2886 466 nusquam
2918 412 3120 453 eorum
3143 399 3352 471 scripta
3382 404 3638 473 partitim

136 473 296 537 mini,
329 489 451 526 non
483 489 609 528 esse
637 474 956 544 genuinum
989 475 1168 530 fetum
1199 476 1336 532 dicti
1381 478 1699 543 Ratramni,
1734 479 1831 533 sed

128 564 364 618 Joannis
400 564 556 619 Scoti
582 565 668 619 vel
702 566 957 635 Erigente
996 566 1254 638 aequalis,
1297 567 1387 621 cui
1418 584 1627 622 nomen
1661 570 1831 622 Pseu-

130 651 539 707 do-Ratramui
598 654 973 725 imposuerat,
1016 661 1070 709 et
1098 656 1418 711 continenti
1468 662 1727 727 tempore
1770 657 1831 711 in

128 742 373 795 concilio
408 744 757 799 Vcrcellensi
787 745 889 799 sub
930 746 1112 799 Leone
1155 746 1218 800 1X
1267 746 1574 800 damnatus
1623 747 1827 810 fuerat,

129 831 463 886 combustus
502 850 601 887 seu
651 840 977 905 assumptus
1018 835 1152 905 igne
1192 834 1250 889 in
1292 835 1531 890 concilio
1575 838 1831 891 Romano

129 921 231 973 sub
264 936 498 976 summo
533 923 765 977 Nicolao
802 925 870 989 II,
906 939 1056 978 anno
1100 925 1257 989 1059,
1292 924 1350 978 in
1376 941 1490 995 quo
1522 930 1829 980 sectatores

131 1010 465 1081 Berengarii
495 1013 704 1066 Joanni
734 1013 898 1067 Scoto
943 1012 1347 1084 ascripserunt.
1401 1016 1552 1069 Ilanc
1604 1016 1828 1070 Domini

127 1097 193 1151 de
224 1099 418 1153 Marca
460 1101 856 1171 conjecturam
886 1118 1125 1157 nervose
1174 1103 1430 1157 defendit
1478 1105 1666 1175 quoad
1707 1105 1830 1175 ejus

128 1188 253 1241 fieri
284 1189 480 1258 potuit
512 1191 573 1243 Β.
606 1191 772 1244 Pater
801 1190 973 1255 Paris,
1017 1191 1215 1245 doctus
1254 1192 1564 1246 canonicos
1594 1195 1829 1262 regula-

128 1277 205 1329 ris
236 1278 424 1331 sancti
486 1278 813 1350 Augustini,
868 1296 1040 1334 sacra:
1087 1280 1391 1351 theologia:
1438 1270 1826 1351 professoria

129 1364 360 1419 abbatis
391 1372 602 1421 sancta:
630 1368 924 1423 Genovefaa
954 1368 1289 1422 Parisiensis
1327 1369 1387 1422 in
1430 1369 1828 1424 dissertatione

130 1454 283 1524 typis
306 1455 605 1526 impressa,
631 1457 689 1510 iu
721 1458 832 1511 fine
883 1459 1025 1511 tomi
1057 1459 1100 1527 Ι,
1134 1474 1271 1512 cura
1298 1462 1355 1511 et
1405 1458 1597 1513 studio
1626 1463 1828 1513 aucto-

130 1558 256 1597 rum
286 1546 417 1598 libri
448 1546 517 1599 de
558 1546 944 1616 Perpetuitate
977 1547 1135 1601 Fidei
1183 1548 1454 1601 adversus
1502 1548 1824 1615 Claudium,

128 1634 555 1702 superstitionis
588 1634 1009 1689 Calvinianaain
1044 1636 1259 1707 templo
1291 1637 1680 1691 Charentonio
1716 1638 1824 1691 mi-

128 1722 400 1786 nistrum,
438 1722 586 1778 etin
636 1724 839 1778 iterata
886 1726 1261 1796 responsione
1310 1725 1623 1781 doctissimi
1655 1743 1824 1779 cano-
1860 1705 1897 1757 Β

129 1811 237 1865 uici
266 1813 553 1882 regularis
586 1813 839 1884 praedicti
878 1814 945 1868 ad
1004 1814 1151 1868 alius
1183 1814 1529 1869 Charentoni
1581 1814 1829 1868 ministri

131 1902 589 1972 responsionem,
624 1903 859 1957 nomine
890 1902 1080 1970 Alixii,
1114 1903 1213 1974 qui
1243 1903 1698 1957 dissertationem
1733 1905 1830 1957 Pa-

128 1989 225 2043 tris
259 1991 419 2044 Paris
466 1992 831 2046 refutaverat.
879 1994 1054 2046 Porro
1104 1992 1408 2062 praedictus
1460 1994 1627 2047 Pater
1670 1992 1827 2046 Paris

128 2080 272 2133 hanc
327 2081 699 2135 solummodo
749 2081 1201 2135 moderationem
1240 2085 1295 2135 et
1339 2081 1819 2152 temperationem

128 2168 388 2237 adjunxit
415 2174 478 2222 ut
522 2168 858 2224 incredibile
911 2170 1016 2226 sibi
1060 2170 1321 2225 videatur
1356 2171 1638 2225 Joannem
1692 2171 1821 2225 Sco-

126 2261 244 2311 tum
269 2258 429 2311 hunc
456 2258 719 2313 libellum
756 2258 823 2313 de
858 2260 1107 2331 Corpore
1136 2264 1191 2313 et
1244 2259 1537 2331 Sanguine
1594 2260 1825 2315 Domini

126 2344 449 2415 ascripsisse
483 2351 540 2399 et
600 2345 955 2415 adjudicasse
1005 2348 1338 2414 Ratramno,
1393 2364 1494 2401 seu
1546 2347 1668 2418 ejus
1723 2363 1827 2402 no-

125 2434 273 2487 mine
304 2433 688 2505 inscripsisse,
734 2435 948 2506 quippe
981 2436 1136 2506 quod
1183 2436 1367 2507 magis
1400 2437 1702 2491 convenire
1738 2437 1822 2491 vi-

126 2521 327 2576 deatur
350 2523 705 2592 Berengario
737 2530 838 2577 aut
859 2524 1233 2578 sectatoribus
1265 2526 1387 2595 ejus
1418 2525 1678 2581 ducentis
1707 2525 1823 2580 fere

126 2612 283 2664 annis
317 2628 349 2665 a
386 2612 686 2666 Ratramni
738 2617 904 2667 aetate
932 2612 1125 2683 lapsis.
1176 2614 1413 2684 Insuper
1440 2616 1570 2684 jnon
1618 2614 1823 2685 cupide

128 2698 291 2753 nimis
327 2706 429 2754 aut
459 2701 776 2755 decretorie
806 2701 959 2755 hunc
988 2702 1198 2755 librum
1231 2703 1578 2757 condemnat
1610 2705 1675 2759 Β.
1710 2706 1820 2758 Pa-

124 2794 209 2842 ter
236 2789 419 2856 Paris,
451 2795 551 2844 aut
591 2791 742 2845 inter
772 2790 1070 2845 haereticos
1110 2796 1167 2846 et
1204 2793 1358 2863 juste
1401 2792 1700 2847 damnatos
1734 2809 1823 2846 re-

123 2878 291 2947 legat,
354 2884 586 2933 secutus
638 2879 793 2934 dom.
849 2880 919 2934 de
971 2881 1183 2945 Marca;
1246 2881 1343 2935 sed
1396 2880 1558 2936 illum
1625 2882 1822 2936 multis

124 2966 429 3021 verborum
461 2968 859 3023 obscuriorum
893 2968 1130 3023 salebris
1160 2969 1515 3040 implicatum
1563 2976 1616 3025 et
1648 2970 1814 3025 intri-
1850 2992 1890 3047 (ι

120 3060 304 3109 catum
335 3056 621 3127 designat,
654 3058 818 3127 cujus
850 3074 1081 3112 sensum
1114 3062 1170 3112 et
1196 3059 1539 3113 sententiam
1590 3060 1813 3131 assequi

121 3142 350 3198 difticile
380 3150 488 3211 est,
520 3146 707 3200 sulcos
739 3146 867 3215 {sibi
897 3146 1158 3201 diductos
1202 3146 1269 3201 ab
1316 3148 1639 3203 auctoribus
1687 3150 1819 3203 Per-

120 3233 414 3301 petuitatis
447 3233 585 3288 fidei
619 3234 910 3301 incedens,
946 3236 1047 3306 qui
1083 3252 1198 3289 non
1233 3236 1548 3307 nimiopere
1597 3237 1821 3291 condu-

119 3321 283 3374 cibile
314 3324 783 3376 existimaveram
816 3328 914 3377 aut
965 3324 1347 3378 necessarium
1398 3325 1568 3379 rebus
1598 3325 1729 3380 libri
1766 3330 1820 3379 et

119 3425 379 3478 personze
407 3411 708 3465 Ratramni
749 3417 849 3466 aut
879 3412 1014 3467 fidei
1064 3413 1355 3468 catholicm
1403 3415 1686 3469 tuendum
1723 3419 1822 3469 aut

118 3500 501 3554 accusandum
558 3500 813 3571 recipere
859 3502 999 3555 noui
1049 3502 1244 3556 sreculi
1302 3502 1566 3573 ignotum
1617 3520 1819 3558 mona-

118 3587 310 3641 chum.
369 3589 499 3641 Haec
545 3588 746 3658 opinio
792 3587 1165 3643 illustrissimi
1199 3592 1261 3644 P.
1313 3590 1382 3645 de
1433 3592 1633 3657 Marca,
1690 3608 1817 3662 quae

118 3676 307 3745 prima
336 3676 525 3730 fronte
558 3692 700 3731 auro
730 3677 980 3732 micante
1012 3678 1196 3748 fulget
1217 3684 1273 3733 et
1293 3679 1515 3733 animos
1547 3680 1610 3733 ad
1629 3680 1819 3734 studia

121 3770 173 3817 et
205 3765 426 3819 litteras
456 3771 751 3837 utcunque
803 3771 963 3821 natos
997 3772 1096 3821 aut
1134 3767 1306 3821 factos
1334 3768 1561 3839 pungit,
1612 3768 1700 3822 vix
1732 3768 1815 3821 in-

122 3853 312 3907 venire
347 3856 628 3923 potuisset
667 3859 970 3910 sectatores
1025 3858 1482 3928 qualescunque;
1513 3861 1568 3911 et
1623 3874 1818 3912 revera

126 3943 178 3995 ni
206 3943 524 4013 opitulatus
556 3948 705 3997 esset
744 3946 912 3999 Pater
948 3944 1105 3999 Paris
1152 3962 1254 3999 suo
1283 3962 1492 4015 genere
1549 3947 1815 4000 modera—

122 4030 294 4085 tionis
329 4036 389 4084 et
418 4032 859 4103 temperationis
918 4050 1089 4105 supra
1132 4040 1362 4100 notatae,
1404 4033 1816 4088 famosissimus

125 4119 592 4191 archiepiscopus
646 4122 961 4176 Tolosanus
1018 4128 1073 4177 et
1106 4123 1442 4177 Parisiensis
1493 4123 1691 4178 relicta
1727 4137 1814 4175 as-

121 4194 438 4261 sociatione
473 4209 747 4263 Canonici
800 4212 1082 4281 regularis
1132 4211 1193 4265 in
1224 4228 1325 4266 sua
1370 4211 1640 4283 opinione
1685 4227 1814 4281 per-

121 4298 425 4351 mansisset
454 4298 602 4351 sicut
632 4314 827 4369 passer
856 4300 1146 4355 solitarius
1189 4301 1245 4354 in
1286 4305 1457 4355 tecto.

194 4387 317 4440 Non
354 4402 594 4441 moveor
623 4387 879 4442 efflictim
905 4388 1097 4443 animo
1140 4390 1442 4459 repetendi
1490 4393 1589 4443 aut
1637 4390 1816 4443 revel-

124 4472 274 4528 lendi
309 4490 380 4527 ea
409 4490 541 4545 qua:
587 4476 657 4529 de
688 4476 930 4529 materia
978 4476 1232 4547 subjecta
1263 4481 1434 4531 antea
1472 4476 1621 4531 dicta
1653 4481 1813 4543 sunt;

122 4566 249 4613 eant
276 4561 474 4630 potius
504 4561 574 4616 ad
633 4561 945 4617 vendentes
974 4562 1153 4618 libros
1205 4564 1274 4619 de
1302 4564 1409 4618 hac
1458 4579 1627 4618 causa
1680 4580 1818 4617 con-

123 4649 359 4719 scriptos
402 4651 643 4704 lectores
671 4651 909 4723 [curiosi
962 4668 1206 4723 quorum
1254 4652 1479 4707 animos
1536 4652 1819 4725 ejusmodi

123 4744 360 4810 accipio:
392 4740 733 4808 prolectant.

190 4826 303 4896 Ego
336 4843 476 4881 vero
510 4829 578 4881 ad
609 4828 974 4899 probandum
1033 4830 1315 4900 ejusmodi
1368 4830 1581 4884 librum
1633 4829 1822 4884 neuti-

124 4930 290 4983 quam
320 4932 493 4987 posse
516 4918 721 4971 Joanni
762 4918 928 4973 Sroto
974 4919 1178 4973 ascribi
1224 4935 1342 4973 non
1394 4919 1623 4973 aliunde
1669 4917 1819 4972 arbi-

121 5010 237 5057 tror
261 5010 678 5075 argumentum
711 5005 1117 5060 assumendum
1156 5022 1279 5061 esse
1331 5022 1506 5077 quam
1560 5022 1627 5060 ex
1657 5004 1819 5060 diffe-

126 5093 320 5159 rentia,
381 5093 658 5148 varietate
691 5101 748 5149 et
804 5095 1187 5165 repugnantia
1233 5095 1366 5165 styli
1417 5100 1474 5148 et
1539 5095 1823 5149 sermonis

125 5179 267 5235 Scoti
296 5187 353 5236 et
387 5182 688 5237 Ratramni
747 5182 1026 5238 doctrina:
1084 5190 1142 5239 et
1199 5183 1618 5238 sententiarum
1676 5184 1820 5238 anti-

127 5285 369 5338 quorum
404 5272 643 5325 Patrum
682 5275 738 5325 et
769 5271 1066 5326 doctorum
1114 5272 1383 5327 Ecclesim
1433 5271 1535 5343 qui
1582 5273 1654 5326 ab
1686 5271 1823 5342 ipsis

130 5358 424 5431 utriusque
454 5360 708 5413 citantur
735 5364 789 5413 et
817 5360 1143 5415 laudantur.
1177 5362 1307 5415 Haec
1359 5361 1513 5415 enim
1544 5376 1641 5415 eos
1680 5360 1823 5415 adeo

125 5447 385 5503 adversus
432 5453 489 5502 et
532 5447 786 5502 diversos
833 5465 958 5505 esse
1006 5450 1403 5521 comprobant,
1438 5454 1501 5504 ut
1547 5450 1824 5505 confundi

129 5550 185 5587 ac
214 5536 441 5589 misceri
490 5541 804 5607 nequeant.
865 5537 975 5592 nisi
1033 5538 1102 5593 ab
1143 5538 1213 5592 iis
1242 5538 1574 5593 hominibus
1631 5537 1824 5593 bardis

1942 483 2385 552 autgeneratim
2427 483 2710 553 applicata
2758 486 3050 540 voluntate
3100 488 3386 559 legerunt.
3439 492 3638 546 Paucis

1942 569 2153 624 abhinc
2181 571 2347 625 annis
2407 571 2611 625 Oxonii
2642 588 2793 626 anno
2857 576 2980 629 l68l
3046 576 3197 647 typis
3229 578 3501 649 {publicis
3532 582 3634 635 im-

1942 674 2170 728 pressus
2234 666 2320 714 est
2388 660 2643 713 famosus
2698 666 2966 715 tractatus
3023 664 3256 719 Joannis
3310 668 3457 721 Scoti
3516 671 3641 743 Περὶ

1942 750 2139 817 φύσεως
2192 752 2469 822 μερισμοῦ,
2532 750 2695 820 cujus
2754 752 3095 819 oeconomia,
3155 754 3295 809 ordo
3354 762 3406 810 ct
3454 774 3636 828 genus

1940 836 2224 891 scribendi
2254 838 2394 892 adeo
2429 838 2651 892 diversa
2680 843 2813 891 sunt
2844 845 2900 893 et
2948 843 3329 911 repugnantia
3378 846 3447 899 ab
3492 864 3633 918 opu-

1939 926 2093 979 sculo
2117 926 2410 981 Ratramni
2455 927 2524 981 de
2557 928 2806 997 Corpore
2836 932 2893 981 et
2940 928 3234 999 Sanguine
3287 932 3535 1002 Domini,
3572 940 3635 990 ut

1939 1015 2027 1068 vix
2070 1014 2317 1069 inveniri
2344 1033 2507 1087 posse
2531 1032 2880 1087 quemquam
2914 1022 3112 1088 putem
3135 1019 3235 1090 qui
3264 1021 3331 1074 de
3356 1027 3634 1088 potestate

1940 1103 2146 1157 mentis
2176 1121 2291 1159 non
2323 1107 2650 1174 excesserit,
2699 1106 2789 1159 cui
2842 1105 3084 1161 dubium
3136 1108 3403 1164 subolere
3451 1112 3633 1181 possit

1939 1191 2009 1245 de
2042 1191 2377 1247 ascribendo
2409 1193 2618 1249 Joanni
2660 1194 2824 1248 Scoto
2856 1196 3131 1265 opusculo
3164 1197 3482 1263 Hatramni,
3516 1204 3632 1255 tam

1937 1280 2050 1334 cito
2082 1296 2235 1351 cepa:
2270 1282 2531 1336 redolent;
2565 1283 2760 1337 violas.
2795 1284 2899 1337 Sed
2947 1289 3240 1356 utcunque
3288 1287 3410 1341 haec
3440 1289 3636 1344 omnia

1936 1368 2077 1422 falsa
2125 1375 2222 1423 aut
2282 1370 2484 1424 ﬁctitia
2541 1370 2673 1437 sint,
2708 1371 2845 1442 quid
2879 1374 3085 1443 reponi
3144 1390 3310 1444 posse
3343 1375 3636 1432 videretur

1937 1457 2265 1513 doctissimo
2324 1458 2474 1512 Patri
2530 1459 2734 1513 Joanni
2792 1460 3138 1528 Mahillonio,
3180 1462 3396 1517 ordinis
3453 1464 3633 1518 sancti

1940 1546 2225 1601 Benedicti
2258 1546 2572 1617 perillustri
2605 1550 2908 1616 monacho,
2953 1567 3021 1603 ex
3083 1550 3245 1621 cujus
3292 1551 3631 1622 praefatione

1936 1635 2181 1704 ascripta
2211 1635 2384 1688 fronti
2414 1636 2647 1690 secundi
2682 1637 2873 1690 saeculi
2915 1641 3182 1692 Actorum
3238 1640 3631 1695 Benedictino-

1941 1740 2064 1777 rum
2098 1724 2496 1795 intelligimus,
2540 1724 2754 1795 pagina
2780 1727 2867 1790 45,
2903 1728 2928 1793 §
2963 1729 3050 1792 83,
3082 1731 3139 1780 et
3194 1729 3498 1783 contulisse
3530 1746 3631 1784 seu

1938 1828 2296 1881 comparasse
2336 1812 2678 1882 scripturam
2719 1830 2817 1867 seu
2846 1814 3223 1883 _characteres
3279 1817 3487 1871 codicis
3519 1817 3629 1872 im-

1936 1900 2118 1971 pressi
2153 1901 2282 1955 libri
2314 1902 2608 1956 ltatramni
2635 1920 2761 1957 cum
2799 1905 3186 1975 manuscripto
3217 1922 3389 1976 quem
3423 1907 3629 1962 iterata

1937 1990 2053 2044 vice
2089 1989 2192 2045 hac
2223 1990 2474 2045 editione
2505 2008 2679 2062 quam
2724 2009 2843 2063 prae
2888 1994 3152 2048 manibus
3201 1995 3376 2050 habes
3413 1997 3629 2067 publici

1929 2078 2078 2148 juris
2122 2079 2382 2145 facimus,
2439 2081 2757 2151 asseritque
2816 2086 3041 2137 mtatem
3099 2099 3219 2137 esse
3271 2083 3629 2155 octingento-

1935 2182 2064 2221 rum
2101 2183 2408 2235 anuorum,
2461 2168 2676 2222 scilicet
2729 2170 2801 2223 ab
2860 2170 3106 2240 imperio
3138 2172 3323 2227 Caroli
3373 2174 3524 2228 Calvi
3559 2174 3629 2229 ad

1935 2260 2128 2310 nostra
2161 2260 2441 2324 tempora,
2505 2262 2562 2310 et
2618 2257 2814 2311 vadem
2871 2275 2929 2312 se
2961 2266 3233 2330 praestare
3266 2277 3381 2315 non
3441 2264 3632 2318 renuit

1932 2345 2218 2415 ejusmodi
2249 2345 2505 2399 codicem
2565 2362 2625 2399 se
2680 2346 2887 2400 vidisse
2927 2354 2982 2401 et
3036 2349 3349 2419 perlegisse
3391 2368 3627 2423 compa-

1932 2438 2085 2487 ctum
2114 2449 2243 2488 cum
2283 2434 2506 2488 duobus
2538 2434 2700 2488 libris
2736 2435 2804 2489 de
2860 2436 3385 2506 przedestinatione,
3418 2440 3628 2511 quibus

1934 2537 2145 2575 nomen
2179 2522 2474 2576 Batramni
2532 2522 2892 2595 aequabiliter
2918 2529 2976 2578 et
3027 2524 3370 2599 παραλλήλως
3418 2528 3625 2584 inscri-

1932 2614 2093 2680 ptum
2151 2613 2272 2664 est?
2329 2612 2572 2681 Insuper
2619 2611 2981 2665 doctissimus
3035 2613 3132 2668 ille
3192 2616 3506 2670 monachus
3565 2618 3622 2672 in

1930 2698 2310 2769 dignoscenda
2340 2704 2507 2754 aetate
2541 2716 2602 2753 ac
2631 2701 2859 2770 figenda
2889 2706 3144 2756 veterum
3198 2705 3464 2760 codicum
3496 2723 3623 2761 ma-

1931 2788 2362 2858 nuscriptorum
2395 2794 2514 2843 arte
2557 2790 2855 2861 acquisita,
2886 2806 3058 2862 quam
3095 2790 3201 2845 sibi
3242 2788 3470 2849 moroso
3503 2800 3626 2850 stu-

1931 2876 2023 2932 dio
2053 2878 2426 2947 comparavit,
2477 2879 2546 2932 ad
2596 2878 2984 2934 discutiendas
3030 2886 3248 2935 veteres
3308 2884 3530 2938 chartas
3571 2890 3626 2939 et

1930 2966 2146 3021 codices
2180 2967 2467 3038 antiquos,
2517 2972 2579 3021 ut
2612 2983 2678 3021 ex
2730 2968 2891 3022 libris
2947 2985 3091 3039 quos
3150 2970 3375 3040 scripsit
3424 2971 3492 3024 de
3547 2972 3623 3025 [te

1930 3055 2295 3125 diplomatica
2324 3056 2645 3126 intelligere
2676 3056 2840 3110 facile
2871 3061 2972 3124 est,
3006 3056 3206 3111 asserit
3230 3058 3381 3112 hunc
3410 3058 3623 3113 librum

1929 3144 2322 3199 Ratramnidc
2371 3144 2620 3215 Corpore
2651 3150 2707 3198 et
2757 3146 3047 3216 Sanguine
3102 3147 3329 3200 Domini
3377 3147 3620 3202 abbatiae

1931 3233 2221 3287 Lobiensis
2251 3250 2372 3288 esse
2401 3233 3312 3305 cliaracteribnsjoctingentorum
3339 3253 3621 3292 annorum

1930 3327 2241 3377 exaratum.
2277 3322 2521 3378 Prodere
2553 3327 2758 3377 testem
2821 3339 2934 3378 non
2982 3324 3130 3394 potis
3185 3330 3291 3393 est,
3335 3326 3489 3379 omni
3523 3342 3622 3380 ex-

1929 3412 2193 3483 ceptione
2244 3413 2543 3482 majorem.
2596 3413 2837 3483 Insuper
2892 3412 3067 3479 idem,
3102 3412 3246 3467 nulli
3306 3413 3426 3468 viro
3473 3414 3623 3468 inter

1927 3499 2184 3555 eruditos
2222 3500 2349 3554 falsi
2402 3500 2770 3571 suspiciosus,
2817 3501 3128 3555 monachus
3185 3500 3524 3556 testificatur
3561 3501 3622 3554 in

1927 3605 2032 3644 suo
2102 3589 2309 3644 Itinere
2373 3589 2729 3653 Germanico,
2801 3588 3079 3659 impresso
3161 3589 3390 3651 Parisiis
3455 3590 3621 3643 initio

1926 3677 2069 3732 torni
2102 3678 2171 3731 IV
2200 3677 2602 3732 Analectorum
2634 3693 2783 3732 anno
2846 3680 2998 3744 1685,
3034 3693 3092 3731 se
3145 3677 3397 3747 propriis
3441 3678 3622 3733 oculis
3673 3690 3677 3694 ‘

1927 3766 2132 3820 vidisse
2177 3770 2234 3819 et
2289 3766 2552 3819 manibus
2609 3781 2863 3820 versasse
2920 3766 2979 3818 in
3039 3765 3391 3819 monasterio
3440 3767 3619 3821 Salem

1931 3856 2127 3910 Weiler
2159 3854 2377 3909 ordinis
2412 3853 2815 3917 Cistertiensis,
2864 3854 3096 3909 mndata
3126 3857 3410 3924 tempore,
3444 3856 3620 3909 sancti

1927 3942 2220 4009 Bernardi,
2251 3959 2400 3996 anno
2457 3944 2613 4010 1137,
2646 3941 2899 3995 codicem
2957 3940 3409 4012 manuscriptum
3458 3943 3618 4013 plus-

1926 4048 2100 4105 quam
2149 4031 2643 4103 septingentorum
2695 4046 3003 4098 annorum,
3058 4031 3116 4085 in
3164 4047 3278 4102 quo
3324 4037 3624 4102 compacta

1925 4121 2123 4175 eadem
2156 4136 2328 4191 opera
2356 4120 2459 4174 sub
2492 4119 2726 4173 nomine
2759 4119 3060 4173 Ratramni
3107 4119 3381 4189 inscripta
3429 4135 3621 4190 mqua-

1924 4209 2115 4265 biliter
2144 4209 2462 4263 incurrunt.
2507 4208 2642 4272 Quae
2689 4224 2819 4262 cum
2855 4208 2934 4261 ita
2964 4207 3096 4275 sint,
3148 4208 3278 4281 quis
3321 4207 3624 4262 dubitandi

1928 4301 2085 4354 locus
2113 4298 2364 4369 relinqui
2393 4301 2599 4369 potest,
2633 4298 2775 4368 quin
2810 4297 3094 4367 ejusmodi
3125 4297 3466 4368 opusculum
3500 4298 3622 4352 sine

1928 4387 2103 4441 dubio
2136 4386 2453 4453 Ratramni,
2509 4386 2714 4440 Joanni
2764 4386 2933 4440 Scoto
2980 4386 3142 4441 nulla
3189 4387 3412 4442 ratione
3440 4386 3624 4457 possit

1929 4474 2283 4546 adjudicari‘?

2002 4564 2298 4634 Utcunque
2333 4578 2423 4617 res
2449 4562 2580 4629 sint,
2614 4562 2757 4616 nihil
2801 4561 2923 4632 jam
2952 4562 3319 4632 probandum
3360 4567 3620 4633 superest

1927 4651 2091 4706 nobis
2121 4651 2231 4706 nisi
2262 4652 2636 4706 Ratramnum
2678 4651 2735 4705 in
2769 4651 2874 4705 hoc
2914 4667 3087 4721 opere
3118 4651 3433 4706 orthodoxe
3465 4655 3521 4705 et
3541 4667 3623 4704 ca-

1927 4742 2134 4796 tholico
2163 4759 2393 4796 sensum
2427 4758 2595 4796 suum
2646 4747 2698 4796 et
2742 4741 3060 4795 doctrinam
3117 4756 3313 4795 sanam
3366 4756 3430 4794 ac
3480 4755 3612 4793 vere

1928 4830 2263 4885 catholicam
2305 4830 2649 4901 exposuisse.
2681 4831 2795 4885 Hoc
2821 4831 2941 4900 jam
2974 4828 3213 4900 perfecit
3259 4827 3624 4883 abundanter

1932 4920 2096 4973 Pater
2124 4918 2487 4974 Mabillonius
2542 4917 2601 4971 in
2632 4917 2803 4970 citata
2857 4932 3030 4986 supra
3077 4915 3417 4986 prazfatione
3448 4918 3618 4972 Acto-

1929 5023 2057 5061 rum
2090 5006 2592 5061 Benedictinorum
2623 5021 2752 5075 pag.
2801 5006 2888 5071 45,
2924 5006 2951 5072 §
2982 5006 3079 5070 88;
3113 5009 3170 5058 et
3222 5019 3518 5075 speramus
3552 5006 3622 5060 ab

1929 5095 2196 5150 omnibus
2226 5094 2408 5150 doctis
2439 5098 2495 5147 et
2546 5092 2899 5162 sapientibus
2942 5091 3106 5146 facile
3164 5092 3520 5148 intellectum
3553 5092 3624 5149 iri

1931 5201 1998 5238 ex
2025 5183 2130 5238 hac
2160 5199 2311 5237 nona
2334 5181 2582 5243 editione
2600 5183 2788 5234 textus
2823 5179 3077 5234 Latiniet
3107 5179 3451 5252 autographi
3478 5197 3508 5235 a
3526 5182 3625 5236 Pa-

1931 5277 2017 5327 trc
2077 5270 2403 5327 Mabillonio
2454 5285 2679 5324 mecum
2725 5268 3152 5334 communicati,
3210 5273 3266 5323 et
3306 5269 3458 5324 notis
3483 5285 3625 5340 quas

1926 5361 2047 5429 jam
2079 5376 2197 5430 prae
2228 5359 2493 5414 manibus
2543 5358 2738 5423 habes,
2767 5358 2944 5411 lector
2988 5357 3232 5423 erudite,
3262 5361 3523 5411 recenter
3555 5358 3625 5412 de

1933 5447 2157 5504 Gallicis
2177 5449 2236 5503 in
2269 5447 2640 5502 commodum
2674 5446 3058 5501 litteratorum
3091 5445 3394 5500 hominum
3425 5461 3490 5500 ex
3518 5461 3628 5501 na-

1933 5536 2186 5592 tionibus
2217 5537 2448 5605 .exteris
2504 5536 2732 5606 Anglia,
2794 5533 3096 5588 Germania
3127 5538 3184 5588 et
3232 5533 3519 5604 Hispaniis
3564 5534 3622 5588 in
