3920 6224
266 264 356 317 Hi

1428 246 1791 305 RATRAMNI
1830 216 2293 302 CORBEIENSIS
2327 241 2629 297 MONACIII

3674 240 3781 297 H2

270 392 412 444 urbe
444 386 748 444 Parisiensi
777 384 1090 456 hospitum,
1127 381 1326 438 Latine
1357 379 1602 449 scriptis,
1640 382 1695 431 et
1726 378 1961 446 insuper
1991 382 2029 434 Α
2071 389 2282 429 nomen
2312 377 2369 428 et
2399 374 2549 427 fama
2592 372 2662 426 ab
2719 370 3001 442 ejusmodi
3066 369 3391 441 suspicione
3450 385 3628 440 prava
3664 386 3778 422 ex-

259 479 468 533 additis
499 476 846 548 quibusdam
880 490 995 528 non
1026 469 1479 526 comtemnendis
1510 465 1947 531 accessionibus,

262 568 403 621 nulli
437 566 599 631 forte,
636 567 868 635 dempto
899 564 1061 618 Patre
1097 560 1412 627 Harduino,
1442 556 1658 612 .lesuita
1706 560 1760 607 ct
1789 555 1952 607 docto

260 658 558 726 scriptore,
591 653 981 725 displicituris.

327 745 433 798 Sed
477 751 787 815 antequam
831 742 897 795 ad
930 742 1162 810 hujusce
1203 734 1615 792 lucubrationis
1650 732 1948 787 lectionem

261 834 597 887 meditatam
639 831 898 885 animum
932 828 1240 898 appuleris,
1294 842 1408 878 non
1438 824 1621 877 solum
1657 837 1816 891 opus,
1852 836 1955 872 ve-

259 938 389 975 rum
420 921 592 974 etiam
648 917 1032 972 necessarium
1081 933 1200 970 esse
1251 914 1392 969 mibi
1452 914 1675 966 videtur
1716 926 1953 980 respon-

260 1011 393 1064 dere
450 1009 669 1063 duobus
714 1007 1069 1078 argumentis
1126 1005 1196 1059 ab
1225 1003 1457 1058 homine
1512 1002 1762 1071 partium
1818 1000 1953 1053 Pro-

258 1098 594 1152 testantium
623 1096 884 1168 prolatis,
927 1095 1025 1166 qui
1054 1098 1353 1147 tractatum
1390 1089 1683 1144 Ratramni
1709 1089 1777 1143 de
1823 1088 1957 1141 Cor-

267 1204 405 1258 pore
437 1192 494 1240 et
522 1185 809 1256 Sanguine
850 1184 1055 1239 Christi
1107 1183 1175 1236 de
1208 1181 1419 1237 Latinis
1466 1196 1581 1234 non
1636 1178 1957 1247 nimiopere

266 1283 323 1329 et
353 1277 645 1346 eleganter
674 1274 918 1344 scriptis,
972 1273 1180 1328 Gallice
1220 1270 1471 1326 deterius
1522 1267 1768 1338 scripsit.
1822 1265 1957 1329 Qua

263 1365 497 1436 quidem
532 1364 588 1416 in
619 1362 952 1433 prafatione
978 1378 1078 1415 seu
1098 1359 1420 1431 praloquio
1440 1357 1714 1429 prodidit,
1738 1360 1801 1409 ut
1831 1370 1961 1425 pro-

261 1455 425 1508 haret
452 1454 561 1506 hoc
607 1450 946 1522 opusculum
995 1465 1193 1503 revera
1239 1448 1404 1519 jussu
1452 1444 1816 1516 imperatoris
1852 1444 1959 1513 ,Ca-

262 1544 369 1597 roli
402 1542 555 1598 Calvi
596 1541 767 1597 fuisse
814 1541 1194 1611 compositum
1228 1540 1296 1593 ad
1356 1537 1809 1591 confutationem
1860 1535 1960 1589 do-

265 1633 475 1702 gmatis
532 1632 792 1686 Ecclesia
850 1631 1122 1684 Romana
1149 1630 1216 1683 de
1260 1643 1391 1681 vera
1450 1625 1702 1697 corporis
1757 1623 1960 1678 Christi

268 1722 577 1793 praesentia
640 1721 700 1774 in
770 1718 1124 1774 Eucharistia
1184 1725 1238 1773 et
1306 1714 1957 1773 transsubstantiatione,

269 1827 441 1881 quam
475 1810 643 1863 hodie
695 1808 941 1863 Ecclesia
990 1806 1263 1861 catholica
1324 1805 1582 1859 defendit
1635 1808 1691 1857 et
1739 1818 1964 1873 semper

272 1900 546 1954 tuendam
577 1898 855 1968 recepisse
881 1895 1263 1959 defendimus,

337 1991 413 2043 Eo
454 1987 773 2043 devolvitur
801 1987 1052 2058 primum
1086 1987 1521 2055 argumentum,
1554 1980 1705 2054 quod
1751 1980 1967 2034 scilicet

265 2093 391 2131 cum
420 2076 511 2130 hic
542 2076 781 2130 diversa
810 2075 990 2146 partis
1047 2074 1295 2144 scriptor
1326 2089 1391 2127 ex
1448 2072 1769 2142 assumptis
1815 2086 1882 2125 ex
1924 2069 1961 2125 li

264 2166 366 2220 bro
398 2182 457 2218 In
514 2163 814 2229 Albertini,
875 2162 1241 2221 Charentonii
1283 2160 1551 2230 ministri,
1613 2160 1681 2215 de
1734 2159 1958 2215 Eucha-

262 2254 419 2308 ristia
470 2253 736 2307 adversus
793 2251 1137 2305 cardinalem
1197 2249 1537 2305 Perronium
1599 2247 1955 2319 argumentis

262 2343 505 2414 probare
532 2341 730 2395 enixus
759 2340 834 2394 sit
863 2341 1240 2395 Ratramnum
1291 2337 1630 2409 pradictum
1682 2352 1799 2391 non
1849 2352 1955 2406 po-

264 2432 440 2486 tuisse
493 2446 660 2484 suum
719 2429 934 2485 librum
987 2444 1246 2482 exarasse
1316 2426 1587 2480 adversus
1644 2424 1951 2496 quamdam

266 2524 474 2574 sectam
508 2517 1071 2583 Stercoranistarum,
1105 2532 1235 2586 qua
1282 2514 1621 2585 neutiquam
1676 2514 1736 2566 in
1768 2528 1959 2566 rerum

267 2614 474 2662 natura
506 2605 741 2669 exstitit,
791 2610 849 2658 et
897 2620 1026 2674 qua
1082 2619 1318 2674 prorsus
1371 2602 1624 2673 antiquis
1672 2600 1960 2655 historicis

267 2697 463 2766 ignota
494 2694 602 2748 fuit
630 2694 731 2763 qui
779 2694 847 2747 de
908 2692 1305 2745 schismatibus
1336 2696 1391 2745 et
1448 2691 1621 2744 variis
1652 2706 1783 2761 qua
1821 2692 1975 2760 icon-

269 2786 523 2855 tigerunt
552 2797 859 2853 progressu
886 2785 1210 2851 temporum
1236 2775 1559 2834 'baresibus
1589 2780 1962 2850 scripserunt,

268 2872 608 2941 opusculum
640 2869 937 2924 Ratramni
976 2869 1297 2924 necessario
1331 2869 1606 2940 scriptum
1649 2868 1823 2923 fuisse
1878 2869 1968 2922 ad-

2059 466 2331 519 imantur.
2370 461 2877 517 Verumenimvero
2925 459 3148 514 etiamsi
3197 459 3475 529 ejusmodi
3526 458 3776 513 haeresis

2061 554 2389 621 exstitisset,
2420 558 2475 607 et
2506 568 2622 607 non
2670 551 2865 605 fuisset
2894 554 3111 603 temere
3142 553 3198 601 et
3244 548 3530 602 malitiose
3578 549 3777 617 impo-

2061 644 2167 698 sita
2197 648 2333 697 astu
2368 641 2778 713 disputationis
2834 640 2969 692 viris
3026 637 3336 699 catholicis,
3396 642 3453 691 et
3506 637 3576 690 de
3638 638 3776 691 reli-

2062 735 2231 803 gione
2262 736 2411 786 recte
2451 729 2831 786 sentientibus
2871 728 3139 798 ascripta,
3194 742 3337 797 quos
3390 742 3598 796 cogere
3630 726 3772 780 totis

2062 823 2274 876 viribus
2323 821 2675 876 conabantur
2736 819 2841 873 sibi
2889 816 3305 889 persuaderent
3355 820 3472 869 tam
3522 815 3775 886 probro-

2063 926 2188 965 sum
2221 916 2277 964 et
2324 916 2488 980 turpe
2546 910 2987 963 deliramentum
3048 908 3486 958 consectaneum
3538 921 3663 957 esse
3698 920 3769 958 ex

2064 1017 2128 1053 ea
2159 1000 2420 1054 suasione
2448 1015 2547 1053 seu
2577 999 2688 1053 fide
2721 999 2777 1053 in
2812 1015 2925 1072 qua
2954 1006 3116 1056 erant
3153 1013 3360 1072 corpus
3398 997 3610 1054 Christi
3650 997 3772 1067 ξῦο-

2064 1089 2205 1143 mini
2238 1088 2296 1143 in
2332 1088 2708 1153 Eucliaristia,
2751 1090 2942 1160 aliquo
2975 1091 3213 1145 rationis
3242 1104 3454 1161 genere
3504 1093 3562 1141 et
3593 1086 3770 1140 modo

2066 1180 2171 1232 sub
2202 1184 2413 1234 tactum
2447 1181 2522 1247 ﬁet
2577 1179 2760 1234 visum
2817 1180 3039 1247 cadere,
3089 1187 3146 1235 et
3177 1180 3301 1234 aliis
3347 1177 3609 1248 corporis
3663 1175 3774 1229 ciro

2067 1267 2609 1340 cumscriptionibus
2642 1268 2954 1323 obnoxium
3003 1285 3124 1323 esse
3161 1285 3175 1323 :
3225 1269 3469 1323 arduum
3519 1272 3578 1320 et
3623 1263 3773 1318 difﬁ-

2068 1358 2173 1411 cile
2201 1374 2316 1412 non
2348 1359 2531 1412 solum
2563 1362 2727 1424 esset,
2762 1375 2958 1412 verum
3009 1358 3179 1413 etiam
3213 1374 3450 1428 prorsus
3480 1354 3767 1415 ἀδύνατον,

2068 1447 2313 1518 probare
2355 1446 2689 1517 praedictum
2744 1448 3041 1502 Ratramni
3086 1448 3422 1518 opusculum
3476 1444 3772 1516 applicato

2071 1537 2263 1591 animo
2296 1540 2351 1590 et
2381 1536 2619 1591 consilio
2650 1536 2859 1591 factum
2898 1537 3069 1591 fuisse
3092 1538 3160 1590 ad
3195 1537 3341 1590 hanc
3389 1533 3777 1590 Stercoranis-

2068 1627 2206 1680 tiam
2238 1626 2675 1693 confutandam;
2710 1626 2777 1680 de
2818 1642 2931 1696 qua
2986 1642 3056 1680 ne
3085 1628 3181 1699 γρύ
3235 1626 3467 1696 quidem
3523 1623 3587 1677 in
3622 1638 3773 1693 pra?-

2069 1717 2218 1770 dicto
2250 1715 2463 1769 libello.
2499 1715 2720 1785 Quippe
2774 1716 2960 1784 palam
3013 1714 3391 1784 improbabile
3461 1713 3774 1767 hominem

2069 1821 2237 1859 sensu
2272 1810 2328 1858 et
2369 1804 2592 1857 ratione
2634 1804 2940 1873 praditum
3001 1804 3294 1873 scripsisse
3347 1803 3626 1857 adversus
3657 1802 3775 1855 ha-

2070 1895 2263 1961 resim,
2313 1895 2436 1963 ejus
2504 1893 2858 1964 expositione
2910 1893 3126 1946 sincere
3177 1898 3232 1947 et
3271 1908 3401 1947 vere
3456 1893 3663 1945 relicta
3721 1898 3778 1944 et

2070 1983 2473 2055 pratermissa,
2508 1983 2721 2053 quippe
2762 1982 2906 2035 adeo
2936 1981 3084 2036 futili
3110 1986 3165 2035 et
3216 1982 3477 2047 ridicula,
3512 1986 3578 2035 ut
3640 1982 3779 2036 sim-

2071 2072 2207 2143 plici
2238 2071 2588 2142 expositione
2628 2070 2869 2124 friabilis
2900 2086 3021 2124 esse
3069 2070 3359 2125 videretur
3406 2070 3687 2125 omnibus
3718 2075 3781 2123 et

2073 2161 2357 2216 diluenda.
2387 2160 2654 2230 Apposite
2679 2159 2856 2229 igitur
2909 2165 2966 2213 et
3015 2165 3397 2231 congruenter
3456 2159 3628 2214 fateri
3678 2176 3778 2213 ne-

2072 2266 2226 2303 cesse
2257 2254 2343 2303 est
2395 2249 2601 2302 librum
2663 2248 2957 2302 Ratramni
3014 2252 3308 2302 exaratum
3372 2251 3429 2302 et
3486 2249 3779 2318 scriptum

2072 2340 2245 2394 fuisse
2278 2339 2549 2394 adversus
2580 2338 2873 2409 theologos
2913 2338 3266 2392 orthodoxos
3301 2354 3314 2391 :
3344 2338 3442 2392 sed
3474 2338 3613 2392 hinc
3654 2355 3782 2393 non

2072 2428 2445 2499 consequitur
2472 2428 2682 2482 factum
2713 2427 2885 2481 fuisse
2920 2427 3112 2482 dedita
3141 2443 3313 2497 opera
3338 2428 3685 2498 pradictum
3710 2428 3783 2482 li-

2073 2516 2242 2570 brum
2273 2515 2343 2570 ad
2362 2516 2767 2570 confutandam
2792 2516 3138 2570 sententiam
3173 2517 3507 2571 catholicam
3532 2517 3603 2572 de
3635 2533 3785 2587 pra-

2074 2605 2257 2659 sentia
2287 2621 2421 2659 vera
2452 2606 2709 2675 corporis
2732 2609 2789 2658 et
2809 2605 3105 2675 sanguinis
3152 2605 3358 2660 Christi
3390 2610 3446 2659 et
3472 2607 3784 2660 transsub-

2076 2695 2461 2750 stantiatione.
2492 2695 2709 2749 Revera
2735 2694 3048 2765 genuinum
3083 2699 3140 2749 et
3166 2695 3316 2749 idem
3350 2702 3783 2765 augumentum

2075 2785 2229 2855 quod
2257 2784 2459 2854 probat
2506 2788 2703 2837 contra
2746 2782 3180 2853 opinamentum
3225 2784 3784 2838 Stercoranistarum

2076 2874 2282 2927 factum
2306 2889 2420 2926 non
2452 2888 2595 2939 esse,
2630 2877 2686 2925 et
2720 2871 2789 2926 de
2823 2888 2936 2943 quo
2974 2872 3119 2926 nihil
3152 2873 3209 2926 in
3241 2872 3350 2926 hoc
3393 2872 3541 2926 libro
3588 2873 3788 2927 incur-

268 2976 467 3014 versus
523 2958 849 3012 defensores
906 2973 1053 3011 vera
1110 2958 1432 3028 praesentia
1487 2958 1739 3028 corporis
1806 2957 1965 3011 Cbri-
1998 2984 2038 3038 α
2079 2961 2151 3015 rit
2180 2962 2471 3033 conceptis
2499 2961 2685 3015 verbis
2728 2962 3068 3032 expositum,
3124 2961 3480 3016 demonstrat
3522 2963 3789 3032 aquabi~

273 3048 364 3115 sti,
397 3053 453 3102 et
483 3046 1167 3113 transsubstantiationis;
1217 3047 1471 3118 adeoque
1502 3046 1609 3100 hoc
1654 3045 1836 3101 solum
1864 3046 1965 3100 do-

272 3153 405 3207 gma
438 3136 698 3191 Ecclesia
742 3137 1015 3191 Romana
1050 3136 1109 3190 in
1155 3136 1264 3191 hoc
1314 3138 1562 3190 tractatu
1606 3135 1964 3190 confutatum

273 3225 468 3280 fuisse.

341 3314 667 3370 Secundum
707 3318 1114 3385 argumentum
1162 3330 1228 3367 ex
1260 3313 1431 3368 variis
1462 3312 1689 3367 dicendi
1735 3312 1969 3383 generi-

275 3404 381 3459 bus
410 3409 465 3458 et
511 3403 793 3474 expressis
830 3401 1182 3473 imaginibus
1230 3407 1285 3456 et
1326 3402 1539 3457 Latinis
1584 3401 1970 3456 locationibus

274 3495 507 3563 hujusce
564 3496 837 3546 tractatus
908 3491 1241 3557 assumitur,
1309 3507 1451 3562 quas
1508 3491 1706 3561 lingua
1762 3491 1972 3545 Gallica

274 3580 445 3636 scribi
476 3584 531 3635 et
560 3581 768 3651 exponi
824 3596 935 3634 non
994 3596 1162 3651 posse
1219 3579 1325 3634 sibi
1380 3580 1681 3651 persuasit,
1743 3579 1803 3633 ni
1862 3580 1972 3634 do-

274 3671 453 3742 gmati
491 3670 749 3725 Ecclesia
780 3671 1053 3725 Romana
1082 3674 1138 3723 et
1177 3669 1471 3724 catholicae.
1520 3669 1754 3723 adverso
1785 3671 1841 3721 et
1868 3669 1970 3739 ire-

273 3760 552 3833 puguanti
586 3759 844 3831 adeoque
884 3760 1076 3815 sensui
1111 3759 1557 3814 Protestantium
1590 3757 1860 3829 propitio.
1897 3759 1973 3812 Ea

277 3853 410 3903 sunt
441 3848 667 3919 objecta
693 3864 821 3919 qua
849 3849 970 3919 jam
1002 3847 1264 3902 retaliare
1297 3846 1462 3901 nobis
1492 3846 1792 3900 incumbit.

349 3937 542 3992 Primo
571 3937 819 3990 fatemur
878 3937 1129 3990 libenter
1186 3940 1350 3989 atate
1407 3934 1707 3989 Ratramni
1755 3934 1971 3987 nullam

282 4026 565 4080 exstitisse
610 4024 1154 4078 Stercoranistarum
1205 4028 1449 4089 sectam;
1502 4023 1735 4088 scilicet,
1782 4022 1973 4092 impu-

279 4112 541 4167 dentium
578 4112 879 4165 hominum
907 4111 1260 4176 societatem,
1291 4110 1391 4180 qui
1422 4110 1529 4162 sibi
1560 4110 1971 4180 persuaserint.

281 4206 480 4255 contra
500 4215 729 4252 sensum
765 4198 1023 4253 Ecclesia
1053 4199 1369 4267 catholica,
1406 4199 1681 4253 credibile
1711 4215 1831 4253 esse
1862 4215 1978 4253 cor-

279 4306 388 4361 pus
418 4295 474 4342 et
502 4303 729 4341 carnem
782 4286 987 4341 Christi
1041 4303 1213 4358 quam
1257 4286 1317 4340 in
1376 4286 1743 4341 Eucharistia
1798 4303 1982 4341 sacra-
2011 4280 2055 4334 1)

283 4382 477 4433 mento
513 4375 843 4446 recipimus,
876 4376 1178 4429 obnoxiam
1206 4375 1379 4429 fuisse
1402 4375 1728 4445 digestioni,
1747 4375 1980 4430 alimen-

282 4473 471 4522 torum
505 4464 857 4519 triturationi
888 4469 943 4517 et
971 4464 1253 4535 egestioni
1301 4469 1820 4531 excrementorum,
1847 4464 1978 4534 qui-

281 4557 388 4610 bus
418 4554 682 4609 homines
712 4553 887 4623 largis
919 4552 1161 4623 dapibus
1192 4556 1387 4617 saturi,
1425 4554 1614 4606 alvum
1649 4569 1809 4607 snam
1842 4569 1977 4607 exo-

285 4660 483 4699 nerare
514 4643 719 4696 solent.
776 4642 889 4695 Hoc
936 4640 1291 4711 opinamenti
1331 4656 1511 4711 genus
1563 4640 1705 4694 adeo
1753 4642 1975 4695 fatuum

285 4738 339 4787 et
371 4738 535 4787 recta
565 4731 772 4786 rationi
801 4746 1131 4801 repugnans
1174 4730 1421 4795 videtur,
1480 4734 1537 4783 et
1579 4746 1813 4799 prorsus
1870 4730 1976 4784 im—

286 4829 581 4902 probabile
611 4829 800 4882 visum
830 4828 1000 4881 fuisse
1047 4842 1274 4881 necesse
1323 4842 1443 4879 esse
1490 4825 1750 4879 videatur
1791 4826 1981 4880 omni-

284 4920 392 4973 bus
421 4918 556 4971 viris
588 4918 687 4987 qui
733 4917 802 4970 de
844 4921 1122 4987 potestate
1181 4915 1387 4969 mentis
1442 4931 1556 4968 non
1615 4916 1976 4970 excesserint.

287 5009 528 5077 Insuper
559 5006 700 5059 adeo
732 5005 997 5071 feliciter,
1028 5020 1265 5058 nervose
1294 5009 1350 5057 et
1397 5003 1639 5057 faciliter
1667 5004 1833 5057 Pater
1861 5005 1980 5058 Ma-

286 5095 558 5152 billonius
624 5095 692 5148 ab
750 5094 858 5148 hoc
917 5094 1193 5163 figmento
1248 5092 1553 5147 vindicavit
1608 5091 1974 5146 Heribaldum

288 5186 620 5256 episcopum
660 5182 1213 5247 Altissiodorensem,
1247 5182 1622 5248 Amalarium,
1691 5180 1979 5234 archidia-

288 5288 496 5328 conum
525 5270 941 5336 Trevirensem,
973 5272 1293 5334 Rabanum,
1340 5271 1831 5340 archiepiscopum
1865 5270 1979 5323 Μο-

292 5362 721 5433 guntinensem,
742 5360 1311 5427 Florum,diaconum
1338 5360 1595 5414 Ecclesia
1635 5358 1978 5428 Lugdunen-

292 5452 388 5518 sis,
418 5455 482 5504 ut
520 5449 711 5504 nullus
755 5448 1057 5503 dubitandi
1089 5449 1243 5503 locus
1274 5448 1632 5519 relinquatur
1671 5448 1806 5518 quia
1839 5463 1980 5517 pra-

292 5539 565 5595 stantium
629 5542 683 5593 et
742 5537 1347 5593 excellentissimorum
1396 5537 1648 5591 virorum
1704 5534 1980 5605 ejusmodi

2076 3051 2204 3107 liter
2232 3050 2500 3105 adversus
2525 3051 2736 3121 dogma
2767 3050 3091 3120 prasentia
3141 3051 3311 3104 realis
3332 3092 3346 3117 ,
3396 3067 3571 3121 quam
3635 3051 3785 3105 reali

2077 3146 2249 3196 tatem
2305 3144 2507 3194 vocant
2579 3139 2830 3208 theologi
2883 3138 3223 3205 scholastici,
3308 3139 3477 3193 etiam
3558 3140 3784 3194 factum

2077 3247 2194 3285 non
2212 3230 2409 3296 fuisse,
2442 3233 2497 3282 et
2527 3228 2595 3282 de
2611 3243 2725 3299 qua
2747 3228 2917 3282 etiam
2954 3228 3171 3282 nullam
3205 3228 3561 3282 mentionem
3596 3228 3776 3283 facit:

2078 3324 2134 3374 et
2162 3335 2296 3373 vero
2327 3334 2441 3389 qua
2471 3317 2692 3371 ratione
2722 3333 2858 3371 usus
2908 3322 3056 3371 esset
3098 3324 3296 3371 auctor
3345 3317 3528 3371 verbis
3579 3323 3639 3371 et
3673 3335 3789 3372 ser-

2078 3425 2249 3462 mone
2296 3408 2601 3461 realilatcm
2632 3411 2682 3459 et
2712 3407 3375 3461 transsubstantiationem
3394 3406 3784 3476 significanti-

2077 3497 2183 3553 bus
2214 3497 2274 3550 in
2304 3512 2477 3567 opere
2507 3497 2667 3565 cujus
2698 3496 3003 3549 consilium
3034 3500 3090 3549 et
3138 3494 3385 3549 auctoris
3418 3494 3601 3548 animi
3636 3496 3785 3549 affe-

2079 3592 2201 3641 ctus
2230 3591 2351 3639 erat
2381 3584 2760 3655 impugnandi
2789 3589 2845 3637 et
2876 3583 3200 3638 refellenda
3232 3584 3514 3654 ejusmodi
3540 3591 3789 3639 senten-

2078 3676 2195 3730 tia.
2231 3675 2389 3740 Quod
2415 3674 2577 3728 facile
2634 3678 2999 3744 perspectum
3045 3673 3116 3726 iri
3175 3690 3291 3727 non
3340 3672 3682 3727 dubitamus
3718 3691 3787 3729 ex

2078 3765 2247 3819 variis
2277 3762 2746 3818 adnotationibus
2795 3778 3040 3833 quarum
3072 3762 3395 3816 accessione
3445 3762 3595 3815 hanc
3653 3764 3789 3817 edi-

2080 3855 2296 3908 tionem
2324 3857 2576 3907 nostram
2617 3852 3055 3905 cumulavimus.
3088 3852 3212 3905 Hac
3239 3850 3417 3922 igitur
3456 3852 3661 3906 omnia
3695 3870 3792 3907 as-

2084 3942 2361 3996 sumenda
2394 3944 2527 3995 sunt
2555 3941 2625 3995 ad
2664 3940 3120 3995 concludendum
3172 3940 3476 3994 consilium
3528 3945 3584 3994 et
3617 3958 3790 3997 men-

2083 4035 2199 4086 tem
2231 4030 2528 4084 Ratramni
2563 4029 2738 4083 fuisse
2768 4028 2995 4083 tertiam
3046 4028 3388 4082 sententiam
3428 4028 3790 4101 impugnare

2084 4135 2214 4191 quae
2273 4134 2543 4189 magnam
2594 4117 2765 4171 habet
2823 4134 2856 4171 a
2914 4117 3136 4171 duabus
3194 4118 3320 4171 aliis
3371 4118 3786 4175 differentiam.

2086 4205 2385 4259 Enimvero
2412 4206 2531 4259 hac
2580 4206 2902 4275 intelligere
2947 4212 3004 4259 et
3033 4207 3327 4276 propalam
3389 4206 3603 4261 habere
3659 4226 3792 4279 per-

2086 4298 2274 4363 specta
2299 4297 2356 4346 et
2383 4294 2551 4364 plane
2602 4293 2842 4347 enodata
2873 4292 3033 4347 facile
3079 4298 3162 4346 est
3226 4309 3290 4346 ex
3332 4292 3457 4363 ipso
3500 4298 3791 4364 epusculo

2086 4382 2407 4449 Ratramni,
2434 4382 2493 4436 in
2526 4397 2641 4453 quo
2680 4385 2865 4435 totum
2917 4381 3321 4452 disputationis
3365 4382 3669 4453 negotium
3705 4386 3796 4439 de-

2087 4470 2333 4525 volvitur
2361 4470 2431 4525 ad
2463 4471 2576 4525 duo
2614 4471 2798 4541 capita
2829 4470 2944 4524 sive
2985 4470 3242 4524 membra
3274 4487 3340 4524 ex
3389 4473 3601 4541 quibus
3638 4473 3795 4529 liber

2086 4560 2369 4615 coalescit.
2404 4559 2659 4614 Primum
2695 4564 2910 4629 spectat
2948 4575 3045 4613 eos
3084 4559 3183 4629 qui
3217 4560 3326 4613 sibi
3360 4562 3795 4630 persuadebant

2088 4665 2207 4703 rem
2248 4664 2478 4703 omnem
2512 4649 2669 4703 nulla
2700 4653 2860 4719 parte
2902 4649 3135 4717 dempta
3176 4648 3233 4702 in
3280 4650 3641 4704 Eucharistia
3670 4653 3795 4722 pla-

2086 4755 2221 4793 nam
2245 4742 2301 4792 et
2322 4743 2576 4809 apertam
2600 4737 2953 4807 contingere,
2972 4737 3028 4790 in
3058 4738 3252 4791 oculos
3270 4738 3458 4791 etsine
3482 4738 3675 4808 ﬁgura
3694 4747 3795 4795 aut

2087 4828 2215 4882 velo
2246 4827 2557 4882 incurrere.
2589 4826 2740 4892 Quod
2772 4827 2921 4879 nulla
2972 4826 3068 4880 sub
3115 4829 3313 4895 ﬁgura,
3367 4828 3519 4881 nulla
3550 4830 3656 4883 sub
3706 4832 3797 4884 ob-

2085 4916 2354 4970 velatione
2405 4914 2528 4985 ﬁat,
2580 4914 2675 4969 sed
2727 4916 2903 4983 ipsius
2954 4916 3204 4968 veritatis
3260 4915 3417 4971 nuda
3464 4920 3794 4984 manifesta-

2088 5008 2229 5060 tione
2249 5012 2572 5074 peragatur.
2610 5005 2747 5057 Ecca
2772 5008 2906 5057 sunt
2935 5008 3207 5074 concepta
3245 5003 3416 5057 verba
3449 5005 3791 5073 Ratramni;

2089 5110 2151 5147 ex
2193 5092 2401 5163 quibus
2432 5092 2755 5158 intelligere
2787 5091 2951 5145 facile
2983 5096 3067 5145 est
3104 5108 3220 5145 non
3252 5092 3541 5163 scripsisse
3588 5102 3793 5149 contra

2088 5182 2143 5236 S.
2180 5181 2541 5235 Paschasium
2586 5180 2939 5245 ltatbertum,
2997 5194 3112 5233 non
3155 5180 3422 5233 adversus
3474 5182 3792 5238 Ecclesium

2089 5269 2446 5332 catholicam,
2483 5285 2611 5339 qua.
2653 5284 2882 5339 semper
2908 5268 2966 5321 in
2999 5284 3062 5320 ea
3093 5268 3362 5321 suasione
3393 5269 3501 5323 fuit
3527 5272 3793 5342 aliquam

2090 5360 2205 5412 sive
2240 5358 2592 5429 aliquantam
2642 5373 2763 5410 esse
2794 5357 2855 5410 in
2907 5357 3179 5426 mysterio
3211 5357 3581 5411 Eucharistia
3647 5364 3794 5432 tigu-

2089 5464 2211 5502 ram
2245 5446 2324 5500 rei
2378 5462 2546 5513 vera,
2576 5445 2830 5515 corporis
2884 5444 3092 5501 Christi
3124 5450 3178 5499 et
3211 5445 3507 5515 sanguinis
3536 5462 3795 5516 prasen-

2086 5534 2159 5588 tis
2187 5550 2305 5589 non
2336 5534 2748 5588 insociabilem.
