3920 6224
146 370 223 422 113
987 372 1075 427 DE
1113 372 1441 428 CORPORE
1482 373 1569 428 ET
1608 373 1954 428 SANGUINE
1996 371 2259 429 DOMINI.
2290 403 2357 411 ——
2401 372 2778 428 PRACFATIO.
3286 364 3289 369 λ
3538 375 3632 429 114

199 499 516 555 Secundum
549 502 710 573 quod
750 501 1073 573 impugnat,
1105 508 1160 557 et
1186 503 1357 573 primi
1388 508 1825 558 consectaneum
1859 508 1902 561 Λ
1938 503 2235 559 Ratramni
2266 504 2549 575 :legatur.
2585 505 2659 558 Ex
2691 522 2756 559 eo
2787 504 2949 561 faclie
2981 505 3089 560 erit
3120 505 3448 576 intelligere
3478 508 3630 578 quod
3706 530 3713 537 ο

137 589 536 658 necessarium,
571 592 792 663 quippe
833 609 960 647 cum
998 593 1043 646 si
1072 593 1217 647 nihil
1258 601 1406 649 esset
1464 594 1524 648 in
1551 594 1823 649 Euchari-

133 680 233 732 stia
261 679 604 750 ﬁguratum,
639 697 741 736 seu
795 683 1065 751 velatum,
1109 690 1559 754 consequeretur
1613 701 1679 738 ex
1724 685 1827 738 hac

128 771 453 838 sumptioue
512 770 903 824 necessarium
962 788 1084 825 rem
1143 778 1322 826 totam
1376 790 1497 828 esse
1551 789 1825 827 sensuum

124 857 444 926 cognitioni
474 859 809 929 subjectum,
865 859 1122 929 adeoque
1167 861 1556 928 corollarium,
1590 862 1823 926 scilicet,

124 963 352 999 carnem
412 952 470 1000 et
520 947 865 1017 sanguinem
917 948 1124 1004 Christi
1155 966 1283 1020 qua:
1317 966 1414 1004 ore
1445 950 1705 1004 ﬁdelium
1739 966 1827 1003 su-

126 1036 452 1101 mebantur,
488 1035 607 1088 sive
639 1041 821 1089 totum
848 1038 1002 1107 quod
1029 1037 1292 1091 sensibus
1325 1038 1661 1109 percipitur,
1704 1055 1825 1092 esse

124 1140 333 1194 corpus
364 1125 576 1179 Christi
610 1142 623 1179 :
676 1126 830 1179 idem
880 1126 1265 1196 particulatim
1297 1127 1366 1182 de
1398 1129 1566 1182 beata
1599 1128 1824 1197 Virgine

126 1220 348 1279 natum,
414 1216 754 1269 cruciﬁxum
812 1233 914 1286 pro
978 1217 1142 1271 nobis
1204 1233 1267 1270 ac
1317 1219 1627 1287 sepultum.
1690 1220 1825 1271 Ecca

125 1316 353 1353 summa
386 1301 469 1353 rei
502 1301 767 1368 secunda,
807 1318 980 1372 quam
1024 1302 1167 1357 Galli
1198 1304 1509 1357 secundum
1562 1311 1825 1373 punctum

126 1394 348 1453 vocant,
383 1405 559 1459 quam
590 1390 932 1444 Ratramnus
961 1390 1275 1462 impetebat
1302 1396 1360 1446 et
1397 1393 1556 1446 nulla
1606 1393 1823 1446 ratione

127 1479 447 1532 doctrinam
502 1478 763 1533 Ecclesiae
814 1480 1082 1535 Romani?
1122 1486 1358 1551 spectat,
1396 1482 1451 1536 in
1485 1498 1598 1551 qua
1629 1498 1821 1536 revera

125 1568 380 1620 creditur
429 1584 636 1637 corpus
685 1568 890 1622 Christi
937 1570 1207 1634 velatum,
1249 1576 1304 1624 et
1334 1571 1488 1641 quod
1524 1571 1627 1625 sub
1696 1588 1821 1642 spe-

124 1655 317 1708 ciebus
358 1656 556 1708 sensui
586 1656 847 1709 obnoxiis
879 1657 1241 1711 reconditum
1274 1663 1358 1712 est
1401 1659 1591 1728 ipsum
1618 1675 1822 1729 corpus

126 1745 188 1798 de
220 1745 393 1798 beata
424 1744 656 1815 Virgine
683 1750 880 1799 natum
905 1752 960 1800 et
996 1747 1149 1801 cruci
1182 1748 1448 1815 afﬁxum;
1490 1748 1588 1802 sed
1618 1748 1677 1801 in
1710 1765 1822 1818 qua

126 1849 425 1904 nunquam
468 1834 751 1888 creditum
785 1839 870 1888 est
915 1841 973 1889 et
1006 1852 1366 1906 persuasum,
1396 1838 1542 1891 hanc
1595 1844 1819 1907 partem

126 1923 385 1977 sensibus
435 1924 751 1993 subjectam
783 1926 1142 1993 exteriorem,
1202 1926 1307 1980 hoc
1365 1928 1552 1981 velum
1615 1932 1671 1980 et
1700 1945 1821 1998 spe-

127 2013 250 2075 cies,
300 2012 471 2065 aliter
503 2012 660 2066 haud
692 2029 852 2065 secus
907 2018 1095 2067 essent
1146 2030 1354 2085 corpus
1403 2014 1611 2069 Christi
1645 2032 1817 2086 quam

125 2102 179 2155 in
200 2100 390 2171 ﬁgura
422 2107 523 2155 aut
552 2102 1079 2172 repraesentatione,
1112 2103 1178 2156 ad
1212 2109 1464 2157 mentem
1501 2104 1817 2169 Lanfranci,

127 2190 343 2243 abbatis
377 2190 672 2243 Beccensis
702 2194 757 2243 et
782 2191 1057 2259 temporis
1079 2207 1384 2261 progressu
1407 2192 1819 2262 archiepiscopi

126 2278 571 2342 Cantuariensis,
613 2295 785 2349 quam
836 2279 1210 2333 defenderant
1238 2285 1295 2334 et
1345 2280 1443 2334 alii
1498 2281 1688 2351 plures
1719 2283 1817 2334 ad-

126 2384 315 2421 versus
395 2372 705 2421 sectatores
764 2367 1133 2439 Bereugarii:
1200 2368 1431 2436 scilicet,
1499 2369 1818 2437 Fulbertus,

124 2456 487 2509 Carnotensis
518 2458 840 2526 episc0pus,
877 2462 932 2508 et
957 2456 1073 2523 alii,
1105 2456 1205 2526 qui
1238 2457 1428 2527 palam
1456 2474 1818 2529 cognoscun-

124 2548 211 2596 tur
230 2559 297 2597 ex
328 2542 484 2597 notis
514 2542 745 2608 nostris,
783 2542 849 2597 ad
883 2559 1186 2597 numerum
1219 2544 1504 2615 octoginta
1534 2561 1650 2598 sex.

190 2632 264 2685 Ex
314 2631 407 2684 his
454 2631 676 2700 liquido
709 2636 929 2685 constat
956 2636 1012 2685 et
1041 2631 1285 2686 dilucide
1318 2634 1470 2687 hunc
1514 2638 1814 2688 tractatum

121 2720 420 2774 Ratramni
453 2736 755 2791 nunquam
782 2720 1037 2791 potuisse
1068 2721 1250 2775 efﬁeri
1282 2722 1553 2776 adversus
1585 2723 1818 2777 Pascha-

118 2810 283 2863 sium.
346 2809 573 2879 Quippe
627 2825 780 2875 cum,
838 2809 899 2863 in
964 2826 1033 2864 eo
1090 2811 1245 2882 quod
1301 2815 1518 2881 spectat
1565 2811 1816 2881 primum

115 2898 446 2951 membrum
500 2898 930 2967 disputationis,
995 2899 1324 2953 Paschasius
1390 2905 1508 2953 tam
1566 2899 1815 2954 dilucide

114 2986 422 3056 patefaciat
480 3002 655 3056 quam
688 2987 1034 3041 Ratramnus
1063 2988 1316 3059 aliquam
1351 3004 1472 3041 esse
1504 2988 1563 3041 in
1594 2989 1814 3043 Eucha-

1934 595 2122 664 prima
2167 600 2328 664 parte
2382 594 2589 665 probat
2641 593 2763 647 sine
2821 595 3178 665 amphibolia
3236 600 3292 650 et
3331 595 3629 668 λογομάχιᾳ

1934 684 2284 754 singularem
2337 699 2457 737 esse
2516 683 2762 753 ﬁguram
2815 688 2870 738 et
2929 684 3284 754 aliquantam
3330 685 3391 738 in
3437 700 3629 739 sacra-

1934 779 2130 828 mento
2179 772 2434 843 corporis
2466 777 2524 826 et
2561 772 2856 844 sanguinis
2898 773 3149 839 Domini,
3192 779 3250 828 et
3280 790 3478 827 sensus
3510 790 3625 828 non

1934 863 2126 917 omnia
2162 863 2455 934 percipere
2482 871 2535 916 et
2566 861 2791 932 assequi
2823 878 2950 932 quae
2980 861 3039 914 in
3069 879 3135 915 eo
3168 866 3301 915 sunt
3331 879 3343 915 :
3380 864 3631 917 secunda

1935 968 2066 1005 vero
2108 952 2494 1007 abundantius
2526 950 2733 1021 probat
2769 950 2879 1004 hoc
2929 967 3136 1020 corpus
3190 950 3401 1005 Christi
3442 967 3625 1005 sacra-

1933 1040 2180 1094 mentale
2240 1044 2296 1094 et
2351 1039 2675 1110 mysticum,
2732 1037 2848 1092 sive
2907 1037 3153 1092 exterius
3207 1038 3522 1108 ﬁguratum
3569 1044 3627 1093 et

1933 1129 2189 1183 sensibus
2237 1128 2550 1199 subjectum
2614 1132 2669 1181 et
2707 1127 3074 1198 permissum,
3124 1127 3276 1181 idem
3332 1144 3450 1181 non
3507 1144 3628 1181 esse

1933 1219 2085 1289 quod
2128 1225 2325 1271 natum
2379 1217 2450 1271 de
2483 1216 2712 1287 Virgine
2755 1222 2812 1270 et
2843 1216 3178 1270 cruciﬁxum
3212 1216 3338 1270 fuit.
3377 1217 3489 1270 lloc
3533 1233 3629 1271 se~

1932 1307 2184 1360 cundum
2240 1305 2646 1376 disputationis
2677 1304 3001 1359 membrum
3034 1309 3156 1359 erat
3187 1310 3627 1359 consectaneum

1936 1395 2192 1447 naturale
2220 1411 2285 1447 ex
2316 1394 2523 1464 primo,
2555 1394 2813 1465 adeoque
2834 1410 3063 1448 necesse
3095 1398 3181 1447 est
3218 1393 3624 1447 refutationem

1932 1484 2239 1537 secundam
2278 1499 2408 1536 cum
2444 1482 2629 1552 prima
2658 1500 2778 1537 esse
2834 1482 3168 1537 naturaliter
3218 1498 3534 1536 connexam
3570 1487 3627 1537 et

1932 1572 2220 1626 sociatam.
2276 1573 2377 1626 ltes
2394 1589 2490 1625 era
2542 1588 2796 1626 aunuere
2844 1588 3069 1625 necesse
3102 1576 3181 1625 est
3212 1573 3385 1641 paulo
3417 1570 3625 1625 diluci-

1931 1661 2057 1715 dius
2090 1660 2455 1715 Paschasium
2500 1666 2752 1714 mentem
2788 1676 2950 1714 suam
2982 1661 3311 1731 explanasse
3353 1661 3477 1731 ipso
3512 1661 3623 1715 Ra-

1932 1754 2178 1803 tramno.
2231 1749 2340 1804 Sed
2392 1749 2513 1803 haec
2555 1748 2837 1802 absolutio
2877 1748 3157 1802 Paschasii
3220 1766 3334 1802 non
3387 1749 3621 1803 aliunde

1931 1839 2182 1909 erumpit
2228 1855 2401 1909 quam
2447 1855 2513 1891 eo
2563 1837 2716 1908 quod
2750 1853 2937 1891 sermo
2990 1837 3115 1906 ejus
3161 1836 3407 1908 amplior
3454 1842 3537 1890 est
3568 1842 3622 1890 et

1933 1928 2115 1998 magis
2155 1928 2329 1980 fusus.
2392 1927 2686 1997 Utcunque
2746 1942 2834 1979 res
2881 1925 3015 1991 sint,
3070 1925 3217 1979 idem
3260 1942 3492 1995 prorsus
3538 1931 3624 1979 est

1930 2017 2231 2086 utriusque
2278 2033 2497 2081 sensus,
2547 2016 2688 2069 adeo
2744 2020 2803 2067 ut
2862 2015 3147 2068 utrumvis
3201 2013 3389 2067 videat
3444 2014 3621 2067 lector

1928 2105 2265 2175 applicatus,
2298 2121 2523 2175 semper
2572 2108 2879 2174 utrumque
2921 2103 3074 2157 idem
3131 2102 3417 2155 censuisse
3450 2101 3619 2157 intel-

1928 2194 2086 2264 ligat.
2149 2195 2451 2248 Enimvero
2510 2192 2642 2246 licet
2705 2191 3021 2245 clarissime
3077 2191 3229 2245 dicat
3284 2190 3619 2244 Paschasius

1927 2299 2129 2353 corpus
2161 2282 2369 2336 Christi
2402 2297 2622 2347 verum,
2664 2281 2735 2335 de
2775 2279 3005 2351 Virgine
3040 2285 3234 2333 natum
3277 2296 3398 2333 esse
3421 2279 3478 2333 in
3514 2280 3619 2333 Eu-

1927 2370 2216 2439 charistia,
2251 2386 2548 2441 nunquam
2574 2370 2730 2440 quod
2760 2369 2947 2439 ﬁgura
2978 2372 3063 2423 est
3082 2368 3293 2433 velum,
3330 2367 3389 2422 in
3417 2367 3617 2422 eadem

1930 2459 2280 2513 Eucharistia
2310 2475 2431 2513 esse
2453 2458 2766 2529 ipsummet
2794 2473 3002 2527 corpus
3039 2456 3279 2525 Christi;
3308 2460 3364 2511 et
3393 2455 3619 2510 etiamsi

1928 2547 2079 2602 dicat
2122 2548 2465 2602 Ratramnus
2508 2550 2565 2600 et
2609 2545 2827 2617 liquido
2862 2545 3111 2599 declaret
3153 2544 3310 2615 quod
3367 2543 3618 2597 exterius

1926 2652 2123 2690 sensus
2156 2636 2290 2691 facit
2324 2635 2384 2689 in
2430 2638 2784 2689 sacramento
2834 2650 2951 2687 non
2983 2649 3104 2687 esse
3160 2632 3350 2704 ipsum
3408 2648 3615 2702 corpus

1926 2723 2133 2779 Christi
2180 2728 2378 2777 natum
2415 2739 2483 2777 ex
2515 2722 2743 2793 Virgine
2795 2722 2963 2792 (num.
3014 2720 3123 2791 57),
3170 2719 3377 2775 nullibi
3425 2725 3617 2773 tamen

1927 2818 2100 2883 negat
2128 2828 2249 2866 esse
2277 2812 2465 2866 velum
2494 2816 2591 2865 aut
2620 2810 2983 2882 paropsidem
3015 2815 3114 2864 aut
3142 2814 3391 2879 tegetem
3422 2825 3618 2878 corpo-

1926 2900 2004 2954 ris
2035 2899 2311 2954 Domini:
2374 2915 2499 2952 cum
2560 2902 2791 2952 econtra
2839 2897 2990 2951 dicat
3042 2902 3234 2968 aperte
3287 2901 3343 2950 et
3400 2895 3614 2950 aifatim

1926 2994 2139 3043 asserat
2170 2988 2338 3058 (num.
2388 2987 2472 3057 l6)
2523 2986 2673 3058 quod
2713 2986 2958 3039 exterius
2987 2989 3227 3055 apparet
3274 3000 3394 3038 esse
3426 2999 3611 3037 sacra-

110 3076 270 3128 ristia
300 3076 555 3143 ﬁguram
588 3079 643 3128 et
668 3076 791 3128 vela
808 3092 906 3128 seu
942 3076 1299 3146 paropsides,
1329 3092 1434 3131 nec
1459 3077 1528 3130 de
1550 3077 1817 3131 omnibus
1847 3100 1886 3157 ρ
1926 3082 2186 3132 mentum
2209 3093 2356 3130 verae
2385 3076 2571 3129 carnis
2598 3073 2940 3141 Dominicre;
2975 3078 3029 3127 et
3057 3090 3175 3127 esse
3206 3073 3347 3128 duas
3370 3072 3610 3126 existen-

112 3180 237 3234 quaa
270 3165 333 3217 in
369 3180 437 3217 ea
470 3170 607 3217 sunt
658 3180 858 3218 sensus
909 3165 1229 3219 discernere
1260 3182 1273 3218 :
1328 3172 1384 3220 et
1414 3166 1563 3237 quod
1596 3171 1813 3236 spectat

105 3254 431 3308 secundum
465 3254 813 3318 membrum,
870 3270 1101 3323 prorsus
1132 3254 1206 3307 sit
1251 3251 1509 3306 ἀδύνατον
1550 3257 1811 3310 Hatram-

105 3358 243 3395 num
288 3346 351 3395 et
406 3342 779 3396 Paschasium
835 3348 1026 3413 partes
1076 3343 1339 3397 adversas
1387 3350 1442 3397 et
1500 3345 1814 3398 contrarias

102 3428 438 3481 defendisse
475 3444 488 3481 :
522 3444 654 3481 cum
686 3429 1005 3498 prmsertim
1037 3428 1090 3483 id
1115 3428 1265 3500 quod
1300 3430 1547 3483 exterius
1580 3434 1816 3500 apparet

103 3517 155 3569 in
188 3518 568 3570 Eucharistia
606 3523 660 3571 et
713 3518 974 3572 sensibus
1003 3522 1358 3589 perceptum,
1390 3534 1596 3589 corpus
1626 3518 1814 3588 ipsum

100 3604 309 3659 Christi
345 3622 479 3659 esse
514 3606 849 3659 Paschasius
902 3623 1200 3678 nunquam
1256 3608 1461 3661 dixerit
1494 3612 1694 3661 natum
1750 3623 1814 3660 ex

100 3694 332 3763 Virgine
368 3701 435 3748 et
463 3694 621 3748 cruci
655 3695 911 3757 aflixum,
947 3696 1045 3749 sed
1078 3696 1439 3750 solummodo
1473 3696 1628 3766 quod
1661 3697 1813 3750 vela-

98 3788 212 3836 tum
242 3790 301 3837 et
337 3784 715 3838 reconditum
756 3789 840 3838 est
895 3788 950 3838 et
984 3786 1267 3838 occultum
1298 3785 1402 3837 sub
1434 3784 1621 3855 specie
1659 3790 1813 3839 exte-

98 3874 229 3926 riori
256 3874 543 3927 sensibus
575 3874 851 3944 subjecta,
900 3874 1053 3945 quod
1113 3875 1459 3929 Ratramnus
1515 3890 1813 3944 nunquam

96 3976 327 4031 negare,
364 3963 497 4016 imo
557 3978 694 4015 vero
730 3963 971 4016 ﬁrmiter
1027 3963 1303 4017 revellere
1359 3968 1414 4017 et
1472 3963 1814 4017 conﬁrmare

94 4052 320 4104 videtur
355 4058 421 4104 et
486 4050 835 4121 intelligitur
887 4069 956 4105 ex
1008 4056 1162 4105 textu
1198 4053 1558 4122 autographo
1586 4051 1673 4105 sui
1705 4058 1815 4106 tra-

96 4144 270 4193 ctatus
295 4140 374 4192 de
404 4140 674 4209 Corpore
707 4145 763 4193 et
795 4139 1086 4211 Sanguine
1118 4140 1370 4205 Domini,
1404 4145 1460 4194 et
1492 4140 1812 4195 adnotatio-

93 4230 256 4282 nibus
288 4228 527 4282 nostris
563 4244 710 4298 quas
755 4228 825 4282 de
870 4229 1081 4283 Gallico
1130 4229 1356 4284 Latinas
1396 4229 1584 4283 daturi
1617 4246 1814 4283 sumus

92 4316 143 4369 in
172 4317 279 4371 hoc
314 4318 638 4370 volumine
679 4324 1003 4388 compactas
1036 4334 1048 4371 :
1093 4318 1229 4389 quid
1261 4318 1441 4389 igitur
1469 4335 1697 4373 necesse
1729 4324 1814 4372 est

1923 3166 2032 3221 tias
2067 3165 2317 3220 diversas
2356 3180 2548 3218 rerum
2580 3164 2825 3218 duarum
2857 3162 3247 3217 differentium
3285 3162 3456 3233 (num.
3492 3162 3608 3225 30);

1922 3271 2129 3326 panem
2180 3260 2237 3309 et
2297 3254 2492 3307 vinum
2552 3269 2672 3306 esse
2736 3268 3075 3306 conversum
3129 3251 3189 3305 in
3238 3249 3615 3304 substantiam

1924 3344 2178 3414 corporis
2220 3348 2276 3397 et
2307 3341 2603 3412 sanguinis
2633 3345 2804 3408 (num.
2863 3341 2962 3408 15).
3014 3341 3079 3394 Et
3116 3356 3230 3393 non
3271 3354 3433 3409 posse
3489 3337 3613 3391 sine

1923 3432 2161 3488 crimine
2188 3430 2443 3502 reputari
2472 3431 2552 3484 ibi
2591 3447 2707 3483 non
2738 3428 2914 3499 recipi
2947 3445 3152 3500 corpus
3188 3427 3394 3482 Christi
3439 3427 3611 3498 (num.

1924 3524 2033 3591 99).
2093 3522 2523 3575 Sacramentum
2571 3519 2783 3572 habere
2842 3534 3051 3571 nomen
3102 3515 3355 3587 corporis
3406 3515 3611 3571 Christi

1925 3618 2129 3665 etesse
2179 3610 2343 3678 (num.
2401 3609 2510 3676 l3),
2545 3622 2660 3659 non
2693 3605 2897 3675 majori
2948 3610 3231 3675 potestate
3293 3620 3437 3673 opus
3493 3620 3613 3657 esse

1924 3714 2044 3752 rem
2084 3713 2149 3750 ex
2194 3696 2371 3749 nihilo
2402 3694 2718 3748 faciendam
2750 3709 2922 3764 quam
2953 3693 3019 3746 ad
3069 3693 3399 3745 mutandam
3442 3696 3612 3744 natu-

1924 3803 2047 3840 ram
2089 3786 2255 3856 (num.
2310 3787 2419 3849 53).
2485 3785 2779 3852 Utcunque
2831 3798 2921 3834 res
2960 3781 3094 3847 sint,
3156 3796 3457 3850 nunquam
3504 3780 3613 3834 sibi

1923 3873 2381 3946 persuadendum
2412 3888 2552 3937 esse,
2603 3870 3043 3941 quibuscuuque
3100 3868 3465 3922 sermonibus
3515 3873 3614 3923 aut

1925 3965 2109 4019 verbis
2162 3980 2300 4016 usus
2330 3962 2419 4028 sit,
2469 3978 2676 4030 corpus
2735 3959 2941 4015 Christi
2981 3959 3040 4012 in
3087 3956 3439 4013 Eucharistia
3494 3974 3611 4012 non

1922 4052 2098 4125 recipi
2125 4053 2294 4124 (num.
2336 4049 2478 4119 101).

1997 4143 2071 4196 Ea
2130 4142 2199 4195 de
2256 4156 2427 4193 causa
2481 4140 2864 4193 Protestantes
2934 4135 3225 4190 vindicare
3269 4135 3615 4190 studuerunt

1923 4230 2321 4287 ascribendum
2356 4245 2475 4282 esse
2507 4227 2695 4281 verbis
2737 4231 2794 4281 et
2823 4226 3074 4280 sermoni
3108 4224 3404 4292 Batramni
3434 4225 3610 4279 alium

1923 4334 2152 4372 sensum
2182 4321 2239 4371 et
2265 4316 2566 4384 idiversum
2616 4315 2684 4369 ab
2732 4330 2799 4367 eo
2833 4330 3006 4385 quem
3041 4313 3361 4384 signiﬁcare
3408 4312 3609 4366 voluit.

93 4410 165 4457 tot
189 4406 489 4476 vepribus
526 4410 587 4458 et
618 4405 828 4457 mentis
860 4405 1131 4459 humanm
1178 4405 1425 4475 seipsam
1467 4406 1811 4460 ludiﬁcantis
1845 4417 1885 4469 ι)
1924 4407 2039 4461 Hoc
2072 4422 2202 4459 vero
2227 4404 2348 4475 jam
2398 4404 2563 4458 nobis
2610 4402 3031 4458 discutiendum
3072 4406 3333 4471 superest
3387 4400 3446 4453 in
3502 4416 3614 4453 res-

94 4494 324 4547 salebris
377 4494 621 4547 stillare
671 4494 968 4548 cerebrum
1005 4495 1075 4548 ad
1124 4495 1557 4565 percipiendum
1616 4500 1673 4549 et
1726 4495 1811 4548 in-

92 4583 366 4637 tuendum
401 4582 730 4637 consilium
763 4587 821 4636 et
850 4588 1101 4637 mentem
1132 4583 1426 4638 Ratramni
1456 4583 1514 4639 in
1570 4584 1713 4639 libro
1744 4584 1813 4638 de

93 4670 332 4741 Corpore
364 4676 433 4725 et
478 4670 782 4740 Sanguine
836 4671 1099 4725 Domini?
1131 4672 1212 4725 Ad
1271 4672 1411 4743 quid
1459 4672 1814 4727 conducibile

93 4774 200 4815 esse
231 4765 435 4833 potest
494 4759 851 4829 ﬁgmentum
882 4765 938 4814 et
993 4760 1289 4814 inventum
1336 4766 1501 4816 secta:
1532 4762 1813 4816 Stercora-

94 4848 368 4903 nistarum
409 4849 494 4903 ad
533 4847 903 4911 diluendum,
935 4849 1074 4902 adeo
1096 4848 1319 4903 fatuum
1347 4854 1403 4903 et
1426 4850 1814 4918 incogitabile,

93 4942 149 4989 nt
169 4938 255 4993 vix
287 4936 603 4993 credibile
636 4936 707 4990 sit
730 4936 1013 5007 ejusmodi
1035 4941 1247 4991 sectam
1279 4937 1339 4991 in
1361 4938 1497 4992 orbe
1529 4945 1814 4993 terrarum

97 5028 389 5092 exstitisse,
458 5026 546 5080 de
579 5041 699 5096 qua
744 5040 815 5079 ne
866 5026 1105 5080 verbum
1146 5026 1377 5097 quidem
1429 5027 1697 5097 prodidit.
1752 5029 1816 5081 Et

99 5116 216 5185 quid
245 5133 312 5171 ex
349 5116 627 5172 adverso
658 5130 801 5184 opus
831 5119 915 5168 est
931 5114 1307 5169 Ratramnum
1338 5114 1445 5169 sibi
1476 5115 1815 5186 persuadere

100 5206 433 5276 impugnare
472 5201 745 5257 voluisse
800 5218 921 5257 rem
954 5204 1277 5274 praesentia:
1320 5204 1578 5274 corporis
1608 5203 1818 5258 Christi

103 5292 149 5343 in
176 5292 562 5348 Eucharistia
587 5295 648 5343 et
680 5289 864 5360 ipsam
897 5290 1619 5360 transsubstantiationem,
1643 5307 1817 5362 quam

104 5384 451 5454 aliquantula
483 5378 856 5450 cogitatione
888 5385 988 5433 aut
1020 5379 1392 5434 meditatione
1424 5396 1536 5434 non
1571 5384 1814 5452 reputat,

107 5475 148 5522 et
170 5478 274 5527 tam
305 5489 341 5527 a
374 5470 643 5527 duobus
673 5466 957 5538 capitibus
987 5467 1389 5539 disputationis
1414 5485 1587 5539 quam
1615 5474 1821 5523 tractat

112 5560 265 5616 aliena
291 5568 401 5630 est,
468 5573 676 5632 quam
709 5556 906 5627 opinio
960 5557 1505 5612 Stercoranistarum
1550 5558 1736 5628 turpis
1764 5562 1821 5611 et

115 5653 376 5712 probrosa.
454 5646 673 5708 Facile
731 5651 817 5699 est
864 5662 985 5718 prae
1042 5646 1308 5703 manibus
1364 5647 1575 5702 habere
1607 5647 1816 5701 librum

1923 4493 2200 4566 pensione
2225 4493 2298 4547 ad
2318 4492 2623 4546 secundam
2656 4491 3034 4562 objectionem
3061 4490 3393 4544 diluendam
3413 4494 3610 4543 aucto-

1924 4584 2003 4638 ris
2033 4581 2410 4637 traductionis
2437 4581 2665 4636 Gallicas
2696 4579 2992 4635 Ratramni
3023 4596 3176 4633 anno
3224 4581 3377 4632 l672.

1991 4672 2200 4727 Animo
2219 4670 2471 4725 intendit
2490 4674 2610 4724 toto
2631 4675 2686 4723 et
2706 4668 2931 4740 integro
2964 4672 3209 4722 tractatu
3238 4667 3610 4726 Batramnum

1922 4777 2058 4815 voce
2086 4761 2334 4815 veritatis
2364 4759 2518 4813 idem
2577 4758 2899 4829 signiﬁcare
2948 4757 3098 4828 quod
3125 4772 3256 4808 voce
3287 4754 3558 4807 realitatis
3595 4768 3607 4805 :

1924 4866 2051 4921 quae
2098 4849 2286 4902 media
2346 4852 2513 4902 aetate
2572 4846 2892 4901 Latinitatis
2950 4860 3113 4897 usum
3161 4841 3351 4895 subire
3417 4840 3608 4909 coepit,

1924 4938 2110 4991 adhuc
2155 4937 2419 5006 vagiente
2476 4934 2808 4989 scholastica
2851 4931 3153 5000 disciplina
3206 4930 3263 4983 in
3318 4928 3613 4999 parietinis

1924 5027 2213 5096 castigata:
2252 5023 2591 5089 Latinitatis,
2629 5021 2905 5093 quoniam
2938 5021 3059 5073 hinc
3082 5035 3183 5073 vox
3219 5018 3466 5073 maxime
3520 5033 3613 5073 re-

1925 5120 2143 5185 pugnat
2171 5115 2409 5185 ﬁguraz;
2458 5118 2516 5165 et
2545 5128 2611 5165 ex
2658 5110 2745 5164 his
2793 5108 3084 5162 concludit
3123 5108 3274 5179 quod
3305 5124 3435 5162 cum
3494 5112 3613 5162 toto

1925 5203 2032 5257 hoc
2073 5202 2221 5257 libro
2277 5201 2479 5255 doceat
2531 5201 2876 5254 Ratramnus
2924 5212 3131 5267 corpus
3191 5195 3399 5251 Christi
3449 5195 3613 5250 nobis

1926 5308 2044 5345 non
2074 5291 2198 5346 dari
2236 5290 2296 5344 in
2341 5291 2586 5351 veritate,
2633 5286 2733 5341 sed
2778 5288 2836 5340 in
2892 5288 3169 5355 mysterio,
3206 5290 3271 5339 ut
3327 5284 3613 5354 conceptis

1927 5379 2113 5434 verbis
2137 5378 2516 5451 quaestionem
2556 5375 2911 5447 propositam
2943 5375 3205 5446 explicet,
3240 5390 3466 5428 necesse
3495 5389 3612 5426 esse

1925 5484 2059 5522 eum
2086 5468 2330 5523 voluisse
2362 5466 2604 5538 probare
2634 5465 2694 5519 in
2734 5464 3091 5518 Eucharistia
3129 5478 3261 5517 vere
3293 5468 3349 5517 et
3394 5463 3614 5516 realiter

1927 5572 2043 5611 non
2081 5556 2256 5627 recipi
2276 5572 2483 5627 corpus
2509 5552 2736 5618 Christi,
2765 5554 2862 5607 sed
2904 5551 3266 5609 solummodo
3308 5550 3367 5605 in
3397 5556 3615 5621 mysta--

1926 5645 2012 5699 rio
2067 5645 2127 5699 in
2182 5646 2369 5717 ﬁgura
2403 5645 2557 5717 quod
2614 5642 2851 5716 quidem
2903 5657 3132 5697 sensum
3183 5638 3609 5695 Calvinisticum
