3920 6224
314 402 411 456 Ilii

1464 393 1820 448 RA'l‘RAMNI
1862 392 2321 448 COBBEIENSIS
2362 389 2675 447 NONACHI

3718 384 3806 438 lle

313 531 530 604 liquido
558 548 621 585 ac
650 528 895 585 dilucide
945 527 1186 600 exponit
1218 532 1274 582 et
1306 526 1610 599 signiﬁcat.
1640 526 1697 581 Si
1728 520 1835 580 h‘bc
1865 541 2000 580 con-
2032 528 2072 580 Α
2110 542 2304 580 rerum
2364 529 2429 579 ut
2483 524 2542 578 in
2604 539 2663 578 se
2716 522 3049 578 consisteret
3083 538 3097 576 :
3159 523 3216 577 id
3259 527 3364 588 est,
3400 524 3598 576 utrum
3634 520 3811 592 reipsa

310 619 500 673 silium
529 634 626 672 seu
660 621 915 672 mentem
946 617 1138 687 aliqua
1186 614 1531 686 probatione
1588 614 1753 668 ﬁrma
1784 619 1840 667 et
1869 629 2004 667 ner-

311 725 447 763 vosa.
522 706 722 762 fulcire
787 705 1145 772 intendisset,
1214 705 1335 775 jam
1407 702 1707 759 Ratramni
1778 719 2005 756 causam

306 798 567 868 jejunam
597 795 929 867 relinquere
962 810 1190 848 necesse
1233 798 1403 859 esset,
1436 798 1491 847 et
1520 792 1838 846 imitatione
1865 808 2007 845 con-

313 887 475 959 sequi
504 891 590 941 tot
638 887 943 957 scriptares
998 883 1424 949 ecclesiasticos,
1467 882 1535 936 de
1570 882 1780 954 quibus
1838 896 2007 952 supra

316 974 669 1030 mentionem
722 974 979 1029 fecimus.
1048 974 1158 1028 Nec
1210 972 1508 1026 dubitandi
1564 972 1720 1026 locus
1778 970 2009 1024 relictus

315 1068 461 1119 esset
488 1064 628 1136 quin
663 1064 768 1118 iste
809 1061 1120 1117 monachus
1158 1061 1332 1116 fuerit
1361 1061 1580 1131 primus
1611 1059 1844 1115 haeresis
1880 1060 2009 1114 Cal—

314 1152 561 1207 vinianaa
599 1156 799 1207 auctor
828 1155 883 1205 et
923 1151 1325 1222 protoplastcs.
1364 1149 1464 1203 llis
1495 1148 1572 1202 ita
1604 1148 1823 1220 positis,
1864 1163 2011 1201 unus

316 1257 383 1295 ex
440 1240 634 1295 multis
684 1239 867 1295 deerit
910 1238 1069 1293 testis
1122 1237 1372 1293 veritatis
1420 1243 1477 1292 et
1534 1237 1863 1309 singularis,
1922 1237 2011 1291 cui

317 1330 507 1384 caeteri
536 1345 637 1384 seu
677 1345 877 1383 omnes
907 1328 1154 1382 libenter
1198 1326 1450 1381 abnuere
1490 1342 1609 1381 non
1660 1326 1825 1380 veriti
1857 1331 2010 1387 sunt,

316 1418 563 1489 aequales
597 1422 695 1471 aut
724 1432 1016 1488 suppares.
1070 1416 1351 1469 Caeterum
1387 1432 1454 1470 eo
1512 1415 1832 1469 devolvitur
1896 1420 2015 1468 tota

320 1506 579 1577 probatio
646 1506 1044 1573 Protestantis,
1102 1520 1232 1576 pag.
1286 1521 1435 1558 xxxu
1487 1521 1604 1558 sua)
1661 1503 2014 1575 praefationis

316 1594 609 1665 impressae
641 1593 986 1664 Rothomagi
1017 1610 1120 1664 per
1152 1594 1433 1648 Joannem
1466 1592 1641 1645 Lucas
1671 1607 1822 1645 anno
1856 1594 2009 1646 1672.

392 1706 418 1732 ‹‹
447 1685 563 1737 Vox
594 1684 869 1749 veritatis,
908 1681 1100 1753 inquit
1146 1681 1377 1748 Gallice,
1411 1684 1596 1751 potest
1639 1679 1811 1749 objici
1853 1695 2013 1733 men-

321 1771 481 1827 dacio
504 1772 591 1825 vel
621 1770 841 1841 ﬁgurte.
876 1772 1051 1825 Usum
1074 1771 1226 1825 subit
1246 1770 1398 1840 apud
1426 1771 1799 1824 Ratramnum
1827 1768 2014 1839 primo

323 1876 512 1927 sensu,
543 1859 819 1930 quoniam
860 1860 1104 1931 ﬁgurata
1136 1859 1361 1914 dicendi
1392 1875 1602 1931 genera
1637 1858 1846 1929 quibus
1882 1875 2016 1912 usus

326 1953 410 2003 est
436 1950 599 2003 Jesus
647 1947 906 2003 Christus
935 1948 996 2002 in
1039 1949 1348 2019 Evangelio
1397 1965 1512 2002 non
1540 1954 1675 2001 sunt
1724 1947 2018 2002 mendacia

325 2028 431 2091 nec
476 2037 636 2091 falsa.
696 2037 803 2091 Sed
837 2037 897 2091 in
952 2038 1222 2103 secundo,
1283 2054 1397 2109 quo
1429 2053 1533 2091 vox
1582 2038 1832 2091 veritatis
1896 2036 2018 2090 voci

320 2126 595 2180 realitatis
629 2124 830 2179 similis
857 2130 1019 2180 estet
1045 2130 1131 2180 est
1165 2126 1427 2197 gemina;
1460 2125 1619 2179 verbi
1651 2126 1853 2196 gratia,
1888 2141 2018 2179 cum

320 2213 457 2268 dicit
493 2213 766 2268 Dominus
808 2230 821 2267 :
857 2216 969 2283 Ego
1029 2230 1149 2269 sum
1192 2217 1359 2284 panis
1401 2217 1578 2281 rivus,
1610 2215 1697 2268 vel
1732 2214 1883 2282 vitm,
1927 2215 2025 2284 qui

323 2304 388 2358 de
417 2304 541 2358 ccelo
598 2303 851 2358 descendi
897 2303 1064 2374 panis
1095 2304 1223 2359 coeli
1254 2303 1429 2373 (Joan.
1486 2320 1560 2367 vi,
1617 2302 1707 2370 41,
1750 2303 1876 2371 5t);
1907 2305 2020 2369 Ego

320 2407 439 2447 sum
463 2393 627 2461 panis
659 2393 837 2457 vivus,
870 2392 957 2445 vel
992 2390 1156 2462 panis
1186 2391 1335 2459 vitae,
1379 2393 1476 2460 qui
1505 2390 1569 2444 de
1597 2392 1723 2445 ccelo
1746 2391 2017 2455 descendi,

324 2487 459 2536 sunt
489 2480 807 2535 locutiones
854 2480 1137 2551 ﬁguratae,
1180 2495 1310 2550 quas
1342 2484 1533 2532 tamen
1564 2494 1712 2531 verte
1737 2482 1871 2532 sunt
1921 2494 2019 2532 ve-

326 2572 491 2625 ritate
544 2569 843 2624 mendacio
900 2572 956 2623 et
1012 2568 1153 2621 falso
1214 2567 1476 2638 opposita
1527 2571 1584 2621 et
1639 2570 2019 2638 repugnante.

328 2657 579 2728 Impium
638 2656 791 2710 enim
852 2646 1003 2710 esset
1064 2655 1252 2710 dicere
1308 2656 1592 2711 Christum
1651 2670 1852 2709 verum
1908 2670 2021 2708 non

330 2745 579 2801 dixisse:
618 2749 673 2799 et
703 2760 768 2799 ex
810 2744 898 2798 his
940 2743 1313 2798 locationibus
1370 2744 1537 2797 facile
1571 2748 1655 2797 est
1701 2742 2022 2813 intelligere

330 2834 620 2891 Christum
654 2833 978 2904 signiﬁcare
1031 2833 1278 2887 voluisse
1316 2849 1374 2887 se
1405 2838 1677 2903 praestare
1726 2832 2024 2886 animabus

331 2924 543 2979 nostris
592 2923 751 2994 quod
799 2921 1135 2993 corporibus
1174 2922 1384 2975 nostris
1428 2921 1591 2992 panis
1633 2921 1897 2975 admovet
1927 2921 2025 2975 ali-

331 3016 616 3078 mentum,
652 3010 868 3065 scilicet
894 3010 1069 3064 vitam
1102 3014 1158 3065 et
1187 3009 1605 3064 nutrimentum
1638 3010 1913 3080 spiritale,
1942 3011 2025 3065 uti

333 3100 795 3172 alibilexplicuit.
829 3100 1256 3165 Verumtamen,
1313 3099 1594 3170 ejusmodi
1636 3100 1822 3169 ﬁgura
1852 3104 1906 3154 et
1936 3101 2022 3154 lo-
2057 3136 2093 3189 ρ

333 3190 578 3245 cutionis
626 3204 809 3260 genus
855 3205 972 3243 non
1020 3187 1346 3259 signiﬁcant
1393 3205 1757 3245 naaurxrss:
1813 3190 2026 3260 quippe

335 3294 464 3333 cum
503 3278 775 3332 Dominus
806 3293 922 3332 non
955 3277 1028 3331 sit
1055 3294 1269 3343 revera,
1301 3294 1401 3332 seu
1432 3277 1683 3345 realiter,
1715 3282 1814 3331 aut
1845 3278 2031 3348 reipsa

339 3366 522 3437 panis,
565 3367 664 3421 sed
712 3368 897 3422 solum
931 3367 1007 3420 vi
1039 3371 1326 3437 respectus
1380 3365 1599 3436 mystici
1628 3382 1799 3436 quem
1860 3366 2033 3423 habet

338 3456 406 3510 ad
456 3472 685 3527 panem.
745 3456 855 3509 Nec
909 3454 1214 3527 quisquam
1256 3455 1544 3509 audaciter
1593 3454 1824 3524 objiciat
1869 3455 2032 3510 nobis

337 3545 601 3599 eamdem
652 3561 772 3599 rem
829 3561 996 3615 posse
1041 3560 1162 3598 esse
1217 3544 1513 3600 veritatem
1566 3547 1621 3598 et
1663 3544 1934 3614 ﬁguram,
1970 3549 2033 3600 ut

339 3634 530 3705 inquit
585 3634 935 3689 Paschasius.
984 3635 1125 3688 Nam
1158 3633 1385 3687 etiamsi
1418 3634 1523 3688 hoc
1572 3650 1685 3688 non
1721 3633 1794 3687 sit
1822 3634 2033 3706 impos-

338 3723 505 3777 sibile
537 3722 731 3795 aliquo
764 3740 932 3778 sensn
983 3727 1082 3777 aut
1137 3722 1331 3794 aliquo
1363 3739 1516 3789 casu,
1551 3739 1782 3794 prorsus
1812 3723 2028 3794 impos-

344 3812 510 3867 sibile
539 3818 623 3867 est
661 3811 721 3866 in
753 3813 1072 3885 quaestione
1106 3814 1413 3867 Ratramno
1445 3813 1762 3884 proposita,
1800 3828 1866 3866 ex
1920 3828 2034 3883 qua

340 3901 527 3970 palam
557 3900 999 3955 internoscimus
1044 3917 1207 3955 voces
1243 3904 1432 3969 ﬁgura?
1479 3904 1534 3953 et
1581 3902 1832 3954 veritatis
1885 3899 2034 3953 inter

340 4005 397 4042 se
453 4004 713 4059 pugnare
762 3990 1021 4060 adeoque
1054 3989 1417 4042 insociabiles
1447 3988 1706 4058 essejam
1757 4003 1894 4058 ergo
1940 4003 2032 4040 su-

341 4092 445 4147 per
474 4077 580 4129 hac
611 4076 927 4149 quaestione
969 4093 1113 4147 opus
1145 4082 1229 4146 est
1261 4076 1594 4130 memoriter
1624 4081 1681 4131 et
1717 4092 1913 4130 secure
1943 4080 2038 4129 te-’

344 4179 499 4229 nere,
539 4164 641 4218 has
681 4179 852 4222 voces.
890 4176 1162 4219 VERITA'I'IS
1215 4169 1273 4217 et
1302 4181 1436 4218 veru:
1470 4163 1614 4217 nihil
1672 4164 1901 4235 proprie
1958 4164 2032 4217 si-

344 4251 615 4322 gniﬁCare
642 4256 852 4322 praeter
883 4269 1055 4306 nam;
1074 4257 1129 4307 et
1160 4260 1435 4306 REALITER.
1475 4274 1495 4298 ι

416 4341 481 4394 In"
521 4341 907 4395 controversia
952 4342 1113 4395 nulla
1162 4346 1247 4395 est
1302 4342 1675 4396 Ratramnum
1730 4341 1814 4395 uti
1867 4340 2034 4396 verbo

2118 615 2270 686 quod
2298 614 2475 668 oculis
2514 613 2815 683 subjicitur
2868 617 3015 667 esset
3058 627 3264 683 corpus
3299 610 3510 668 Christi
3542 610 3699 682 quod
3732 610 3809 663 vi-

2116 721 2242 757 sum
2270 709 2327 757 et
2356 708 2585 773 gustum
2622 702 2873 767 subiret;
2908 701 2996 755 vel
3027 700 3361 771 simpliciter
3391 700 3612 771 species
3642 705 3701 754 et
3727 717 3811 770 ap-

2117 793 2429 865 paritiones
2458 790 2622 863 panis
2654 799 2710 844 et
2752 791 2882 843 viui.
2924 789 3143 844 lnlicias
3172 790 3254 844 ire
3286 805 3456 843 nemo
3491 789 3671 843 homo
3712 805 3805 859 po-

2118 887 2227 935 test
2257 881 2398 952 quin
2430 878 2823 949 recognoverit
2859 878 3177 933 realitatem
3220 877 3476 948 corporis
3508 878 3725 933 Christi
3753 893 3810 931 eo

2120 969 2292 1023 modo
2329 985 2442 1039 quo
2481 968 2637 1022 illam
2673 966 3053 1037 intelligimus
3093 967 3425 1021 sociabilem
3467 982 3601 1020 cum
3634 966 3810 1036 ﬁgura

2120 1075 2251 1113 cum
2298 1059 2447 1113 dicat
2497 1058 2713 1128 passim
2764 1056 2932 1127 (num.
2992 1057 3079 1127 99)
3119 1057 3271 1110 hunc
3300 1072 3509 1126 panem
3557 1059 3617 1109 et
3670 1056 3811 1109 hunc

2120 1149 2374 1216 calicem,
2401 1147 2613 1201 scilicet
2643 1145 3076 1212 Eucharistiam,
3128 1162 3247 1199 esse
3293 1144 3657 1199 nominatam
3694 1160 3811 1197 cor-

2124 1254 2229 1309 pus
2261 1236 2467 1291 Christi
2495 1239 2545 1290 et
2574 1252 2703 1302 esse,
2738 1238 3030 1303 vinumque
3056 1236 3293 1304 potuisse
3328 1236 3567 1288 converti
3601 1235 3661 1286 in
3687 1247 3813 1302 pro-

2119 1330 2304 1396 prium
2331 1328 2447 1395 ejus
2502 1327 2823 1394 sanguinem
2872 1324 3036 1393 (num.
3090 1324 3182 1389 28)
3233 1323 3333 1375 has
3362 1322 3581 1392 species
3613 1337 3812 1391 corpus

2122 1415 2354 1480 Christi,
2389 1432 2502 1469 non
2535 1430 2727 1468 rerum
2772 1413 3015 1467 duarum
3059 1411 3446 1466 ditferentium
3491 1410 3813 1465 existentias

2125 1505 2295 1571 (num.
2337 1504 2459 1573 t6);
2497 1504 2557 1558 in
2590 1504 2695 1557 hoc
2724 1502 2996 1572 mysterio
3030 1517 3149 1555 rem
3184 1517 3357 1554 unam
3388 1500 3447 1553 in
3480 1500 3661 1554 aliam
3704 1516 3813 1553 esse

2123 1608 2454 1647 conversam
2496 1593 2664 1662 (num.
2716 1592 2831 1660 l3);
2871 1595 2929 1645 et
2961 1606 3185 1643 summa
3213 1588 3581 1660 precantione
3632 1592 3817 1643 utatur

2126 1698 2262 1753 erga
2293 1683 2530 1736 lectores
2567 1682 2714 1735 circa
2754 1680 2923 1733 verba
2956 1678 3220 1751 quaedam
3263 1678 3470 1749 quibus
3512 1677 3701 1731 utitur
3756 1694 3817 1731 ne

2127 1787 2334 1843 corpus
2362 1770 2570 1825 Christi
2612 1768 2718 1823 sibi
2760 1768 2979 1840 porrigi
3030 1784 3145 1821 non
3178 1768 3431 1821 credant.
3466 1766 3610 1820 Nam
3648 1766 3696 1819 si
3723 1782 3817 1837 per

2128 1876 2321 1915 vocem
2352 1862 2596 1914 veritatis
2626 1860 2930 1913 realitatem
2961 1856 3351 1922 intellexisset,
3386 1855 3529 1909 nihil
3580 1855 3770 1927 magis
3793 1872 3819 1907 a

2127 1966 2294 2003 sensu
2316 1948 2609 2003 communi
2632 1952 2728 2002 aut
2748 1952 2873 2001 rata
2899 1946 3119 2000 ratione
3142 1944 3385 1999 alienius
3405 1944 3589 1999 videri
3614 1949 3817 2015 posset,

2129 2055 2302 2110 quam
2327 2054 2497 2110 quem
2522 2037 2769 2092 subeunt
2790 2035 3236 2106 usumquaadam
3261 2033 3606 2088 elocutionis
3622 2034 3819 2088 ἴοι-σιω

2128 2127 2187 2181 in
2215 2143 2311 2181 ore
2336 2127 2478 2197 ejus,
2513 2142 2641 2197 quae
2675 2124 2834 2180 omni
2881 2128 3101 2178 remoto
3132 2122 3459 2177 discrimine
3494 2120 3825 2192 signiﬁcant

2130 2217 2301 2271 ﬁdem
2334 2217 2477 2286 ejus,
2503 2215 2717 2270 scilicet
2746 2212 3062 2279 Ratramni,
3094 2216 3192 2266 aut
3222 2210 3622 2265 credulitatem
3657 2210 3823 2264 fuisse

2130 2322 2250 2359 rem
2294 2304 2552 2375 corporis
2612 2302 2816 2359 Christi
2871 2318 2999 2355 cum
3063 2300 3249 2371 ﬁgura
3292 2315 3413 2353 esse
3468 2298 3823 2353 sociabilem.

2132 2395 2340 2448 Verum
2384 2392 2438 2447 id
2470 2393 2578 2448 dici
2607 2392 2933 2446 nullatenus
2978 2394 3167 2460 potest
3195 2388 3343 2442 circa
3375 2388 3460 2441 vel
3496 2403 3636 2458 erga
3667 2392 3823 2458 pate-

2128 2483 2434 2537 factionem
2466 2481 2718 2553 corporis
2767 2480 2992 2535 Christi.
3022 2478 3244 2549 Quippe
3294 2494 3424 2531 cum
3465 2493 3583 2531 non
3642 2477 3827 2546 possi-

2132 2586 2261 2623 mus
2309 2569 2746 2640 praetermittere
2780 2572 2877 2621 aut
2908 2565 3164 2620 oblivisci
3191 2580 3360 2619 usum
3397 2580 3516 2618 esse
3564 2565 3829 2618 Ratram-

2134 2673 2269 2712 num
2328 2657 2705 2729 quadraginta
2767 2660 2862 2710 aut
2910 2655 3285 2726 quadraginta
3346 2653 3567 2708 duabus
3612 2652 3833 2707 vicibus

2136 2748 2225 2802 his
2264 2747 2495 2801 vocibus
2534 2749 2670 2815 veri,
2717 2747 2966 2800 veritatis
3009 2750 3057 2799 et
3113 2759 3233 2798 rere
3281 2742 3541 2814 opposite
3582 2741 3653 2795 ad
3693 2742 3834 2811 ﬁgu-

2137 2851 2281 2900 ram,
2333 2850 2401 2888 ex
2472 2834 2560 2888 his
2624 2833 3007 2904 quadraginta
3066 2831 3301 2902 triginta
3343 2830 3528 2885 tribus
3586 2829 3835 2883 voluisse

2135 2924 2461 2994 signiﬁcare
2509 2922 2949 2993 patefactionem
2977 2920 3237 2974 sensibus
3284 2918 3599 2991 subjectam
3635 2934 3831 2989 corpo-

2136 3012 2213 3067 ris
2246 3012 2494 3068 Domini.

2207 3103 2421 3156 Rcvera
2451 3117 2567 3155 non
2595 3104 2732 3172 puto
2766 3099 2904 3154 alibi
2946 3099 3322 3169 Batramnum
3374 3113 3541 3151 usum
3576 3112 3706 3150 esse
3756 3096 3838 3151 his

2141 3191 2325 3245 verbis
2362 3190 2433 3245 ad
2467 3189 2900 3261 signiﬁcandam
2931 3187 3047 3242 veri
3101 3187 3361 3258 corporis
3414 3185 3625 3240 Christi
3689 3202 3835 3257 prae-

2140 3280 2402 3345 sentiam,
2461 3294 2635 3350 quam
2667 3279 2967 3333 realitatem
3019 3280 3354 3347 nuncupant
3394 3273 3678 3345 theologi,
3717 3274 3841 3329 aliis

2139 3369 2198 3424 in
2241 3368 2378 3423 locis
2407 3384 2581 3439 quam
2612 3384 2772 3422 num.
2803 3370 2855 3433 3,
2908 3368 2996 3429 49,
3038 3369 3126 3433 67,
3176 3368 3243 3420 83
3293 3370 3347 3420 et
3378 3366 3463 3431 84,
3499 3380 3563 3417 ex
3623 3364 3841 3435 quibus

2137 3457 2505 3528 incogitabile
2565 3459 2647 3510 est
2696 3471 2861 3526 posse
2915 3456 3302 3509 Protestantes
3339 3453 3665 3524 quidquam
3736 3452 3841 3506 sibi

2137 3547 2455 3619 propitium
2495 3551 2594 3600 aut
2625 3544 2943 3599 secundum
2997 3543 3290 3613 colligere.
3321 3542 3543 3613 Quippe
3584 3558 3728 3596 cum
3782 3558 3843 3595 ea

2139 3636 2366 3690 ratione
2428 3633 2633 3706 agendi
2694 3651 2828 3687 usus
2876 3633 2965 3699 sit,
3020 3638 3085 3687 ut
3125 3631 3449 3686 distinctius
3504 3630 3843 3685 observaret

2143 3724 2400 3779 Ecclesiae
2448 3724 2735 3777 catholicae
2768 3722 2962 3777 ﬁdeles
2993 3738 3107 3775 non
3137 3720 3389 3787 credere,
3419 3736 3521 3774 uec
3542 3718 3656 3773 sibi
3711 3736 3845 3789 per-

2140 3813 2379 3867 suadere
2436 3828 2642 3883 corpus
2694 3812 2900 3867 Christi
2961 3826 3082 3865 esse
3148 3810 3303 3881 quod
3363 3808 3613 3863 exterius
3691 3814 3847 3863 extra

2147 3901 2482 3973 mysterium
2510 3901 2725 3973 pateﬁt,
2782 3900 2882 3955 sed
2913 3905 3141 3955 econtra
3175 3915 3276 3953 nos
3315 3898 3544 3952 credere
3585 3897 3677 3952 ibi
3729 3914 3847 3952 esse

2141 3990 2423 4046 creditum
2457 3995 2513 4044 et
2542 3990 2838 4061 cognitum
2865 3988 3068 4061 spiritu
3118 3987 3225 4042 sub
3265 3986 3517 4057 imagine
3566 3988 3764 4041 oculis
3798 3992 3849 4042 et

2142 4080 2402 4134 sensibus
2432 4079 2642 4133 nostris
2676 4079 2932 4148 subjecta
2961 4094 3158 4132 revera
3189 4076 3575 4131 reconditum.

2214 4170 2342 4224 "ac
2379 4168 2589 4222 habere
2648 4172 2944 4238 perspecta
2997 4166 3159 4220 facile
3211 4171 3389 4219 estex
3446 4180 3608 4218 num.
3646 4170 3743 4232 77,
3792 4164 3849 4218 in

2144 4273 2258 4328 quo
2282 4254 2571 4328 conceptis
2600 4256 2786 4311 verbis
2816 4256 2937 4311 haec
2979 4257 3266 4327 leguntur.
3302 4274 3329 4305 α
3365 4254 3623 4308 Exterius
3660 4254 3849 4325 igitur

2143 4345 2298 4416 quod
2330 4349 2568 4415 apparet
2588 4361 2705 4398 non
2726 4348 2811 4398 est
2837 4340 2980 4415 ipsa,
3019 4360 3125 4411 res,
3160 4344 3257 4397 sed
3284 4342 3474 4413 imago
3501 4342 3611 4407 rei;
3644 4349 3848 4397 mente

343 4430 592 4483 veritatis
632 4428 940 4501 disparata,
974 4430 1091 4483 sive
1135 4445 1238 4501 per
1266 4429 1694 4500 oppositionem
1737 4428 1806 4483 ad
1836 4438 2031 4483 vocem
2060 4435 2103 4489 D
2142 4449 2275 4487 vero
2308 4433 2457 4505 quod
2488 4432 2734 4487 sentitur
2780 4438 2836 4487 et
2883 4432 3247 4503 intelligitur,
3297 4431 3505 4485 veritas
3540 4430 3645 4484 rei.
3687 4451 3718 4482 »
3789 4433 3851 4486 Et

344 4521 550 4588 ﬁgurae,
586 4517 681 4571 sed
712 4533 775 4571 ex
806 4517 912 4572 hoc
949 4518 1284 4590 neutiquam
1324 4517 1697 4588 consequitur
1746 4532 1813 4571 eo
1862 4534 2029 4572 sensu

347 4621 573 4677 sumere
600 4607 921 4661 ’realitatem
970 4623 1083 4678 quo
1125 4623 1289 4660 sensu
1326 4622 1452 4660 eam
1486 4605 1837 4660 vindicamus
1886 4614 2040 4678 prie;

347 4694 493 4773 senti
533 4693 762 4766 corpori
811 4693 1019 4749 Christi
1069 4694 1128 4749 in
1160 4694 1532 4749 Eucharistia.
1588 4693 1885 4749 Enimvero
1929 4697 2034 4751 de-

346 4783 709 4838 fendo‘illum
759 4799 1048 4838 assumere
1099 4784 1245 4838 hanc
1274 4790 1468 4838 vocem
1502 4786 1557 4837 et
1583 4783 1643 4837 in
1673 4783 1879 4855 scripto
1911 4784 2034 4854 ejus

348 4871 531 4925 solum
563 4871 753 4926 subire
794 4872 860 4925 ad
902 4871 1338 4942 signiﬁcandam
1372 4870 1808 4942 patefactionem
1848 4872 2033 4943 perfe-

347 4964 496 5013 ctam
547 4964 603 5013 et
643 4961 987 5030 completam
1032 4959 1221 5015 carnis
1265 4960 1472 5015 Christi
1520 4965 1577 5015 et
1634 4960 1949 5031 sanguinis,
1982 4966 2037 5015 ct

347 5049 494 5103 hanc
528 5049 959 5119 patefactionem
991 5066 1114 5105 esse
1148 5065 1213 5104 ex
1256 5056 1448 5105 mente
1489 5051 1611 5121 ejus
1642 5050 2035 5106 insociabilem

347 5152 479 5191 cum
517 5138 827 5208 prasentia
874 5139 1039 5207 rcali,
1085 5138 1299 5195 scilicet
1338 5140 1660 5195 substantia
1713 5141 1950 5211 propria
1982 5146 2039 5195 et

349 5233 556 5282 natura
605 5226 728 5298 ipsa
774 5228 1028 5282 humana
1071 5229 1297 5285 Christi.
1349 5230 1424 5285 Ex
1476 5229 1564 5283 his
1622 5229 1921 5284 manifeste
1981 5234 2038 5284 et

348 5314 593 5369 dilucide
617 5319 790 5386 patet,
824 5315 883 5370 in
905 5317 1166 5371 examine
1202 5317 1438 5390 hujusce
1460 5318 1813 5389 quaestionis,
1840 5322 2034 5373 utrum

347 5420 554 5476 corpus
594 5410 650 5459 et
680 5406 912 5477 sanguis
959 5406 1165 5461 Christi
1209 5407 1417 5463 existat
1467 5407 1525 5462 in
1568 5408 1938 5463 Eucharistia.
1972 5411 2036 5464 In

347 5495 603 5561 mysterio
632 5498 727 5547 aut
758 5496 816 5548 in
845 5498 1092 5559 veritate,
1128 5495 1273 5550 nihil
1295 5495 1449 5551 aliud
1477 5496 1759 5551 discutere
1790 5496 2034 5551 voluisse

348 5586 557 5651 praeter
605 5582 753 5637 hanc
830 5584 1228 5655 quaestionem,
1288 5591 1484 5640 utrum
1547 5586 1608 5639 in
1686 5586 2035 5639 Eucharistia

351 5669 642 5742 aliquanta
681 5672 865 5744 ﬁgura
894 5672 1175 5740 existeret,
1234 5675 1321 5728 vel
1380 5672 1679 5744 patefactio
1737 5674 2036 5727 manifesta

2141 4537 2303 4576 num.
2329 4523 2396 4577 84
2428 4539 2439 4575 :
2488 4543 2515 4571 ς(
2554 4522 2617 4575 Et
2646 4521 2847 4576 modus
2878 4521 2981 4576 iste
3025 4520 3081 4574 in
3133 4521 3321 4591 ﬁgura
3355 4524 3441 4574 est
3470 4524 3527 4574 et
3558 4520 3848 4589 imagine,

2146 4615 2206 4664 ut
2235 4611 2441 4665 veritas
2472 4627 2562 4664 res
2599 4609 2721 4681 ipsa
2762 4610 3060 4664 sentiatur.
3100 4630 3122 4659 ι
3178 4610 3475 4680 Utcunque
3510 4625 3568 4663 se
3598 4626 3699 4663 res
3742 4612 3849 4665 ha-

2141 4699 2333 4766 beant,
2376 4715 2505 4753 cum
2526 4702 2784 4753 versatur
2804 4699 3072 4753 manibus
3103 4698 3486 4752 litteratorum
3532 4698 3851 4753 hominum

2143 4793 2200 4843 et
2227 4787 2589 4842 eruditorum
2630 4786 2882 4841 virorum
2917 4786 3062 4841 liber
3091 4787 3339 4841 auctoris
3371 4792 3427 4841 et
3464 4786 3533 4841 de
3586 4803 3656 4842 eo
3691 4806 3858 4861 quae-

2144 4876 2253 4930 Stio
2278 4875 2407 4930 facti
2440 4881 2716 4942 movetur,
2749 4876 3130 4930 consulendus
3169 4880 3252 4929 est
3298 4875 3558 4946 apprime
3590 4880 3657 4929 ut
3720 4878 3855 4948 quis

2144 4965 2218 5020 sit
2252 4965 2373 5036 ejus
2431 4981 2631 5019 sensus
2680 4964 3052 5035 percipiatur,
3108 4980 3221 5018 non
3254 4980 3413 5018 secus
3440 4981 3505 5017 ac
3553 4964 3603 5018 si
3654 4966 3855 5020 adhuc

2143 5054 2203 5108 in
2229 5053 2366 5107 vivis
2416 5058 2561 5109 esset
2594 5058 2808 5108 auctor.
2845 5056 2919 5108 At
2969 5069 3100 5108 vero
3158 5052 3530 5123 subjiciamus
3586 5053 3716 5123 jam
3775 5072 3859 5109 re-

2144 5141 2346 5197 vixisse
2396 5143 2793 5209 Ratramnum,
2832 5146 2889 5197 et
2936 5147 3339 5213 percontamur
3363 5142 3435 5195 ab
3466 5158 3532 5195 eo
3588 5144 3735 5214 quid
3770 5146 3861 5198 in-

2142 5231 2424 5286 tellexerit
2445 5247 2547 5302 per
2577 5232 2726 5286 hanc
2758 5248 2953 5286 vocem
2976 5234 3244 5298 veritatis,
3274 5235 3329 5285 et
3353 5230 3493 5301 quid
3519 5230 3860 5301 signiﬁcare

2143 5319 2335 5374 animo
2386 5320 2697 5375 intenderit
2748 5337 2777 5375 e
2837 5320 3073 5391 regione
3118 5320 3289 5390 hujus
3340 5318 3492 5373 vocis
3527 5320 3769 5389 ﬁgurae;
3806 5327 3863 5377 et

2144 5409 2518 5481 responderet
2598 5410 2763 5464 nobis
2808 5409 3054 5464 dilucide
3109 5425 3234 5463 esse
3294 5408 3859 5465 demonstrationem

2145 5514 2243 5552 seu
2268 5498 2714 5567 patefactionem
2747 5498 2831 5553 rei
2867 5499 3038 5553 nullis
3065 5498 3283 5553 umbris
3327 5497 3527 5551 velatae
3560 5513 3671 5553 nec
3704 5502 3862 5572 ﬁgu-

2146 5586 2223 5639 ris
2257 5586 2593 5655 reconditae;
2630 5604 2822 5641 revera
2864 5588 2987 5657 ejus
3012 5578 3381 5658 responsioni
3410 5590 3523 5639 tam
3575 5588 3781 5651 clarae,
3809 5598 3864 5643 et

2148 5674 2318 5729 nullis
2350 5673 2687 5746 ambagibus
2737 5674 3036 5744 intricatie,
3073 5676 3245 5731 ﬁdem
3287 5675 3562 5731 adhibere
3595 5693 3720 5731 non
3767 5696 3859 5733 re-
