3920 6224
109 336 192 390 117

107 555 422 610 intellexerit
488 554 935 625 patefactionem
999 560 1054 608 et
1109 553 1551 609 declarationem
1628 573 1661 609 a
1719 573 1779 610 re

107 643 502 717 ipsa,admisso
551 641 887 697 discrimine
937 648 994 696 et
1041 643 1406 697 differentia:
1468 645 1515 698 si
1546 645 1780 716 insuper

105 736 351 787 assereret
380 748 503 785 rem
533 732 721 801 ipsam
781 749 903 786 esse
957 732 1310 787 reconditam
1367 734 1612 788 velatam
1673 735 1778 789 sub

106 825 283 893 figura,
316 820 466 892 quod
499 837 705 875 revera
736 821 816 875 ita
856 838 914 876 se
946 822 1156 875 habere
1190 823 1393 876 asserit
1425 828 1482 877 et
1527 824 1780 877 afﬁrmat

105 913 163 966 de
191 928 418 981 corpore
450 911 665 966 Christi
718 911 777 965 in
811 911 1181 966 Eucharistia.
1232 916 1302 967 At
1350 929 1481 967 vero
1514 914 1641 985 quis
1672 913 1775 968 du-

105 998 300 1055 bitandi
328 1000 482 1052 locus
523 1000 875 1071 relinquitur
897 999 1037 1070 quin
1068 999 1144 1054 ita
1178 1001 1399 1056 iocutus
1430 1002 1504 1055 sit
1554 1006 1610 1055 et
1640 1003 1777 1055 scri-

106 1089 259 1161 pserit
290 1088 578 1158 conceptis
662 1089 845 1142 verbis
927 1090 1287 1157 Hatramnus,
1394 1095 1450 1144 et
1524 1096 1776 1146 mentem

106 1194 246 1232 suam
274 1179 563 1247 aperuerit
587 1194 750 1232 num.
782 1183 833 1245 8,

107 1267 366 1339 Sanguine
396 1267 629 1333 Christi,
659 1268 715 1321 in
762 1285 874 1339 quo
904 1273 1205 1340 postquam
1244 1270 1447 1337 ﬁguras
1490 1269 1774 1323 rationem

110 1356 357 1427 exposuit,
390 1358 468 1410 sic
529 1357 730 1411 fatur:
766 1379 786 1405 ι
853 1358 1068 1411 Veritas
1123 1372 1254 1410 vero
1312 1362 1396 1411 est
1447 1358 1529 1411 rei
1591 1358 1773 1410 maui-

109 1446 228 1498 festa
255 1444 665 1500 demonstratio
698 1448 893 1501 multis
928 1449 1259 1501 umbrarum
1294 1445 1640 1516 imaginibus
1673 1446 1774 1499 ob-

113 1534 283 1586 velata.
318 1553 342 1583 ι)
374 1534 495 1587 Non
530 1535 690 1590 enim
718 1537 991 1607 praefatur
1020 1550 1180 1589 suam
1204 1537 1458 1587 mentem
1487 1533 1776 1604 appellere

110 1622 379 1676 consilium
400 1622 616 1678 initum
648 1640 768 1678 esse
799 1624 868 1678 ad
900 1624 1347 1678 examinandum
1382 1626 1439 1676 et
1476 1621 1777 1676 discutien-

111 1710 225 1763 dum
261 1727 329 1764 an
380 1727 594 1783 corpus
642 1712 849 1767 Christi
894 1728 1147 1782 praesens
1190 1710 1261 1765 sit
1292 1711 1378 1765 vel
1428 1725 1622 1764 revera
1653 1709 1769 1763 exi-

111 1805 201 1853 stat
217 1798 271 1852 in
304 1799 654 1854 Eucharistia
685 1817 697 1855 :
734 1802 801 1855 de
841 1801 946 1855 hoc
975 1800 1126 1854 enim
1167 1798 1391 1854 nullum
1433 1799 1485 1852 ei
1535 1796 1772 1853 dubium

114 1889 322 1953 subolet,
366 1905 469 1943 nec
519 1890 839 1945 secundum
874 1891 1247 1945 Ratramnum
1280 1889 1450 1958 (num.
1500 1888 1582 1957 15)
1618 1886 1774 1957 Icon-

114 1975 319 2031 trarium
361 1980 460 2031 aut
508 1993 841 2050 repugnans
888 1977 1000 2031 dici
1027 1983 1123 2031 aut
1170 1978 1407 2045 cogitari
1449 1979 1623 2044 potest
1662 1976 1778 2028 sine

113 2068 330 2128 crimine;
370 2065 465 2120 sed
522 2067 717 2135 palam
778 2083 841 2121 ac
898 2065 1117 2136 liquido
1149 2064 1377 2119 discutit
1429 2068 1486 2117 et
1536 2077 1777 2134 ruspans

114 2154 369 2208 examinat
421 2159 622 2208 utrum
677 2154 853 2209 oculis
901 2154 1158 2225 corporis
1189 2151 1527 2223 subjiciatur
1559 2155 1614 2204 et
1646 2166 1774 2221 per-

116 2242 353 2310 spiciatur
382 2258 454 2295 an
504 2242 741 2313 pateﬁat
774 2243 1104 2296 nullatenus
1136 2241 1385 2294 velatum
1420 2243 1476 2292 et
1524 2236 1778 2292 recondi-

115 2338 217 2385 tum
253 2340 410 2402 (1mm.
440 2335 513 2400 5).
553 2356 581 2381 ‹‹
617 2336 700 2387 An
727 2333 848 2386 sine
881 2332 1291 2403 cujuscumque
1319 2328 1601 2383 velatione
1622 2344 1775 2398 mys-

114 2420 222 2473 terii
257 2421 354 2474 hoc
386 2425 651 2492 aspectus
695 2420 987 2475 intueatur
1033 2418 1284 2489 corporis
1315 2417 1585 2483 exterius,
1624 2415 1777 2486 quod

117 2508 292 2561 mentis
333 2508 483 2561 visus
538 2508 804 2579 inspiciat
844 2506 1103 2575 interius,
1143 2511 1206 2561 ut
1238 2512 1425 2560 totum
1467 2504 1621 2576 quod
1660 2504 1778 2575 agi-

116 2603 210 2663 tur,
238 2598 289 2650 in
338 2596 821 2651 manifestationis
868 2596 993 2650 luce
1038 2596 1329 2650 elarescat.
1365 2614 1391 2643 ››
1430 2593 1528 2648 Hic
1560 2597 1643 2646 est
1684 2608 1777 2644 ve-

117 2700 194 2737 rus
232 2686 559 2756 qumstionis
610 2689 811 2750 status,
860 2685 977 2739 sive
1006 2701 1121 2756 quo
1153 2686 1278 2739 loco
1325 2699 1411 2737 res
1462 2685 1541 2736 est
1575 2680 1776 2750 dispu-

115 2772 315 2825 tationis
343 2773 411 2827 de
456 2773 813 2828 Eucharistia
856 2774 1005 2843 apud
1051 2774 1448 2827 Ratramnum.
1480 2771 1545 2823 Et
1576 2786 1779 2841 quam-

115 2862 181 2913 vis
225 2877 327 2915 non
378 2862 451 2916 sit
483 2862 789 2917 dubitandi
837 2865 992 2918 locus
1032 2864 1172 2935 quin
1221 2879 1370 2934 saepe
1430 2860 1640 2931 saepius
1689 2875 1777 2912 res

115 2950 215 3020 ipsa
241 2967 333 3004 seu
377 2952 627 3017 realitas,
672 2956 737 3005 ut
778 2958 1030 3019 vocatur,
1064 2952 1137 3005 sit
1170 2950 1476 3022 aliquoties
1506 2953 1563 3002 et
1601 2948 1776 3002 inter-

118 3038 227 3091 dum
264 3045 409 3093 stans
453 3040 711 3095 adversis
762 3041 1018 3112 vestigiis
1066 3046 1121 3095 et
1162 3055 1489 3111 repugnans
1538 3038 1770 3109 figura»;
1806 3076 1845 3130 Ο

116 3141 222 3179 cum
250 3142 439 3181 revera
466 3144 587 3181 non
619 3128 699 3181 ita
749 3144 975 3198 semper
1005 3129 1229 3183 eveniat
1257 3144 1322 3182 ex
1371 3142 1648 3181 consensu
1682 3124 1773 3179 di-

117 3230 259 3268 versa:
301 3216 476 3285 partis
519 3217 813 3286 scriptoris
847 3216 1203 3287 przefationis
1250 3216 1473 3271 Galliae
1505 3218 1560 3268 et
1590 3212 1780 3268 Calvi-

118 3303 302 3358 nisticze
342 3321 518 3376 quam
552 3305 644 3358 hic
682 3309 1029 3359 tractamus:
1065 3304 1239 3358 dubio
1286 3304 1481 3374 procul
1518 3303 1775 3356 Ratram-

116 3407 203 3443 nus
239 3392 673 3461 patefactionem
714 3408 833 3454 seu,
882 3398 946 3445 ut
993 3392 1117 3462 ejus
1165 3391 1353 3445 verbis
1396 3396 1544 3455 utar,
1595 3390 1777 3444 mani-

116 3483 420 3545 festationem
487 3486 592 3535 aut
666 3482 1015 3546 manifestam
1078 3480 1583 3534 demonstrationem
1646 3494 1780 3530 voce

116 3570 326 3623 veritatis
356 3569 643 3623 intellexit
672 3586 685 3635 ;
721 3569 936 3640 quippe
968 3583 1095 3621 cum
1130 3570 1374 3640 ipsemet
1418 3569 1589 3637 dicat,
1619 3567 1782 3635 [hanc

118 3656 408 3726 opinionem
442 3675 547 3713 seu
580 3658 976 3714 credulitatem
1005 3660 1073 3714 de
1105 3661 1225 3714 viso
1256 3676 1354 3713 seu
1382 3658 1562 3712 oculis
1594 3656 1777 3710 mani-

117 3746 229 3800 teste
257 3751 557 3818 conspecto
589 3763 824 3818 corpore
853 3748 1062 3803 Christi
1093 3749 1151 3803 in
1186 3747 1555 3812 Eucharistia,
1613 3750 1780 3799 tuen-

120 3834 225 3889 dam
250 3843 536 3908 receptam
593 3839 764 3894 fuisse
797 3841 866 3895 ab
920 3839 1247 3894 orthodoxis
1290 3836 1577 3908 plerisque
1627 3836 1784 3888 theo-

120 3924 253 3994 logis,
292 3927 508 3982 scilicet
560 3930 1237 4001 annuentibusllibenter
1285 3943 1349 3981 ac
1391 3931 1593 3997 sponte
1647 3923 1781 3979 ﬁdei

121 4028 200 4065 seu
226 4015 468 4070 suasioni
514 4017 777 4071 Ecclesiae
830 4017 1125 4072 catholicas
1160 4021 1215 4070 et
1261 4013 1554 4069 communi
1599 4012 1666 4067 de
1698 4027 1782 4065 re-

122 4118 227 4157 vera
271 4104 551 4160 existente
602 4108 910 4176 praesentia
954 4107 1208 4179 corporis
1256 4104 1461 4161 Christi
1507 4109 1563 4158 et
1602 4108 1783 4157 trans-

122 4190 586 4261 substantiatione,
618 4195 876 4250 ducentis
895 4197 1021 4266 plus
1043 4210 1215 4266 quam
1238 4194 1401 4247 annis
1417 4200 1543 4262 post
1565 4190 1781 4244 editum

118 4276 249 4343 jussu
292 4280 478 4337 Caroli
511 4283 669 4338 Calvi
694 4284 763 4338 de
813 4284 1059 4355 Corpore
1111 4287 1166 4336 et
1214 4280 1505 4352 Sanguine
1555 4276 1783 4332 Domini

928 336 1013 389 DE
1053 334 1384 390 COltPORE
1428 338 1516 392 ΕΤ
1556 334 1909 391 SANGUINE
1953 334 2215 391 DOMINI.
2244 364 2315 377 -—
2343 337 2726 392 PitAiFA'l‘lO.

105 482 406 531 maeremus,
443 482 551 520 nec
589 465 989 521 dubitaremus
1038 466 1178 538 quin
1213 482 1280 521 ex
1314 468 1485 521 verbo
1525 470 1778 522 veritatis
1807 472 1850 523 Α

911 1178 998 1232 sui
1068 1177 1199 1233 libri
1269 1179 1340 1233 de
1410 1182 1659 1251 Corpore
1722 1188 1777 1234 et
1860 1218 1869 1225 -

1810 1772 1847 1825 Β

3486 341 3586 395 118

1960 470 2264 525 Enimvero
2297 486 2656 525 omnessuos
2706 477 2942 526 conatus
2973 473 3043 527 ad
3098 473 3209 528 duo
3242 473 3428 545 capita
3478 491 3575 529 seu

1891 561 2226 627 argumenta
2259 557 2506 611 devolvit
2544 557 2779 611 diversae
2830 575 2931 613 seu
2975 560 3347 616 Calvinisticae
3402 563 3581 633 partis

1888 645 2128 717 scriptor
2149 652 2211 700 ut
2239 647 2499 702 ostendat
2539 647 2978 717 patefactioenm
3028 666 3126 704 seu
3176 654 3578 718 manifestatio-

1886 749 2004 787 nem
2065 734 2388 805 significare
2448 736 2629 807 ipsam
2682 738 3004 803 reatitatem,
3062 755 3158 792 seu
3218 756 3411 795 veram
3459 742 3579 796 veri

1887 822 2140 891 corporis
2191 824 2398 878 Christi
2429 824 2720 879 existentis
2768 826 3164 896 praesmtiam;
3196 843 3443 898 quorum
3474 828 3580 882 de-

1887 908 2268 964 bilitationem
2298 916 2354 964 et
2385 911 2762 981 abjectionem
2792 911 3180 966 internoscere
3211 927 3315 967 nec
3348 914 3579 968 difﬁcile

1887 1011 1990 1049 nec
2029 998 2272 1051 arduum
2304 1003 2405 1065 est,
2438 998 2575 1052 viris
2613 999 2900 1070 applicata
2930 1001 3221 1055 voluntate
3251 1001 3383 1055 huic
3404 1018 3579 1073 nego-

1885 1084 1964 1137 tio
1997 1088 2052 1137 et
2078 1085 2267 1138 studio
2311 1085 2793 1140 incumbentibus.

1958 1172 2212 1226 Primum
2253 1174 2499 1243 objicere
2548 1191 2665 1228 non
2706 1176 3120 1246 pertimescunt
3173 1192 3406 1231 necesse
3457 1176 3576 1232 fore

1886 1259 2240 1314 adversarios
2273 1278 2417 1333 quos
2458 1263 2744 1333 impetivit
2794 1264 3160 1332 Ratramnus,
3211 1264 3259 1317 si
3302 1264 3577 1318 vocabulo

1882 1351 2347 1416 manifestationis
2376 1366 2492 1404 non
2522 1350 2803 1404 intellexit
2832 1352 3156 1420 realitatem,
3204 1352 3309 1406 sibi
3342 1369 3580 1423 persuao

1885 1439 2020 1492 sisse
2054 1455 2260 1509 corpus
2313 1439 2518 1493 Christi
2574 1440 2872 1493 oculorum
2919 1440 3098 1493 aciem
3139 1440 3404 1510 subiisse,
3467 1442 3572 1495 sub

1885 1526 2270 1597 qualicunque
2313 1528 2497 1580 forma
2530 1532 2627 1580 aut
2672 1528 2858 1597 specie
2886 1528 3069 1582 carnis
3120 1528 3409 1595 humanae,
3445 1544 3574 1583 cum

1886 1637 2044 1675 secus
2095 1626 2151 1675 et
2207 1622 2373 1675 aliter
2418 1625 2881 1689 munifestationis
2943 1624 3179 1678 nomine
3234 1640 3353 1678 non
3384 1628 3577 1695 posset

1887 1710 2226 1780 nuncupari,
2263 1714 2318 1763 et
2347 1710 2663 1764 secundum
2704 1709 3180 1780 signiﬁcationem
3225 1714 3570 1779 naturalem,

1886 1799 1954 1851 iis
1984 1799 2285 1853 convenire
2316 1814 2430 1852 non
2476 1803 2700 1869 poterat
2744 1800 3073 1855 hominibus
3130 1801 3367 1855 oculatis
3424 1807 3575 1856 recte

1885 1890 1940 1939 et
1970 1891 2229 1941 accurate
2272 1885 2580 1940 scientibus
2612 1886 2726 1940 suis
2758 1887 2936 1941 oculis
2976 1904 3039 1942 ac
3085 1888 3402 1943 luminibus
3432 1889 3575 1944 nihil

1884 1975 2086 2046 subjici
2113 1992 2280 2047 posse
2308 1980 2517 2047 praeter
2547 1974 2837 2047 ἐπιφάνειας
2869 1982 2924 2031 et
2952 1978 3288 2051 παράστασες
3330 1976 3497 2046 panis
3523 1982 3581 2030 et

1884 2064 2024 2131 vini,
2056 2064 2622 2127 scilicetalbedinem,
2650 2065 3060 2120 rotunditatem
3081 2068 3137 2119 et
3158 2064 3570 2119 extensionem.

1886 2155 2092 2207 Verum
2142 2168 2372 2206 necesse
2420 2151 2535 2221 est:
2554 2152 2891 2207 adversariis
2938 2154 3233 2208 Ratramni
3297 2151 3577 2224 ejusmodi

1888 2258 2007 2296 rem
2052 2241 2414 2312 cogitabilem
2454 2240 2625 2295 fuisse
2659 2257 2759 2295 seu
2793 2246 3048 2296 mentem
3101 2241 3428 2296 incurrisse.
3468 2241 3575 2294 De-

1887 2331 2053 2385 fendo
2093 2330 2245 2384 enim
2279 2330 2501 2384 fortiter
2532 2329 2852 2400 et£ncrvose
2903 2331 3011 2386 sibi
3060 2331 3410 2401 persuasisse
3450 2346 3579 2384 ocu-

1885 2417 2073 2471 lorum
2106 2433 2339 2471 suorum
2375 2417 2548 2471 acicm
2584 2419 2891 2489 perstringi
2922 2434 3161 2489 corpore
3202 2422 3258 2472 et
3297 2418 3577 2488 sanguine

1884 2506 2016 2559 .lesu
2055 2505 2265 2560 Christi
2294 2505 2509 2559 affectis
2552 2505 2925 2576 qualitatibus
2953 2506 3117 2576 panis
3148 2510 3205 2559 et
3252 2504 3387 2559 vini.
3424 2506 3578 2560 Hanc

1887 2592 2041 2646 enim
2071 2593 2415 2646 sententiam
2459 2593 2730 2646 tuendam
2778 2592 2999 2663 recepit
3064 2592 3429 2646 doctissimus
3455 2607 3576 2646 car-

1887 2685 2092 2739 dinalis
2124 2685 2448 2752 Perronius,
2482 2685 2598 2739 sive
2626 2700 2832 2756 corpus
2881 2685 3088 2739 Christi
3119 2686 3321 2740 eadem
3379 2701 3578 2756 super-

1889 2773 2013 2827 ﬁcie
2045 2773 2490 2843 circumseptum
2512 2773 2685 2827 fuerit
2703 2773 2863 2844 panis
2882 2778 2937 2827 et
2968 2773 3084 2827 vini
3125 2773 3575 2845 przeexistentis;

1888 2868 1945 2916 et
2009 2863 2217 2933 quibus
2274 2862 2642 2917 manifestum
2699 2867 3138 2917 consectaneum
3214 2862 3576 2933 erumpebat,

1888 2950 2100 3005 scilicet
2129 2966 2333 3021 corpus
2382 2950 2589 3006 Christi
2628 2950 2829 3005 eodem
2880 2951 3048 3005 modo
3098 2968 3298 3005 sensus
3355 2955 3575 3005 nostros

1886 3039 2112 3094 afﬁcere
2146 3038 2350 3093 debere
2384 3055 2497 3110 quo
2526 3039 2689 3110 panis
2719 3044 2776 3092 et
2805 3040 3001 3093 vinum
3032 3046 3200 3093 antea
3228 3039 3573 3104 efﬁciebant,

1891 3127 1975 3181 uti
2002 3127 2286 3198 explicant
2310 3126 2637 3198 philosophi
2672 3127 3021 3193 Cartesiani;
3052 3129 3140 3182 vel
3177 3129 3355 3182 Deum
3385 3144 3487 3198 per
3518 3142 3576 3181 se

1891 3216 1949 3270 in
1982 3217 2243 3271 sensibus
2286 3217 2497 3271 nostris
2554 3216 2813 3287 sculpere
2875 3217 3102 3271 easdem
3161 3216 3442 3287 imagines
3486 3217 3585 3267 aut

1890 3304 2293 3359 conscribitare
2321 3321 2461 3376 quas
2491 3304 2655 3375 panis
2686 3308 2743 3358 et
2784 3302 2981 3357 vinum
3010 3302 3439 3374 imprimerent,
3474 3299 3581 3354 nisi

1892 3409 2093 3448 eorum
2125 3393 2524 3447 transmutatio
2550 3392 2698 3446 facta
2744 3391 2937 3457 fuerit,
2972 3396 3033 3445 ut
3086 3391 3331 3461 explicat
3372 3390 3582 3443 doctis-

1890 3481 2069 3535 simus
2100 3482 2266 3535 Pater
2297 3481 2536 3552 Magnan
2566 3496 2632 3534 ex
2665 3479 2865 3534 ordine
2893 3479 3281 3534 Minimorum.
3319 3480 3429 3533 Hoc
3449 3494 3582 3531 vero

1894 3570 2110 3641 liquido
2145 3574 2359 3625 constat
2388 3575 2447 3624 et
2486 3569 2781 3623 evidenter
2814 3585 2880 3622 ex
2911 3568 3269 3623 sermonibus
3296 3572 3351 3621 et
3396 3566 3584 3621 verbis

1890 3660 2109 3714 abbatis
2169 3658 2454 3726 Abbaudi,
2486 3658 2585 3729 qui
2629 3662 2760 3727 post
2819 3656 3193 3710 Ratramnum
3253 3655 3479 3724 scripsit
3528 3659 3584 3707 et

1889 3750 2036 3804 hanc
2064 3749 2410 3803 sententiam
2441 3747 2713 3801 tuendam
2745 3745 2976 3815 recepit,
3013 3761 3184 3815 quam
3238 3744 3452 3798 affatim
3485 3760 3578 3797 ex-

1890 3843 2061 3915 plicat
2090 3847 2145 3896 et
2172 3842 2407 3896 extricat
2439 3845 2500 3895 ut
2557 3855 2624 3894 ex
2675 3838 3143 3895 adnotationibus
3186 3838 3398 3892 nostris
3440 3837 3584 3891 dilu-

1891 3931 2013 3986 cide
2045 3936 2102 3985 et
2129 3930 2344 4002 liquido
2372 3927 2607 4000 patebit.
2640 3950 2667 3977 ‹‹
2703 3926 3113 3997 Cogitaveram,
3177 3925 3389 3993 inquit,
3422 3930 3477 3980 et
3508 3925 3578 3978 il-

1892 4020 1959 4075 lis
1983 4020 2176 4090 aliqua
2200 4018 2545 4089 respondere
2585 4016 2683 4088 qui
2712 4016 2911 4071 dicunt
2970 4014 3158 4086 ipsum
3218 4032 3425 4086 corpus
3464 4030 3581 4069 non

1890 4107 2097 4178 frangi,
2125 4106 2223 4161 sed
2266 4106 2325 4160 in
2378 4104 2639 4160 albedine
2686 4105 2807 4175 ejus
2858 4106 2913 4157 et
2958 4102 3309 4157 rotunditate
3363 4101 3580 4173 aliquid

1892 4196 2166 4262 factitari;
2227 4194 2323 4249 sed
2390 4193 2714 4264 recogitans
2765 4194 3027 4263 ineptum
3083 4208 3204 4246 esse
3278 4189 3583 4261 Evangelio

1894 4285 2099 4341 Christi
2130 4284 2198 4338 de
2229 4283 2491 4338 albedine
2523 4287 2579 4337 et
2609 4282 2957 4337 rotunditate
3006 4279 3309 4353 disputari,
3358 4281 3582 4334 amatu-

125 4364 318 4420 librum.
353 4368 519 4432 Quod
552 4386 585 4423 a
616 4374 692 4436 te,
737 4372 912 4425 lector
960 4370 1195 4440 optime,
1227 4368 1516 4422 cumulate
1545 4368 1673 4436 'pers

2037 4374 2132 4429 ilia
2163 4374 2397 4428 auribus
2426 4372 2740 4438 dimovens,
2773 4371 3082 4427 dialecticis
3102 4378 3201 4426 aut
3219 4374 3371 4425 certe
3390 4370 3585 4442 pueris

126 4458 245 4507 ctum
273 4455 341 4508 iri
367 4472 487 4510 non
531 4458 733 4511 dubito
769 4474 833 4513 ex
876 4458 1192 4512 accessione
1243 4462 1528 4517 notarum,
1565 4455 1623 4508 in
1655 4452 1782 4524 qui-

126 4540 207 4593 bus
232 4544 574 4599 mentionem
651 4546 994 4601 adduximus
1062 4545 1285 4600 abbatis
1367 4542 1648 4609 Abbaudi,
1730 4546 1786 4595 et

130 4630 357 4701 Gualteri,
413 4634 617 4705 magni
656 4636 864 4705 prioris
898 4637 1138 4691 abbatize
1172 4636 1355 4690 sancti
1399 4633 1632 4689 Victoris
1680 4634 1783 4687 Pa-

128 4720 358 4775 risiensis.
407 4724 591 4777 Porro
644 4741 1131 4795 supervacaneum
1182 4725 1329 4779 foret
1384 4723 1455 4777 ad
1492 4722 1787 4793 lsubtert'u-

129 4808 355 4875 giendam
402 4818 461 4866 et
491 4813 879 4868 enervandam
926 4814 1162 4884 hujusce
1202 4808 1596 4883 responsionis
1648 4807 1784 4873 vim,

130 4895 177 4947 ad
203 4897 363 4951 instar
412 4899 672 4954 auctoris
704 4901 1062 4971 praefationis
1104 4900 1330 4956 Gallicae
1366 4898 1589 4968 scriptae
1634 4911 1786 4949 anno

134 4987 257 5051 ΗΜ,
286 5004 411 5059 pag.
458 4992 530 5044 33
563 4994 620 5043 et
652 4990 739 5055 34,
771 4989 1121 5044 contendere
1166 4994 1223 5042 et
1248 4988 1384 5042 totis
1416 4986 1632 5040 viribus
1662 4983 1787 5037 vin-

130 5072 277 5131 dicare
305 5079 450 5133 hanc
489 5096 686 5134 vocem
729 5084 784 5135 et
813 5080 1164 5134 locutionem
1199 5080 1661 5145 manifestationis
1700 5092 1788 5136 cc-

130 5165 277 5219 n'tatis
337 5167 671 5238 signiﬁcare
731 5168 914 5239 ipsam
973 5184 1144 5241 quam
1208 5176 1414 5225 vocant
1467 5176 1788 5237 realitatcm,

131 5250 344 5325 adeoque
394 5257 785 5312 Ratramnum
847 5259 1032 5328 ipsam
1081 5259 1347 5327 negando
1390 5264 1789 5329 mani/'estatio-

131 5354 219 5393 nem
240 5349 480 5414 corporis
508 5347 718 5402 Christi
763 5347 821 5401 in
885 5348 1267 5418 Eucharistia,
1301 5364 1645 5420 pernegasse
1704 5351 1791 5421 ip-

134 5444 222 5483 sam
250 5435 555 5489 realitatem
586 5451 683 5489 seu
724 5434 857 5490 ﬁdei
887 5454 982 5492 seu
1010 5437 1265 5493 suasioni
1310 5439 1638 5493 orthodoxae
1672 5439 1794 5492 sin-

134 5532 229 5571 cere
249 5521 561 5576 abnuisse:
611 5538 740 5577 cum
798 5525 902 5578 hoc
959 5525 1203 5594 probare
1260 5525 1332 5579 sit
1385 5542 1626 5597 prorsus
1676 5531 1790 5579 tam

136 5604 319 5663 difﬁcile
344 5627 528 5681 quam
558 5606 815 5662 assum?
846 5628 941 5665 seu
968 5612 1341 5683 impossibile.

1891 4463 2026 4518 talia
2057 4461 2317 4533 permisi.
2377 4459 2699 4516 Praesertim
2744 4476 2874 4515 cum
2928 4459 3112 4532 quivis
3166 4459 3331 4514 facile
3396 4459 3587 4513 videat

1892 4551 2217 4607 albedinem
2256 4566 2356 4604 seu
2398 4549 2813 4605 rotunditatem
2857 4549 2928 4604 ab
2979 4549 3104 4619 ipso
3139 4563 3379 4616 corpore
3428 4547 3582 4619 quod

1892 4641 2083 4696 album
2115 4643 2213 4694 aut
2241 4639 2555 4694 rotundum
2587 4643 2688 4707 est,
2726 4638 2977 4710 separari
3025 4654 3140 4691 non
3188 4652 3374 4706 posse,
3418 4635 3495 4689 ita
3523 4639 3589 4689 ut

1894 4730 1964 4784 ab
1992 4729 2117 4800 ipso
2148 4745 2261 4782 non
2286 4727 2463 4782 fracto
2493 4743 2595 4799 per
2614 4743 2672 4780 se
2696 4726 3064 4798 singulariter
3093 4725 3452 4793 frangantur.
3482 4744 3510 4771 »

1966 4819 2026 4872 In
2058 4817 2320 4872 eamdem
2356 4816 2697 4871 sententiam
2727 4815 2912 4885 Livisse
2948 4814 3299 4879 Gualterum,
3332 4808 3586 4882 priorem

1894 4907 1949 4962 S.
1989 4905 2250 4973 Victoris,
2281 4910 2335 4959 et
2364 4905 2626 4958 eumdem
2663 4920 2827 4958 nsum
2875 4902 3026 4971 apud
3078 4907 3385 4972 utrumque
3451 4901 3588 4954 sub-

1896 4996 2027 5050 iisse
2058 4994 2295 5050 verbum
2335 4995 2583 5047 veritatis
2634 4992 2703 5045 ad
2760 4990 3193 5060 significandam
3248 4988 3586 5060 patefactio-

1894 5099 2027 5137 nem
2060 5098 2161 5137 seu
2205 5082 2560 5145 manifestam
2590 5078 3121 5144 demonstrationem,
3159 5093 3259 5132 seu
3297 5078 3550 5149 cognitio
3571 5108 3584 5119 ο

1898 5188 2031 5227 nem
2063 5170 2391 5225 sensitivam
2430 5166 2683 5237 corporis
2710 5165 2915 5220 Christi
2949 5166 3055 5219 sub
3087 5166 3380 5221 affectibus
3418 5166 3584 5236 panis

1897 5267 1953 5317 et
1985 5259 2122 5325 vini,
2152 5259 2478 5312 nullatenus
2518 5271 2649 5309 vero
2680 5253 3048 5326 praesentiam
3076 5255 3199 5325 ejus
3243 5270 3440 5309 revera
3470 5254 3588 5308 exi-

1899 5354 2142 5404 stentem
2174 5347 2312 5413 sive,
2342 5360 2514 5418 quam
2562 5348 2766 5409 vocant
2796 5343 2902 5397 aevi
2952 5344 3286 5414 posterioris
3344 5343 3581 5413 scripto-

1899 5450 2010 5503 res,
2044 5435 2372 5489 realitatem.

1970 5523 2094 5576 1am
2164 5522 2474 5576 secundum
2541 5524 2712 5592 caput
2775 5520 3591 5592 argumentorum‘discutere

1901 5610 2334 5682 aggrediamur;
2366 5626 2561 5664 revera
2593 5610 2769 5681 priori
2820 5610 3067 5680 amplius
3107 5615 3162 5664 et
3209 5609 3494 5665 extentius
3526 5609 3593 5661 vi-
