3920 6224
270 253 371 313 119

1437 256 1802 312 RATRAMNI
1838 258 2289 314 CORBEIENSIS
2329 257 2641 315 MONACHI

3685 256 3808 313 120

271 393 458 459 detur,
493 391 590 446 sed
621 391 690 446 ad
744 392 1057 462 perfectam
1101 390 1234 446 libri
1292 391 1592 447 Ratramni
1638 391 1962 464 intelligen-
1994 398 2037 451 Α
2075 392 2292 449 cerebri
2348 410 2516 449 sensu
2573 395 2654 450 uti
2694 393 2956 450 videatur
3011 396 3361 451 Ratramnus
3388 409 3624 449 necesse
3650 397 3742 448 est
3788 409 3804 446 :

271 481 418 536 tiam
458 479 681 535 diluere
718 495 947 534 necesse
976 485 1081 534 est.
1115 480 1194 534 Ex
1224 483 1473 550 quatuor
1515 479 1654 535 locis
1682 479 1858 551 hujus
1885 497 1979 535 au-

277 570 451 624 ctoris
483 567 758 639 erumpit,
794 573 851 622 et
891 569 1100 639 quibus
1126 568 1420 622 traductor
1443 568 1692 623 Gallicus
1742 568 1978 622 diversae

271 658 449 728 partis
505 657 791 712 vindicare
841 661 1026 711 tentat
1075 657 1250 711 verbo
1313 659 1793 724 manifestationis,
1854 657 1979 711 sive

274 747 594 801 manifesta:
639 745 1168 813 demonstrationis,
1226 747 1602 800 Ratramnum
1657 745 1977 816 signiﬁcare

277 835 522 890 voluisse
551 836 878 890 reatitatem.
927 833 1036 889 Sed
1067 851 1129 888 ex
1164 835 1254 889 his
1279 839 1529 905 quatuor
1559 834 1698 888 locis
1745 850 1980 904 prorsus

276 925 630 979 contrarium
667 923 926 978 evincere
960 923 1101 977 mihi
1130 922 1353 978 facilius
1413 923 1652 989 videtur,
1687 928 1744 978 et
1781 940 1813 977 e
1843 939 1977 976 con-

275 1019 363 1066 tra
393 1013 749 1083 apertionem
808 1027 906 1064 seu
968 1010 1412 1081 patefactionem
1469 1012 1733 1067 sensibus
1793 1012 1981 1082 subje-

277 1105 428 1156 ctam
451 1101 707 1170 corporis
733 1100 964 1156 Christi.

351 1189 577 1242 Primus
621 1188 778 1242 locus
824 1187 1139 1241 assumitur
1168 1205 1202 1242 a
1242 1189 1556 1244 Ratramno
1593 1205 1660 1243 ex
1709 1188 1981 1243 orationi-

280 1277 386 1331 bus
420 1294 515 1331 seu
571 1276 835 1331 Collectis
883 1275 1144 1330 Ecclesia:
1209 1277 1498 1342 Romanae,
1546 1277 1982 1331 Mediolanensis

280 1372 336 1420 et
364 1366 712 1420 Senonensis
741 1378 784 1420 υ.
845 1367 1053 1431 Pignus
1091 1371 1305 1420 aeterna
1360 1369 1489 1420 vitae
1536 1369 1827 1435 capientes,
1879 1367 1980 1420 hu-

283 1455 486 1510 militer
551 1455 906 1522 imploramus
983 1461 1044 1507 ut
1114 1455 1257 1522 quod
1323 1457 1382 1508 in
1458 1457 1694 1521 imagine
1765 1455 1978 1509 contin-

283 1546 460 1612 gimus
526 1544 874 1606 sacramenti,
944 1545 1242 1609 manifesta
1310 1544 1737 1612 participatione
1800 1558 1982 1596 suma-

283 1649 420 1687 mns.
456 1634 530 1687 Ex
561 1633 651 1687 bis
681 1648 814 1686 vero
851 1631 977 1686 luce
1003 1631 1212 1685 clarius
1243 1637 1401 1702 patet
1439 1631 1746 1685 Ecclesiam
1777 1647 1982 1702 rogare

288 1723 467 1775 Deum
520 1721 733 1774 claram
797 1724 854 1774 et
911 1725 1172 1790 apertam
1231 1699 1676 1790 patefactionem
1728 1699 1986 1790 corporis
2019 1699 2058 1754 Β

289 1808 519 1874 Christi,
550 1809 632 1862 uti
663 1824 860 1862 revera
903 1808 967 1861 in
1017 1811 1232 1861 aeterna
1283 1807 1468 1878 gloria
1519 1808 1797 1875 consistit,
1829 1808 1989 1880 quod

289 1898 352 1951 in
379 1901 639 1967 tempore
670 1895 774 1950 sub
807 1896 1110 1967 paropside
1142 1913 1239 1950 seu
1291 1897 1615 1952 velamento
1650 1897 1990 1952 sacramenti

292 1986 584 2057 possidet:
637 1985 793 2055 quod
833 1985 1130 2039 manifeste
1187 1986 1543 2040 demonstrat
1573 1985 1827 2058 aliquam
1857 2002 1991 2040 con-

292 2075 492 2129 sistere
521 2073 583 2127 iu
612 2079 968 2127 sacramento
1013 2075 1260 2141 ﬁguram
1313 2079 1371 2128 et
1416 2073 1475 2127 in
1509 2090 1576 2128 eo
1629 2091 1756 2145 quae
1787 2091 1987 2128 recon-

293 2164 412 2218 dita
435 2168 587 2228 sunt,
622 2179 736 2216 non
775 2163 1038 2232 patelieri
1084 2164 1379 2229 manifesta
1409 2164 1522 2217 luce
1573 2165 1854 2228 clarescat,
1908 2162 1990 2217 uti

294 2250 602 2306 adversarii
633 2251 931 2306 Ratramui
969 2251 1162 2304 animo
1192 2251 1590 2317 intendebant,
1626 2252 1724 2323 qui
1769 2253 1989 2306 nullam

295 2338 674 2393 admittebant
721 2356 818 2393 seu
879 2339 1369 2410 recognoscebant
1400 2342 1456 2392 in
1516 2339 1789 2409 mysterio
1842 2341 1990 2410 ﬁgu-

294 2444 440 2490 ram,
474 2428 571 2482 sed
602 2429 717 2481 imo
746 2427 942 2481 omnia
991 2427 1250 2481 sensibus
1284 2428 1585 2482 oculorum
1643 2426 1825 2481 aciem
1857 2427 1990 2481 sub-

297 2517 380 2569 ire
410 2520 466 2569 et
497 2516 759 2570 sensibus
825 2515 1044 2584 subjici.
1079 2517 1252 2569 Plura
1305 2515 1593 2586 conceptis
1643 2515 1829 2570 verbis
1874 2532 1991 2570 non

299 2603 631 2673 signiﬁcant
656 2619 784 2673 qua:
812 2604 1190 2673 proferuntur
1219 2620 1284 2657 ex
1313 2604 1570 2658 oratione
1602 2605 1850 2658 secunda
1881 2621 1894 2658 :
1927 2607 1992 2660 Ut

299 2709 418 2762 qua
447 2708 589 2746 nunc
617 2694 792 2761 specie
828 2694 1086 2760 gerimus,
1119 2709 1297 2747 rerum
1324 2697 1553 2748 veritate
1599 2697 1880 2763 capiamus
1909 2693 1932 2727 ¹³
1978 2713 1992 2760 ;

301 2780 518 2852 quippe
550 2797 680 2834 cum
713 2797 819 2834 vox
851 2783 1056 2836 veritas
1084 2781 1228 2836 nihil
1261 2788 1472 2852 praeter
1499 2785 1993 2850 manifestationem

301 2875 350 2924 et
371 2871 718 2935 manifestam
757 2869 1262 2924 demonstrationem
1311 2871 1639 2941 signiticet:
1687 2887 1816 2942 qua:
1860 2875 1992 2925 sunt

301 2959 428 3029 ipsa
454 2958 626 3012 verba
654 2957 951 3012 Ratramni
977 2964 1034 3012 et
1054 2957 1301 3012 aliorum
1332 2959 1432 3030 qni
1450 2959 1790 3013 sententiam
1817 2975 1990 3030 quam

301 3047 667 3116 impugnavit
695 3045 969 3100 tuendam
1016 3053 1373 3116 receperunt.
1426 3049 1666 3118 Insuper
1711 3048 1875 3102 facile
1907 3053 1992 3102 est

300 3136 624 3206 intelligere
686 3135 990 3190 Ecclesiam
1043 3136 1301 3190 Latinam
1361 3141 1619 3206 acceptas
1654 3137 1754 3190 has
1781 3136 1994 3207 [preces

304 3231 360 3279 et
391 3225 682 3282 orationes
711 3224 772 3278 in
811 3225 1064 3279 Graecam
1094 3224 1382 3290 retulisse,
1405 3240 1471 3277 ex
1501 3225 1626 3278 loco
1652 3225 1836 3278 sancti
1869 3225 1996 3278 Dio-

304 3310 453 3382 nysii
483 3311 668 3381 capite
700 3313 729 3366 3
762 3311 831 3364 de
884 3310 1236 3377 Hierarchia,
1262 3328 1390 3382 pag.
1428 3313 1530 3366 286
1562 3329 1574 3366 :
1613 3310 1767 3363 Ἀ).λά
1799 3311 1838 3362 ὣ
1871 3314 1997 3365 Θειο-

305 3402 437 3457 τάτη
467 3403 554 3450 καὶ
586 3400 694 3473 ἱερὰ
720 3399 916 3472 τελετῇ,
963 3402 1026 3451 τὰ
1057 3404 1378 3473 περικειμένα
1411 3419 1493 3451 σοι
1539 3399 1860 3472 συμϐολικῶς
1902 3399 2000 3472 ἀμ.-

308 3492 566 3560 φιέσματα
594 3497 694 3540 τῶν
720 3489 1038 3560 citur/paron
1081 3487 1522 3560 ἀποκαλυψάμενη
1572 3489 1839 3560 minuta);
1877 3489 1997 3561 ἡμῖν

305 3573 675 3647 ἀναδεὶχθὴτι,
718 3580 921 3638 καὶτὰς
996 3580 1173 3652 νοερᾶς
1241 3580 1384 3649 ἡμων
1449 3580 1585 3650 ὄφεις
1656 3580 1844 3630 ὲνιαίου
1913 3582 2000 3630 καὶ

306 3665 723 3739 ἁπερικαλὺπτου
752 3669 915 3737 φωτὸς
948 3667 1346 3741 ἀποπλήρωσον.
1406 3670 1582 3723 Pravo
1627 3673 1685 3723 et
1712 3668 1995 3739 intempe-

305 3754 456 3808 ranti
481 3754 764 3808 ratiocinii
785 3771 1013 3825 genere
1069 3761 1286 3822 utetur,
1335 3755 1598 3827 quisquis
1628 3771 1693 3809 ex
1753 3755 1844 3810 his
1874 3772 1997 3808 ver-

305 3841 393 3896 bis
438 3843 618 3897 sancti
680 3843 934 3914 Dionysii
988 3849 1395 3915 argumeutnm
1451 3845 1722 3899 adVersus
1783 3844 1996 3898 realem

307 3932 673 4001 praesentiam
707 3931 963 4002 corporis
995 3931 1220 3996 Christi,
1252 3948 1426 4002 quam
1484 3933 1790 3986 realitatem
1849 3949 1997 3986 nun-

308 4022 538 4088 cupant,
571 4023 905 4072 assumeret.
949 4019 1246 4072 Enimvero
1295 4035 1424 4072 cum
1468 4026 1703 4073 econtra
1744 4020 2001 4074 adoratio

309 4105 552 4174 supplex
585 4105 660 4158 sit
688 4105 758 4158 ad
792 4110 1231 4172 sacramentum,
1277 4105 1533 4163 Θειοτὰτη
1567 4110 1654 4156 καὶ
1686 4105 1795 4180 ἱερά
1826 4105 1998 4164 τελετὴ

312 4210 510 4248 revera
542 4192 814 4248 subaudit
846 4208 946 4246 seu
999 4195 1275 4263 supponit
1318 4194 1378 4247 in
1407 4209 1475 4247 eo
1525 4209 1730 4264 corpus
1772 4194 2002 4262 Christi,

2085 499 2214 537 cum
2249 482 2303 536 ei
2331 484 2489 537 nulla
2521 483 2745 538 intersit
2771 485 3122 538 concertatio
3153 489 3252 539 aut
3298 482 3622 556 disputatio
3661 499 3807 538 cum

2087 573 2365 642 theologis
2395 573 2528 628 viris
2559 578 2797 644 propter
2832 579 3124 643 receptam
3175 581 3273 628 aut
3303 573 3373 627 ab
3425 573 3569 644 ipsis
3601 572 3808 627 defen-

2087 680 2209 718 sam
2240 665 2602 734 priesentiam
2653 664 2907 734 corporis
2965 665 3196 732 Christi,
3255 665 3352 719 sed
3405 663 3605 736 potius
3660 663 3809 717 dicti

2087 751 2342 821 corporis
2371 752 2490 806 veri
2542 758 2599 807 et
2628 752 2687 806 in
2720 753 3070 808 Eucharistia
3124 751 3407 808 reconditi
3462 751 3812 824 patefactio-

2086 856 2216 894 nem
2247 857 2349 895 seu
2405 843 2768 897 manifestam
2824 843 3410 906 demonstrationem,
3463 841 3630 897 omni
3673 841 3811 895 velo

2085 929 2404 1000 postposito
2444 933 2500 984 et
2544 931 2731 1001 ﬁgura
2776 932 3200 1001 praetermissa;
3245 931 3464 1002 quippe
3521 929 3637 984 sibi
3665 945 3810 999 per-

2089 1020 2396 1074 suasissent
2425 1027 2480 1076 et
2513 1021 2706 1076 animo
2745 1022 3025 1077 haberent
3056 1021 3370 1075 absurdum
3410 1024 3470 1075 et
3518 1034 3810 1089 superva-

2087 1121 2329 1160 caneum
2371 1125 2493 1163 esse
2541 1109 2811 1179 frangere
2854 1108 3184 1163 albedinem
3230 1113 3328 1162 aut
3373 1106 3813 1162 rotunditatem

2088 1193 2274 1264 panis,
2311 1196 2408 1250 sed
2443 1196 2561 1251 imo
2595 1213 2822 1252 necesse
2864 1213 2984 1250 esse
3035 1197 3159 1250 fore
3199 1211 3407 1266 corpus
3467 1194 3687 1248 Christi
3721 1193 3812 1247 al-

2088 1280 2227 1333 bum
2281 1286 2338 1335 et
2393 1283 2725 1350 rotundum,
2791 1283 3141 1352 disruptum,
3199 1282 3282 1336 uti
3336 1281 3693 1351 intelligitur
3737 1297 3808 1333 ex

2091 1372 2330 1422 tractatu
2387 1371 2650 1426 Abbaudi
2711 1372 2930 1426 abbatis
2981 1379 3039 1426 et
3068 1373 3317 1426 aliorum
3364 1372 3488 1442 ejus
3521 1371 3809 1439 opinioni

2090 1469 2206 1508 non
2235 1457 2635 1526 abnuentium,
2663 1459 2782 1514 imo
2811 1459 2863 1515 ei
2885 1459 3150 1530 religiose
3183 1459 3651 1530 propitiantium.

2161 1544 2416 1599 Tertium
2441 1554 2851 1617 argumentum
2885 1547 3144 1602 exoritur
3167 1563 3235 1600 ex
3263 1563 3505 1600 numero
3535 1549 3634 1601 85l
3677 1551 3814 1616 post

2092 1633 2401 1688 secundam
2449 1634 2789 1701 orationem,
2847 1635 2908 1688 in
2971 1650 3086 1704 quo
3143 1635 3646 1699 manifestationem
3695 1649 3805 1685 seu

2097 1724 2385 1778 verita-tem
2415 1721 2750 1794 neutiquam
2775 1725 3084 1778 realitatem
3139 1723 3379 1794 opponit
3411 1723 3649 1777 vocibus
3681 1737 3815 1791 spe-

2098 1811 2201 1863 ciei
2230 1815 2286 1863 et
2341 1813 2698 1879 apparentia,
2743 1816 2809 1864 ut
2859 1811 3074 1881 passim
3132 1811 3193 1866 in
3241 1810 3464 1881 integro
3522 1814 3809 1864 tractatu.

2101 1897 2210 1950 Sed
2234 1914 2300 1951 eo
2333 1897 2438 1951 loci
2478 1899 2671 1952 nullus
2729 1900 3089 1969 responsioni
3119 1901 3276 1955 locus
3328 1900 3526 1954 adesse
3578 1903 3812 1968 potest.

2099 1984 2441 2055 Neutiquam
2498 1986 2654 2041 enim
2710 1988 2910 2058 negari
2956 1993 3143 2058 potest
3200 1989 3387 2058 ipsum
3443 1987 3818 2042 intellexisse

2098 2073 2486 2144 cognitionem
2543 2075 2799 2145 corporis
2862 2075 3070 2130 Christi
3128 2092 3231 2146 per
3287 2075 3652 2129 manifestam
3710 2074 3815 2128 de-

2099 2161 2599 2229 monstrationem,
2633 2162 2872 2216 minime
2900 2177 3036 2218 vero
3068 2162 3254 2232 ipsam
3303 2162 3672 2216 existentiam
3707 2170 3818 2215 aut

2098 2264 2291 2303 veram
2355 2249 2745 2318 praesentiam.
2813 2250 3036 2320 Quippe
3102 2266 3232 2303 cum
3293 2254 3408 2303 tota
3474 2249 3815 2304 differentia

2099 2352 2272 2406 quam
2299 2353 2421 2390 esse
2452 2337 2811 2406 recognoscit
2841 2337 2992 2391 inter
3039 2353 3247 2408 corpus
3297 2337 3508 2392 Christi
3563 2336 3630 2392 in
3690 2339 3814 2392 Eu-

2099 2423 2368 2478 charistia
2424 2423 2675 2477 velatum
2736 2429 2794 2477 et
2853 2424 3162 2489 occultum,
3207 2428 3263 2478 et
3314 2424 3470 2477 idem
3521 2423 3583 2476 in
3617 2424 3818 2494 gloria

2100 2518 2428 2567 sanctorum
2456 2513 2684 2582 fulgens
2731 2516 2788 2566 et
2829 2512 3199 2582 patefactum,
3246 2511 3555 2566 consistere
3593 2513 3816 2566 asserit

2099 2602 2251 2672 quod
2282 2601 2595 2671 gloriosum
2625 2617 2832 2672 corpus
2855 2617 2957 2671 per
3009 2603 3448 2655 resurrectionem
3473 2600 3596 2668 jam
3633 2601 3817 2667 glori-

2099 2691 2318 2756 ﬁcatum
2347 2692 2685 2755 cognoscitur
2713 2706 2844 2744 cum
2895 2691 3032 2744 satis
3059 2691 3258 2756 fuisset
3301 2689 3500 2752 dicere,
3553 2690 3684 2757 jam
3718 2705 3821 2756 per

2100 2779 2542 2832 resurrectionem
2607 2778 2973 2849 gloriﬁcatum
3037 2780 3244 2832 existit.
3341 2777 3506 2842 Quod
3563 2776 3817 2846 quidem

2102 2865 2442 2920 vocabulum
2473 2881 2640 2921 usum
2675 2871 2841 2920 astate
2906 2865 3198 2920 Ratramni
3245 2865 3496 2919 subierat
3525 2865 3598 2918 ad
3631 2864 3822 2936 signi-

2103 2954 2392 3008 ﬁcandum
2427 2971 2631 3024 corpus
2658 2953 2866 3009 Christi
2914 2954 3024 3008 hoc
3066 2968 3280 3007 nomen
3323 2969 3438 3006 non
3479 2951 3677 3005 solum
3720 2954 3820 3006 ha.

2102 3041 2237 3096 bere
2267 3042 2327 3096 in
2362 3041 2731 3108 Eucharistia,
2765 3042 2862 3097 sed
2893 3041 2951 3095 in
3001 3058 3067 3096 ea
3117 3057 3240 3095 esse
3271 3047 3328 3095 et
3370 3041 3634 3095 existere.
3684 3041 3818 3095 Ad-

2105 3129 2297 3184 damus
2323 3133 2488 3183 etiam
2517 3128 2662 3198 quod
2716 3131 2815 3183 iste
2860 3131 3024 3198 panis
3053 3133 3104 3182 et
3159 3130 3328 3190 calix,
3383 3131 3480 3198 qui
3525 3144 3733 3197 corpus
3769 3137 3819 3182 et

2104 3219 2328 3285 sanguis
2351 3217 2558 3273 Christi
2593 3219 2908 3270 nominatur
2939 3221 2990 3270 et
3035 3217 3223 3270 existit
3257 3216 3428 3285 (num.
3479 3217 3544 3269 99
3598 3221 3651 3269 et
3703 3220 3816 3283 t6}.

2177 3305 2457 3369 Quartum
2517 3303 2828 3358 assumitur
2901 3319 3063 3357 num.
3134 3305 3223 3370 97,
3281 3304 3342 3356 in
3407 3319 3520 3372 quo
3559 3303 3820 3372 repetita

2108 3393 2430 3449 diﬁ'erentia
2487 3393 2640 3448 inter
2697 3409 2905 3464 corpus
2970 3392 3180 3448 Christi
3234 3393 3295 3446 in
3343 3399 3709 3447 sacramento
3765 3398 3820 3446 et

2107 3483 2262 3538 idem
2296 3482 2356 3536 in
2417 3481 2624 3554 gloria,
2661 3481 2741 3536 ait
2793 3483 2852 3536 in
2879 3482 3063 3553 gloria
3109 3481 3468 3535 reconditum
3519 3497 3642 3535 non
3688 3497 3821 3534 esse

2108 3571 2211 3626 sub
2242 3570 2460 3641 ﬁguris,
2516 3571 2615 3625 sed
2674 3570 2978 3624 manifesta
3037 3569 3525 3624 demonstratione
3577 3570 3816 3638 patefa-

2107 3666 2263 3715 ctum
2293 3662 2356 3714 in
2396 3660 2578 3730 gloria
2627 3665 2684 3714 et
2729 3661 3070 3730 cognitum:
3119 3663 3228 3717 Nec
3262 3663 3320 3714 in
3375 3676 3432 3715 eo
3487 3661 3570 3714 uel
3616 3661 3820 3730 aliqua

2108 3751 2307 3818 ﬁgura,
2338 3746 2433 3802 sed
2462 3749 2584 3816 ipsa
2625 3749 2706 3800 rei
2731 3749 3106 3814 manifestatio
3149 3749 3507 3815 cognoscitur.
3559 3746 3818 3801 Concor-

2111 3835 2258 3890 diter
2310 3835 2378 3889 ad
2418 3851 2485 3888 ea
2540 3850 2670 3904 quae
2727 3838 2898 3890 antea
2951 3836 3171 3890 dixerat
3231 3837 3401 3904 (nam.
3461 3835 3550 3901 89)
3601 3850 3821 3905 corpus

2109 3929 2238 3995 post
2291 3923 2764 3977 resurrectionem
2817 3939 2940 3978 esse
2998 3923 3260 3978 sensibus
3315 3923 3639 3993 subjectum
3693 3927 3821 3994 pat-

2107 4014 2290 4084 pabite
2317 4028 2410 4067 seu
2453 4013 2669 4067 uisibile
2723 4015 2887 4068 etiam
2933 4018 3058 4083 post
3091 4013 3554 4079 resurrectionem,
3609 4016 3668 4065 et
3698 4012 3816 4066 hoc

2111 4107 2198 4157 est
2248 4100 2400 4173 quod
2449 4101 2734 4172 interpres
2791 4101 3166 4156 Protestantis
3219 4100 3398 4172 partis
3431 4100 3693 4155 defendit
3746 4102 3819 4156 de

2115 4190 2330 4246 Latinis
2379 4189 2586 4244 Gallice
2644 4189 2814 4243 scribi
2865 4189 3072 4244 debere
3119 4205 3312 4259 corpus
3340 4190 3484 4243 reate
3535 4205 3613 4242 un
3646 4205 3818 4245 conas

313 4297 585 4353 prmsens,
621 4279 691 4334 ad
721 4295 894 4351 quem
921 4279 1132 4348 solum,
1162 4297 1293 4334 cum
1323 4281 1500 4347 efﬁat,
1541 4286 1605 4335 ut
1644 4281 1787 4336 ﬁdes
1817 4282 1996 4349 docet,
2032 4297 2074 4350 ι)
2112 4284 2254 4334 acer.
2286 4295 2298 4332 :
2327 4278 2424 4332 sed
2455 4278 2560 4331 hoc
2589 4282 2676 4332 est
2703 4277 2772 4332 de
2801 4278 3083 4333 lectorum
3111 4277 3443 4332 credulitate
3493 4277 3730 4345 ludere,
3763 4285 3820 4332 et

315 4369 526 4424 unione
567 4367 771 4422 intima
798 4373 1018 4421 natura:
1059 4367 1328 4422 humanae
1375 4384 1504 4421 cum
1534 4383 1781 4438 persona
1814 4367 2001 4436 Verbi,

313 4463 471 4512 actus
505 4473 606 4511 seu
637 4456 778 4510 ritus
817 4455 1240 4526 implorationis
1285 4455 1536 4526 praesidii
1563 4456 1740 4510 divini
1782 4462 1839 4512 et
1867 4457 2003 4511 ado-

313 4545 553 4601 rationis
583 4545 644 4599 in
676 4544 881 4616 spiritu
910 4549 966 4597 et
985 4543 1223 4598 veritate
1254 4544 1452 4598 referri
1481 4544 1684 4614 potuit.

384 4633 711 4689 Secundum
743 4632 864 4687 sine
897 4632 1085 4686 medio
1132 4631 1395 4703 sequitur
1443 4632 1694 4703 primum
1731 4649 1744 4688 :
1790 4633 2004 4705 quippe

312 4739 443 4776 cum
473 4721 564 4776 his
597 4719 856 4776 terminis
880 4736 978 4774 seu
1010 4719 1243 4774 vocibus
1273 4720 1533 4774 admissis
1557 4725 1829 4790 pignoris,
1862 4724 2003 4776 ima-

313 4813 458 4878 ginis
491 4813 589 4863 aut
613 4813 821 4878 ﬁgurae,
855 4809 934 4863 ait
966 4825 979 4863 :
1034 4807 1355 4879 signiﬁcant
1385 4812 1466 4863 ita
1508 4826 1640 4876 rem,
1673 4811 1827 4880 cujus
1855 4814 2003 4877 sunt,

312 4915 418 4953 non
446 4901 734 4965 manifeste
799 4899 1106 4966 ostendunt,
1182 4915 1248 4952 ex
1310 4898 1521 4969 quibus
1585 4899 1694 4953 hoc
1767 4899 2004 4952 verbum

313 4987 599 5041 ostendunt
624 4986 938 5042 distiuctim
969 4986 1237 5058 indigitat
1275 5004 1375 5042 seu
1418 4987 1700 5058 signiﬁcat
1727 4986 2006 5057 Cobjicere

315 5080 372 5129 et
419 5091 710 5144 opponere
757 5076 1002 5146 ﬁguram
1032 5079 1088 5131 et
1125 5075 1439 5146 imaginem
1478 5075 1794 5130 ostensioni
1825 5081 1881 5130 et
1913 5091 2008 5146 pa-

315 5162 607 5217 tefactioni
633 5163 716 5218 rei
771 5165 1006 5219 occulta:
1056 5170 1114 5219 et
1145 5164 1472 5219 reconditas.
1526 5164 1584 5218 Si
1616 5165 1768 5218 enim
1810 5168 2009 5218 utcun-

317 5266 431 5322 que
460 5266 550 5304 res
575 5266 694 5305 non
722 5250 803 5305 ita
830 5251 956 5316 fuit,
994 5257 1186 5306 mente
1216 5251 1368 5324 capti
1397 5251 1648 5306 hominis
1679 5257 1737 5306 et
1765 5249 2008 5306 tortuosi

388 5401 414 5427 ⁸
444 5391 611 5446 Liber
637 5392 1134 5447 Sacramentorum
1169 5395 1427 5449 Ecclesiae
1459 5395 1750 5455 Romanae.
1787 5395 1824 5448 Ι.
1855 5413 1914 5459 ιι,
1947 5395 2008 5450 in

318 5469 515 5518 octava
544 5464 934 5532 apostolorum
979 5465 1132 5518 Petri
1160 5471 1217 5520 et
1267 5465 1450 5521 Pauli.
1501 5497 1570 5506 —
1625 5465 1846 5522 Hissale
1876 5471 2009 5522 Am-

318 5535 417 5590 brc
427 5533 658 5590 sianum
689 5539 745 5590 et
755 5588 760 5592 .
772 5535 1121 5590 Senonense.

2111 4374 2336 4424 mentes
2366 4368 2647 4422 humanas
2693 4366 3148 4438 intemperanter
3189 4367 3504 4421 ludiﬁcare.
3562 4367 3820 4438 Insuper

2111 4458 2222 4512 alia
2254 4458 2434 4511 multa
2489 4461 2800 4528 supersunt
2832 4456 2894 4511 in
2948 4473 3051 4510 usu
3111 4455 3432 4523 Ratramni,
3488 4455 3559 4510 de
3592 4457 3812 4527 quibus

2113 4551 2538 4619 praeoccupatas
2602 4551 2824 4600 mentes
2909 4550 3252 4616 praevertere
3335 4549 3392 4598 et
3450 4560 3814 4614 praecurrere

2113 4650 2340 4698 necesse
2367 4638 2496 4688 est:
2534 4634 2721 4704 qualis
2771 4638 2855 4688 est
2884 4650 2992 4688 vox
3047 4636 3268 4702 species,
3332 4631 3403 4686 de
3437 4648 3551 4703 qua
3615 4632 3815 4688 videre

2114 4725 2244 4778 licet
2271 4722 2672 4777 adnotationes
2702 4722 3000 4794 quasdam,
3035 4739 3102 4777 ex
3131 4721 3342 4794 quibus
3393 4719 3725 4790 intelligere
3761 4729 3815 4776 et

2115 4810 2435 4881 signiﬁcare
2455 4813 2864 4880 apparentiam,
2908 4827 3023 4864 non
3063 4811 3247 4880 ipsam
3299 4823 3494 4862 rerum
3544 4809 3813 4863 substan-

2115 4899 2254 4952 tiam
2287 4904 2388 4953 aut
2415 4903 2702 4965 naturam,
2736 4899 2808 4952 ad
2858 4903 3112 4952 mentem
3169 4895 3670 4966 philosophorum,
3714 4896 3814 4967 qui

2116 4993 2406 5056 utcunque
2438 4993 2677 5040 utuntur
2705 4987 2936 5040 nomine
2950 4985 3304 5051 substantiae,
3329 4984 3485 5056 quod
3501 5000 3618 5038 non
3649 5001 3811 5039 sem~

2115 5092 2221 5147 per
2251 5081 2518 5130 naturam
2558 5075 2849 5147 signiﬁcat
2886 5075 3022 5130 :sed
3069 5075 3368 5147 qualitates
3401 5078 3459 5128 et
3485 5074 3814 5144 proprieta-

2116 5170 2202 5220 tes
2232 5163 2440 5234 quibus
2469 5167 2674 5218 natura
2704 5163 2966 5218 aflicitur.
3020 5162 3338 5233 Supersunt
3385 5160 3558 5216 etiam
3593 5177 3813 5232 praeca-

2116 5252 2300 5307 venda
2328 5251 2594 5323 quaedam
2620 5251 2876 5315 nomina,
2927 5251 3142 5306 scilicet
3171 5253 3424 5318 interius,
3475 5254 3720 5306 exterius
3762 5258 3816 5305 et

2186 5393 2209 5428 ¹²
2248 5394 2598 5450 Sacrament.
2629 5395 2681 5448 S.
2715 5393 2992 5465 Gregorii.
