3920 6224
102 408 179 463 1‘21
953 408 1042 463 DE
1079 408 1412 465 CORPORE
1453 408 1540 463 ET
1578 406 1925 464 SANGUINE
1966 404 2222 462 DOMINI.
2254 437 2320 445 —
2353 408 2739 464 PRIEFATIO.

3493 411 3592 467 122

109 545 472 613 corporaliter,
523 545 594 600 ad
643 560 776 616 quae
835 548 1087 599 mentem
1138 544 1483 615 applicatam
1538 543 1797 598 conferre
1824 547 1867 599 Α
1908 560 2033 596 rum
2067 544 2327 614 adeoque
2360 545 2665 599 Ecclesiam
2698 546 2911 615 pariter
2940 563 3057 603 non
3104 548 3527 620 credererecipi
3559 565 3593 602 a

101 649 230 702 Opus
276 638 383 686 est.
417 632 528 687 Sed
581 648 781 686 revera
832 649 959 703 quae
1016 632 1063 685 si
1114 634 1458 687 Ratramnus
1503 632 1573 686 ad
1622 648 1784 685 usum

100 738 200 774 non
233 722 462 775 reduxit
490 726 555 775 ut
585 738 800 792 corpus
829 721 1036 777 Christi
1067 723 1367 793 mysticum
1395 726 1450 775 et
1475 723 1786 791 ﬁguratum

101 809 445 880 iudigitaret,
510 811 772 881 adeoque
843 826 1172 881 repugnans
1226 811 1471 863 realimti
1527 826 1625 862 seu
1671 808 1789 862 veri

98 899 347 968 corporis
387 915 537 953 vera:
589 900 933 970 praesentiae,
965 898 1051 952 uti
1081 898 1446 953 defendimus
1492 899 1593 952 hac
1625 899 1786 952 lucu-

98 988 391 1042 bratione:
425 989 825 1043 difﬁcultatem
874 989 1118 1042 excitare
1171 1005 1285 1042 non
1332 992 1571 1059 possunt
1613 1003 1787 1058 quam

93 1092 197 1129 non
254 1077 423 1130 facile
469 1084 527 1131 et
575 1077 944 1131 commodum
1003 1076 1223 1129 diluere
1261 1081 1318 1129 et
1366 1076 1560 1143 friare,
1618 1082 1682 1129 ut
1722 1091 1785 1128 ex

95 1164 183 1217 hac
214 1164 560 1234 praefatione
608 1165 876 1218 historica
908 1170 963 1218 et
1009 1164 1474 1218 adnotationibus
1542 1180 1785 1236 quarum

95 1251 519 1306 accessionibus
561 1257 777 1307 textum
839 1252 1137 1307 itatramni
1173 1253 1278 1307 hac
1306 1253 1563 1319 editione
1594 1269 1785 1306 cumu-

97 1342 328 1394 landum
370 1343 720 1397 censuimus.
773 1344 897 1396 Jam
928 1359 1065 1413 ergo
1111 1343 1575 1412 respondendum
1624 1342 1788 1395 nobis

98 1438 353 1499 superest
385 1432 596 1501 triplici
630 1438 685 1485 et
722 1437 953 1485 attentee
990 1432 1321 1503 cogitationi
1360 1448 1458 1486 seu
1490 1431 1787 1502 applicata:

100 1520 269 1572 menti
321 1520 573 1574 auctoris
614 1520 917 1590 praeloquii
947 1520 1117 1589 hujus
1166 1524 1440 1573 tractatus
1494 1518 1789 1573 Ratramni

101 1608 565 1678 interpretationi
610 1609 836 1665 Gallicas
883 1608 1137 1679 adjuncti
1183 1608 1401 1679 publici
1438 1608 1585 1679 juris
1626 1609 1788 1662 facta:

98 1714 235 1750 anno
272 1700 431 1752 1672.

162 1787 380 1840 llarum
425 1802 557 1842 vero
614 1786 884 1856 cogitatio
933 1803 1032 1841 seu
1077 1785 1375 1841 meditatio
1421 1784 1610 1856 prima
1652 1802 1786 1839 con-

100 1874 231 1927 sistit
290 1874 358 1926 in
415 1890 481 1928 eo
531 1851 711 1944 quod.
740 1875 800 1930 in
858 1876 1191 1929 tractatibus
1232 1851 1513 1929 Paschasii
1568 1881 1624 1929 et
1678 1851 1857 1930 ita--B

102 1963 307 2016 tramni
354 1964 514 2016 nulla
542 1963 799 2017 incurrat
828 1965 1044 2017 mentio
1080 1965 1149 2018 de
1200 1963 1533 2017 adoratione
1581 1964 1787 2017 eucha—

100 2052 287 2118 ristise,
352 2068 526 2123 quam
576 2053 840 2105 omittere
883 2053 1217 2123 neutiquam
1265 2052 1618 2117 debuissent,
1658 2070 1787 2107 cum

101 2155 161 2191 ex
206 2141 545 2194 adoratione
597 2140 939 2195 naturaliter
988 2147 1425 2195 consectaneum
1469 2141 1542 2196 sit
1581 2141 1788 2213 dogma

100 2228 368 2283 reclinatis
438 2246 536 2283 seu
601 2231 921 2300 praesentiae
986 2247 1116 2283 vere
1178 2230 1467 2284 existentis
1535 2230 1788 2299 corporis

100 2318 323 2381 Christi,
366 2334 538 2389 quam
572 2318 914 2372 conﬁrmare
958 2322 1159 2371 avebat
1189 2318 1521 2372 Paschasius
1553 2322 1609 2371 et
1648 2334 1787 2372 con-

98 2407 274 2460 futare
326 2407 698 2474 Ratramuus,
749 2406 860 2461 sibi
913 2407 1140 2479 ﬁngunt
1176 2408 1561 2461 Protestantes
1613 2412 1670 2461 et
1697 2409 1785 2461 Je-

100 2495 241 2547 suita
274 2496 625 2550 Harduinus.

163 2580 272 2638 Sed
313 2585 380 2638 in
426 2586 532 2639 hoc
572 2586 945 2639 vehementer
987 2584 1328 2639 allucinatus
1375 2589 1461 2639 est
1508 2585 1789 2656 interpres

97 2672 330 2727 diversae
361 2674 544 2743 partis
583 2674 820 2744 hujusce
860 2674 991 2728 libri
1020 2674 1335 2741 Ratramai,
1380 2691 1510 2729 cum
1541 2675 1696 2729 enim
1728 2673 1788 2728 hi

99 2762 206 2814 duo
266 2762 581 2832 scriptores
638 2763 747 2816 sibi
813 2762 1054 2816 invicem
1117 2778 1234 2816 non
1288 2766 1630 2834 repugnent,
1686 2779 1790 2817 nec

94 2868 292 2922 reapse
326 2858 527 2906 contra
557 2869 616 2906 se
660 2853 901 2907 invicem
941 2853 1304 2907 conﬁixerint
1333 2857 1432 2907 aut
1471 2854 1791 2925 deprteliati

96 2941 226 3005 sint,
292 2941 414 2994 imo
474 2942 532 2995 in
588 2942 789 2995 eadem
838 2941 950 2996 ﬁde
1008 2948 1065 2995 et
1115 2943 1377 2996 suasione
1427 2942 1496 2997 de
1551 2960 1790 3013 corpore

92 3030 302 3084 Christi
351 3032 414 3084 in
453 3031 799 3086 eucharistia
859 3032 1278 3086 remanserint:
1346 3032 1538 3086 neutri
1583 3032 1793 3086 condu-

92 3116 257 3173 cibile
291 3120 360 3173 ad
395 3135 624 3173 causam
670 3135 833 3173 suam
871 3120 1149 3174 tuendam
1194 3136 1316 3175 esse
1358 3126 1583 3191 poterat
1621 3136 1789 3190 argu-
1821 3159 1858 3211 Ο

88 3213 353 3261 mentum
387 3224 458 3262 ex
489 3208 827 3262 adoratione
854 3216 1213 3280 assumptum
1256 3215 1312 3264 et
1337 3211 1514 3264 fuisse
1541 3226 1784 3281 praeser-

92 3296 191 3348 tim
225 3297 290 3349 in
318 3313 489 3349 causa
517 3297 813 3351 Ratramni
845 3314 1329 3368 supervacaneum
1361 3316 1375 3353 :
1410 3300 1622 3370 quippe
1656 3315 1787 3353 curn

89 3400 117 3437 a
150 3386 389 3439 nemine
421 3386 660 3440 homine
687 3387 1107 3458 ipsipbjectum
1136 3388 1326 3444 fuerit.
1358 3389 1589 3443 Interim
1625 3389 1787 3442 valde

90 3475 390 3528 temerarii
418 3480 475 3529 et
522 3476 934 3530 inconsiderati
966 3476 1214 3531 hominis
1261 3494 1384 3532 esse
1436 3477 1660 3532 videtur
1689 3477 1785 3531 de-

84 3563 325 3617 fendere
354 3580 515 3617 nono
546 3565 774 3633 saeculo,
823 3582 937 3636 quo
978 3566 1322 3620 Ratramnus
1370 3570 1426 3620 et
1454 3566 1789 3621 Paschasius

83 3654 372 3717 vixerunt,
412 3654 676 3707 nondum
721 3654 916 3707 orbem
951 3654 1339 3709 Christianum
1384 3655 1647 3709 adorasse
1687 3671 1786 3709 eu-

83 3741 377 3795 charistia:
422 3748 845 3796 sacramentum
905 3760 1007 3798 seu
1056 3759 1288 3798 carnem
1340 3749 1396 3798 et
1447 3744 1784 3813 sanguinem

82 3828 301 3883 Christi
340 3830 398 3883 in
426 3830 702 3900 mysterio
742 3831 1116 3885 reconditam.
1170 3833 1320 3886 [lane
1352 3833 1648 3886 veritatem
1684 3834 1786 3885 ar-

82 3918 381 3985 gumentis
405 3923 525 3972 tam
566 3918 792 3973 invictis
849 3936 1021 3991 quam
1058 3921 1301 3974 fortibus
1327 3925 1384 3975 et
1438 3920 1788 3991 fulgentibus

80 4006 261 4059 armis
292 4006 482 4078 capite
528 4009 591 4060 l6
640 4008 826 4063 libri:
870 4010 941 4062 de
1002 4010 1346 4064 Adoratione
1406 4010 1784 4076 eucharistiae,

78 4097 231 4164 typis
263 4096 489 4165 vulgati
522 4096 752 4150 Parisiis
794 4114 946 4152 anno
994 4102 1149 4165 1685,
1198 4100 1504 4169 assumptis
1549 4115 1612 4154 ex
1645 4116 1787 4153 con-

75 4184 281 4239 cilicii
340 4185 594 4252 Νὶεωηο,
644 4188 1004 4241 confessione
1053 4188 1185 4242 ﬁdei
1233 4187 1458 4242 Alcuini
1515 4192 1571 4241 et
1600 4188 1787 4242 conci-

79 4274 151 4325 lio
175 4274 576 4339 Cabilonensi,
613 4275 694 4329 ita
727 4280 786 4328 ut
825 4277 1050 4330 nullum
1082 4276 1390 4331 dubitandi
1430 4277 1615 4330 locum
1647 4276 1788 4331 reli-

74 4367 230 4415 ctum
306 4362 486 4416 fuisse
516 4363 910 4418 existimemus
972 4371 1088 4419 tam
1149 4382 1299 4420 nono
1330 4382 1501 4436 quam
1535 4368 1786 4421 anterio-

76 4450 237 4503 ribus
266 4452 522 4505 saeculis.
575 4452 718 4506 Cum
769 4454 1083 4523 praesertim
1136 4454 1206 4508 ab
1246 4454 1518 4508 omnibus
1564 4452 1786 4507 intelle-

77 4544 230 4592 ctum
266 4539 350 4595 iri
403 4556 519 4593 non
555 4540 814 4594 dubitem
872 4558 939 4595 ex
1000 4543 1115 4597 ﬁne
1158 4543 1330 4614 hujus
1373 4542 1679 4614 praeloquii
1718 4543 1788 4597 ad

78 4644 290 4683 noram
349 4629 669 4683 editionem
727 4636 783 4685 et
830 4637 1154 4685 accuratam
1209 4632 1337 4686 libri
1395 4632 1690 4687 Ratramni
1719 4632 1789 4687 de

76 4731 322 4785 corpore
371 4723 429 4771 et
457 4718 739 4789 sanguine
788 4720 997 4775 Christi
1048 4722 1307 4792 praedicti
1350 4738 1524 4792 quam
1583 4721 1788 4776 falsum

75 4806 143 4856 sit
176 4806 361 4860 hosce
394 4807 541 4861 duos
581 4808 888 4878 scriptores
935 4808 1005 4862 de
1050 4809 1377 4863 adoratione
1427 4808 1789 4863 eucharistiae

76 4895 299 4948 nullam
336 4897 701 4951 mentionem
730 4897 953 4962 fecisse,
987 4914 1117 4951 cum
1148 4915 1212 4952 ex
1240 4898 1476 4953 adverso
1510 4904 1786 4969 tanquam

76 4985 319 5038 ascesim
348 4984 428 5037 ab
458 4985 726 5040 universa
773 4987 1021 5041 Ecclesia
1055 4986 1251 5043 Latina
1297 5001 1583 5059 receptam
1617 4988 1787 5043 fuisse

75 5071 453 5127 abundanter
481 5079 721 5129 constet.

136 5161 422 5217 Secunda
446 5162 714 5231 cogitatio
747 5180 848 5219 seu
901 5165 1196 5219 meditatio
1229 5165 1476 5236 primam
1528 5182 1645 5220 non
1677 5183 1787 5220 an-

76 5253 303 5305 tecellit.
338 5253 413 5305 In
465 5268 535 5305 eo
590 5253 775 5324 posita
831 5260 937 5320 est,
996 5254 1208 5309 scilicet
1257 5256 1634 5310 Ratramnum
1692 5273 1787 5310 eos

79 5341 369 5408 appellare
406 5356 640 5411 semper
668 5340 862 5395 ﬁdeles
890 5342 987 5413 qni
1027 5359 1234 5413 corpus
1264 5343 1474 5397 Christi
1507 5344 1610 5397 rite
1655 5344 1788 5399 reci-

82 5437 227 5493 pamt
258 5430 382 5484 sibi
422 5428 481 5482 in
511 5430 750 5483 ecclesia
778 5430 1262 5497 administratum,
1295 5434 1383 5487 vel
1435 5449 1634 5487 verum
1666 5450 1785 5487 esse

84 5519 328 5573 credunt.
372 5518 456 5571 Ex
498 5517 608 5571 hoc
660 5517 815 5571 enim
848 5518 963 5572 duo
1026 5525 1399 5576 consectanea
1447 5522 1787 5576 naturaliter

85 5602 394 5656 observat:
460 5605 516 5655 l°
563 5602 776 5655 scilicet
822 5607 1080 5673 tempore
1128 5605 1426 5660 Ratramni
1464 5606 1786 5660 incredulos

85 5700 126 5741 et
149 5692 394 5763 iniquos
433 5690 705 5745 homines
736 5707 854 5746 non
886 5691 1166 5763 recepisse
1205 5710 1413 5765 corpus
1453 5693 1673 5750 Christi
1697 5711 1785 5749 ve-

1898 632 2032 685 viris
2071 632 2188 686 sive
2214 633 2378 697 bonis
2405 633 2521 688 sive
2581 634 2742 687 malis
2793 651 2890 689 ore
2921 637 3198 706 corporis,
3255 638 3352 692 sed
3405 638 3587 691 solum

1898 738 1996 774 ore
2026 721 2255 787 animas,
2313 722 2467 793 quod
2506 738 2537 775 a
2583 722 2693 776 ﬁde
2754 740 2870 776 non
2924 725 3129 779 ditl‘ert.
3200 725 3404 780 Verum
3463 728 3591 797 plus

1896 826 2070 879 quam
2100 826 2325 864 necesse
2378 816 2463 865 est
2518 811 2839 881 nimiopere
2895 818 3114 866 constat
3166 814 3414 869 locutum
3469 831 3591 869 esse

1899 899 2272 953 ltatramnum
2306 900 2375 954 ad
2408 906 2661 953 mentem
2684 900 2863 954 sancti
2896 901 3205 973 Augustini
3240 908 3295 956 et
3324 904 3431 957 sibi
3463 921 3590 974 per-

1897 988 2136 1042 suasisse
2166 1004 2371 1059 corpus
2405 988 2610 1043 Christi
2638 988 2905 1059 spiritum
2947 1004 3004 1043 et
3035 990 3207 1043 vitam
3249 1008 3368 1045 esse
3400 992 3469 1045 iis
3500 1008 3590 1045 so-

1895 1076 2192 1131 lummodo
2223 1077 2322 1148 qui
2352 1077 2492 1131 illud
2522 1093 2651 1131 cum
2681 1078 2793 1133 ﬁde
2816 1078 3117 1149 recipiunt,
3153 1081 3410 1150 quamvis
3440 1081 3499 1133 in
3532 1097 3590 1134 se

1896 1165 2129 1235 spiritus
2159 1171 2215 1219 et
2242 1167 2353 1220 vita
2382 1182 2501 1219 esse
2532 1182 2648 1220 non
2700 1166 2933 1221 desistat
2972 1184 3103 1221 cum
3150 1168 3221 1222 ab
3264 1169 3593 1223 inﬁdelibus

1895 1259 1953 1306 et
1983 1253 2290 1308 incredulis
2341 1260 2441 1308 aut
2470 1254 2578 1308 ﬁde
2626 1256 2952 1310 carentibus
3008 1256 3306 1327 accipitur.
3357 1261 3430 1311 At
3460 1274 3591 1311 vero

1899 1358 2012 1413 qua
2045 1343 2267 1397 ratione
2306 1343 2553 1413 intelligi
2584 1350 2768 1414 potest
2805 1345 3070 1415 spiritum
3124 1351 3180 1399 et
3228 1346 3401 1400 vitam
3444 1347 3502 1400 in
3534 1363 3592 1400 se

1899 1445 2019 1483 esse
2041 1446 2247 1500 corpus
2279 1431 2489 1485 Christi
2521 1431 2930 1502 recipientibus
2976 1433 3305 1487 inﬁdelibus
3336 1434 3589 1506 indigne,

1899 1518 2007 1571 nisi
2050 1535 2180 1571 vere
2212 1525 2268 1573 et
2294 1520 2545 1588 realiter,
2588 1521 2694 1574 hoc
2742 1526 2828 1574 est
2876 1537 3077 1591 reapse
3122 1528 3177 1576 et
3225 1538 3443 1589 revera,
3477 1523 3591 1576 exi-

1897 1612 2051 1662 stens
2082 1613 2138 1663 et
2166 1625 2424 1679 praesens
2455 1625 2553 1662 ore
2586 1610 2908 1664 inﬁdelium
2952 1611 3282 1681 recipiatur,
3314 1612 3413 1683 qui
3462 1628 3592 1667 cum

1898 1698 2065 1752 modo
2097 1697 2342 1767 spiritali
2380 1697 2657 1752 instinctu
2687 1698 2822 1752 lidei
2862 1704 2919 1753 et
2948 1700 3239 1754 charitatis
3278 1717 3393 1755 non
3444 1702 3591 1755 reci-

1897 1786 2061 1856 piant
2113 1787 2497 1853 solummodo,
2550 1791 2613 1840 ut
2671 1788 3009 1858 loquuntur,
3066 1790 3443 1859 corporaliter
3492 1806 3591 1843 seu

1895 1891 1991 1929 ore
2022 1875 2294 1946 corporis,
2324 1875 2433 1929 hoc
2462 1891 2594 1930 vere
2617 1875 2674 1929 in
2706 1875 2865 1929 omni
2895 1876 3079 1930 fructu
3126 1882 3182 1930 et
3227 1876 3428 1931 eﬁ'ectu
3461 1878 3591 1931 ani-

1895 1980 2005 2018 mae
2036 1964 2307 2034 propitio,
2341 1970 2565 2018 remoto
2615 1970 2671 2018 et
2693 1966 3029 2035 postposito.
3106 1966 3243 2020 Ecca
3290 1971 3426 2020 sunt
3468 1982 3597 2019 con-

1897 2058 2059 2122 cepta
2091 2053 2263 2107 verba
2292 2052 2473 2106 sancti
2522 2053 2830 2123 Augustini
2859 2070 2988 2124 quae
3036 2053 3293 2124 prodidit
3341 2054 3597 2108 [latrem-

1897 2156 2026 2209 nus,
2059 2146 2319 2211 excerpta
2360 2158 2427 2195 ex
2477 2140 2833 2211 expositione
2882 2140 2943 2195 in
2994 2141 3363 2210 Evangelium
3414 2140 3592 2194 sancti

1894 2231 2128 2285 Joannis
2161 2247 2172 2285 :
2201 2232 2384 2296 «Quid
2400 2237 2503 2298 est,
2527 2234 2758 2300 spiritus
2780 2236 2829 2285 et
2858 2234 2973 2285 vita
3001 2236 3169 2286 sunt?
3205 2232 3594 2301 Spiritualiter

1898 2319 2273 2390 intelligenda
2304 2325 2459 2375 sunt.
2514 2320 2840 2374 Intellexisti
2898 2320 3313 2389 spiritualiter?
3356 2320 3592 2390 spiritus

1898 2414 1956 2463 et
2008 2410 2120 2462 vita
2178 2412 2333 2463 sunt.
2386 2409 2718 2462 Intellexisti
2769 2408 3116 2462 carnaliter?
3171 2409 3343 2462 etiam
3390 2408 3593 2462 sicilla

1898 2496 2139 2567 spiritus
2170 2502 2228 2551 et
2257 2497 2369 2551 vita
2400 2502 2551 2563 sunt,
2586 2498 2680 2551 sed
2711 2497 2813 2551 tibi
2846 2513 2960 2550 non
2994 2503 3143 2550 sunt.
3180 2518 3207 2545 ››
3264 2498 3338 2551 Ex
3371 2498 3458 2552 his
3486 2513 3592 2568 pa-

1898 2591 1977 2640 tet
2005 2591 2200 2656 aperte
2248 2590 2542 2639 auctorem
2603 2590 2859 2639 nostrum
2909 2586 3065 2639 aliud
3118 2586 3177 2640 in
3222 2592 3412 2640 mente
3473 2602 3594 2639 non

1896 2673 2160 2729 habuisse
2210 2691 2338 2728 cum
2395 2675 2595 2728 ﬁdeles
2627 2691 2722 2728 eos
2774 2675 3024 2745 appellat
3077 2676 3178 2745 qui
3234 2674 3490 2741 credunt,
3537 2680 3594 2727 et

1898 2780 2196 2835 nunquam
2246 2764 2433 2825 aliter,
2478 2780 2573 2816 eos
2611 2763 2711 2833 qui
2766 2763 3054 2828 recipiunt
3099 2780 3308 2833 corpus
3359 2763 3585 2827 Christi,

1901 2850 2010 2905 nisi
2039 2857 2101 2906 ut
2130 2852 2329 2905 ﬁdeles
2362 2857 2418 2906 et
2439 2852 2753 2918 credentes,
2787 2868 2919 2919 erga
2945 2868 3088 2923 quos
3126 2851 3358 2922 spiritus
3390 2857 3448 2906 et
3478 2852 3589 2904 vita

1899 2946 1983 2996 est
2015 2947 2070 2995 et
2099 2942 2436 2994 alimentum
2469 2940 2691 3007 animus,
2740 2940 2881 2994 illud
2909 2957 3036 2994 cum
3082 2940 3267 2994 fructu
3300 2945 3356 2994 et
3388 2939 3592 2994 effectu

1897 3031 2196 3101 recepisse.
2237 3030 2622 3095 Quamobrem
2654 3046 2954 3100 nunquam
2985 3029 3128 3084 dixit
3158 3030 3329 3083 ﬁdem
3362 3030 3589 3083 efﬁcere

1899 3136 2105 3190 corpus
2136 3119 2345 3175 Christi
2376 3119 2527 3190 quod
2555 3135 2652 3173 ore
2684 3124 2741 3173 et
2785 3119 2889 3173 rite
2937 3118 3288 3190 percipimus
3319 3118 3378 3172 in
3429 3134 3587 3172 sacro

1899 3207 2303 3273 Eucharistico,
2337 3208 2433 3261 sed
2466 3225 2495 3261 e
2526 3213 2724 3261 contra
2753 3213 2810 3261 et
2836 3224 2902 3260 ex
2932 3209 3189 3273 adverso,
3225 3208 3336 3261 hoc
3383 3223 3591 3277 corpus

1897 3313 2019 3350 esse
2050 3297 2335 3365 objectum
2368 3297 2520 3361 ﬁdei,
2550 3297 2629 3351 ibi
2659 3313 2779 3350 esse
2825 3298 3074 3367 positum
3106 3314 3204 3351 seu
3239 3298 3581 3351 collocatum

1898 3386 2119 3455 potenti
2149 3385 2354 3439 virtute
2387 3386 2631 3455 Spiritus
2683 3387 2884 3453 sancti,
2918 3392 2974 3440 et
3001 3388 3065 3440 ﬁt
3107 3387 3445 3440 alimentum
3474 3385 3592 3440 ani-

1900 3490 2008 3527 ma“:
2041 3479 2272 3540 nosti-te,
2303 3474 2393 3528 cui
2425 3480 2655 3527 azternaa
2715 3475 2845 3528 vita:
2892 3474 3272 3528 substantiam
3312 3474 3590 3528 submini-

1898 3567 2054 3617 strat.
2103 3564 2190 3626 Ut,
2221 3563 2410 3634 inquit
2442 3564 2808 3629 Batramnus,
2844 3580 3085 3617 numero
3113 3565 3180 3618 54
3217 3578 3231 3616 :
3267 3585 3288 3611 ι
3324 3564 3419 3616 Est
3457 3579 3592 3633 ergo

1896 3652 2135 3706 interius
2167 3656 2582 3706 commutatum
2616 3652 2862 3721 Spiritus
2892 3652 3069 3705 sancti
3089 3652 3311 3722 potenti
3354 3652 3585 3717 virtute,

1898 3742 2051 3811 quod
2086 3742 2226 3795 ﬁdes
2256 3740 2479 3809 aspicit,
2516 3741 2767 3794 animam
2801 3740 2998 3810 pascit,
3030 3745 3259 3793 aeternae
3302 3740 3429 3793 vitae
3460 3740 3589 3793 sub-

1898 3830 2164 3884 stantiam
2196 3829 2611 3884 subministrat.
2646 3851 2673 3878 »
2698 3830 2761 3883 In
2786 3845 2911 3882 eam
2943 3827 3121 3882 sancti
3138 3828 3442 3899 Augustini
3474 3846 3592 3881 sen-

1897 3919 2135 3974 tentiam
2182 3918 2349 3973 ivisse
2429 3918 2655 3972 videtur
2701 3924 2898 3988 aperte
2958 3918 3292 3972 Anastasius
3347 3918 3586 3984 Sinaita,

1898 4009 2196 4079 episcopus
2245 4007 2638 4064 Antiochenus
2691 4007 2792 4078 qui
2852 4023 2882 4060 e
2935 4007 3076 4061 vivis
3127 4007 3386 4061 discessit
3438 4024 3588 4061 anno

1898 4097 2107 4152 Christi
2140 4099 2262 4161 599,
2314 4097 2462 4151 libro
2515 4112 2588 4150 xu
2648 4095 3084 4151 Meditationum
3130 4096 3591 4167 Anagogicarum

1897 4186 1959 4240 in
1998 4187 2433 4252 Hexaemerum,
2479 4201 2724 4256 quarum
2764 4187 2990 4241 Graecus
3038 4190 3227 4239 textus
3267 4184 3589 4259 αὐτογράφος

1897 4275 2047 4346 typis
2078 4277 2341 4346 vulgatus
2371 4281 2457 4328 est
2483 4275 2798 4346 primulum
2835 4274 3096 4337 Londini,
3129 4274 3326 4328 Latine
3356 4291 3589 4328 conver-

1898 4382 1992 4418 sus
2040 4382 2069 4417 a
2109 4364 2423 4418 clarissimo
2469 4364 2591 4417 viro
2638 4369 2694 4416 et
2747 4362 3105 4427 doctissimol
3137 4362 3393 4416 Dacierio
3441 4378 3591 4416 anno

1819 4460 1860 4513 Ι)
1907 4455 2058 4518 1682,
2091 4453 2151 4507 in
2178 4470 2292 4525 quo
2325 4453 2402 4506 ait
2423 4452 2544 4507 haec
2572 4453 2745 4506 verba
2786 4451 3082 4522 Evangelii
3129 4452 3311 4505 sancti
3358 4451 3591 4505 Joannis

1896 4542 2078 4612 capite
2111 4558 2185 4607 Vl,
2218 4558 2362 4595 vers.
2390 4545 2455 4595 57
2495 4558 2555 4609 ;η‹‹
2590 4541 2697 4605 Qui
2730 4541 3036 4595 manducet
3062 4557 3251 4595 meam
3284 4556 3513 4595 carnem
3535 4545 3592 4594 et

1899 4630 2044 4685 bibit
2078 4646 2268 4684 meum
2305 4631 2667 4700 sanguinein,
2701 4630 2761 4684 in
2794 4647 2885 4683 me
2920 4634 3112 4684 manet
3137 4635 3193 4683 et
3222 4645 3329 4701 ego
3355 4629 3415 4682 in
3446 4645 3532 4695 eo,
3559 4650 3586 4676 ››

1900 4735 2018 4774 non
2052 4717 2299 4789 intelligi
2326 4719 2396 4772 de
2429 4735 2600 4772 carne
2658 4719 2867 4772 visibili
2897 4723 2954 4773 et
2997 4718 3277 4787 sanguine
3326 4716 3589 4769 sensibus

1897 4808 2181 4879 subjecto;
2230 4807 2447 4879 quippe
2502 4824 2630 4862 cum
2682 4807 2857 4861 Judas
2911 4811 2967 4861 et
3021 4806 3176 4860 Simo
3231 4806 3443 4873 Magus,
3488 4803 3588 4874 qui

1897 4913 2102 4967 corpus
2130 4902 2187 4951 et
2214 4896 2553 4967 sanguinem
2586 4896 2793 4951 Christi
2834 4894 3198 4949 Eucharistiaz
3229 4907 3293 4946 ex
3338 4908 3485 4961 pane
3533 4897 3590 4946 et

1897 4985 2069 5040 calice
2092 4990 2452 5056 receperunt,
2486 5000 2602 5038 non
2632 4982 3054 5055 permanserint
3081 4982 3142 5035 in
3191 4980 3413 5035 Christo
3458 4982 3587 5035 Jesu

1895 5091 2084 5146 neque
2115 5074 2373 5130 Christus
2402 5073 2462 5126 in
2492 5073 2595 5137 eis,
2628 5072 2734 5126 hoc
2767 5076 2852 5126 est
2894 5072 3108 5141 absque
3138 5071 3327 5124 fructu
3360 5076 3589 5140 recepto

1896 5163 2313 5218 communionis
2354 5162 2459 5215 sibi
2501 5160 2938 5215 administratae.
2978 5162 3127 5228 Λέγει
3156 5161 3254 5230 γὰρ
3293 5156 3587 5217 ἀκολούθως

1895 5256 1920 5302 ό
1952 5255 2078 5312 Θεὸς
2123 5255 2304 5321 Λόγος·
2338 5256 2393 5300 Ὀ
2426 5254 2634 5322 τρωγών
2680 5266 2779 5320 μου
2810 5250 2900 5303 τὴν
2943 5246 3133 5321 σάρκα,
3169 5251 3255 5297 καὶ
3292 5252 3450 5297 πίνων
3489 5266 3587 5319 μου

1893 5343 1951 5391 τὸ
1996 5340 2145 5410 αἱμα,
2191 5338 2240 5390 ἐν
2287 5338 2399 5409 ἐμοὶ
2442 5340 2597 5409 μένει,
2649 5341 2736 5387 καὶ
2782 5335 2879 5406 ἐγὼ
2921 5334 2971 5387 ἓν
3023 5335 3186 5406 αὐτῷ’
3228 5335 3287 5386 οὐ
3332 5341 3449 5408 περὶ
3496 5344 3586 5395 τῆς

1894 5430 2150 5501 operui-run;
2201 5427 2387 5501 σαρκὸς
2435 5430 2521 5477 καὶ
2570 5430 2786 5497 αἵματος
2835 5424 2987 5496 λέγει.
3039 5423 3295 5477 Maranga
3349 5427 3450 5497 γὰρ
3503 5426 3588 5473 καὶ

1894 5514 2095 5577 Ἰούδας
2124 5521 2209 5568 καὶ
2248 5521 2413 5587 Σίμων
2443 5517 2468 5567 ὁ
2510 5522 2684 5585 Mar/0;
2716 5519 2806 5566 τοῦ
2842 5520 3080 5586 σώματος
3116 5519 3201 5566 καὶ
3246 5518 3337 5565 τοῦ
3370 5515 3587 5584 αἵματος

1894 5615 1986 5667 τῆς
2017 5605 2398 5678 Εὖχαριστίας,
2429 5613 2518 5656 τοῦ
2551 5605 2709 5678 ἄρτου
2736 5608 2821 5655 καὶ
2853 5612 2943 5655 τού
2972 5608 3243 5676 ποτηρίου,
3276 5600 3384 5653 ἀλλ’
3414 5602 3471 5653 οὐ
3492 5620 3587 5652 ικα-

1895 5699 2144 5757 ramosa,
2186 5690 2310 5747 οὐδέ
2351 5700 2599 5767 argui,er
2629 5692 2677 5746 ἐν
2716 5693 2890 5754 αὐτοῖς
2920 5694 2946 5745 ὁ
2986 5692 3237 5766 Χριστὸς,
3272 5687 3396 5743 οὐδέ
3438 5691 3585 5741 αὐτοὶ
