3920 6224
366 391 464 447 123
1492 388 1846 444 ltA’l'RABINl
1887 398 1914 441 L

2302 386 2345 439 ,S
2385 382 2692 439 MONACHI
3776 394 3850 445 124

357 523 408 573 ἄν
438 519 916 591 αὑτῷ.οϋίεθιιίῐη
943 519 1167 575 dubitet
1188 518 1329 589 quin
1358 518 1448 572 hic
1470 518 1905 589 sitsensusgem‘

586 519 916 585 .Quisenim
943 519 1167 575 dubitet
1188 518 1329 589 quin
1358 518 1448 572 hic
1470 518 2053 589 sitsensusgenuinus
2082 521 2124 573 Α

357 610 639 664 Anastasii
667 609 805 675 et_in
832 608 1096 663 suasione
1124 606 1297 661 fuerit
1316 607 1550 677 indigne
1574 607 2053 677 suscipientesho-

359 699 541 753 mines
573 716 773 769 pravos
796 697 1270 752 communionem
1302 696 1559 766 corporis
1583 695 1792 750 Christi
1823 712 2052 750 carnem

358 804 551 842 veram
572 794 628 841 et
651 786 1202 859 sanguinemfverum
1218 802 1313 839 ore
1330 784 1622 855 percipere
1650 800 1661 839 :
1688 785 1900 856 quippe
1924 800 2054 839 cum

358 877 631 931 anteriori
664 877 799 930 dicti
832 876 963 930 libri
994 875 1130 929 folio
1162 875 1399 945 indigne
1440 874 1778 944 recipientes
1810 892 1841 928 a
1882 874 2054 945 digne

360 965 839 1036 recipientibusin
855 982 921 1019 eo
938 963 1692 1035 distinguatetdiscriminet
1713 963 1867 1034 quod
1882 964 2055 1033 digne

359 1053 697 1124 recipientes
723 1054 781 1107 in
814 1050 1093 1107 aeternum
1136 1069 1250 1106 non
1283 1052 1613 1116 morientur,
1652 1052 1747 1106 alii
1778 1068 1911 1106 vero
1939 1053 2055 1107 sive

363 1142 518 1207 mali,
551 1141 773 1212 impiati
807 1158 867 1195 ac
909 1140 1244 1197 criminibus
1292 1140 1600 1210 inquinati,
1635 1145 1692 1194 et
1732 1145 2050 1208 terrestres,

362 1231 541 1284 solam
571 1246 799 1284 carnem
850 1235 1178 1283 terrestrem
1228 1235 1285 1283 et
1331 1229 1670 1299 sanguinem
1722 1229 1929 1284 Christi
1961 1246 2053 1282 su-

362 1319 602 1389 scipient
653 1335 665 1372 :

359 1410 539 1477 γηίνης
586 1413 691 1479 μίν,
745 1411 830 1458 καὶ
864 1412 1021 1479 μόνης
1066 1411 1255 1481 σαρκὸς
1302 1416 1391 1458 τοῦ
1444 1413 1673 1481 Χριστοῦ
1714 1406 2057 1479 luerat-mndi-

360 1516 532 1547 νουσιν
562 1495 831 1569 τολμηρῶς
858 1500 943 1546 καὶ
973 1494 1212 1558 ἀναξίώς.
1249 1516 1273 1545 α
1307 1496 1415 1560 Qui
1453 1512 1585 1549 vero
1615 1497 1829 1550 terreni
1859 1501 1915 1551 et
1945 1502 2055 1551 ter-

358 1601 496 1639 rena
524 1584 809 1655 sapientes
858 1584 1145 1655 recipiunt
1186 1585 1458 1639 audacter
1505 1590 1561 1639 et
1610 1584 1845 1655 indigne
1876 1586 2055 1640 solam

357 1688 587 1726 carnem
646 1676 973 1727 terrestrem
1031 1672 1320 1727 Christi.»
1389 1674 1646 1727 Fortasse
1707 1674 2055 1745 quibusdam

358 1777 475 1815 non
505 1760 787 1831 imperitis
820 1760 951 1815 viris
983 1777 1085 1815 nec
1119 1760 1553 1816 inconsideratis
1600 1768 1824 1832 parum;
1847 1780 2053 1835 oppor-

358 1854 498 1905 tuna
536 1849 824 1904 videbitur
874 1850 1151 1920 digressio
1198 1866 1297 1904 seu
1344 1866 1610 1905 excursus
1664 1851 1755 1905 hic
1809 1869 1841 1906 a
1890 1853 2053 1907 nobis

360 1936 543 1991 efﬁeri
591 1937 659 1992 de
713 1938 965 1992 editione
1031 1938 1449 1993 Graeco-Latina
1510 1956 1541 1993 a
1599 1940 2054 1995 Protestantibus

359 2032 683 2096 procurata,
717 2043 865 2080 anno
901 2030 1054 2093 £682,
1088 2027 1347 2098 praedicti
1387 2028 1715 2083 duodecimi
1772 2029 1903 2082 libri
1936 2031 2054 2084 Me-

360 2114 707 2169 ditationnm
754 2116 1042 2171 Anastasii
1093 2117 1162 2171 ad
1194 2117 1367 2171 ﬁdem
1416 2117 1626 2172 codicis
1677 2118 2055 2189 manuscripti

360 2202 718 2258 bibliothecae
756 2205 993 2260 celebris
1027 2205 1275 2259 ministri
1321 2206 1562 2260 senioris
1611 2207 2056 2263 Charentoniani

358 2294 591 2347 Joannis
616 2294 833 2359 Dnlltei,
867 2310 1038 2366 quem
1074 2295 1133 2349 in
1163 2294 1572 2349 bibliothecam
1624 2295 1860 2350 illustris
1890 2296 2056 2366 regni

360 2381 684 2436 administri
733 2383 982 2438 Colberti
1017 2384 1350 2439 translatam
1401 2384 1574 2439 fuisse
1614 2384 1963 2453 existimant,
1998 2386 2057 2440 in

362 2471 770 2541 investigandis
801 2472 960 2525 libris
986 2473 1236 2543 antiquis
1268 2473 1373 2527 viri
1416 2473 1623 2527 curiosi
1663 2478 1718 2527 et
1764 2474 2053 2545 applicati.

363 2559 469 2614 Sed
502 2559 844 2630 obsequioso
894 2560 1123 2614 silentio
1182 2561 1619 2632 praetermittere
1676 2578 1794 2616 non
1824 2579 2058 2633 possum

362 2652 655 2702 auctorem
683 2648 980 2714 versionis,
1014 2648 1113 2718 qui
1143 2649 1211 2703 de
1255 2649 1464 2704 Graecis
1493 2650 1660 2705 bonis
1704 2650 1929 2721 scripsit
1956 2651 2057 2705 La-

363 2736 481 2792 tine
511 2754 623 2792 non
650 2738 918 2805 deterius,
952 2738 1138 2793 virum
1168 2739 1456 2810 insignem
1489 2739 1710 2795 meritis
1767 2740 2060 2795 litterariis

364 2825 571 2879 Graecis
592 2832 648 2880 et
680 2826 892 2881 Latinis
926 2832 984 2881 et
1012 2828 1511 2883 commendatione
1544 2828 1793 2899 plurima
1822 2829 2060 2899 dignum

364 2914 512 2983 apud
541 2930 744 2969 omnes
777 2915 1186 2987 antiquitatum
1239 2916 1695 2988 investigatores,
1730 2917 1918 2972 nescio
1948 2935 2061 2990 qua

361 3002 603 3070 ratione,
638 3021 668 3057 a
706 3005 886 3059 Graeci
919 3009 1104 3059 textus
1134 3004 1461 3060 sinceritate
1495 3006 1831 3075 declinasse,
1882 3007 1967 3060 uti
1994 3024 2061 3061 ex

363 3090 452 3145 bis
483 3090 806 3162 intelligere
839 3109 1065 3148 necesse
1106 3098 1190 3147 est
1226 3094 1403 3168 οὐπερὶ
1434 3102 1527 3155 τῆς
1572 3094 1829 3169 ὁρωμένης
1872 3099 2059 3170 σαρκὸς

365 3184 451 3230 καὶ
481 3181 699 3251 αἵματος
730 3180 879 3248 λέλςι,
914 3199 1042 3252 quae
1072 3182 1152 3237 sic
1181 3184 1378 3238 Latine
1406 3184 1597 3238 reddit
1627 3201 1639 3238 ε
1676 3186 1795 3241 Non
1825 3187 1890 3240 de
1918 3201 2062 3256 prie-

366 3266 515 3320 senti
546 3282 707 3321 carne
735 3272 785 3322 et
809 3271 1072 3337 sanguine
1101 3272 1301 3339 pergit,
1356 3276 1417 3324 ut
1463 3270 1857 3341 intelligamus
1902 3277 2059 3325 Ana-

366 3354 601 3408 stasium
637 3371 753 3409 non
802 3359 1095 3426 repulasse
1129 3363 1228 3412 aut
1277 3359 1583 3413 credidisse
1642 3360 1932 3415 Christum
1973 3361 2061 3414 his

364 3444 651 3513 conceptis
683 3444 867 3499 verbis
901 3446 1189 3517 Evangelii
1220 3449 1398 3502 sancti
1419 3449 1682 3503 Joannis:
1711 3472 1738 3499 ‹‹
1766 3449 2060 3521 Ουίξωεῑι-

364 3530 532 3585 ducat
572 3547 756 3586 meam
798 3549 1047 3601 carnem,
1092 3540 1147 3590 et
1192 3536 1340 3591 bibit
1372 3554 1564 3592 meum
1605 3540 1969 3609 sanguinem,
2002 3538 2063 3593 in

364 3635 455 3673 me
488 3625 879 3692 manetetego
908 3622 969 3676 in
999 3623 1118 3691 illo,
1147 3646 1174 3674 »
1208 3626 1496 3696 appulisse
1524 3626 1784 3682 animum
1816 3634 1879 3683 ut
1901 3645 2061 3682 men-

365 3709 575 3764 tionem
604 3710 818 3767 faceret
855 3729 1002 3767 verte
1035 3716 1356 3785 przesentize
1397 3716 1515 3770 veri
1543 3717 1801 3788 corporis
1854 3718 2063 3773 Christi

362 3797 422 3852 in
450 3799 832 3855 eucharistia:
890 3819 1021 3857 cum
1083 3820 1283 3859 sensus
1338 3806 1621 3860 Anastasii
1671 3807 1744 3861 sit
1799 3812 2061 3862 sanctum

360 3886 639 3941 Joannem
671 3905 801 3943 cum
833 3890 1057 3945 Christo
1094 3892 1338 3946 Domino
1369 3909 1435 3946 eo
1465 3894 1574 3947 luci
1605 3910 1723 3948 non
1750 3894 2063 3949 attendisse

365 3980 464 4029 aut
486 3980 767 4045 spectasse
797 3994 1027 4033 carnem
1060 3984 1115 4033 et
1144 3982 1485 4051 sanguinem
1520 3982 1802 4037 visibilem
1843 3987 1899 4037 et
1931 4000 2061 4037 sen-

367 4062 522 4115 sibus
585 4065 921 4134 subjectam,
981 4069 1243 4138 quamvis
1302 4076 1645 4139 praesentem
1709 4087 1907 4125 revera
1962 4089 2061 4126 seu

366 4151 612 4215 realiter;
676 4169 849 4223 quam
909 4171 1030 4209 esse
1084 4157 1361 4212 sinceram
1421 4159 1744 4213 doctrinam
1802 4161 2064 4216 Ecclesiae

368 4237 655 4291 catholicae
688 4255 802 4294 non
834 4242 1073 4297 dubium
1105 4250 1209 4298 est.
1248 4246 1427 4300 Nemo
1447 4247 1598 4301 ﬁdus
1629 4247 1911 4319 interpres
1942 4249 2065 4304 hzec

370 4324 542 4378 verba
572 4326 752 4379 sancti
780 4328 1013 4381 Joannis
1051 4329 1438 4400 Chrysostomi
1490 4350 1556 4386 ex
1604 4333 1845 4387 homilia
1884 4338 1972 4397 73,
2006 4335 2064 4389 in

726 1321 789 1369 Oi
844 1315 901 1370 δὲ
949 1320 1103 1388 γεῖνοι
1152 1322 1237 1369 καὶ
1284 1320 1349 1369 τὰ
1401 1320 1554 1388 γηῖνα
1603 1327 1914 1391 φρονοιῦτες,
1963 1327 2054 1379 τῆς

368 4429 489 4483 cap.
514 4429 605 4467 Xiv
634 4416 813 4469 sancti
843 4417 1097 4483 Joannis,
1127 4425 1339 4488 vers.7,
1363 4424 1492 4482 Τοὺς
1524 4425 1613 4492 μέν
1641 4425 1739 4496 γὰρ
1773 4425 1915 4496 ὀρωμ

584 4429 605 4465 v
634 4416 813 4469 sancti
843 4417 1097 4483 Joannis,
1127 4425 1339 4488 vers.7,
1363 4424 1492 4482 Τοὺς
1524 4425 1613 4492 μέν
1641 4425 1739 4496 γὰρ
1773 4425 2057 4496 ὁρωμένους
2093 4432 2132 4486 ι)

370 4497 637 4573 δυνάμεθα
682 4506 767 4553 καὶ
817 4503 937 4577 ὁρᾶν
966 4510 1052 4557 καὶ
1100 4506 1318 4577 ἀγνοεῖν,
1354 4508 1441 4562 his
1492 4510 1708 4565 Latinis
1758 4512 2010 4566 reddidit
2047 4528 2060 4566 ε

373 4613 391 4636 α
431 4592 532 4644 Eos
562 4591 716 4645 enim
758 4592 856 4662 qui
896 4600 1208 4663 praesentes
1248 4600 1381 4649 sunt
1428 4613 1731 4667 possumus
1781 4598 1974 4653 videre
2010 4604 2067 4654 et

367 4678 664 4749 ignorare;
696 4681 830 4734 sed:
867 4682 969 4735 Eos
1011 4698 1156 4752 quos
1202 4683 1461 4739 videmus
1526 4703 1829 4757 possumus
1872 4688 2065 4744 videre

368 4774 424 4823 et
462 4768 750 4839 ignorare.
790 4791 815 4818 ››
867 4771 1055 4825 Fidem
1099 4772 1317 4827 faciunt
1362 4791 1563 4829 omnes
1610 4775 1936 4830 dictionarii
1969 4794 2064 4832 eo-

368 4857 519 4912 dices
550 4862 605 4912 et
636 4859 811 4913 lexica
840 4861 1051 4924 Graeca,
1086 4864 1141 4915 et
1172 4869 1435 4933 quoquot
1467 4870 1602 4917 sunt
1644 4864 1751 4918 viri
1809 4866 2063 4935 litterati,

368 4951 423 5001 et
455 4947 716 5001 homines
748 4947 949 5018 primis
977 4949 1278 5004 elemenlis
1316 4952 1494 5007 Graeci
1524 4953 1812 5009 idiomatis
1839 4954 2064 5023 imbuti,

368 5036 604 5089 verbum
643 5043 909 5109 Ὀρςιωμαι
960 5038 1285 5107 signiﬁcare
1360 5042 1565 5109 videor,
1638 5048 1695 5097 et
1770 5060 2067 5115 nunquam

363 5137 604 5190 praesens
642 5138 793 5190 sum;
845 5132 1061 5199 Ὂρασις
1097 5134 1263 5181 sonat
1308 5131 1588 5194 visionem,
1628 5131 2063 5199 praedictionem;

368 5215 638 5284 Ἃορατος,
688 5215 1015 5270 inuisibilem
1055 5221 1112 5271 et
1145 5233 1257 5271 non
1303 5219 1592 5274 absentem.
1626 5220 1817 5290 Longe
1879 5221 2068 5275 scien-

368 5298 448 5353 tia
486 5302 679 5355 Grzeca
723 5302 1025 5359 inferiores
1081 5307 1335 5361 Dacierio
1395 5308 1513 5363 suis
1563 5309 2068 5365 Observationibus

368 5389 577 5443 criticis
642 5391 710 5445 ad
784 5392 1103 5463 Longinum
1148 5400 1267 5469 Περὶ
1296 5396 1518 5468 ὔπψους,
1556 5399 1773 5454 Horatii
1823 5400 1971 5455 Odas
2010 5404 2067 5455 et

372 5479 619 5543 Festum,
654 5480 706 5533 id
742 5482 929 5537 sciunt
960 5484 1169 5556 quibus
1200 5502 1213 5538 :

1206 5610 1340 5658 Dant
1370 5610 1602 5659 crustula
1635 5611 1816 5660 blandi

556 5664 821 5725 Doctores,
848 5668 1106 5720 elementa
1135 5672 1299 5719 velint
1324 5676 1381 5721 ut
1404 5672 1604 5722 discere
1628 5674 1813 5735 prima.

2243 516 2353 569 Nec
2385 513 2684 570 dubitandi
2716 514 2874 569 locus
2925 516 3155 572 relictus
3205 523 3289 574 est
3335 518 3479 590 quin
3538 520 3788 577 libenter
3813 540 3853 588 ei

2162 608 2368 674 sponte
2400 620 2597 658 verum
2631 604 2784 675 quod
2821 609 2908 658 est
2935 611 2991 659 et
3016 611 3284 676 apertum
3328 611 3740 680 recognoverit
3767 613 3855 664 cla-

2162 693 2421 747 rissimus
2454 698 2511 747 et
2543 693 2982 748 honestissimus
3033 696 3322 763 Dacerius,
3357 714 3486 751 cum
3540 700 3852 770 praesertim

2163 781 2588 853 superstitionis
2639 783 2987 838 Calvinianie
3016 785 3296 840 fascinum
3347 787 3571 842 sincere
3606 794 3664 842 et
3700 789 3854 843 ﬁdeli-

2165 875 2249 925 ter
2279 871 2606 941 ejuraverit.

2232 962 2356 1015 Jam
2388 962 2459 1015 ad
2493 961 2719 1015 tertiam
2752 962 3160 1032 cogitationem
3197 969 3252 1019 et
3291 965 3736 1020 meditationem
3778 967 3848 1020 in-

2166 1051 2429 1120 terpretis
2464 1050 2759 1105 Hatramni
2804 1052 3225 1121 procedamus:
3279 1070 3407 1125 quze
3458 1070 3591 1108 cum
3645 1055 3854 1109 diversa

2167 1139 2400 1193 nomina
2432 1139 2788 1193 eucharistire
2816 1140 2984 1193 variis
3029 1142 3382 1212 temporibus
3410 1161 3440 1196 a
3492 1144 3740 1197 diversis
3776 1162 3851 1198 re-

2164 1228 2400 1297 gionum
2432 1234 2487 1282 et
2518 1229 2816 1299 plagarum
2842 1229 2996 1283 orbis
3023 1230 3330 1286 Christiani
3352 1232 3555 1287 incolis
3589 1232 3851 1304 imposita

2164 1322 2437 1386 spectent,
2471 1318 2615 1371 nihil
2648 1323 2813 1372 recta:
2846 1319 3050 1372 rationi
3082 1336 3319 1374 concors
3368 1328 3467 1375 aut
3511 1322 3848 1375 conveniens

2168 1421 2234 1459 ex
2266 1423 2333 1460 ea
2362 1407 2565 1461 deduci
2595 1412 2784 1477 potest
2822 1408 3091 1462 adversus
3147 1410 3407 1465 Ecclesiae
3452 1411 3735 1465 Romanae
3765 1414 3847 1465 do-

2165 1494 2405 1547 ctrinam
2444 1510 2455 1548 :
2490 1511 2620 1548 cum
2653 1495 2890 1565 insuper
2921 1497 3218 1551 materiam
3251 1500 3500 1569 amplam
3530 1502 3849 1571 suppedita-
3915 1530 3918 1545 ι

2164 1586 2249 1635 ret
2277 1582 2344 1636 ad
2382 1581 2593 1636 librum
2627 1582 2938 1653 integrum,
2967 1585 3013 1637 si
3042 1584 3111 1639 de
3151 1602 3349 1640 eorum
3402 1590 3715 1643 nominum
3754 1590 3850 1641 ori-

2164 1669 2294 1739 gine
2323 1670 2651 1725 faciendum
2684 1686 2827 1741 opus
2863 1673 3311 1741 aggrederemur
3340 1679 3396 1729 et
3444 1676 3771 1742 ostendere,
3802 1680 3853 1728 ut

2165 1759 2327 1814 facile
2361 1766 2530 1827 esset,
2565 1761 2834 1831 imposita
2868 1761 2921 1814 ei
2952 1762 3129 1817 fuisse
3160 1763 3280 1817 haec
3301 1765 3537 1818 nomina
3564 1783 3598 1819 a
3631 1766 3766 1823 viris
3791 1767 3851 1819 de

2166 1847 2286 1901 veri
2339 1849 2594 1919 corporis
2643 1849 2848 1903 Christi
2904 1850 2965 1903 in
3007 1852 3349 1907 eucharistia
3398 1856 3713 1924 praesentia
3765 1872 3852 1909 seu

2160 1939 2410 1991 realitate
2440 1955 2553 1992 non
2605 1938 3022 1993 dubitantibus.
3057 1940 3164 1994 Sed
3215 1940 3304 1995 his
3354 1943 3607 2012 amplius
3652 1944 3850 1997 immo-

2163 2026 2279 2079 rari
2306 2042 2418 2080 non
2442 2026 2622 2096 juvat.
2657 2027 2932 2098 Adeoque
2974 2028 3108 2082 huic
3154 2029 3477 2098 praefationi
3524 2048 3629 2086 seu
3702 2032 3856 2087 histo-

2164 2114 2265 2169 riae
2296 2115 2430 2169 libri
2480 2117 2779 2170 Ratramni
2828 2118 3003 2170 ﬁnem
3054 2117 3352 2173 meliorem
3400 2119 3712 2190 imponere
3757 2137 3858 2174 non

2166 2220 2329 2275 posse
2366 2204 2627 2258 videmur
2670 2221 2843 2276 quam
2894 2204 2940 2258 si
2974 2209 3087 2259 tres
3145 2206 3317 2260 etiam
3357 2208 3746 2277 cogitationes
3771 2226 3857 2262 seu

2165 2292 2564 2347 meditationes
2594 2293 2663 2348 de
2697 2295 2803 2347 hoc
2836 2295 3109 2365 epusculo
3144 2296 3440 2350 Ratramni
3463 2297 3855 2368 |exponamus,

2166 2380 2375 2452 quibus
2428 2382 2941 2437 aProtestanlibus
2990 2399 3107 2438 non
3164 2400 3505 2456 responsum
3561 2386 3637 2440 iri
3692 2388 3859 2440 conti-

2170 2469 2384 2524 dimus.

2243 2559 2429 2613 Primo
2454 2559 2732 2629 subjecto,
2766 2559 2921 2631 quod
2955 2560 3158 2615 falsum
3192 2565 3549 2632 reputemus,
3601 2565 3862 2619 Hatram-

2169 2662 2310 2701 num
2341 2647 2662 2719 inpugnare
2696 2648 2941 2703 voluisse
2986 2649 3158 2703 ﬁdem
3193 2666 3291 2703 seu
3337 2651 3670 2705 suasionem
3728 2670 3864 2724 prae-

2169 2735 2366 2790 sentire
2397 2753 2545 2791 vera:
2577 2736 2695 2790 veri
2728 2737 2983 2809 corporis
3010 2738 3248 2805 Christi;
3280 2740 3478 2793 saltem
3528 2757 3651 2795 non
3703 2743 3865 2796 dubi-

2168 2828 2355 2878 tamus
2417 2824 2560 2896 quin
2613 2826 2812 2879 ﬁdeles
2873 2827 3220 2895 reputaverit
3274 2831 3331 2880 et
3398 2829 3751 2899 neutiquam
3809 2832 3867 2884 ab

2173 2913 2432 2967 Ecclesiae
2459 2919 2607 2968 coetu
2654 2919 2897 2969 secretos
2942 2915 3205 2969 homines
3250 2916 3579 2971 defensores
3630 2920 3869 2990 hujusce

2170 3003 2441 3057 veritatis.
2471 3004 2599 3057 Haec
2628 3003 2819 3073 palam
2844 3008 2901 3057 et
2930 3003 3147 3074 liquido
3178 3003 3588 3075 intelliguntur
3619 3024 3694 3061 ex
3743 3025 3869 3062 con-

2174 3092 2352 3162 ceptis
2384 3092 2567 3145 verbis
2593 3091 2829 3145 secundi
2862 3092 3087 3145 articuli
3120 3092 3248 3145 libri
3282 3094 3579 3148 Ratramni
3614 3112 3626 3149 :
3664 3119 3695 3144 α
3733 3099 3866 3152 Dum

2170 3180 2321 3233 enim
2350 3180 2584 3251 quidam
2620 3179 2877 3234 ﬁdelium
2913 3181 3171 3251 corporis
3198 3184 3612 3253 sanguinisque
3656 3187 3869 3242 Christi

2172 3268 2419 3338 quodin
2486 3269 2731 3323 Ecclesia
2789 3269 3047 3341 quotidie
3104 3270 3441 3339 celebratur,
3493 3273 3699 3329 dicant
3730 3276 3872 3347 quod

2169 3360 2330 3413 nulla
2388 3360 2494 3413 sub
2558 3360 2767 3429 ﬁgura,
2838 3362 2995 3415 nulla
3038 3361 3142 3415 sub
3190 3362 3550 3417 obvelalione
3585 3365 3715 3431 ﬁat,
3784 3366 3873 3419 sed

2168 3447 2349 3519 ipsius
2383 3448 2636 3503 veritatis
2683 3449 2837 3504 nuda
2880 3449 3336 3505 manifestatione
3368 3458 3718 3523 peragatur;
3757 3457 3876 3526 qui-

2168 3537 2300 3593 dam
2344 3554 2476 3593 vero
2522 3544 2802 3594 testentur
2841 3540 2993 3611 quod
3036 3541 3158 3595 haec
3203 3542 3307 3595 sub
3362 3543 3625 3612 mysterii
3692 3545 3875 3615 ﬁgura

2168 3628 2594 3694 contineantur,
2625 3633 2732 3683 etc.
2768 3648 2795 3679 ι)
2822 3629 2951 3683 Haec
2980 3629 3136 3683 enim
3166 3646 3278 3683 non
3308 3631 3493 3683 solum
3525 3631 3656 3684 sine
3696 3649 3878 3700 mora,

2170 3715 2274 3770 sub
2306 3715 2493 3769 subito
2526 3716 2876 3771 constituere
2903 3717 3113 3771 debent
3134 3723 3187 3771 et
3212 3719 3389 3787 ﬁgere
3414 3718 3471 3771 in
3505 3719 3624 3773 ﬁde
3660 3728 3721 3775 et
3757 3740 3877 3775 sua-

2168 3803 2347 3871 sione,
2382 3805 2533 3875 quod
2568 3821 2635 3857 ex
2666 3804 2871 3859 nostris
2906 3804 3372 3860 adnotationibus
3401 3807 3624 3861 affatim
3662 3809 3879 3863 intelli-

2168 3897 2355 3962 getur,
2404 3893 2888 3947 concertationem
2944 3909 3073 3964 quze
3130 3894 3320 3947 locum
3378 3894 3535 3949 dedit
3595 3900 3882 3966 opuscqu

2171 3980 2467 4036 Ratramni
2496 3998 2645 4037 nono
2678 3982 2884 4036 steculo
2916 3982 3173 4036 Ecclesiae
3205 3982 3357 4036 inter
3387 3984 3695 4038 catholica
3756 3987 3885 4041 iidei

2169 4070 2322 4123 viros
2353 4070 2683 4124 defensores
2714 4070 3051 4136 substitisse,
3094 4074 3148 4124 et
3179 4070 3303 4124 ﬁeri
3356 4087 3469 4124 non
3522 4074 3800 4140 potuisse
3831 4081 3885 4127 ut

2168 4159 2476 4213 realitatem
2534 4166 2591 4212 et
2650 4160 2947 4213 veritatem
2999 4158 3259 4230 corporis
3288 4158 3495 4214 Christi
3553 4159 3619 4215 in
3661 4164 3882 4218 Eucha-

2171 4247 2330 4301 ristia
2356 4251 2633 4317 spectaret
2669 4264 2680 4301 :
2713 4264 2841 4301 cum
2876 4264 2979 4318 pro
3024 4251 3081 4302 et
3122 4252 3339 4314 contra,
3372 4249 3441 4303 de
3471 4248 3650 4305 hocce
3704 4260 3886 4324 syste-

2173 4341 2324 4389 mate
2379 4335 2579 4390 ﬁdeles
2619 4336 2981 4407 aequabiliter
3030 4336 3337 4391 defendere
3383 4342 3481 4391 aut
3526 4337 3890 4413 impugnare

2174 4440 2289 4477 non
2315 4424 2637 4494 potuerint;
2667 4430 2723 4479 et
2772 4424 2876 4479 nisi
2936 4424 2996 4478 in
3028 4424 3219 4480 medio
3278 4424 3483 4479 dubios
3533 4430 3888 4495 consistere,

2176 4513 2335 4566 omni
2367 4513 2589 4567 delectu
2623 4518 2682 4567 at
2708 4513 3038 4568 discrimine
3085 4518 3330 4568 remoto.
3381 4515 3626 4586 Insuper
3674 4517 3889 4572 inutile

2176 4607 2231 4656 et
2263 4618 2749 4672 supervacaneum
2780 4608 2927 4656 esset
2956 4602 3143 4657 dicere
3187 4604 3565 4658 Ratramnum
3594 4608 3891 4678 tanquam

2175 4690 2422 4746 schisma
2454 4691 2615 4745 valde
2647 4690 2975 4745 intricatum
3017 4692 3335 4761 respexisse
3384 4691 3739 4749 divisionem
3796 4713 3894 4751 seu

2175 4780 2509 4834 scissionem
2537 4780 2596 4833 in
2628 4779 2875 4834 Ecclesia
2904 4797 2967 4833 ex
3003 4780 3343 4851 opinionum
3374 4780 3715 4837 diversitate
3770 4802 3898 4838 eru-

2174 4873 2440 4938 pturam:
2474 4868 2688 4938 quippe
2711 4884 2838 4921 cum
2868 4867 3187 4937 nimiopere
3215 4872 3372 4937 patet
3397 4884 3465 4921 eo
3496 4868 3603 4922 loci
3638 4886 3895 4943 exagge~

2176 4973 2327 5011 rasse
2372 4957 2749 5011 Batramnum
2786 4972 3111 5009 sermonem
3168 4972 3337 5010 suum
3386 4956 3616 5011 dicendi
3668 4975 3898 5031 genere

2176 5045 2285 5099 sibi
2317 5046 2482 5099 obvio
2515 5050 2569 5098 et
2599 5045 2909 5099 ordinario.
2945 5044 3034 5099 Sic
3077 5044 3293 5115 quippe
3337 5045 3479 5098 libro
3529 5062 3714 5115 quem
3751 5052 3895 5105 scri-

2176 5134 2286 5205 psit
2314 5135 2383 5188 de
2414 5134 2714 5189 Nativitate
2749 5133 2980 5199 Christi,
3016 5134 3200 5204 capite
3250 5133 3495 5199 decimo,
3543 5134 3739 5191 instar
3775 5141 3897 5195 hae-

2174 5222 2315 5275 resis
2346 5238 2505 5276 novae
2539 5222 2852 5293 repentinae
2882 5227 3109 5293 reputat
3136 5221 3438 5291 praeteritis
3467 5225 3698 5279 saeculis
3732 5227 3898 5283 inco-

2175 5311 2473 5383 gitabilem
2521 5311 2852 5381 opinionem
2885 5327 3087 5365 eorum
3113 5310 3432 5378 hominum,
3468 5312 3571 5381 qui
3601 5313 3722 5368 sibi
3761 5333 3901 5387 per-

2176 5404 2472 5454 suaserant
2496 5416 2720 5454 sacrum
2753 5398 2982 5454 Domini
3015 5400 3195 5453 nostri
3223 5400 3355 5453 Jesu
3404 5399 3619 5455 Christi
3676 5419 3901 5478 corpus

2176 5488 2433 5557 erupisse
2465 5505 2529 5543 ex
2560 5488 2917 5542 sanctissimo
2965 5488 3146 5542 beatae
3197 5486 3442 5557 Virginis
3493 5494 3685 5558 utero,
3749 5510 3901 5565 quo-

2176 5578 2305 5632 dam
2339 5594 2483 5631 novo
2515 5593 2725 5647 genere
2758 5576 3019 5631 miraculi
3046 5576 3268 5631 diverso
3299 5576 3368 5630 ab
3400 5593 3466 5629 eo
3493 5594 3613 5647 quo
3658 5590 3900 5635 czeterze

2177 5665 2449 5720 mulieres
2478 5665 2740 5720 homines
2769 5672 2825 5720 et
2850 5666 2995 5720 fetus
3023 5681 3155 5720 suos
3201 5664 3500 5719 enituntur
3526 5671 3587 5721 et
3621 5671 3897 5739 pariunt.
