3920 6224
339 285 434 339 127

330 506 444 577 gali
476 504 835 576 providentia
866 522 1040 575 quam
1082 505 1153 559 de
1191 505 1348 559 illius
1387 504 1560 558 sacris
1609 504 1894 576 mysteriis
1940 521 2025 558 ca-

331 595 555 649 tholicae
586 610 806 665 sapere,
839 594 940 665 qui
961 593 1070 647 sibi
1104 594 1294 664 regale
1351 594 1561 647 solium
1612 594 1880 665 dignatus
1938 600 2024 648 est

326 684 708 748 contribuere,
741 688 798 737 et
827 682 1115 752 subjectos
1158 682 1276 753 pati
1306 698 1420 736 non
1450 699 1613 753 posse
1642 683 1865 737 diversa
1903 699 2022 737 sen-

326 771 434 826 tire
478 772 548 825 de
578 758 818 842 corpore
853 770 1083 838 Christi,
1132 770 1192 824 in
1243 786 1356 841 quo
1414 775 1633 825 constat
1688 770 2023 825 Christianae

324 860 735 931 redemptionis
765 876 1052 914 summam
1080 859 1387 914 consistere
1407 858 1435 913 ‘i

396 1014 421 1038 ⁸
477 1004 635 1070 Quod
674 1005 829 1059 nulla
888 1004 986 1058 sub
1028 1006 1227 1073 ﬁgura,
1290 1007 1393 1057 etc.
1456 1002 1701 1068 Quaestio
1760 1018 1890 1073 quae
1956 1018 2022 1055 ea

328 1080 498 1129 aetate
528 1076 869 1144 agitabatur,
917 1077 988 1128 ab
1018 1093 1085 1128 ea
1135 1091 1262 1146 quae
1313 1074 1484 1128 hodie
1518 1090 1645 1127 cum
1673 1073 2023 1146 Calvinianis

327 1146 687 1216 disquiritur,
731 1153 852 1200 erat
897 1147 1057 1200 valde
1090 1145 1328 1200 diversa.
1378 1147 1533 1200 Tunc
1590 1145 1744 1199 enim
1778 1145 2020 1215 quaestio

326 1233 442 1271 non
476 1225 599 1270 erat
651 1223 839 1271 utrum
870 1217 1206 1288 mysterium
1235 1216 1595 1271 eucharistia:
1627 1218 1921 1270 contineat
1952 1216 2021 1288 in

327 1290 513 1357 ﬁgura
543 1288 818 1342 duntaxat
848 1305 1073 1358 corpus,
1106 1289 1204 1341 sed
1252 1305 1324 1341 an
1382 1293 1531 1341 esset
1561 1288 1754 1357 aliqua
1784 1287 1870 1340 vel
1914 1287 2017 1339 ali-

328 1366 542 1428 quanta
570 1360 753 1428 ﬁgura
787 1363 840 1412 in
872 1360 977 1413 hoc
1006 1364 1382 1423 sacramento,
1440 1358 1527 1412 vel
1567 1374 1798 1425 prorsus
1840 1359 2017 1411 nulla.

328 1430 569 1483 Ecclesia
596 1430 878 1483 Catholica
915 1447 1142 1499 semper
1170 1430 1412 1483 credidit
1443 1435 1499 1482 et
1551 1429 1743 1483 docuit
1767 1428 2019 1498 aliquam

326 1517 448 1554 esse
479 1502 746 1570 ﬁguram,
782 1509 988 1554 etcum
1032 1503 1135 1555 hac
1169 1502 1353 1570 ﬁgura
1386 1500 1561 1570 recipi
1587 1516 1780 1552 verum
1811 1516 2020 1567 corpus

326 1576 381 1624 et
417 1568 615 1626 verum
674 1573 1014 1642 sanguinem
1074 1568 1302 1627 Chriéti.
1348 1573 1463 1626 Hoc
1506 1568 1814 1624 evidenter
1848 1571 2018 1623 intel-

325 1642 526 1712 ligitur
582 1658 647 1697 ex
698 1644 841 1696 libro
890 1642 1069 1696 sancti
1126 1642 1412 1697 Paschasii
1472 1642 1746 1707 Ratberti,
1802 1641 2020 1694 abbatis

1485 285 1838 341 BATRAMNI
1878 286 2332 343 CORBEIENSIS
2373 286 2678 341 MONACHI

333 417 545 472 viribus
575 420 794 471 constat
822 416 1247 483 difﬁcillimum,
1285 414 1436 481 Quid
1466 414 1616 469 enim
1668 415 1897 486 dignius
1928 432 2015 469 re-
2048 421 2090 473 Α

3747 282 3838 339 128

2199 416 2269 470 ΙΙ.
2301 416 2448 469 Dum
2507 414 2663 469 enim
2702 414 2935 487 quidam
2994 414 3254 470 ﬁdelium
3300 414 3564 487 corporis
3596 414 3833 485 sangui-

2127 503 2331 575 nisque
2363 505 2595 571 Christi,
2632 504 2784 575 quod
2824 504 2884 557 in
2910 504 3165 558 Ecclesia
3195 505 3456 575 quotidie
3487 505 3832 567 celebratur,
3898 503 3899 541 ἲ

2132 594 2322 649 dicant
2349 604 2373 629 ⁸
2399 595 2548 666 quod
2584 595 2744 648 nulla
2801 594 2906 648 sub
2938 594 3319 665 ﬁgura,nulla
3340 594 3447 648 sub
3479 594 3839 649 obvelatione

2132 686 2250 751 ﬁat,
2292 684 2387 738 sed
2428 684 2609 754 ipsius
2654 682 2911 736 veritatis
2970 683 3126 738 nuda
3181 682 3658 738 manifestatione
3709 700 3838 754 per-

2131 778 2365 844 agatur;
2401 772 2638 843 quidam
2669 788 2799 825 vero
2833 776 3121 826 testentur
3151 773 3303 842 quod
3336 772 3458 826 haec
3483 773 3591 826 sub
3626 778 3834 843 myste-

2132 862 2207 917 rii
2256 863 2443 934 figura
2497 862 2920 929 contineantur,
2963 867 3021 917 et
3072 861 3227 916 aliud
3280 861 3353 915 sit
3395 862 3552 934 quod
3584 863 3837 934 corporis
3898 866 3899 869 “

2128 1004 2313 1059 verbis
2373 1003 3073 1058 transsubstantiationem
3142 1002 3416 1070 defendit,
3496 1003 3829 1068 vindicavit,

2126 1078 2495 1130 corollarium
2547 1076 2765 1141 educit;
2799 1092 2865 1128 ex
2908 1092 3021 1145 quo
3071 1075 3291 1145 liquido
3354 1079 3511 1144 patet
3545 1080 3601 1128 et
3636 1083 3832 1144 aperte

2127 1152 2341 1201 constat
2404 1150 2597 1217 plures
2639 1148 2942 1216 theologos
2993 1162 3060 1199 ea
3109 1153 3273 1200 aetate
3334 1147 3443 1199 sibi
3469 1147 3831 1215 persuasisse

2127 1218 2445 1272 accidentia
2476 1224 2601 1287 post
2654 1218 3143 1272 consecrationem
3184 1218 3591 1286 permanentia
3638 1218 3827 1271 adhae-

2127 1289 2265 1343 sisse
2297 1288 2524 1358 corpori
2555 1289 2779 1343 Christi.
2814 1289 3084 1358 Adeoque
3117 1304 3248 1341 cum
3307 1288 3511 1341 albedo
3548 1292 3608 1340 et
3637 1294 3831 1341 rotun—

2126 1361 2269 1414 ditas
2314 1360 2588 1429 disruptae
2648 1376 2759 1413 non
2822 1364 3057 1428 possent
3112 1359 3354 1428 intelligi
3383 1363 3505 1412 sine
3537 1360 3828 1412 fractione

2125 1431 2375 1501 corporis
2420 1430 2644 1490 Christi.
2704 1447 2908 1499 corpus
2962 1429 3178 1484 Christi
3212 1429 3398 1497 frangi
3453 1446 3518 1483 ac
3549 1430 3829 1498 disrumpi

2127 1509 2410 1572 oportere,
2443 1503 2597 1572 quod
2629 1501 2700 1554 ob
2731 1502 2925 1554 oculos
2958 1501 3205 1571 positum
3232 1504 3288 1552 et
3316 1501 3646 1569 subjectum
3708 1502 3831 1553 aliis

2126 1574 2407 1636 sensibus,
2436 1590 2468 1625 a
2501 1572 2731 1626 nemine
2757 1572 2992 1626 homine
3025 1588 3136 1625 uno
3178 1577 3399 1640 poterat
3439 1572 3665 1641 negari.
3700 1573 3834 1625 Ecca

2125 1650 2257 1697 sunt
2290 1644 2461 1697 verba
2494 1644 2664 1713 hujus
2733 1643 2980 1696 auctoris
3033 1648 3347 1711 concepta:
3403 1642 3693 1708 Urgendus
3759 1648 3832 1695 est

326 1713 699 1790 Corbeiensis,
734 1729 800 1790 ea
830 1714 898 1790 de
930 1730 1100 1766 causa
1144 1714 1303 1790 facti,
1345 1712 1576 1790 eodem.
1606 1719 1865 1790 tempore
1906 1729 2018 1790 quo
2050 1726 2091 1780 Β
2131 1717 2323 1790 igitur
2350 1717 2446 1790 qui
2493 1712 2654 1790 negat
2705 1730 2899 1781 corpus
2958 1715 3179 1790 Domini
3217 1716 3666 1790 frangi,_utrum
3698 1714 3832 1766 illud

327 1800 495 1837 suum
558 1784 783 1853 scripsit
840 1785 1205 1837 Ratramnus.
1268 1784 1461 1853 Capite
1495 1782 1682 1852 primo
1717 1783 2017 1849 Pascliasii,

326 1870 458 1924 pag.
710 1856 786 1924 (a)
835 1855 1104 1908 editionis
1163 1856 1340 1909 Patris
1423 1854 1715 1909 Sirmondi
1767 1854 2020 1920 Jesuitte,

329 1925 791 1996 praestantissimi
816 1926 1016 1992 critici,
1044 1925 1114 1980 ab
1155 1925 1397 1979 eruditis
1428 1926 1487 1978 in
1519 1926 1643 1979 falsi
1695 1926 2015 1995 suspicione

328 2012 628 2065 nunquam
689 1996 885 2065 positi,
944 1996 1025 2051 lit.
1084 1999 1168 2051 li:
1213 1997 1407 2053 Omnia
1452 2012 1779 2065 quaecunque
1828 1998 2018 2061 voluit,

330 2069 587 2121 Dominus
640 2068 768 2131 fecit
826 2071 881 2121 in
929 2069 1052 2121 οωιο
1103 2074 1153 2122 ct
1219 2072 1277 2120 in
1330 2072 1497 2134 terra,
1560 2072 1608 2120 et
1657 2069 1784 2135 quia
1824 2068 2013 2120 coluit.

326 2137 481 2191 Licet
533 2137 593 2191 in
625 2139 808 2208 figura
858 2140 1024 2209 panis
1076 2143 1130 2191 et
1186 2137 1324 2203 vini,
1359 2137 1465 2191 hoc
1519 2138 1596 2190 sic
1628 2154 1747 2190 esse
1779 2138 2018 2190 omnino

324 2209 475 2262 nihil
494 2209 648 2262 aliud
680 2225 853 2279 quam
885 2226 1017 2263 caro
1051 2210 1256 2263 Christi
1290 2214 1345 2262 et
1392 2210 1626 2279 sanguis
1658 2214 1785 2277 post
1814 2225 2016 2262 conse-

325 2280 637 2333 crationem
688 2281 988 2334 credendus
1058 2286 1209 2334 sunt.
1275 2280 1352 2333 Ex
1406 2280 1493 2334 his
1555 2279 2019 2333 adnotationibus

324 2351 542 2421 patebit
566 2352 897 2419 clarissime,
931 2351 1250 2406 continenti
1284 2367 1548 2404 sermone
1580 2367 1692 2404 non
1720 2351 1779 2403 iu
1820 2351 2013 2404 diver-

325 2438 444 2475 sam
475 2422 545 2476 de
590 2423 695 2475 hac
750 2440 919 2476 causa
962 2439 995 2475 a
1049 2422 1344 2476 Paschasio
1404 2422 1575 2475 inisse
1624 2421 1966 2474 sententiam
2004 2437 2016 2474 :

326 2493 587 2562 adeoque
614 2509 730 2545 non
760 2510 881 2546 esse
924 2493 1215 2559 probabile
1246 2493 1514 2546 advcrsus
1553 2508 1685 2545 eum
1717 2491 2009 2560 scripsisse

325 2568 390 2616 ut
418 2562 529 2615 sibi
550 2563 896 2632 persuadent
923 2564 1303 2617 Protestantes
1330 2562 1604 2627 haeretici,
1638 2567 1694 2615 et
1732 2562 2017 2615 vindicare

329 2638 554 2702 putant.
590 2634 729 2687 Cum
780 2650 848 2687 ex
892 2634 1128 2687 adverso
1177 2640 1395 2687 constet
1425 2632 1787 2688 Paschasium
1816 2650 2014 2686 eorum

326 2704 669 2757 sententiam
726 2703 1116 2775 impugnasse,
1182 2705 1281 2775 qui
1339 2704 1620 2775 putabant
1648 2704 1845 2757 omnia
1895 2721 2015 2757 esse

330 2775 574 2843 ﬁgurata
614 2775 674 2828 in
730 2776 1094 2839 eucharistia,
1148 2777 1303 2828 nulla
1361 2791 1539 2828 vera:
1592 2776 1851 2845 quamvis
1906 2775 2017 2828 ali-

329 2862 501 2916 quam
520 2846 576 2899 in
595 2862 715 2899 esse
738 2846 983 2917 figuram
1002 2863 1071 2899 ne
1090 2846 1347 2916 utiquam
1364 2848 1672 2916 negaverit,
1692 2847 1845 2915 quod
1866 2850 2019 2915 patet

330 2918 472 2970 libro
527 2933 605 2970 xu
670 2933 787 2971 sua)
846 2918 1219 2987 Expositionis
1275 2918 1334 2971 in
1379 2922 1636 2971 sanctum
1672 2918 2015 2971 Matthazum.

397 2988 588 3041 Altera
621 3004 751 3056 pars
803 2988 1135 3055 quaestionis
1177 3005 1189 3041 :
1242 2991 1333 3043 An
1375 2992 1549 3055 ipsius
1590 2990 1837 3042 veritatis
1866 2988 2015 3041 nuda

327 3061 763 3124 manifestatione
792 3064 1110 3127 peragatur,
1165 3060 1308 3113 nulli
1361 3060 1455 3113 dat
1501 3061 1683 3112 locum
1745 3059 2012 3129 disputa-

329 3131 472 3183 tioni
502 3133 599 3181 aut
620 3130 1027 3184 concertationi
1060 3130 1208 3182 inter
1237 3132 1385 3183 viros
1406 3130 1716 3183 catholicos
1741 3136 1796 3182 et
1824 3129 2017 3183 homi—

330 3216 429 3252 nes
482 3200 887 3253 Protestantes.
926 3201 1049 3253 Non
1080 3200 1232 3253 enim
1276 3199 1637 3254 defendimus
1669 3201 1863 3252 oculos
1897 3216 2016 3252 cor-

328 3269 484 3340 poris
515 3270 574 3323 iu
602 3271 707 3323 hoc
738 3270 1007 3342 rmsyterio
1036 3272 1249 3342 absque
1288 3273 1414 3325 velo
1464 3276 1564 3323 aut
1592 3271 1896 3342 paropside
1936 3270 2018 3324 in-

328 3342 478 3394 tueri
511 3346 567 3394 et
596 3341 886 3411 percipere
910 3341 1063 3411 quod
1091 3342 1328 3395 interius
1362 3342 1554 3395 vident
1578 3341 1752 3395 oculi’
1783 3342 2013 3406 animm,

328 3417 395 3465 ut
418 3412 652 3481 exponit
698 3413 1040 3466 Ratramnus
1070 3429 1229 3466 num.
1260 3416 1313 3480 5,
1358 3413 1417 3467 in
1445 3430 1579 3483 quo,
1613 3413 1833 3483 liquido
1860 3430 2015 3483 qua:-

331 3483 513 3537 stione
570 3483 829 3552 exposita
873 3484 941 3536 de
996 3499 1107 3553 qua
1152 3484 1315 3553 jussu
1364 3484 1725 3554 imperatoris
1784 3491 2014 3536 senten-

328 3556 468 3607 tiam
507 3555 761 3623 proferre
794 3554 1266 3623 interpellabatur
1298 3571 1311 3608 :
1350 3557 1537 3609 Utrum
1584 3555 1800 3624 aliquid
1832 3557 2020 3609 secreti

327 3628 618 3690 contineat,
662 3626 807 3694 quod
860 3628 1025 3680 oculis
1071 3626 1398 3680 solummodo
1454 3627 1581 3692 ﬁdei
1639 3629 1829 3695 pateat
1877 3642 1889 3679 :
1946 3642 2019 3679 an

326 3699 440 3750 sine
495 3698 860 3766 cujuscunque
896 3698 1159 3751 vetatione
1209 3700 1471 3766 mysterii,
1505 3698 1600 3752 hoc
1643 3702 1889 3765 aspectus
1927 3699 2012 3750 in-

330 3772 546 3821 tueatur
608 3771 847 3837 corporis
902 3772 1141 3822 eaterius
1198 3769 1343 3839 quod
1375 3771 1567 3823 mentis
1623 3784 1751 3823 usus
1783 3770 2017 3837 aspiciat

327 3840 571 3893 interius.
629 3840 843 3893 Revera
890 3839 1149 3892 videmus
1201 3856 1299 3892 seu
1364 3840 1713 3908 percipimus
1768 3840 2014 3892 exterius

328 3910 505 3963 oculis
530 3911 841 3979 corporeis,
875 3910 1093 3979 species
1135 3911 1298 3979 panis
1329 3916 1385 3963 et
1414 3911 1557 3974 vini;
1610 3911 1853 3963 interius
1884 3926 2016 3962 vero

328 3987 385 4033 et
414 3980 517 4032 sub
559 3980 648 4033 his
693 3981 987 4048 speciebus
1026 3981 1313 4034 credimus
1361 3981 1603 4034 existere
1657 3980 2015 4033 reconditum

327 4055 623 4120 corpusiet
651 4050 991 4120 sanguinem
1026 4050 1252 4104 Christi.
1279 4051 1488 4119 Opinio
1516 4050 1749 4120 quidem
1792 4051 1932 4105 falsa
1984 4067 2016 4103 a

330 4118 521 4173 mente
551 4118 812 4173 Ecclesiae
844 4120 1135 4173 catholicae
1166 4118 1408 4173 alienior
1437 4118 1553 4185 est;
1579 4137 1787 4189 corpus
1809 4121 2016 4175 Christi

330 4190 389 4243 in
445 4189 785 4242 eucliaristia
836 4207 956 4242 esse
996 4190 1217 4243 visibile
1250 4197 1307 4244 et
1358 4191 1614 4244 sensibus
1669 4191 2012 4259 subjectum,

330 4260 525 4340 frangi.
547 4265 604 4312 et
633 4260 849 4339 conteri
907 4260 1170 4340 dentibus
1224 4261 1574 4340 recipientis.
1610 4263 2015 4340 verumtamen

2132 1785 2277 1854 quod
2305 1788 2361 1838 in
2392 1787 2563 1838 altari
2590 1800 2868 1840 sacramus
2908 1789 2955 1837 et
2985 1786 3299 1850 frangimus
3329 1784 3515 1837 credat
3552 1799 3669 1836 esse
3716 1800 3827 1837 cor-

2130 1872 2232 1925 pus
2263 1857 2485 1912 Christi.
2512 1857 2573 1911 Si
2604 1858 2938 1922 concesserit,
2979 1856 3245 1918 fractioni
3273 1857 3514 1924 corporis
3562 1871 3673 1909 non
3703 1870 3826 1908 con-

2133 1928 2384 1991 tradicit;
2448 1928 2499 1980 si
2528 1930 2825 1993 negaverit,
2872 1926 3081 1993 Judicet
3133 1928 3361 1995 quisque
3402 1926 3581 1993 ﬁdelis
3637 1928 3690 1979 si
3745 1927 3829 1978 ille

2128 2000 2305 2067 ﬁdelis
2329 1997 2668 2066 judicandus
2697 2000 2799 2062 sit;
2830 1998 3014 2051 videat
3045 2000 3160 2064 ipse
3185 1999 3274 2049 cui
3309 1997 3521 2050 credere
3545 1997 3702 2061 velit,
3739 2000 3827 2064 qui

2128 2086 2226 2123 nec
2280 2072 2598 2123 auctoritati
2644 2069 2982 2135 evangelicaz,
3040 2083 3131 2121 nec
3162 2069 3404 2136 propriis
3434 2068 3605 2121 oculis
3638 2069 3823 2120 credit.

2129 2142 2239 2197 Nos
2294 2156 2421 2193 vera
2477 2156 2596 2193 cum
2650 2140 2936 2208 discipulis
2987 2153 3367 2204 cognoscamus
3422 2140 3718 2191 Dominum
3778 2141 3831 2191 in

2127 2213 2396 2278 fractione
2426 2213 2607 2278 panis.
2643 2212 3016 2277 Cogitaveram
3044 2216 3093 2263 et
3119 2211 3230 2263 illis
3261 2210 3451 2276 aliqua
3481 2209 3828 2277 respondere,

2129 2285 2227 2351 qui
2255 2282 2444 2335 dicunt
2491 2284 2664 2349 ipsum
2699 2296 2889 2349 corpus
2947 2297 3052 2333 non
3088 2282 3296 2347 frangi,
3326 2280 3420 2333 sed
3450 2282 3521 2351 in
3580 2280 3833 2332 albedine

2129 2350 2246 2421 ejus
2285 2356 2336 2406 et
2388 2354 2722 2406 rotunditate
2777 2351 2991 2421 aliquid
3044 2352 3324 2417 factitari;
3366 2350 3460 2404 sed
3504 2353 3830 2421 recogitans

2128 2420 2369 2492 ineptum
2413 2438 2523 2477 esse
2550 2425 2608 2476 in
2668 2420 2961 2489 Evangélio
2995 2420 3208 2474 Christi
3240 2421 3307 2476 de
3356 2420 3605 2492 albedine
3647 2427 3702 2475 et
3755 2438 3832 2474 ro-

2131 2491 2403 2549 tunditate
2428 2494 2728 2561 disputare,
2773 2494 3039 2546 amaturis
3088 2494 3225 2545 talia
3255 2492 3478 2544 auribus
3527 2491 3830 2555 dimovens,

2128 2566 2429 2619 dialecticis
2460 2571 2559 2621 aut
2610 2568 2748 2618 certe
2805 2566 2987 2632 pueris
3041 2564 3179 2616 talia
3218 2565 3472 2631 permisi.
3518 2564 3831 2617 Praesertim

2128 2652 2247 2690 cum
2281 2638 2460 2703 quivis
2483 2635 2650 2701 facile
2692 2635 2878 2688 videat
2908 2634 3232 2695 albedinem,
3283 2649 3377 2687 seu
3406 2633 3832 2696 rotunditatem,

2127 2708 2194 2761 ab
2226 2710 2343 2773 ipso
2378 2722 2596 2774 corpore
2650 2705 2795 2774 quod
2824 2707 2905 2758 vel
2934 2705 3117 2757 album
3148 2706 3228 2758 vel
3258 2704 3552 2758 rotundum
3583 2710 3695 2765 est,
3759 2720 3835 2758 se-

2120 2780 2320 2847 parari
2376 2793 2480 2831 non
2521 2792 2720 2843 posse:
2767 2779 2848 2830 ita
2886 2780 2947 2829 ut
2995 2774 3062 2828 ab
3114 2778 3231 2842 ipso
3280 2790 3497 2843 corpore
3553 2774 3713 2843 quod
3762 2777 3837 2828 rel

2126 2850 2309 2903 album
2337 2847 2742 2902 velrotundum
2787 2853 2887 2914 est,
2944 2849 3198 2915 separari
3251 2862 3360 2898 non
3384 2860 3569 2915 posse;
3635 2850 3724 2898 ita
3785 2850 3836 2899 ut

2126 2920 2194 2973 ab
2224 2922 2358 2987 {ipso
2410 2935 2516 2973 non
2543 2922 2721 2985 fracto
2780 2918 2888 2973 haec
2911 2933 3012 2987 per
3049 2932 3104 2970 se
3131 2918 3486 2983 singulariter
3532 2931 3643 2969 non
3674 2918 3835 2982 fran-

2123 2996 2343 3057 gantur.

2197 3060 2521 3116 Secundum
2554 3058 3382 3130 antiquitatismonumentum
3398 3061 3481 3130 est
3509 3057 3699 3130 codex
3726 3055 3837 3111 ma'

2129 3133 2455 3202 nuscriptus
2470 3128 2743 3202 Gualteri,
2762 3129 2939 3184 sancti
2971 3129 3229 3202 iVictoris
3254 3131 3322 3202 Pa
3334 3128 3585 3181 risiensis
3632 3130 3833 3199 magni

2125 3200 2355 3269 prioris,
2390 3218 2456 3255 ex
2507 3201 2853 3255 bibliotheca
2884 3201 3055 3270 hujus
3089 3200 3331 3253 abbatite
3357 3204 3645 3251 extractus
3701 3217 3833 3254 con-

2129 3275 2316 3327 tinens
2347 3278 2581 3341 quatuor
2627 3273 2792 3327 libros
2850 3272 3116 3326 adversus
3156 3275 3389 3340 quatuor
3442 3270 3705 3326 Francia
3738 3273 3835 3325 La-

2129 3344 2438 3411 byrinthos;
2497 3360 2611 3414 qua
2663 3360 2797 3397 voce
2856 3342 3196 3396 nominatim
3267 3340 3530 3409 designat
3610 3344 3833 3396 Petrum

2126 3416 2507 3476 Abailardum,
2545 3415 2770 3469 Petrum
2818 3414 3199 3475 Lombardum,
3252 3414 3470 3467 Petrum
3515 3414 3834 3466 Pictavien-

2127 3503 2234 3541 sem
2292 3492 2348 3539 et
2400 3486 2698 3541 Gilbertum
2750 3489 3123 3540 Porretanum.
3182 3484 3355 3549 Cujus
3427 3483 3644 3536 codicis
3731 3485 3837 3536 fra-

2128 3563 2425 3633 gmentum
2449 3556 2820 3633 _publicavit,_
2850 3572 2913 3609 ex
2946 3555 3127 3633 capite
3161 3571 3197 3608 ιι
3227 3554 3383 3633 tertii
3414 3553 3565 3633 libri,
3614 3555 3832 3633 doctis-

2129 3625 2308 3681 simus
2361 3627 2741 3693 Mabillonins,
2806 3627 2868 3679 in
2948 3625 3065 3679 suis
3143 3626 3293 3678 notis
3369 3625 3440 3678 ad
3514 3630 3833 3679 tractatum

2126 3698 2596 3762 Abbaudi,tomo
2651 3699 2723 3752 III
2771 3713 3010 3751 suorum
3072 3698 3480 3750 Analectorum
3537 3703 3829 3755 veterum.

2127 3785 2258 3840 pag.
2310 3770 2432 3823 450.
2488 3772 2705 3823 Demum
2741 3772 2897 3840 venit,
2932 3768 3006 3822 ad
3069 3769 3473 3834 Berengarium.
3526 3768 3633 3821 Hic
3689 3772 3831 3821 enim

2128 3839 2407 3894 haereticus
2447 3840 2740 3903 asserebat,
2775 3843 2830 3893 in
2862 3839 3047 3910 ﬁgura
3085 3843 3133 3892 et
3177 3840 3235 3891 in
3264 3843 3601 3892 sacramento
3661 3844 3829 3892 totum

2121 3912 2266 3978 ﬁeri,
2323 3911 2467 3965 nihil
2520 3915 2579 3963 in
2634 3915 2853 3964 virtute.
2912 3913 3103 3964 Postea
3161 3925 3283 3963 vero
3331 3913 3603 3962 convictus
3648 3925 3831 3965 coram

2126 3984 2347 4038 Nicolao
2405 3997 2553 4050 papa
2617 3986 2670 4036 et
2715 3981 2967 4050 pluribus
3038 3982 3322 4048 episcopis,
3388 3981 3671 4045 confessus
3734 3987 3829 4041 est,

2125 4056 2288 4107 etiam
2311 4058 2362 4107 et
2380 4054 2618 4121 juravit,
2660 4068 2859 4121 panem
2905 4052 3106 4105 scilicet
3149 4055 3199 4104 et
3245 4053 3432 4104 vinum
3487 4056 3614 4117 post
3644 4067 3830 4105 consc-

2126 4127 2417 4178 crationem
2464 4139 2571 4177 non
2607 4125 2779 4177 solum
2829 4126 3244 4186 sacramentum,
3304 4136 3485 4174 verum
3517 4123 3694 4175 etiam
3744 4138 3830 4175 vc-

2125 4211 2248 4248 rum
2301 4209 2492 4263 corpus
2530 4199 2586 4247 et
2614 4197 2927 4260 sanguinem
2962 4194 3167 4249 Christi
3213 4207 3341 4258 esse,
3400 4197 3451 4245 et
3500 4194 3835 4247 sensualiter

2124 4282 2229 4319 non
2259 4266 2428 4319 solum
2460 4272 2814 4329 sacramento,
2855 4264 2949 4318 sed
2986 4266 3148 4316 etiam
3180 4266 3409 4316 veritate
3449 4264 3711 4317 manibus
3743 4280 3833 4319 sa-

329 4330 530 4406 negari
562 4345 677 4406 non
707 4330 857 4406 potis
886 4337 972 4406 est
1011 4331 1147 4406 olim
1181 4332 1459 4406 quosdam
1515 4333 1777 4406 homines
1825 4333 2016 4406 catho-
2053 4354 2093 4406 ι)
2125 4337 2399 4390 cerdotum
2447 4338 2695 4401 tractari,
2752 4341 2801 4390 et
2828 4337 3039 4402 frangi,
3082 4338 3131 4386 et
3174 4334 3415 4401 ﬁdelium
3441 4333 3700 4406 dentibus
3749 4342 3833 4388 at-

330 4402 468 4456 licos
498 4400 632 4473 huic
658 4401 915 4473 opinioni
953 4418 1063 4455 non
1095 4400 1361 4456 abnuisse
1392 4419 1635 4473 eamque
1668 4403 2011 4460 defendisse.

332 4474 465 4529 Haec
494 4471 646 4525 enim
679 4488 747 4525 ex
775 4472 994 4525 duobus
1043 4473 1375 4535 insignioris
1423 4471 1570 4527 nota:
1630 4476 2015 4529 monumentis

330 4543 687 4614 antiquitatis
708 4543 1109 4616 intelliguntur
1126 4544 1473 4614 planissime.
1493 4544 1747 4598 Primum
1763 4547 2014 4616 erumpit

332 4631 396 4669 ex
426 4620 663 4668 tractatu
690 4614 911 4687 abbatis
952 4615 1235 4687 Abbaudi,
1262 4617 1422 4685 cujus
1452 4620 1678 4685 tempus
1709 4633 1823 4687 quo
1875 4614 2015 4670 vixit

331 4692 417 4740 est
437 4687 716 4739 incertum
751 4702 763 4739 :
806 4685 916 4739 nisi
945 4686 1109 4752 forte,
1159 4693 1223 4740 ut
1252 4687 1386 4740 satis
1415 4685 1743 4756 probabile'
1771 4693 1873 4750 est,
1908 4702 2011 4743 sm-

329 4758 456 4810 culo
491 4758 813 4823 undecimo,
847 4773 1017 4826 quem
1048 4757 1292 4811 domnus
1347 4762 1403 4810 et
1439 4758 1788 4812 reverendus
1848 4762 2014 4813 Pater

332 4828 694 4882 doctissimus
735 4828 1091 4882 Mabillonius
1129 4827 1345 4881 ordinis
1369 4828 1423 4881 S.
1459 4828 1743 4881 Benedicti
1774 4845 2013 4899 congre-

324 4898 580 4968 gationis
609 4898 663 4952 S.
696 4899 873 4953 Mauri
904 4899 1114 4969 publici
1143 4900 1287 4966 juris
1317 4898 1450 4952 fecit
1480 4904 1633 4952 tomo
1685 4901 1758 4953 Ill
1807 4902 2013 4953 Anale-

332 4975 555 5022 ctorum
597 4970 885 5030 Veterum,
921 4987 1050 5039 pag.
1084 4971 1211 5036 442,
1266 4970 1369 5023 sub
1397 4970 1506 5024 hoc
1539 4970 1708 5023 titulo
1734 4989 1751 5024 :
1788 4974 1865 5026 De
1901 4974 2016 5036 fra-

331 5042 503 5112 ctione
527 5041 788 5112 Corporis
814 5042 1044 5106 Christi;
1070 5042 1131 5094 in
1163 5058 1277 5112 quo
1311 5041 1455 5095 hanc
1485 5041 1826 5095 sententiam
1859 5047 2018 5094 tuen-

332 5110 462 5163 dam
495 5109 617 5162 sine
644 5110 772 5164 dolo
795 5117 892 5164 aut
925 5112 1123 5165 fraude
1148 5109 1365 5181 recipit.
1404 5112 1592 5175 Credo,
1628 5112 1837 5181 inquit,
1872 5112 2017 5179 quod

327 5195 523 5250 panem
580 5196 735 5248 quem
786 5183 1007 5249 accepit,
1051 5183 1404 5238 benedicendo
1443 5198 1637 5251 corpus
1679 5198 1836 5236 suum
1865 5186 2013 5248 fecit.

332 5251 571 5321 Ideoque
599 5266 791 5323 corpus
816 5267 973 5307 suum
1021 5255 1208 5323 fregit,
1259 5260 1307 5308 et
1361 5254 1427 5307 de
1456 5255 1635 5308 eodem
1678 5269 1894 5317 corpore
1924 5270 2018 5308 suo

325 5323 446 5390 jam
499 5322 809 5395 benedicto,
834 5328 883 5377 et
928 5322 1127 5395 fracto,
1185 5325 1471 5393 discipulis
1516 5325 1709 5395 dixit:
1767 5326 1880 5379 Hoc
1935 5342 2020 5379 EST

332 5409 537 5447 conrus
568 5410 738 5447 unum.
781 5394 1109 5448 Continenti
1178 5412 1443 5450 sermone
1477 5394 1715 5449 extricat
1775 5412 1832 5448 se
1888 5413 2017 5450 ner-

330 5480 461 5535 vose
499 5464 777 5518 tortuosis
831 5466 1346 5520 contradictionum
1375 5467 1542 5521 nodis
1574 5471 1630 5520 et
1659 5466 2016 5535 ambagibus,

330 5531 390 5589 in
423 5551 566 5607 quas
589 5535 931 5606 praecipites,
964 5536 1099 5591 dare
1124 5537 1489 5592 enitebantur
1516 5553 1719 5591 omnes
1748 5531 1864 5591 sure
1895 5531 2022 5607 Opi-3

332 5606 521 5661 nionis
586 5607 942 5663 defensores.
1004 5612 1070 5663 At
1144 5626 1299 5675 vero,
1372 5614 1679 5681 postquam
1735 5609 2022 5679 conceptis

394 5756 465 5819 (η)
504 5757 618 5807 Vid.
657 5758 968 5822 Patrologiie
997 5762 1123 5808 toni.
1170 5758 1315 5809 CXX.
1351 5759 1494 5809 Eun.

2126 4410 2245 4461 teri.
2308 4407 2448 4460 Ecce
2506 4408 2770 4460 catholica
2846 4406 2998 4475 ﬁdes.
3059 4406 3165 4458 Iste
3226 4410 3405 4457 autem
3473 4405 3835 4475 scholasticus

2125 4476 2512 4547 (ΑηΑιωιιουδ)
2571 4480 2647 4530 sic
2698 4479 2919 4546 exponit
2952 4494 2963 4530 :
3025 4477 3156 4528 Vere
3195 4475 3433 4547 quidem,
3468 4474 3568 4547 ait,
3601 4483 3711 4543 est,
3744 4477 3837 4529 sed

2123 4545 2183 4603 in
2234 4545 2569 4603 sacramento
2635 4545 2863 4601 tantum.
2922 4549 3063 4600 Item
3116 4547 3240 4598 ait:
3287 4546 3432 4601 Sane
3478 4545 3592 4599 dici
3656 4554 3834 4615 potest

2117 4622 2319 4687 fractio
2344 4620 2443 4671 illa
2472 4621 2671 4687 portio,
2704 4634 2810 4671 non
2866 4620 2925 4672 in
2970 4617 3281 4671 substantia
3310 4619 3576 4684 corporis,
3617 4626 3722 4671 sed
3780 4622 3834 4671 in

2119 4694 2243 4759 ipsa
2270 4692 2451 4754 forma
2499 4692 2663 4757 panis
2703 4690 3088 4742 sacramentali
3119 4690 3257 4755 ﬁeri,
3293 4692 3353 4739 ut
3387 4702 3512 4740 cera
3542 4690 3753 4753 fractio
3784 4696 3832 4741 et

2115 4762 2345 4831 partitio
2376 4763 2448 4814 sit
2486 4761 2585 4822 ibi,
2619 4776 2737 4827 quae
2766 4762 2837 4814 sit
2890 4775 2997 4812 non
3027 4761 3085 4811 in
3112 4760 3443 4822 substantia,
3496 4773 3591 4811 seu
3619 4760 3684 4812 in
3736 4776 3827 4814 sa-

2121 4837 2409 4889 cra-mento,
2470 4831 2529 4883 id
2558 4837 2636 4884 est
2669 4834 2725 4883 in
2768 4832 2959 4898 specie.
3005 4831 3164 4889 Item,
3221 4834 3299 4881 est
3348 4844 3476 4881 vera
3506 4831 3739 4892 fractio,
3782 4836 3832 4882 et

2118 4904 2368 4971 partitio,
2401 4917 2518 4968 qua:
2545 4903 2607 4968 ﬁt
2644 4903 2700 4953 in
2734 4916 2891 4969 pane,
2935 4899 2994 4952 id
3020 4904 3103 4971 est
3141 4903 3198 4953 in
3226 4902 3408 4966 forma
3442 4902 3628 4967 panis.
3692 4902 3829 4954 Item

2119 4970 2322 5040 fractio
2346 4977 2396 5024 et
2422 4977 2609 5040 partes
2644 4973 2750 5025 illa?
2780 4986 2899 5040 qua:
2938 4970 3195 5024 videntur
3224 4972 3361 5038 ﬁcri,
3396 4972 3453 5023 in
3484 4979 3831 5024 sacramento

2121 5047 2279 5112 ﬁunt,
2308 5042 2369 5095 id
2396 5048 2473 5096 est
2505 5045 2561 5095 in
2591 5045 2764 5109 specie
2806 5042 3030 5094 visibili.
3083 5042 3315 5108 Ideoque
3362 5042 3458 5094 illa
3497 5041 3835 5109 Berengarii

2121 5114 2286 5168 verba
2316 5116 2396 5167 ita
2444 5112 2834 5178 distinguenda
2862 5116 3008 5171 sunt,
3052 5116 3113 5165 ut
3141 5112 3481 5175 sensualiter,
3514 5129 3624 5165 non
3672 5116 3831 5169 modo

2123 5190 2479 5244 sacramento.
2508 5186 2601 5239 sed
2634 5187 2689 5237 in
2721 5185 2949 5236 veritate
2994 5182 3212 5235 dicatur
3238 5196 3430 5248 corpus
3462 5184 3675 5238 Christi
3720 5191 3832 5237 tra-

2125 5258 2265 5310 ctari
2292 5255 2542 5310 manibus
2591 5254 2950 5317 sacerdotum,
2978 5255 3171 5318 frangi
3196 5267 3404 5319 quoque
3426 5258 3476 5307 et
3497 5257 3667 5308 atteri
3695 5256 3828 5311 den-

2126 5328 2289 5381 tibus.
2320 5327 2449 5380 Vere
2477 5326 2713 5397 quidem,
2746 5325 2841 5379 sed
2861 5327 2920 5377 in
2949 5328 3283 5397 sacramento
3306 5327 3537 5397 tantum.
3586 5327 3729 5379 Vera
3753 5335 3829 5379 est

2126 5400 2303 5464 igitur
2332 5397 2410 5449 ibi
2438 5394 2650 5451 atitritio
2662 5401 2712 5449 et
2737 5397 2985 5463 partitio.
3011 5396 3142 5449 Ecce
3163 5395 3291 5446 dum
3311 5394 3635 5448 catholicam
3666 5397 3828 5463 ﬁdem

2128 5471 2279 5522 nulla
2310 5482 2531 5536 prorsus
2588 5467 2932 5520 distinctione
2982 5465 3331 5532 indigentem,
3358 5466 3536 5519 solitis
3568 5469 3683 5520 sibi
3732 5484 3828 5523 aro

2128 5537 2623 5608 gumentationibus
2662 5538 3006 5608 distinguit,_
3038 5537 3270 5608 alterum
3305 5550 3360 5589 se
3383 5536 3593 5608 probat
3636 5539 3831 5593 Beren-

2126 5606 2361 5680 garium.
2426 5610 2558 5663 Haec
2614 5616 2804 5680 autem
2853 5606 3050 5677 opinio
3108 5606 3178 5680 de
3231 5606 3507 5680 fractione
3560 5611 3828 5680 corporis

2131 5679 2337 5735 Christi
2382 5680 2607 5733 videtur
2659 5679 2819 5733 valde
2863 5678 3188 5732 communis
3232 5677 3407 5743 fuisse
3447 5694 3514 5733 eo
3562 5677 3828 5743 tempore

2130 5765 2245 5821 quo
2272 5749 2519 5819 primam
2552 5765 2712 5803 suam
2765 5748 3253 5815 retractationem,
3308 5766 3402 5806 seu
3468 5748 3824 5820 palinodiam
