3920 6224
50 318 127 368 129

1144 313 1233 367 DE
1274 311 1603 369 CORPORE
1648 312 1733 367 ΕΤ
1773 310 2124 366 SANGUINE
2167 309 2426 364 DOMINI.

3439 307 3541 362 130

42 442 280 497 sensibus
310 447 611 514 appareat,
642 444 797 497 aliud
829 448 1018 498 autem
1070 445 1219 515 quod
1256 443 1394 498 ﬁdes
1442 444 1723 514 aspiciat:
1760 456 1801 509 Α
1841 444 2031 513 agitur
2058 444 2115 497 in
2169 442 2643 496 manifestationis
2691 443 2815 497 luce
2868 442 3139 496 clarescat
3174 448 3273 497 :et
3333 448 3526 498 utrum

41 548 137 586 non
166 548 346 601 parva
379 533 685 585 diversitas
740 534 891 586 inter
920 550 1017 586 eos
1069 534 1441 601 dignoscitur.
1505 534 1570 586 Et
1598 551 1726 587 cum

36 622 330 690 Apostolus
383 621 659 674 ﬁdelibus
719 621 925 675 scribat
984 620 1395 690 (100121.10),
1457 627 1518 674 ut
1574 622 1725 674 idem

36 709 246 777 sapiant
275 714 334 761 et
381 708 538 761 idem
588 708 782 761 dicant
826 724 1048 774 omnes,
1098 714 1155 761 et
1200 707 1444 761 schisma
1500 710 1725 761 nullum

34 798 163 851 inter
197 813 299 849 eos
328 802 627 867 appareat,
662 813 776 850 non
809 812 985 867 parvo
1012 796 1313 849 schismate
1368 796 1725 863 dividuntur,

33 887 114 957 qui
140 886 211 939 de
268 886 546 956 mysterio
596 886 851 956 corporis
899 885 1310 956 sanguinisque
1356 885 1562 939 Christi
1611 901 1726 939 non

36 975 222 1028 eadem
258 974 578 1028 sentientes
609 977 982 1045 eloquuntur.

94 1064 176 1117 Ill.
218 1064 588 1134 Quapropter
616 1069 807 1117 vestra
829 1063 1039 1133 regalis
1068 1062 1393 1117 sublimitas
1442 1062 1564 1115 zelo
1595 1061 1729 1116 ﬁdei

36 1160 351 1221 provocata,
386 1168 503 1205 non
544 1151 952 1222 aequanimiter
978 1151 1086 1206 ista
1132 1153 1515 1223 perpendens,
1545 1156 1600 1205 et
1640 1167 1723 1205 se—

34 1240 274 1295 cundum
307 1241 573 1310 Apostoli
624 1246 973 1311 praeceptum
1020 1242 1257 1312 cupiens
1288 1246 1351 1293 ut
1400 1240 1553 1294 idem
1597 1255 1728 1292 sen-

34 1331 159 1381 tiant
189 1335 255 1381 et
285 1330 439 1382 idem
482 1329 673 1383 dicant
724 1346 943 1397 omnes,
988 1330 1244 1384 veritatis
1300 1329 1613 1399 diligenter
1641 1330 1727 1382 in-

34 1418 194 1488 quirit
227 1427 540 1483 secretum,
576 1424 634 1473 ut
658 1419 727 1472 ad
762 1434 888 1473 eam
918 1419 1212 1473 deviantes
1239 1434 1504 1472 revocare
1528 1418 1723 1488 possit.

36 1507 171 1561 L'nde
203 1523 326 1560 non
361 1507 730 1561 contemnitis
760 1508 932 1562 etiam
966 1507 1034 1561 ab
1064 1507 1410 1561 humillimis
1439 1507 1613 1578 hujus
1645 1506 1727 1559 rei

35 1598 322 1649 veritatem
391 1597 749 1668 perquirere,
809 1597 1053 1651 scientes
1111 1596 1263 1668 quod
1316 1596 1459 1650 tanti
1526 1594 1727 1648 secreti

34 1686 360 1756 mysterium
430 1701 551 1738 non
617 1685 724 1738 nisi
797 1686 1103 1739 Divinitate
1180 1685 1471 1738 revelante
1546 1684 1731 1754 possit

1836 535 2022 602 ipsum
2057 548 2264 603 corpus
2293 532 2445 602 quod
2478 531 2548 584 de
2584 531 2755 584 Maria
2782 535 2975 584 natum
3021 537 3123 597 est,
3171 536 3227 585 et
3270 548 3521 601 passum,

1837 627 2129 675 mortuum
2155 625 2211 675 et
2241 622 2550 691 sepultum,
2606 621 2873 691 quodque
2908 637 3207 691 resurgens
3256 628 3313 675 et
3355 622 3526 676 caelos

1834 710 2165 775 ascendens,
2194 710 2264 763 ad
2292 710 2582 763 dexteram
2620 709 2802 762 Patris
2820 709 3134 763 consideat.

1907 801 1991 853 VI.
2046 798 2262 852 Harum
2310 798 2553 851 duarum
2607 796 2992 867 quaestionum
3047 796 3291 867 primam
3350 798 3527 869 inspi-

1834 889 2080 954 ciamus;
2114 892 2269 942 etne
2326 886 2633 940 dubietatis
2682 886 2922 955 ambage
2967 885 3350 951 detineamur,
3386 886 3523 940 deti-

1836 978 2063 1031 niamus
2086 976 2221 1047 quid
2250 976 2322 1029 sit
2368 978 2570 1045 ﬁgura,
2603 975 2738 1045 quid
2770 976 2995 1041 veritas,
3041 979 3103 1027 ut
3144 979 3363 1028 certum
3420 976 3524 1028 ali-

1835 1066 1973 1137 quid
2002 1071 2358 1132 contuentes,
2392 1065 2722 1118 noverimus
2753 1080 2868 1135 quo
2893 1063 3132 1118 rationis
3162 1062 3273 1117 iter
3294 1068 3530 1118 conten-

1834 1157 1967 1210 dere
1997 1156 2327 1209 debeamus.

1907 1246 2019 1298 VII.
2053 1247 2265 1311 Figura
2306 1248 2393 1297 est
2449 1241 2811 1297 obumbratio
2866 1240 3131 1311 quaedam
3181 1238 3527 1310 quibusdam

1832 1333 2211 1388 velaminibus
2262 1332 2415 1403 quod
2455 1331 2699 1386 intendit
2739 1330 3072 1395 ostendens;
3106 1328 3266 1382 verbi
3323 1328 3524 1399 gratia,

1835 1422 2084 1476 Verbum
2115 1421 2368 1474 volentes
2398 1420 2609 1485 dicere,
2654 1434 2853 1487 panem
2902 1433 3304 1489 nuncupamus
3338 1434 3350 1471 :
3384 1416 3531 1471 sicut

1834 1511 1893 1565 in
1921 1511 2192 1566 Oratione
2224 1509 2519 1563 Dominica
2546 1524 2753 1579 panem
2786 1506 3183 1577 quotidianum
3217 1506 3340 1561 dari
3362 1505 3528 1559 nobis

1836 1600 2265 1670 expostulamus
2325 1600 2475 1666 (Luc.
2542 1597 2743 1663 Xi,3);
2813 1597 2900 1649 vel
2966 1612 3095 1649 cum
3157 1596 3412 1649 Christus
3467 1594 3529 1648 in

1838 1688 2146 1757 Evangelio
2179 1687 2434 1758 loquitur
2466 1686 2661 1740 dicens
2694 1702 2706 1739 :
2738 1687 2852 1752 Ego
2892 1700 3009 1739 sum
3036 1687 3200 1753 panis
3224 1686 3399 1751 vivus,
3434 1686 3531 1751 qui

37 1774 276 1845 agnosci,
310 1790 439 1844 qua:
470 1774 594 1827 sine
626 1790 1001 1844 personarum
1043 1774 1394 1845 acceptione,
1428 1789 1530 1843 per
1556 1789 1724 1843 quos-
1756 1761 1795 1815 Β
1835 1777 1900 1831 de
1923 1779 2047 1831 cmlo
2071 1775 2524 1843 descendi(Joan.
2550 1791 2625 1837 γι,
2654 1774 2776 1843 41);
2809 1774 2893 1826 vel
2914 1788 3044 1826 cum
3072 1773 3324 1841 seipsum
3345 1774 3526 1836 vitem,

37 1877 245 1930 cunque
281 1861 585 1931 delegerit,
627 1878 743 1915 sua:
774 1862 1026 1915 veritatis
1056 1862 1251 1915 lumen
1282 1861 1545 1914 ostendit.

98 1950 181 2002 IV.
218 1950 441 2003 Nostrm
470 1965 605 2003 vero
636 1949 901 2004 tenuitati
932 1965 1107 2021 quam
1156 1950 1230 2002 sit
1256 1948 1577 2019 jucundum
1626 1964 1728 2001 ve—

38 2043 137 2091 stro
164 2054 375 2109 parere
405 2038 673 2109 imperio,
711 2044 827 2092 tam
879 2044 963 2092 est
1019 2038 1261 2092 arduum
1317 2053 1491 2108 super
1535 2054 1594 2091 re
1620 2037 1725 2091 hii-

39 2128 206 2180 manis
235 2127 506 2180 sensibus
536 2127 945 2193 remotissima,
971 2132 1027 2181 et
1070 2127 1180 2181 nisi
1228 2143 1333 2197 per
1382 2126 1563 2180 sancti
1595 2126 1727 2197 Spi-

38 2217 168 2269 ritus
215 2216 611 2270 eruditionem
664 2233 778 2271 non
824 2233 987 2286 posse
1035 2221 1359 2287 penetrare,
1414 2217 1727 2286 disputare.

38 2305 296 2359 Subditus
326 2304 506 2373 igitur
562 2310 763 2358 vestra:
813 2304 1227 2376 magnitudinis
1271 2303 1533 2374 jussioni,
1593 2320 1728 2358 con-

39 2395 162 2447 ﬁsus
192 2400 391 2447 autem
426 2393 606 2463 ipsius
638 2395 706 2448 de
740 2410 854 2464 quo
885 2394 1135 2448 locuturi
1186 2410 1385 2447 sumus
1431 2393 1726 2464 suffragio,

40 2483 230 2552 quibus
280 2488 528 2552 potuero
581 2481 787 2549 verbis,
847 2482 982 2552 quid
1014 2498 1084 2536 ex
1142 2479 1265 2553 [at.,
1316 2479 1411 2552 de]
1446 2483 1553 2535 hoc
1598 2496 1727 2536 sen-

39 2573 163 2625 tiam
212 2570 446 2641 aperire
495 2571 743 2633 tentabo,
785 2587 902 2625 non
950 2573 1185 2641 proprio
1242 2572 1420 2625 fretus
1471 2570 1727 2641 ingenio,

37 2661 119 2713 sed
152 2666 485 2714 sanctorum
517 2659 753 2729 vestigia
788 2661 1020 2713 Patrum
1052 2659 1477 2729 prosequendo.

104 2750 159 2801 \'.
189 2749 357 2812 Quod
398 2748 458 2801 in
493 2749 736 2802 Ecclesia
764 2764 863 2802 ore
894 2749 1152 2802 ﬁdelium
1202 2748 1470 2813 sumitur,
1521 2763 1729 2818 corpus

37 2842 81 2888 et
127 2836 365 2907 sanguis
404 2837 636 2904 Christi,
683 2838 892 2908 quaerit
942 2841 1140 2891 vestrm
1190 2836 1603 2907 magnitudinis
1634 2853 1730 2891 ex-

34 2926 304 2990 cellentia,
335 2934 363 2958 ⁸
392 2925 453 2978 in
514 2928 783 2995 mysterio
828 2926 929 2979 ﬁat
974 2942 1047 2980 an
1082 2926 1156 2991 ,in
1212 2926 1470 2979 veritate.
1531 2926 1593 2979 Id
1622 2932 1729 2993 est,

36 3022 216 3067 utrum
249 3014 474 3084 aliquid
508 3016 709 3068 secreti
761 3015 1067 3077 contineat,
1101 3014 1253 3086 quod
1302 3014 1481 3069 oculis
1516 3016 1729 3069 solum—

39 3103 192 3155 modo
223 3102 367 3156 ﬁdei
428 3108 642 3173 pateat,
689 3120 761 3157 an
822 3103 944 3157 sine
997 3104 1388 3174 cujuscunque
1447 3103 1728 3157 velatione

38 3191 281 3259 mysterii
314 3192 428 3245 hoc
480 3196 741 3262 aspectus
790 3192 1093 3246 intueatur
1147 3191 1404 3263 corporis
1461 3194 1726 3258 exterius,

40 3280 177 3349 quod
200 3279 420 3334 mentis
449 3280 602 3334 visus
647 3281 885 3351 aspiciat
916 3281 1187 3349 interius;
1212 3286 1275 3335 ut
1336 3285 1518 3335 totum
1577 3282 1729 3352 quod

40 3453 228 3491 canere
258 3444 497 3492 coactus
529 3443 611 3491 est
642 3439 1020 3509 Berengarius
1063 3440 1121 3493 in
1172 3439 1415 3493 concilio
1448 3440 1729 3509 Romano,

45 3524 179 3582 anno
206 3510 423 3563 Christi
460 3511 617 3573 1059,
650 3517 911 3580 tempore
927 3512 1213 3565 Nicolaill
1244 3527 1427 3582 papae,
1461 3514 1542 3565 uti
1576 3519 1731 3582 patet

42 3580 117 3632 his
153 3582 342 3633 verbis
376 3583 666 3651 conceptis
693 3585 904 3653 quibus
934 3598 1133 3653 passus
1172 3580 1276 3652 est,
1324 3580 1506 3635 rerum
1539 3580 1731 3652 corpus

43 3658 83 3701 et
110 3654 427 3717 sanguinem
456 3655 673 3705 Domini
720 3657 894 3706 nostri
943 3656 1068 3707 Jesu
1098 3655 1313 3708 Christi
1362 3669 1472 3706 esse
1522 3660 1571 3706 et
1609 3669 1729 3707 sen-

44 3724 269 3783 suuli‘tcr,
318 3730 371 3775 et
434 3738 542 3775 non
594 3725 765 3777 solum
826 3730 1180 3789 sacramento,
1234 3724 1328 3778 sed
1376 3728 1433 3778 in
1478 3727 1730 3790 veritate,

44 3795 272 3845 manibus
294 3794 647 3847 sacerdotum
678 3794 925 3858 tractari,
958 3800 1006 3849 et
1038 3797 1233 3863 frangi
1260 3801 1308 3849 et
1327 3794 1570 3863 ﬁdelium
1606 3795 1732 3849 den-

44 3866 166 3915 tibus
210 3866 399 3916 atteri.
432 3868 503 3917 At
533 3881 664 3917 vero
698 3867 747 3918 si
806 3867 924 3919 haec
973 3870 1258 3919 sententia
1313 3866 1639 3919 communis
1672 3871 1726 3919 et

42 3936 209 4003 magis
248 3936 486 4004 volgata
520 3936 628 3988 fuit
661 3941 919 4007 tempore
964 3936 1314 4006 Berengarii,
1362 3953 1475 3990 non
1513 3952 1579 3989 eo
1612 3938 1730 4007 pri-

43 4020 181 4057 mum
213 4020 243 4057 e
284 4009 530 4078 cerebro
584 4007 883 4060 hominum
926 4024 1228 4077 erumpere
1259 4008 1446 4077 coepit,
1515 4011 1729 4078 quippe

43 4090 155 4127 cum
186 4080 246 4129 in
287 4076 537 4149 instanti
587 4083 645 4130 et
690 4078 987 4132 confestim
1040 4076 1363 4149 opiniones,
1390 4076 1730 4132 communes

48 4160 145 4221 non
176 4149 446 4221 evadant.
480 4148 722 4218 Insuper
747 4151 817 4221 ab
849 4151 953 4203 hac
991 4148 1271 4203 sententia
1302 4165 1419 4202 non
1454 4151 1728 4215 alienum,

48 4218 148 4290 imo
168 4218 332 4270 valde
365 4234 611 4290 concors
644 4220 892 4289 prodidit
932 4236 1058 4273 cum
1093 4222 1172 4273 ait
1222 4221 1373 4290 quod
1408 4221 1469 4272 in
1528 4221 1732 4273 eucha-

49 4289 189 4339 ristia
220 4304 330 4341 non
360 4289 520 4342 modo
570 4305 694 4343 caro
736 4298 831 4343 aut
860 4294 1088 4361 sanguis
1144 4289 1349 4347 Christi
1377 4293 1436 4344 in
1490 4296 1731 4345 nostram

1757 3064 1793 3118 C

1835 1866 2146 1936 discipulos
2205 1870 2395 1917 autem
2457 1864 2714 1932 palmites
2769 1861 3023 1931 appellat
3055 1876 3069 1914 :
3106 1863 3211 1927 Ego
3238 1874 3357 1913 sum
3396 1861 3530 1912 vitis

1834 1972 1979 2019 vera,
2017 1969 2107 2008 vos
2173 1960 2350 2007 aulem
2394 1952 2655 2022 palmites
2716 1952 2904 2019 (Joan.
2937 1952 3127 2017 xv,5).
3189 1951 3318 2003 Haec
3375 1948 3528 2003 enim

1836 2043 2030 2097 omnia
2050 2042 2205 2096 aliud
2230 2042 2424 2095 dicunt
2454 2045 2509 2094 et
2538 2040 2689 2093 aliud
2724 2039 2994 2093 innuuut.

1910 2132 2049 2185 Vill.
2088 2132 2304 2186 Veritas
2337 2144 2471 2182 vero
2500 2132 2585 2181 est
2626 2128 2707 2181 rei
2742 2127 3043 2181 manifesta
3094 2124 3528 2189 demonstratio,

1836 2220 2010 2275 nullis
2041 2220 2375 2273 umbrarum
2408 2216 2759 2288 imaginibus
2794 2216 3091 2282 obvelatm,
3142 2216 3237 2268 sed
3282 2215 3444 2282 puris
3473 2219 3532 2267 et

1838 2309 2069 2379 apertis,
2101 2314 2279 2378 utque
2340 2306 2569 2377 planius
2628 2306 2987 2375 eloquamur,
3044 2302 3398 2356 naturalibus
3448 2302 3526 2353 si-

1838 2397 2301 2467 gniﬁcationibus
2330 2394 2667 2460 insinuata;
2698 2399 2761 2446 ut
2782 2397 2914 2463 pote
2944 2403 3072 2445 cum
3119 2391 3328 2445 dicitur
3378 2389 3532 2445 Chri-

1838 2487 1957 2535 stus
1982 2486 2149 2536 natus
2188 2480 2257 2534 de
2312 2479 2562 2549 Virgine,
2619 2494 2842 2547 passus,
2894 2476 3214 2540 cruciﬁxus,
3266 2480 3530 2529 mortuus

1839 2576 1895 2625 et
1942 2571 2220 2641 sepultus.
2282 2568 2431 2624 Nihil
2499 2567 2655 2622 enim
2723 2566 2815 2619 hic
2872 2564 3073 2635 ﬁguris
3134 2562 3529 2617 obvelantibus

1838 2660 2241 2725 adumbratur;
2288 2673 2485 2711 verum
2536 2657 2619 2709 rei
2660 2656 2865 2708 veritas
2907 2653 3256 2707 naturalium
3310 2650 3533 2721 signiﬁ-

1839 2749 2160 2804 cationibus
2204 2746 2508 2801 verborum
2572 2745 2931 2808 ostenditur;
2991 2759 3179 2813 neque
3230 2739 3381 2794 aliud
3440 2740 3532 2794 hic

1840 2836 2235 2906 licctintelligi
2265 2850 2437 2906 quam
2479 2833 2706 2888 dicitur.
2742 2836 2813 2886 At
2874 2832 2934 2885 in
2983 2829 3375 2900 superioribus
3413 2845 3531 2882 non

1839 2928 1936 2981 ita.
1981 2927 2120 2981 Nam
2178 2922 2654 2986 substantialiter,
2715 2936 2819 2974 nec
2872 2918 3035 2990 panis
3092 2918 3368 2982 Christus,
3427 2933 3531 2970 nec

1839 3016 1968 3069 vitis
1997 3014 2273 3079 Christus,
2306 3027 2410 3065 nec
2440 3011 2704 3082 palmites
2744 3007 3006 3078 apostoli.
3047 3006 3404 3077 Quapropter
3439 3005 3531 3059 hic

1840 3104 2043 3175 ﬁgura,
2075 3102 2336 3174 superius
2366 3116 2500 3155 vero
2528 3099 2737 3153 veritas
2762 3098 2819 3151 in
2868 3096 3198 3149 narratione
3248 3098 3529 3147 monstra-

1838 3198 1954 3261 tur,
1987 3193 2041 3247 id
2073 3198 2157 3246 est
2186 3191 2342 3246 nuda
2372 3195 2428 3244 et
2454 3194 2653 3261 aperta
2679 3185 3042 3257 signiﬁcatio.

1908 3283 1993 3337 IX.
2030 3282 2189 3335 Nunc
2226 3280 2529 3335 redeamus
2560 3277 2633 3332 ad
2686 3276 2786 3330 illa
2842 3288 3089 3346 quorum
3150 3285 3321 3325 causa
3378 3268 3532 3323 dicta

1841 3441 1947 3496 loci
1977 3440 2278 3510 signiﬁcat,
2337 3437 2601 3510 sensibus
2654 3434 2994 3510 subjectum;
3030 3432 3109 3485 sic
3154 3430 3342 3510 verbis
3391 3444 3529 3482 con-

1841 3503 2425 3583 ceptisvsequen'tihus
2455 3507 3103 3583 explicatRatramnus:
3149 3504 3238 3583 ᾼη
3284 3503 3401 3555 sine
3439 3516 3531 3583 cu-

1832 3574 2147 3653 juscunque
2188 3583 2451 3653 velatione
2505 3574 2756 3649 mysterii
2816 3579 2910 3653 hoc
2958 3578 3238 3653 intueatur
3285 3574 3526 3653 corporis

1840 3643 2100 3711 exterius.
2136 3652 2280 3720 quod
2310 3653 2501 3705 mentis
2533 3643 2682 3703 v'isns
2730 3650 2967 3720 aspiciat
3006 3647 3253 3698 interius.
3290 3643 3529 3720 Insuper

1843 3742 1908 3779 ex
1951 3714 2461 3778 abbate-Abtiaudo
2502 3721 2656 3774 idem
2705 3714 3107 3787 intelligimus,
3158 3714 3306 3787 apud
3333 3727 3530 3787 _qiiem

1842 3798 1964 3850 haec
1994 3811 2099 3848 vox
2129 3794 2396 3847 eumdem
2429 3807 2656 3845 sensum
2692 3797 2749 3843 et
2777 3783 2943 3841 usum
2988 3786 3162 3840 subiit
3195 3783 3208 3838 Ξ
3241 3783 3347 3839 Sed
3377 3783 3534 3835 aliud

1841 3872 1919 3921 est
1960 3882 2077 3919 cum
2105 3865 2169 3917 de
2190 3866 2417 3917 veritate
2447 3862 2733 3930 cujuslibet
2770 3861 2852 3913 rei
2888 3858 3177 3930 secundum
3224 3855 3530 3930 praprieta-

1843 3944 1945 3992 tem
1986 3939 2126 4003 facti
2151 3926 2623 4003 qua:ritur;atiud,
2656 3947 2773 3984 cum
2814 3932 2956 4003 facti
3002 3927 3239 3995 ejusdem
3298 3926 3530 4003 mystica

1842 3998 2297 4072 ratio'allegorice
2322 4005 2631 4058 discutitur.
2679 4003 2745 4055 Et
2782 4001 3113 4053 continetur
3146 4013 3159 4050 :
3204 3998 3343 4072 Quia
3377 4010 3532 4048 vera-

1841 4081 1974 4133 citer
2002 4067 2194 4147 corpus
2226 4077 2432 4132 Christi
2458 4074 2708 4147 manibus
2742 4073 3029 4147 frangitur
3066 4067 3381 4147 sacerdotis,
3419 4082 3530 4147 non

1842 4166 2000 4203 secus
2040 4136 2105 4201 ac
2131 4146 2289 4217 prior
2342 4146 2519 4200 sancti
2576 4143 2812 4197 Victoris
2872 4140 3213 4217 Giialterius,
3268 4153 3395 4217 cum
3442 4136 3536 4190 ob-

1844 4225 2031 4274 servat
2096 4209 2499 4287 B'crengarium
2568 4220 2825 4268 coactum
2903 4212 3076 4287 fuisse
3134 4209 3529 4287 fateri___verum_

1842 4306 2032 4361 corpus
2077 4295 2125 4343 et
2150 4280 2473 4355 sanguinem
2532 4287 2737 4361 Christi
2784 4298 2931 4361 esse;
2993 4284 3043 4335 et
3083 4280 3457 4361 _sensualitcr__
3487 4285 3537 4329 et

42 4365 415 4411 emrertuntur
463 4376 682 4414 carnem
728 4369 822 4415 aut
867 4348 1205 4428 sanguinem,
1239 4362 1336 4415 lib.
1388 4361 1453 4414 de
1500 4365 1729 4431 Corpore
1758 4372 1800 4425 D
1838 4348 1947 4416 non
1974 4362 2143 4415 solum
2198 4348 2552 4423 sacramento,
2606 4356 2700 4431 sed
2754 4354 3224 4431 etiam_v§r_itﬁtci
3286 4348 3536 4431 τζιαηξᾷυε

44 4435 89 4505 ετ⁸
140 4430 420 4505 Sanguine
500 4433 730 4498 Christi,
797 4434 982 4504 capite
1040 4435 1169 4505 720,
1240 4438 1297 4486 et
1362 4430 1725 4485 eodem'ca-

44 4501 166 4566 pite,
210 4501 485 4553 observat
540 4518 644 4555 sua
686 4501 881 4556 tetate'
909 4504 1189 4557 exstitisse
1249 4509 1626 4557 monumenta
1676 4509 1731 4557 et

46 4571 205 4652 libros
229 4587 336 4624 seu
368 4572 597 4652 codices
628 4588 719 4652 ex_
744 4574 952 4652 quibus
984 4580 1104 4628 erat
1142 4574 1492 4652 intelligere,
1535 4578 1728 4652 plures

46 4643 306 4695 exstitisse
370 4643 642 4716 homines
683 4645 995 4715 theologos,
1058 4646 1156 4716 qui
1216 4646 1274 4698 in
1337 4643 1404 4698 ea
1462 4644 1728 4698 suasione

44 4718 491 4777 permanserant,
525 4714 741 4767 scilicet
766 4714 972 4785 corpus
1024 4714 1228 4770 Christi
1283 4716 1340 4769 in
1383 4716 1729 4769 eucharistia

44 4791 359 4852 susceptum
402 4799 525 4837 esse
576 4785 880 4855 digestioni
911 4793 965 4839 et
1004 4787 1298 4839 atl'ectibus
1338 4792 1727 4840 excremento-

47 4867 151 4929 rum
182 4856 525 4907 obnoxium.
562 4854 699 4918 Quas
734 4858 894 4929 ressi
941 4858 1020 4929 ita
1042 4859 1175 4921 sint,
1226 4857 1398 4929 hujus
1443 4857 1729 4929 opinionis

44 4927 556 4998 initiumrtempore
589 4928 773 4980 Caroli
806 4927 959 4981 Calvi
984 4928 1255 4981 constitui
1294 4944 1454 4998 posse
1485 4927 1725 4994 videtur,

47 5008 139 5069 quo
179 4996 407 5049 scilicet
451 5012 621 5049 suum
675 5004 976 5051 tractatum
1027 4996 1344 5069 composuit
1397 4999 1730 5051 Paschasius

50 5078 91 5143 e2
114 5066 462 5120 Ratramnus
498 5084 667 5143 suum
698 5069 942 5143 scripsit.
966 5066 1189 5143 Exque
1216 5075 1370 5143 patet
1400 5070 1729 5139 planissime

49 5139 287 5206 frangere
323 5145 383 5191 ct
412 5139 707 5191 confutare.
734 5142 979 5211 voluisse
1029 5139 1169 5193 duas
1194 5140 1517 5211 opiniones,
1554 5156 1729 5211 irque

51 5214 329 5273 etpariter
392 5211 658 5262 adversas
715 5210 985 5264 doctrinm
1043 5210 1298 5265 Ecclesim
1356 5210 1644 5263 catholicae
1675 5218 1730 5263 et

54 5280 264 5331 Summis
300 5286 499 5352 sectm
560 5280 954 5335 Calvinisticaa.
1025 5282 1246 5352 Quippe
1295 5298 1423 5334 cum
1480 5282 1731 5334 enitatur

56 5352 265 5423 probare
295 5351 356 5403 in
387 5360 748 5404 sacramento
775 5354 1028 5421 corporis
1060 5351 1267 5407 Christi
1325 5354 1576 5423 aliquam
1610 5367 1730 5423 esse

59 5421 270 5484 ﬁguram
305 5429 366 5474 et
399 5423 511 5493 hoc
540 5438 761 5493 corpus
793 5424 999 5476 Christi
1050 5424 1198 5493 quod
1240 5424 1298 5475 in
1333 5439 1398 5475 eo
1423 5421 1438 5423 ”
1464 5423 1527 5475 tit
1553 5421 1729 5474 sensi-

58 5492 140 5561 liits
167 5506 276 5544 non
334 5492 571 5561 subjici,
605 5494 876 5546 adversus
902 5510 999 5546 eos
1053 5492 1153 5564 qui
1185 5495 1463 5547 tuendum
1500 5494 1731 5562 recipie-

62 5568 168 5634 ijsnt
194 5563 419 5634 nullam
482 5564 545 5615 in
599 5580 667 5616 eo
721 5579 845 5617 esse
900 5563 1167 5634 ﬁguram,
1219 5566 1493 5633 quoniam
1524 5578 1732 5633 corpus

63 5628 235 5684 Christi
267 5633 327 5685 in
360 5650 432 5685 ea
462 5638 587 5685 erat
618 5634 879 5687 sensibus
911 5628 1315 5704 subjectum—et
1343 5634 1585 5688 visibile.

114 5738 132 5761 δ
158 5724 216 5776 In
244 5730 512 5791 mysterio
528 5725 643 5793 ﬁat
697 5742 768 5779 an
826 5728 883 5779 in
925 5729 1173 5781 veritate.
1227 5725 1443 5779 Veritas
1502 5739 1621 5778 rem
1663 5738 1731 5776 eo

1838 4434 2174 4487 sacerdotum
2232 4430 2484 4496 tractari,
2535 4420 2586 4500 et
2622 4429 2852 4500 frangi,
2900 4429 2949 4500 et
3001 4420 3535 4500 [_idetiumidentio-us

1838 4506 2022 4558 atteri.
2053 4502 2193 4554 Eum
2224 4490 2481 4553 sensum'
2507 4490 2757 4551 subierat
2778 4490 2951 4566 'apud
3002 4490 3371 4566 ‘Pascliasium
3424 4490 3521 4566 lib.

1838 4590 1912 4628 xu
1984 4572 2363 4643 Expositionis
2442 4569 2528 4643 _in
2628 4561 3011 4643 Mattbaium:
3084 4561 3347 4643 Quando.
3406 4562 3535 4643 jam

1838 4648 1985 4698 ultra
2049 4630 2152 4697 non
2208 4646 2363 4696 erunt
2437 4640 2549 4693 haec
2603 4640 2835 4706 mystica
2899 4638 3259 4698 sacramenta,
3325 4633 3383 4683 in
3429 4630 3537 4706 ﬁde

1835 4719 2016 4784 reipsn
2047 4716 2267 4776 veritas,
2309 4726 2426 4780 quae
2467 4704 2835 4784 adhuc—recte
2890 4708 3076 4784 agitur
3129 4706 3185 4784 in
3242 4704 3524 4784 mysterio,

1839 4774 1951 4840 luce
1975 4786 2175 4839 clarius
2197 4774 2484 4849 referetur,
2521 4786 2570 4834 et
2628 4782 2733 4833 erit
2792 4779 3033 4851 omnibus
3080 4775 3266 4851 palam
3393 4774 3536 4851 frui-

1835 4859 1981 4911 tione
2009 4855 2153 4924 quod
2190 4842 2329 4907 nunc
2366 4842 2627 4906 suniimus
2653 4854 2709 4904 in
2767 4848 3057 4924 mysterio.
3082 4842 3221 4924 dies
3252 4842 3395 4924 satis
3420 4842 3537 4921 vul-

1838 4936 1968 4997 gata
1997 4912 2101 4979 tiiit
2131 4926 2331 4997 mediae
2363 4925 2546 4997 aetatis
2573 4938 2708 4975 usus
2732 4912 2882 4973 vocis
2919 4918 3193 4997 veritatis,
3253 4912 3320 4997 ad
3354 4912 3534 4981 signi-

1838 4988 2118 5053 ﬁcandam
2180 4996 2263 5048 rei
2315 4993 2748 5067 probationem-
2781 5006 2879 5067 seu
2936 4988 3531 5067 demonstrationem_:

1839 5072 2054 5140 quippe
2093 5083 2223 5140 cum
2263 5055 2526 5140 constans
2558 5067 2706 5116 esset
2736 5061 2974 5140 hujusce
3002 5057 3161 5139 vocis
3192 5070 3327 5140 usus
3360 5055 3428 5140 ad
3457 5055 3535 5140 si-

1839 5128 2650 5209 gniﬁcandastestiﬁcationes
2685 5128 2829 5202 quas
2882 5132 2959 5209 in.
2992 5128 3087 5209 jus
3132 5128 3313 5179 vocati
3364 5129 3536 5204 testes

1839 5200 2097 5281 proferre
2124 5208 2337 5281 solent,
2390 5205 2594 5277 quibus
2653 5200 3137 5281 reapse'crimina-
3185 5212 3298 5250 non
3350 5200 3539 5281 consi~

1840 5271 1997 5334 stunt
2026 5280 2082 5332 in
2120 5294 2198 5339 se,
2244 5271 2340 5329 sed
2400 5271 2598 5328 eorum
2660 5288 2762 5342 pro
2809 5271 3029 5323 ationes
3077 5273 3145 5342 _et
3189 5272 3535 5342 argumenta

1840 5354 2008 5404 ﬁrma
2036 5356 2092 5402 et
2120 5336 2347 5400 invicta.
2394 5346 2463 5398 Ut
2501 5336 2857 5397 abundanter
2890 5345 3043 5409 patet
3073 5338 3131 5391 in
3172 5336 3533 5409 Consuetudi-

1839 5423 1995 5474 nibus
2028 5418 2365 5477 insularum,
2396 5415 2482 5467 tit.
2532 5431 2570 5480 ι,
2602 5413 2818 5465 articul.
2866 5406 2926 5464 I9
2957 5417 3014 5462 et
3068 5411 3155 5474 20,
3193 5414 3247 5460 et
3283 5406 3341 5459 in
3371 5407 3538 5480 liber-

1842 5493 2052 5545 tatibus
2086 5487 2240 5540 urbis
2270 5485 2445 5538 sancti
2471 5478 2837 5546 DeSiderii,iu
2863 5480 3176 5548 Campania
3208 5492 3360 5529 anno
3402 5478 3538 5548 εἳἓὸ

1845 5562 1903 5615 in
1937 5559 2178 5613 concilio
2210 5554 2412 5625 Coyaci
2453 5553 2668 5627 habito,
2724 5547 3125 5627 in_Hispa;nia,
3184 5562 3340 5627 anno

1842 5646 2055 5685 canone
2085 5632 2139 5691 9,
2173 5618 2352 5682 relato
2382 5624 2533 5697 apud
2564 5618 3220 5692 Diicangium,Glossarii
3243 5622 3402 5669 torno
3438 5618 3531 5674 Ill.

1843 5702 2165 5772 pag.1283.
