  <div class='ocr_page' id='page_1' title='image "/cluster/home/n/w/nwhite01/storage/ocr_20150623/121/uva.x000827051/073.png"; bbox 0 0 3920 6224; ppageno 0'>
   <div class='ocr_carea' id='block_1_1' title="bbox 377 243 471 297">
    <p class='ocr_par' dir='ltr' id='par_1_1' title="bbox 377 243 471 297">
     <span class='ocr_line' id='line_1_1' title="bbox 377 243 471 297; baseline -0.011 0"><span class='ocrx_word' id='word_1_1' title='bbox 377 243 471 297; x_wconf 84' lang='grc'>131</span> 
     </span>
    </p>
   </div>
   <div class='ocr_carea' id='block_1_2' title="bbox 1538 230 2727 289">
    <p class='ocr_par' dir='ltr' id='par_1_2' title="bbox 1538 230 2727 289">
     <span class='ocr_line' id='line_1_2' title="bbox 1538 230 2727 289; baseline -0.001 -1"><span class='ocrx_word' id='word_1_2' title='bbox 1538 230 1891 289; x_wconf 74' lang='lat' dir='ltr'>RATRAMNI</span> <span class='ocrx_word' id='word_1_3' title='bbox 1930 230 2063 286; x_wconf 83' lang='lat' dir='ltr'>COR</span> <span class='ocrx_word' id='word_1_4' title='bbox 2075 230 2383 287; x_wconf 86' lang='lat' dir='ltr'>BEIENSlS</span> <span class='ocrx_word' id='word_1_5' title='bbox 2416 230 2727 287; x_wconf 81' lang='lat' dir='ltr'>MONACHI</span> 
     </span>
    </p>
   </div>
   <div class='ocr_carea' id='block_1_3' title="bbox 3784 236 3871 287">
    <p class='ocr_par' dir='ltr' id='par_1_3' title="bbox 3784 236 3871 287">
     <span class='ocr_line' id='line_1_3' title="bbox 3784 236 3871 287; baseline -0.011 0"><span class='ocrx_word' id='word_1_6' title='bbox 3784 236 3871 287; x_wconf 77' lang='lat'>132</span> 
     </span>
    </p>
   </div>
   <div class='ocr_carea' id='block_1_4' title="bbox 3418 285 3443 309">
    <p class='ocr_par' dir='ltr' id='par_1_4' title="bbox 3418 285 3443 309">
     <span class='ocr_line' id='line_1_4' title="bbox 3418 285 3443 309; baseline 0 0"><span class='ocrx_word' id='word_1_7' title='bbox 3418 285 3443 309; x_wconf 69' lang='grc' dir='ltr'><em>Ι</em></span> 
     </span>
    </p>
   </div>
   <div class='ocr_carea' id='block_1_5' title="bbox 3916 8 3920 175">
    <p class='ocr_par' dir='ltr' id='par_1_5' title="bbox 3916 8 3920 175">
     <span class='ocr_line' id='line_1_5' title="bbox 3916 8 3920 175; baseline 0 0"><span class='ocrx_word' id='word_1_8' title='bbox 3916 8 3920 175; x_wconf 76' lang='lat' dir='ltr'>l</span> 
     </span>
    </p>
   </div>
   <div class='ocr_carea' id='block_1_6' title="bbox 374 361 3920 465">
    <p class='ocr_par' dir='ltr' id='par_1_6' title="bbox 374 361 3920 465">
     <span class='ocr_line' id='line_1_6' title="bbox 374 361 3920 465; baseline -0.002 -39"><span class='ocrx_word' id='word_1_9' title='bbox 374 376 507 426; x_wconf 89' lang='lat' dir='ltr'>sunt</span> <span class='ocrx_word' id='word_1_10' title='bbox 534 371 662 436; x_wconf 89' lang='lat' dir='ltr'>ista,</span> <span class='ocrx_word' id='word_1_11' title='bbox 699 368 964 423; x_wconf 82' lang='lat' dir='ltr'>videlicet</span> <span class='ocrx_word' id='word_1_12' title='bbox 1004 382 1207 437; x_wconf 90' lang='lat' dir='ltr'>corpus</span> <span class='ocrx_word' id='word_1_13' title='bbox 1238 368 1293 419; x_wconf 87' lang='lat' dir='ltr'>et</span> <span class='ocrx_word' id='word_1_14' title='bbox 1342 365 1675 435; x_wconf 85' lang='lat' dir='ltr'>sanguinsm</span> <span class='ocrx_word' id='word_1_15' title='bbox 1709 363 1936 420; x_wconf 83' lang='lat' dir='ltr'>Christi.</span> <span class='ocrx_word' id='word_1_16' title='bbox 1960 373 1983 398; x_wconf 72' lang='grc'>⁸</span> <span class='ocrx_word' id='word_1_17' title='bbox 2011 364 2067 419; x_wconf 93' lang='lat' dir='ltr'>Si</span> <span class='ocrx_word' id='word_1_18' title='bbox 2099 366 2137 417; x_wconf 88' lang='lat' dir='ltr'><strong>A</strong></span> <span class='ocrx_word' id='word_1_19' title='bbox 2185 363 2510 435; x_wconf 82' lang='lat' dir='ltr'>accipiatur,</span> <span class='ocrx_word' id='word_1_20' title='bbox 2541 361 2567 399; x_wconf 77' lang='grc' dir='ltr'><em>ά</em></span> <span class='ocrx_word' id='word_1_21' title='bbox 2593 364 2688 418; x_wconf 88' lang='lat' dir='ltr'>sed</span> <span class='ocrx_word' id='word_1_22' title='bbox 2737 368 2925 418; x_wconf 88' lang='lat' dir='ltr'>totum</span> <span class='ocrx_word' id='word_1_23' title='bbox 2965 362 3024 418; x_wconf 93' lang='lat' dir='ltr'>in</span> <span class='ocrx_word' id='word_1_24' title='bbox 3072 364 3311 419; x_wconf 79' lang='lat' dir='ltr'>veritate</span> <span class='ocrx_word' id='word_1_25' title='bbox 3344 364 3757 436; x_wconf 78' lang='lat' dir='ltr'>conspiciatur,</span> <span class='ocrx_word' id='word_1_26' title='bbox 3794 366 3869 419; x_wconf 90' lang='lat' dir='ltr'>ni-</span> <span class='ocrx_word' id='word_1_27' title='bbox 3917 370 3920 465; x_wconf 46' lang='grc' dir='ltr'><em>Α</em></span> 
     </span>
    </p>
   </div>
   <div class='ocr_carea' id='block_1_7' title="bbox 376 454 2061 526">
    <p class='ocr_par' dir='ltr' id='par_1_7' title="bbox 376 454 2061 526">
     <span class='ocr_line' id='line_1_7' title="bbox 376 454 2061 526; baseline -0.005 -11"><span class='ocrx_word' id='word_1_28' title='bbox 376 461 530 515; x_wconf 89' lang='lat' dir='ltr'>enim</span> <span class='ocrx_word' id='word_1_29' title='bbox 564 459 721 513; x_wconf 84' lang='lat' dir='ltr'>nulla</span> <span class='ocrx_word' id='word_1_30' title='bbox 764 458 868 511; x_wconf 90' lang='lat' dir='ltr'>sub</span> <span class='ocrx_word' id='word_1_31' title='bbox 924 456 1113 526; x_wconf 89' lang='lat' dir='ltr'>ﬁgura</span> <span class='ocrx_word' id='word_1_32' title='bbox 1166 454 1505 526; x_wconf 80' lang='lat' dir='ltr'>mysterium</span> <span class='ocrx_word' id='word_1_33' title='bbox 1554 454 1695 509; x_wconf 90' lang='lat' dir='ltr'>illud</span> <span class='ocrx_word' id='word_1_34' title='bbox 1748 454 2061 525; x_wconf 82' lang='lat' dir='ltr'>peragitur,</span> 
     </span>
    </p>
   </div>
   <div class='ocr_carea' id='block_1_8' title="bbox 367 543 2066 620">
    <p class='ocr_par' dir='ltr' id='par_1_8' title="bbox 367 543 2066 620">
     <span class='ocr_line' id='line_1_8' title="bbox 367 543 2066 620; baseline -0.005 -17"><span class='ocrx_word' id='word_1_35' title='bbox 367 550 490 620; x_wconf 84' lang='lat' dir='ltr'>jam</span> <span class='ocrx_word' id='word_1_36' title='bbox 523 547 857 619; x_wconf 76' lang='lat' dir='ltr'>mysterium</span> <span class='ocrx_word' id='word_1_37' title='bbox 883 562 1001 601; x_wconf 91' lang='lat' dir='ltr'>non</span> <span class='ocrx_word' id='word_1_38' title='bbox 1033 549 1181 600; x_wconf 90' lang='lat' dir='ltr'>recte</span> <span class='ocrx_word' id='word_1_39' title='bbox 1211 544 1511 599; x_wconf 82' lang='lat' dir='ltr'>vocitatur.</span> <span class='ocrx_word' id='word_1_40' title='bbox 1544 543 1826 608; x_wconf 84' lang='lat' dir='ltr'>Quoniam</span> <span class='ocrx_word' id='word_1_41' title='bbox 1851 547 2066 613; x_wconf 88' lang='lat' dir='ltr'>myste-</span> 
     </span>
    </p>
   </div>
   <div class='ocr_carea' id='block_1_9' title="bbox 372 631 2065 707">
    <p class='ocr_par' dir='ltr' id='par_1_9' title="bbox 372 631 2065 707">
     <span class='ocr_line' id='line_1_9' title="bbox 372 631 2065 707; baseline -0.004 -16"><span class='ocrx_word' id='word_1_42' title='bbox 372 637 523 691; x_wconf 89' lang='lat' dir='ltr'>rium</span> <span class='ocrx_word' id='word_1_43' title='bbox 555 638 667 691; x_wconf 90' lang='lat' dir='ltr'>dici</span> <span class='ocrx_word' id='word_1_44' title='bbox 698 653 812 690; x_wconf 91' lang='lat' dir='ltr'>non</span> <span class='ocrx_word' id='word_1_45' title='bbox 844 638 1055 707; x_wconf 81' lang='lat' dir='ltr'>potest,</span> <span class='ocrx_word' id='word_1_46' title='bbox 1088 635 1153 688; x_wconf 86' lang='lat' dir='ltr'>in</span> <span class='ocrx_word' id='word_1_47' title='bbox 1180 650 1296 705; x_wconf 88' lang='lat' dir='ltr'>quo</span> <span class='ocrx_word' id='word_1_48' title='bbox 1324 632 1470 687; x_wconf 82' lang='lat' dir='ltr'>nihil</span> <span class='ocrx_word' id='word_1_49' title='bbox 1497 638 1580 686; x_wconf 90' lang='lat' dir='ltr'>est</span> <span class='ocrx_word' id='word_1_50' title='bbox 1611 632 1887 697; x_wconf 90' lang='lat' dir='ltr'>abditum,</span> <span class='ocrx_word' id='word_1_51' title='bbox 1924 631 2065 685; x_wconf 85' lang='lat' dir='ltr'>nihil</span> 
     </span>
    </p>
   </div>
   <div class='ocr_carea' id='block_1_10' title="bbox 372 720 2063 797">
    <p class='ocr_par' dir='ltr' id='par_1_10' title="bbox 372 720 2063 797">
     <span class='ocr_line' id='line_1_10' title="bbox 372 720 2063 797; baseline -0.004 -17"><span class='ocrx_word' id='word_1_52' title='bbox 372 742 404 780; x_wconf 88' lang='lat' dir='ltr'>a</span> <span class='ocrx_word' id='word_1_53' title='bbox 434 725 829 797; x_wconf 81' lang='lat' dir='ltr'>corporalibus</span> <span class='ocrx_word' id='word_1_54' title='bbox 856 724 1118 779; x_wconf 90' lang='lat' dir='ltr'>sensibus</span> <span class='ocrx_word' id='word_1_55' title='bbox 1147 728 1461 789; x_wconf 81' lang='lat' dir='ltr'>remotum,</span> <span class='ocrx_word' id='word_1_56' title='bbox 1501 721 1649 777; x_wconf 81' lang='lat' dir='ltr'>nihil</span> <span class='ocrx_word' id='word_1_57' title='bbox 1689 720 1884 791; x_wconf 76' lang='lat' dir='ltr'>aliqua</span> <span class='ocrx_word' id='word_1_58' title='bbox 1914 721 2063 774; x_wconf 86' lang='lat' dir='ltr'>vela-</span> 
     </span>
    </p>
   </div>
   <div class='ocr_carea' id='block_1_11' title="bbox 372 810 2069 882">
    <p class='ocr_par' dir='ltr' id='par_1_11' title="bbox 372 810 2069 882">
     <span class='ocr_line' id='line_1_11' title="bbox 372 810 2069 882; baseline -0.004 -13"><span class='ocrx_word' id='word_1_59' title='bbox 372 815 526 870; x_wconf 91' lang='lat' dir='ltr'>mine</span> <span class='ocrx_word' id='word_1_60' title='bbox 556 819 898 869; x_wconf 88' lang='lat' dir='ltr'>contectum.</span> <span class='ocrx_word' id='word_1_61' title='bbox 961 816 1034 867; x_wconf 83' lang='lat' dir='ltr'>At</span> <span class='ocrx_word' id='word_1_62' title='bbox 1093 812 1188 867; x_wconf 90' lang='lat' dir='ltr'>ille</span> <span class='ocrx_word' id='word_1_63' title='bbox 1243 811 1403 882; x_wconf 90' lang='lat' dir='ltr'>panis</span> <span class='ocrx_word' id='word_1_64' title='bbox 1455 811 1554 881; x_wconf 85' lang='lat' dir='ltr'>qui</span> <span class='ocrx_word' id='word_1_65' title='bbox 1612 826 1715 881; x_wconf 89' lang='lat' dir='ltr'>per</span> <span class='ocrx_word' id='word_1_66' title='bbox 1759 810 2069 864; x_wconf 78' lang='lat' dir='ltr'>sacerdotis</span> 
     </span>
    </p>
   </div>
   <div class='ocr_carea' id='block_1_12' title="bbox 372 898 2061 972">
    <p class='ocr_par' dir='ltr' id='par_1_12' title="bbox 372 898 2061 972">
     <span class='ocr_line' id='line_1_12' title="bbox 372 898 2061 972; baseline -0.005 -14"><span class='ocrx_word' id='word_1_67' title='bbox 372 903 757 958; x_wconf 86' lang='lat' dir='ltr'>ministerium</span> <span class='ocrx_word' id='word_1_68' title='bbox 787 901 997 958; x_wconf 86' lang='lat' dir='ltr'>Christi</span> <span class='ocrx_word' id='word_1_69' title='bbox 1054 917 1262 972; x_wconf 90' lang='lat' dir='ltr'>corpus</span> <span class='ocrx_word' id='word_1_70' title='bbox 1316 899 1637 966; x_wconf 89' lang='lat' dir='ltr'>conﬁcitur,</span> <span class='ocrx_word' id='word_1_71' title='bbox 1696 898 1852 952; x_wconf 85' lang='lat' dir='ltr'>aliud</span> <span class='ocrx_word' id='word_1_72' title='bbox 1910 903 2061 951; x_wconf 78' lang='lat' dir='ltr'>exle-</span> 
     </span>
    </p>
   </div>
   <div class='ocr_carea' id='block_1_13' title="bbox 373 986 2066 1055">
    <p class='ocr_par' dir='ltr' id='par_1_13' title="bbox 373 986 2066 1055">
     <span class='ocr_line' id='line_1_13' title="bbox 373 986 2066 1055; baseline -0.004 -10"><span class='ocrx_word' id='word_1_73' title='bbox 373 992 492 1045; x_wconf 90' lang='lat' dir='ltr'>rius</span> <span class='ocrx_word' id='word_1_74' title='bbox 543 990 811 1045; x_wconf 84' lang='lat' dir='ltr'>humanis</span> <span class='ocrx_word' id='word_1_75' title='bbox 862 990 1125 1044; x_wconf 90' lang='lat' dir='ltr'>sensibus</span> <span class='ocrx_word' id='word_1_76' title='bbox 1180 989 1446 1055; x_wconf 89' lang='lat' dir='ltr'>ostendit,</span> <span class='ocrx_word' id='word_1_77' title='bbox 1508 992 1563 1043; x_wconf 92' lang='lat' dir='ltr'>et</span> <span class='ocrx_word' id='word_1_78' title='bbox 1623 987 1777 1042; x_wconf 85' lang='lat' dir='ltr'>aliud</span> <span class='ocrx_word' id='word_1_79' title='bbox 1824 986 2066 1041; x_wconf 90' lang='lat' dir='ltr'>interius</span> 
     </span>
    </p>
   </div>
   <div class='ocr_carea' id='block_1_14' title="bbox 374 1074 2063 1147">
    <p class='ocr_par' dir='ltr' id='par_1_14' title="bbox 374 1074 2063 1147">
     <span class='ocr_line' id='line_1_14' title="bbox 374 1074 2063 1147; baseline -0.003 -14"><span class='ocrx_word' id='word_1_80' title='bbox 374 1079 633 1133; x_wconf 89' lang='lat' dir='ltr'>ﬁdelium</span> <span class='ocrx_word' id='word_1_81' title='bbox 667 1078 954 1133; x_wconf 88' lang='lat' dir='ltr'>mentibus</span> <span class='ocrx_word' id='word_1_82' title='bbox 984 1080 1211 1132; x_wconf 88' lang='lat' dir='ltr'>clamat.</span> <span class='ocrx_word' id='word_1_83' title='bbox 1248 1076 1505 1132; x_wconf 84' lang='lat' dir='ltr'>Exterius</span> <span class='ocrx_word' id='word_1_84' title='bbox 1543 1075 1774 1147; x_wconf 83' lang='lat' dir='ltr'>quidem</span> <span class='ocrx_word' id='word_1_85' title='bbox 1804 1088 1829 1129; x_wconf 73' lang='grc' dir='ltr'>ι)</span> <span class='ocrx_word' id='word_1_86' title='bbox 1874 1074 2063 1145; x_wconf 88' lang='lat' dir='ltr'>panis,</span> 
     </span>
    </p>
   </div>
   <div class='ocr_carea' id='block_1_15' title="bbox 372 1165 2063 1238">
    <p class='ocr_par' dir='ltr' id='par_1_15' title="bbox 372 1165 2063 1238">
     <span class='ocr_line' id='line_1_15' title="bbox 372 1165 2063 1238; baseline -0.002 -16"><span class='ocrx_word' id='word_1_87' title='bbox 372 1168 529 1238; x_wconf 92' lang='lat' dir='ltr'>quod</span> <span class='ocrx_word' id='word_1_88' title='bbox 555 1173 686 1222; x_wconf 89' lang='lat' dir='ltr'>ante</span> <span class='ocrx_word' id='word_1_89' title='bbox 730 1167 936 1233; x_wconf 87' lang='lat' dir='ltr'>fuerat,</span> <span class='ocrx_word' id='word_1_90' title='bbox 977 1167 1162 1221; x_wconf 89' lang='lat' dir='ltr'>forma</span> <span class='ocrx_word' id='word_1_91' title='bbox 1222 1165 1620 1237; x_wconf 67' lang='lat' dir='ltr'>prastenditur,</span> <span class='ocrx_word' id='word_1_92' title='bbox 1680 1165 1836 1219; x_wconf 89' lang='lat' dir='ltr'>color</span> <span class='ocrx_word' id='word_1_93' title='bbox 1875 1168 2063 1218; x_wconf 90' lang='lat' dir='ltr'>osten-</span> 
     </span>
    </p>
   </div>
   <div class='ocr_carea' id='block_1_16' title="bbox 372 1253 2063 1328">
    <p class='ocr_par' dir='ltr' id='par_1_16' title="bbox 372 1253 2063 1328">
     <span class='ocr_line' id='line_1_16' title="bbox 372 1253 2063 1328; baseline -0.002 -18"><span class='ocrx_word' id='word_1_94' title='bbox 372 1256 540 1317; x_wconf 88' lang='lat' dir='ltr'>ditur,</span> <span class='ocrx_word' id='word_1_95' title='bbox 569 1273 738 1328; x_wconf 90' lang='lat' dir='ltr'>sapor</span> <span class='ocrx_word' id='word_1_96' title='bbox 765 1255 1039 1327; x_wconf 83' lang='lat' dir='ltr'>accipitur</span> <span class='ocrx_word' id='word_1_97' title='bbox 1071 1273 1082 1310; x_wconf 91' lang='lat'>:</span> <span class='ocrx_word' id='word_1_98' title='bbox 1117 1260 1202 1309; x_wconf 89' lang='lat' dir='ltr'>ast</span> <span class='ocrx_word' id='word_1_99' title='bbox 1230 1255 1470 1309; x_wconf 90' lang='lat' dir='ltr'>interius</span> <span class='ocrx_word' id='word_1_100' title='bbox 1500 1254 1673 1324; x_wconf 91' lang='lat' dir='ltr'>longe.</span> <span class='ocrx_word' id='word_1_101' title='bbox 1700 1253 1852 1308; x_wconf 86' lang='lat' dir='ltr'>aliud</span> <span class='ocrx_word' id='word_1_102' title='bbox 1883 1254 2063 1307; x_wconf 89' lang='lat' dir='ltr'>multo</span> 
     </span>
    </p>
   </div>
   <div class='ocr_carea' id='block_1_17' title="bbox 370 1342 2064 1417">
    <p class='ocr_par' dir='ltr' id='par_1_17' title="bbox 370 1342 2064 1417">
     <span class='ocr_line' id='line_1_17' title="bbox 370 1342 2064 1417; baseline -0.002 -18"><span class='ocrx_word' id='word_1_103' title='bbox 370 1346 677 1415; x_wconf 85' lang='lat' dir='ltr'>pretiosius</span> <span class='ocrx_word' id='word_1_104' title='bbox 743 1346 1040 1417; x_wconf 91' lang='lat' dir='ltr'>multoque</span> <span class='ocrx_word' id='word_1_105' title='bbox 1106 1344 1477 1399; x_wconf 89' lang='lat' dir='ltr'>excellentius</span> <span class='ocrx_word' id='word_1_106' title='bbox 1546 1343 1867 1410; x_wconf 88' lang='lat' dir='ltr'>intimatur,</span> <span class='ocrx_word' id='word_1_107' title='bbox 1927 1342 2064 1413; x_wconf 90' lang='lat' dir='ltr'>quia</span> 
     </span>
    </p>
   </div>
   <div class='ocr_carea' id='block_1_18' title="bbox 371 1432 2061 1504">
    <p class='ocr_par' dir='ltr' id='par_1_18' title="bbox 371 1432 2061 1504">
     <span class='ocr_line' id='line_1_18' title="bbox 371 1432 2061 1504; baseline -0.002 -16"><span class='ocrx_word' id='word_1_108' title='bbox 371 1435 619 1502; x_wconf 85' lang='lat' dir='ltr'>caeleste,</span> <span class='ocrx_word' id='word_1_109' title='bbox 649 1433 786 1504; x_wconf 89' lang='lat' dir='ltr'>quia</span> <span class='ocrx_word' id='word_1_110' title='bbox 813 1433 1094 1499; x_wconf 87' lang='lat' dir='ltr'>divinum,</span> <span class='ocrx_word' id='word_1_111' title='bbox 1124 1433 1183 1487; x_wconf 89' lang='lat' dir='ltr'>id</span> <span class='ocrx_word' id='word_1_112' title='bbox 1212 1438 1298 1487; x_wconf 89' lang='lat' dir='ltr'>est</span> <span class='ocrx_word' id='word_1_113' title='bbox 1324 1432 1535 1488; x_wconf 89' lang='lat' dir='ltr'>Christi</span> <span class='ocrx_word' id='word_1_114' title='bbox 1584 1447 1813 1502; x_wconf 91' lang='lat' dir='ltr'>corpus,</span> <span class='ocrx_word' id='word_1_115' title='bbox 1863 1436 2061 1485; x_wconf 87' lang='lat' dir='ltr'>osten-</span> 
     </span>
    </p>
   </div>
   <div class='ocr_carea' id='block_1_19' title="bbox 368 1518 2063 1594">
    <p class='ocr_par' dir='ltr' id='par_1_19' title="bbox 368 1518 2063 1594">
     <span class='ocr_line' id='line_1_19' title="bbox 368 1518 2063 1594; baseline -0.002 -17"><span class='ocrx_word' id='word_1_116' title='bbox 368 1523 544 1587; x_wconf 89' lang='lat' dir='ltr'>ditur,</span> <span class='ocrx_word' id='word_1_117' title='bbox 579 1523 729 1594; x_wconf 90' lang='lat' dir='ltr'>quod</span> <span class='ocrx_word' id='word_1_118' title='bbox 771 1538 888 1577; x_wconf 92' lang='lat' dir='ltr'>non</span> <span class='ocrx_word' id='word_1_119' title='bbox 936 1521 1195 1576; x_wconf 89' lang='lat' dir='ltr'>sensibus</span> <span class='ocrx_word' id='word_1_120' title='bbox 1243 1521 1450 1587; x_wconf 90' lang='lat' dir='ltr'>carnis,</span> <span class='ocrx_word' id='word_1_121' title='bbox 1502 1521 1600 1575; x_wconf 80' lang='lat' dir='ltr'>sed</span> <span class='ocrx_word' id='word_1_122' title='bbox 1650 1518 1829 1574; x_wconf 89' lang='lat' dir='ltr'>animi</span> <span class='ocrx_word' id='word_1_123' title='bbox 1880 1519 2063 1573; x_wconf 91' lang='lat' dir='ltr'>ﬁdelis</span> 
     </span>
    </p>
   </div>
   <div class='ocr_carea' id='block_1_20' title="bbox 369 1607 2055 1680">
    <p class='ocr_par' dir='ltr' id='par_1_20' title="bbox 369 1607 2055 1680">
     <span class='ocr_line' id='line_1_20' title="bbox 369 1607 2055 1680; baseline -0.004 -15"><span class='ocrx_word' id='word_1_124' title='bbox 369 1612 628 1665; x_wconf 87' lang='lat' dir='ltr'>contuitu</span> <span class='ocrx_word' id='word_1_125' title='bbox 660 1612 746 1664; x_wconf 88' lang='lat' dir='ltr'>vel</span> <span class='ocrx_word' id='word_1_126' title='bbox 780 1610 1073 1680; x_wconf 88' lang='lat' dir='ltr'>aspicitur,</span> <span class='ocrx_word' id='word_1_127' title='bbox 1126 1610 1210 1663; x_wconf 87' lang='lat' dir='ltr'>vel</span> <span class='ocrx_word' id='word_1_128' title='bbox 1262 1608 1557 1677; x_wconf 84' lang='lat' dir='ltr'>accipitur,</span> <span class='ocrx_word' id='word_1_129' title='bbox 1601 1608 1685 1661; x_wconf 86' lang='lat' dir='ltr'>vel</span> <span class='ocrx_word' id='word_1_130' title='bbox 1717 1607 2055 1660; x_wconf 88' lang='lat' dir='ltr'>comeditur.</span> 
     </span>
    </p>
   </div>
   <div class='ocr_carea' id='block_1_21' title="bbox 438 1695 2059 1770">
    <p class='ocr_par' dir='ltr' id='par_1_21' title="bbox 438 1695 2059 1770">
     <span class='ocr_line' id='line_1_21' title="bbox 438 1695 2059 1770; baseline -0.003 -16"><span class='ocrx_word' id='word_1_131' title='bbox 438 1702 499 1755; x_wconf 82' lang='lat' dir='ltr'>X.</span> <span class='ocrx_word' id='word_1_132' title='bbox 544 1700 751 1753; x_wconf 87' lang='lat' dir='ltr'>Vinum</span> <span class='ocrx_word' id='word_1_133' title='bbox 781 1714 1033 1770; x_wconf 89' lang='lat' dir='ltr'>quoque,</span> <span class='ocrx_word' id='word_1_134' title='bbox 1067 1697 1219 1767; x_wconf 85' lang='lat' dir='ltr'>quod</span> <span class='ocrx_word' id='word_1_135' title='bbox 1252 1696 1587 1750; x_wconf 84' lang='lat' dir='ltr'>sacerdotali</span> <span class='ocrx_word' id='word_1_136' title='bbox 1633 1695 2059 1750; x_wconf 88' lang='lat' dir='ltr'>consecratione</span> 
     </span>
    </p>
   </div>
   <div class='ocr_carea' id='block_1_22' title="bbox 370 1785 2059 1858">
    <p class='ocr_par' dir='ltr' id='par_1_22' title="bbox 370 1785 2059 1858">
     <span class='ocr_line' id='line_1_22' title="bbox 370 1785 2059 1858; baseline -0.003 -15"><span class='ocrx_word' id='word_1_137' title='bbox 370 1789 575 1845; x_wconf 87' lang='lat' dir='ltr'>Christi</span> <span class='ocrx_word' id='word_1_138' title='bbox 607 1788 902 1858; x_wconf 87' lang='lat' dir='ltr'>sanguinis</span> <span class='ocrx_word' id='word_1_139' title='bbox 932 1787 1178 1840; x_wconf 83' lang='lat' dir='ltr'>efﬁcitur</span> <span class='ocrx_word' id='word_1_140' title='bbox 1199 1790 1641 1851; x_wconf 89' lang='lat' dir='ltr'>sacramentum,</span> <span class='ocrx_word' id='word_1_141' title='bbox 1677 1785 1830 1839; x_wconf 87' lang='lat' dir='ltr'>aliud</span> <span class='ocrx_word' id='word_1_142' title='bbox 1862 1801 2059 1855; x_wconf 89' lang='lat' dir='ltr'>super-</span> 
     </span>
    </p>
   </div>
   <div class='ocr_carea' id='block_1_23' title="bbox 370 1873 2062 1944">
    <p class='ocr_par' dir='ltr' id='par_1_23' title="bbox 370 1873 2062 1944">
     <span class='ocr_line' id='line_1_23' title="bbox 370 1873 2062 1944; baseline -0.002 -12"><span class='ocrx_word' id='word_1_143' title='bbox 370 1879 495 1932; x_wconf 87' lang='lat' dir='ltr'>ﬁcie</span> <span class='ocrx_word' id='word_1_144' title='bbox 526 1882 691 1931; x_wconf 91' lang='lat' dir='ltr'>tenus</span> <span class='ocrx_word' id='word_1_145' title='bbox 750 1875 1023 1940; x_wconf 90' lang='lat' dir='ltr'>ostendis,</span> <span class='ocrx_word' id='word_1_146' title='bbox 1093 1874 1249 1929; x_wconf 86' lang='lat' dir='ltr'>aliud</span> <span class='ocrx_word' id='word_1_147' title='bbox 1305 1873 1543 1927; x_wconf 92' lang='lat' dir='ltr'>interius</span> <span class='ocrx_word' id='word_1_148' title='bbox 1565 1873 1855 1944; x_wconf 86' lang='lat' dir='ltr'>[continet.</span> <span class='ocrx_word' id='word_1_149' title='bbox 1915 1873 2062 1938; x_wconf 85' lang='lat' dir='ltr'>Quid</span> 
     </span>
    </p>
   </div>
   <div class='ocr_carea' id='block_1_24' title="bbox 371 1961 2058 2033">
    <p class='ocr_par' dir='ltr' id='par_1_24' title="bbox 371 1961 2058 2033">
     <span class='ocr_line' id='line_1_24' title="bbox 371 1961 2058 2033; baseline -0.003 -14"><span class='ocrx_word' id='word_1_150' title='bbox 371 1968 526 2020; x_wconf 91' lang='lat' dir='ltr'>enim</span> <span class='ocrx_word' id='word_1_151' title='bbox 559 1964 715 2019; x_wconf 91' lang='lat' dir='ltr'>aliud</span> <span class='ocrx_word' id='word_1_152' title='bbox 748 1964 810 2017; x_wconf 92' lang='lat' dir='ltr'>in</span> <span class='ocrx_word' id='word_1_153' title='bbox 861 1963 1158 2033; x_wconf 80' lang='lat' dir='ltr'>superficie</span> <span class='ocrx_word' id='word_1_154' title='bbox 1190 1979 1362 2032; x_wconf 89' lang='lat' dir='ltr'>quam</span> <span class='ocrx_word' id='word_1_155' title='bbox 1410 1961 1727 2016; x_wconf 80' lang='lat' dir='ltr'>substantia</span> <span class='ocrx_word' id='word_1_156' title='bbox 1776 1961 1893 2015; x_wconf 91' lang='lat' dir='ltr'>vini</span> <span class='ocrx_word' id='word_1_157' title='bbox 1923 1978 2058 2015; x_wconf 92' lang='lat' dir='ltr'>con-</span> 
     </span>
    </p>
   </div>
   <div class='ocr_carea' id='block_1_25' title="bbox 370 2050 2059 2125">
    <p class='ocr_par' dir='ltr' id='par_1_25' title="bbox 370 2050 2059 2125">
     <span class='ocr_line' id='line_1_25' title="bbox 370 2050 2059 2125; baseline -0.002 -17"><span class='ocrx_word' id='word_1_158' title='bbox 370 2053 650 2125; x_wconf 74' lang='lat' dir='ltr'>spicitur?</span> <span class='ocrx_word' id='word_1_159' title='bbox 676 2054 869 2120; x_wconf 83' lang='lat' dir='ltr'>Gusta,</span> <span class='ocrx_word' id='word_1_160' title='bbox 907 2052 1099 2105; x_wconf 84' lang='lat' dir='ltr'>vinum</span> <span class='ocrx_word' id='word_1_161' title='bbox 1132 2051 1312 2122; x_wconf 87' lang='lat' dir='ltr'>sapit;</span> <span class='ocrx_word' id='word_1_162' title='bbox 1356 2051 1561 2118; x_wconf 76' lang='lat' dir='ltr'>odora;</span> <span class='ocrx_word' id='word_1_163' title='bbox 1586 2051 1781 2104; x_wconf 88' lang='lat' dir='ltr'>viuum</span> <span class='ocrx_word' id='word_1_164' title='bbox 1809 2050 2059 2118; x_wconf 84' lang='lat' dir='ltr'>redolet;</span> 
     </span>
    </p>
   </div>
   <div class='ocr_carea' id='block_1_26' title="bbox 370 2139 2058 2213">
    <p class='ocr_par' dir='ltr' id='par_1_26' title="bbox 370 2139 2058 2213">
     <span class='ocr_line' id='line_1_26' title="bbox 370 2139 2058 2213; baseline -0.002 -16"><span class='ocrx_word' id='word_1_165' title='bbox 370 2143 610 2213; x_wconf 83' lang='lat' dir='ltr'>inspice,</span> <span class='ocrx_word' id='word_1_166' title='bbox 642 2140 762 2195; x_wconf 88' lang='lat' dir='ltr'>vini</span> <span class='ocrx_word' id='word_1_167' title='bbox 793 2142 951 2195; x_wconf 89' lang='lat' dir='ltr'>color</span> <span class='ocrx_word' id='word_1_168' title='bbox 979 2140 1253 2195; x_wconf 88' lang='lat' dir='ltr'>intuetur.</span> <span class='ocrx_word' id='word_1_169' title='bbox 1282 2144 1353 2195; x_wconf 88' lang='lat' dir='ltr'>At</span> <span class='ocrx_word' id='word_1_170' title='bbox 1382 2141 1618 2194; x_wconf 88' lang='lat' dir='ltr'>interius</span> <span class='ocrx_word' id='word_1_171' title='bbox 1639 2139 1684 2193; x_wconf 91' lang='lat' dir='ltr'>si</span> <span class='ocrx_word' id='word_1_172' title='bbox 1713 2139 2058 2207; x_wconf 88' lang='lat' dir='ltr'>consideres,</span> 
     </span>
    </p>
   </div>
   <div class='ocr_carea' id='block_1_27' title="bbox 361 2229 2061 2302">
    <p class='ocr_par' dir='ltr' id='par_1_27' title="bbox 361 2229 2061 2302">
     <span class='ocr_line' id='line_1_27' title="bbox 361 2229 2061 2302; baseline -0.001 -17"><span class='ocrx_word' id='word_1_173' title='bbox 361 2232 481 2302; x_wconf 88' lang='lat' dir='ltr'>jam</span> <span class='ocrx_word' id='word_1_174' title='bbox 514 2247 628 2285; x_wconf 92' lang='lat' dir='ltr'>non</span> <span class='ocrx_word' id='word_1_175' title='bbox 670 2231 858 2302; x_wconf 89' lang='lat' dir='ltr'>liquor</span> <span class='ocrx_word' id='word_1_176' title='bbox 914 2230 1049 2295; x_wconf 89' lang='lat' dir='ltr'>vini,</span> <span class='ocrx_word' id='word_1_177' title='bbox 1107 2230 1203 2284; x_wconf 91' lang='lat' dir='ltr'>sed</span> <span class='ocrx_word' id='word_1_178' title='bbox 1265 2230 1457 2301; x_wconf 90' lang='lat' dir='ltr'>liquor</span> <span class='ocrx_word' id='word_1_179' title='bbox 1516 2229 1812 2299; x_wconf 83' lang='lat' dir='ltr'>sanguinis</span> <span class='ocrx_word' id='word_1_180' title='bbox 1855 2230 2061 2284; x_wconf 90' lang='lat' dir='ltr'>Christi</span> 
     </span>
    </p>
   </div>
   <div class='ocr_carea' id='block_1_28' title="bbox 366 2318 2057 2389">
    <p class='ocr_par' dir='ltr' id='par_1_28' title="bbox 366 2318 2057 2389">
     <span class='ocr_line' id='line_1_28' title="bbox 366 2318 2057 2389; baseline -0.001 -16"><span class='ocrx_word' id='word_1_181' title='bbox 366 2319 723 2375; x_wconf 88' lang='lat' dir='ltr'>credentium</span> <span class='ocrx_word' id='word_1_182' title='bbox 755 2318 1042 2373; x_wconf 85' lang='lat' dir='ltr'>mentibus</span> <span class='ocrx_word' id='word_1_183' title='bbox 1072 2324 1128 2372; x_wconf 91' lang='lat' dir='ltr'>et</span> <span class='ocrx_word' id='word_1_184' title='bbox 1156 2318 1302 2389; x_wconf 91' lang='lat' dir='ltr'>sapit</span> <span class='ocrx_word' id='word_1_185' title='bbox 1333 2319 1471 2373; x_wconf 90' lang='lat' dir='ltr'>dum</span> <span class='ocrx_word' id='word_1_186' title='bbox 1493 2322 1846 2388; x_wconf 86' lang='lat' dir='ltr'>gustatur,et</span> <span class='ocrx_word' id='word_1_187' title='bbox 1874 2334 2057 2388; x_wconf 90' lang='lat' dir='ltr'>agno-</span> 
     </span>
    </p>
   </div>
   <div class='ocr_carea' id='block_1_29' title="bbox 366 2406 2055 2478">
    <p class='ocr_par' dir='ltr' id='par_1_29' title="bbox 366 2406 2055 2478">
     <span class='ocr_line' id='line_1_29' title="bbox 366 2406 2055 2478; baseline -0.001 -15"><span class='ocrx_word' id='word_1_188' title='bbox 366 2410 543 2463; x_wconf 90' lang='lat' dir='ltr'>scitur</span> <span class='ocrx_word' id='word_1_189' title='bbox 575 2410 712 2463; x_wconf 91' lang='lat' dir='ltr'>dum</span> <span class='ocrx_word' id='word_1_190' title='bbox 743 2408 1114 2477; x_wconf 83' lang='lat' dir='ltr'>conspicitur,</span> <span class='ocrx_word' id='word_1_191' title='bbox 1168 2412 1222 2461; x_wconf 87' lang='lat' dir='ltr'>et</span> <span class='ocrx_word' id='word_1_192' title='bbox 1253 2406 1527 2478; x_wconf 89' lang='lat' dir='ltr'>probatur</span> <span class='ocrx_word' id='word_1_193' title='bbox 1574 2408 1712 2461; x_wconf 90' lang='lat' dir='ltr'>dum</span> <span class='ocrx_word' id='word_1_194' title='bbox 1762 2406 2055 2463; x_wconf 89' lang='lat' dir='ltr'>odoratur.</span> 
     </span>
    </p>
   </div>
   <div class='ocr_carea' id='block_1_30' title="bbox 369 2496 2060 2567">
    <p class='ocr_par' dir='ltr' id='par_1_30' title="bbox 369 2496 2060 2567">
     <span class='ocr_line' id='line_1_30' title="bbox 369 2496 2060 2567; baseline -0.001 -15"><span class='ocrx_word' id='word_1_195' title='bbox 369 2500 497 2552; x_wconf 66' lang='lat' dir='ltr'>llaec</span> <span class='ocrx_word' id='word_1_196' title='bbox 527 2498 606 2551; x_wconf 88' lang='lat' dir='ltr'>ita</span> <span class='ocrx_word' id='word_1_197' title='bbox 637 2513 758 2551; x_wconf 90' lang='lat' dir='ltr'>esse</span> <span class='ocrx_word' id='word_1_198' title='bbox 787 2497 921 2551; x_wconf 89' lang='lat' dir='ltr'>dum</span> <span class='ocrx_word' id='word_1_199' title='bbox 955 2512 1126 2551; x_wconf 89' lang='lat' dir='ltr'>nemo</span> <span class='ocrx_word' id='word_1_200' title='bbox 1165 2502 1350 2566; x_wconf 86' lang='lat' dir='ltr'>potest</span> <span class='ocrx_word' id='word_1_201' title='bbox 1375 2497 1680 2566; x_wconf 90' lang='lat' dir='ltr'>abnegare,</span> <span class='ocrx_word' id='word_1_202' title='bbox 1709 2496 1884 2551; x_wconf 88' lang='lat' dir='ltr'>claret</span> <span class='ocrx_word' id='word_1_203' title='bbox 1925 2498 2060 2567; x_wconf 89' lang='lat' dir='ltr'>quia</span> 
     </span>
    </p>
   </div>
   <div class='ocr_carea' id='block_1_31' title="bbox 369 2584 2059 2655">
    <p class='ocr_par' dir='ltr' id='par_1_31' title="bbox 369 2584 2059 2655">
     <span class='ocr_line' id='line_1_31' title="bbox 369 2584 2059 2655; baseline 0.001 -17"><span class='ocrx_word' id='word_1_204' title='bbox 369 2600 385 2616; x_wconf 78' lang='grc'><strong>·’</strong></span> <span class='ocrx_word' id='word_1_205' title='bbox 412 2584 576 2655; x_wconf 87' lang='lat' dir='ltr'>panis</span> <span class='ocrx_word' id='word_1_206' title='bbox 599 2584 695 2638; x_wconf 91' lang='lat' dir='ltr'>ille</span> <span class='ocrx_word' id='word_1_207' title='bbox 724 2585 1037 2655; x_wconf 89' lang='lat' dir='ltr'>vinumque</span> <span class='ocrx_word' id='word_1_208' title='bbox 1078 2585 1320 2654; x_wconf 88' lang='lat' dir='ltr'>ﬁgurate</span> <span class='ocrx_word' id='word_1_209' title='bbox 1360 2584 1570 2638; x_wconf 88' lang='lat' dir='ltr'>Caristi</span> <span class='ocrx_word' id='word_1_210' title='bbox 1600 2600 1803 2655; x_wconf 89' lang='lat' dir='ltr'>corpus</span> <span class='ocrx_word' id='word_1_211' title='bbox 1851 2590 1906 2638; x_wconf 89' lang='lat' dir='ltr'>et</span> <span class='ocrx_word' id='word_1_212' title='bbox 1934 2601 2059 2639; x_wconf 91' lang='lat' dir='ltr'>san-</span> 
     </span>
    </p>
   </div>
   <div class='ocr_carea' id='block_1_32' title="bbox 367 2672 2057 2743">
    <p class='ocr_par' dir='ltr' id='par_1_32' title="bbox 367 2672 2057 2743">
     <span class='ocr_line' id='line_1_32' title="bbox 367 2672 2057 2743; baseline 0.001 -17"><span class='ocrx_word' id='word_1_213' title='bbox 367 2674 495 2743; x_wconf 88' lang='lat' dir='ltr'>guis</span> <span class='ocrx_word' id='word_1_214' title='bbox 520 2672 728 2727; x_wconf 83' lang='lat' dir='ltr'>existit.</span> <span class='ocrx_word' id='word_1_215' title='bbox 777 2673 899 2725; x_wconf 84' lang='lat' dir='ltr'>Non</span> <span class='ocrx_word' id='word_1_216' title='bbox 932 2673 1085 2725; x_wconf 91' lang='lat' dir='ltr'>enim</span> <span class='ocrx_word' id='word_1_217' title='bbox 1135 2672 1450 2727; x_wconf 91' lang='lat' dir='ltr'>secundum</span> <span class='ocrx_word' id='word_1_218' title='bbox 1484 2672 1636 2742; x_wconf 89' lang='lat' dir='ltr'>quod</span> <span class='ocrx_word' id='word_1_219' title='bbox 1691 2672 1916 2727; x_wconf 89' lang='lat' dir='ltr'>videtur</span> <span class='ocrx_word' id='word_1_220' title='bbox 1968 2674 2057 2727; x_wconf 89' lang='lat' dir='ltr'>vel</span> 
     </span>
    </p>
   </div>
   <div class='ocr_carea' id='block_1_33' title="bbox 367 2760 2058 2831">
    <p class='ocr_par' dir='ltr' id='par_1_33' title="bbox 367 2760 2058 2831">
     <span class='ocr_line' id='line_1_33' title="bbox 367 2760 2058 2831; baseline 0.002 -18"><span class='ocrx_word' id='word_1_221' title='bbox 367 2761 555 2815; x_wconf 78' lang='lat' dir='ltr'>carnis</span> <span class='ocrx_word' id='word_1_222' title='bbox 582 2760 799 2831; x_wconf 83' lang='lat' dir='ltr'>species</span> <span class='ocrx_word' id='word_1_223' title='bbox 837 2761 896 2814; x_wconf 91' lang='lat' dir='ltr'>in</span> <span class='ocrx_word' id='word_1_224' title='bbox 942 2760 1041 2815; x_wconf 91' lang='lat' dir='ltr'>illo</span> <span class='ocrx_word' id='word_1_225' title='bbox 1070 2777 1216 2831; x_wconf 89' lang='lat' dir='ltr'>pane</span> <span class='ocrx_word' id='word_1_226' title='bbox 1273 2761 1656 2830; x_wconf 90' lang='lat' dir='ltr'>cognoscitur,</span> <span class='ocrx_word' id='word_1_227' title='bbox 1708 2762 1797 2815; x_wconf 81' lang='lat' dir='ltr'>vel</span> <span class='ocrx_word' id='word_1_228' title='bbox 1849 2760 1910 2815; x_wconf 92' lang='lat' dir='ltr'>in</span> <span class='ocrx_word' id='word_1_229' title='bbox 1960 2762 2058 2816; x_wconf 93' lang='lat' dir='ltr'>illo</span> 
     </span>
    </p>
   </div>
   <div class='ocr_carea' id='block_1_34' title="bbox 365 2850 2060 2921">
    <p class='ocr_par' dir='ltr' id='par_1_34' title="bbox 365 2850 2060 2921">
     <span class='ocr_line' id='line_1_34' title="bbox 365 2850 2060 2921; baseline 0.001 -18"><span class='ocrx_word' id='word_1_230' title='bbox 365 2850 499 2905; x_wconf 78' lang='lat' dir='ltr'>vino</span> <span class='ocrx_word' id='word_1_231' title='bbox 556 2850 773 2904; x_wconf 86' lang='lat' dir='ltr'>cruoris</span> <span class='ocrx_word' id='word_1_232' title='bbox 839 2850 994 2903; x_wconf 89' lang='lat' dir='ltr'>unda</span> <span class='ocrx_word' id='word_1_233' title='bbox 1053 2853 1431 2916; x_wconf 86' lang='lat' dir='ltr'>monstratur;</span> <span class='ocrx_word' id='word_1_234' title='bbox 1488 2866 1616 2903; x_wconf 91' lang='lat' dir='ltr'>cum</span> <span class='ocrx_word' id='word_1_235' title='bbox 1674 2854 1864 2904; x_wconf 87' lang='lat' dir='ltr'>tamen</span> <span class='ocrx_word' id='word_1_236' title='bbox 1928 2856 2060 2921; x_wconf 90' lang='lat' dir='ltr'>post</span> 
     </span>
    </p>
   </div>
   <div class='ocr_carea' id='block_1_35' title="bbox 368 2937 2129 3024">
    <p class='ocr_par' dir='ltr' id='par_1_35' title="bbox 368 2937 2129 3024">
     <span class='ocr_line' id='line_1_35' title="bbox 368 2937 2129 3024; baseline 0.001 -32"><span class='ocrx_word' id='word_1_237' title='bbox 368 2938 664 3010; x_wconf 87' lang='lat' dir='ltr'>mysticam</span> <span class='ocrx_word' id='word_1_238' title='bbox 703 2938 1187 2991; x_wconf 87' lang='lat' dir='ltr'>consecrationem</span> <span class='ocrx_word' id='word_1_239' title='bbox 1221 2955 1323 2991; x_wconf 90' lang='lat' dir='ltr'>nec</span> <span class='ocrx_word' id='word_1_240' title='bbox 1352 2937 1517 3008; x_wconf 89' lang='lat' dir='ltr'>panis</span> <span class='ocrx_word' id='word_1_241' title='bbox 1552 2939 1671 3008; x_wconf 84' lang='lat' dir='ltr'>jam</span> <span class='ocrx_word' id='word_1_242' title='bbox 1713 2938 1921 2993; x_wconf 90' lang='lat' dir='ltr'>dicitur</span> <span class='ocrx_word' id='word_1_243' title='bbox 1953 2956 2056 2994; x_wconf 88' lang='lat' dir='ltr'>nec</span> <span class='ocrx_word' id='word_1_244' title='bbox 2089 2969 2129 3024; x_wconf 66' lang='grc' dir='ltr'><strong>ρ</strong></span> 
     </span>
    </p>
   </div>
   <div class='ocr_carea' id='block_1_36' title="bbox 364 3026 1558 3096">
    <p class='ocr_par' dir='ltr' id='par_1_36' title="bbox 364 3026 1558 3096">
     <span class='ocr_line' id='line_1_36' title="bbox 364 3026 1558 3096; baseline 0 -16"><span class='ocrx_word' id='word_1_245' title='bbox 364 3028 584 3091; x_wconf 92' lang='lat' dir='ltr'>vinum,</span> <span class='ocrx_word' id='word_1_246' title='bbox 626 3026 722 3079; x_wconf 89' lang='lat' dir='ltr'>sed</span> <span class='ocrx_word' id='word_1_247' title='bbox 754 3026 960 3079; x_wconf 87' lang='lat' dir='ltr'>Christi</span> <span class='ocrx_word' id='word_1_248' title='bbox 992 3042 1195 3096; x_wconf 89' lang='lat' dir='ltr'>corpus</span> <span class='ocrx_word' id='word_1_249' title='bbox 1226 3030 1281 3080; x_wconf 89' lang='lat' dir='ltr'>ct</span> <span class='ocrx_word' id='word_1_250' title='bbox 1307 3026 1558 3095; x_wconf 88' lang='lat' dir='ltr'>sanguis.</span> 
     </span>
    </p>
   </div>
   <div class='ocr_carea' id='block_1_37' title="bbox 437 3113 2058 3184">
    <p class='ocr_par' dir='ltr' id='par_1_37' title="bbox 437 3113 2058 3184">
     <span class='ocr_line' id='line_1_37' title="bbox 437 3113 2058 3184; baseline 0.001 -16"><span class='ocrx_word' id='word_1_251' title='bbox 437 3116 523 3168; x_wconf 85' lang='lat' dir='ltr'>XI.</span> <span class='ocrx_word' id='word_1_252' title='bbox 557 3116 698 3167; x_wconf 82' lang='lat' dir='ltr'>Nam</span> <span class='ocrx_word' id='word_1_253' title='bbox 726 3113 773 3167; x_wconf 90' lang='lat' dir='ltr'>si</span> <span class='ocrx_word' id='word_1_254' title='bbox 798 3114 1110 3167; x_wconf 88' lang='lat' dir='ltr'>secundum</span> <span class='ocrx_word' id='word_1_255' title='bbox 1152 3113 1429 3184; x_wconf 86' lang='lat' dir='ltr'>quosdam</span> <span class='ocrx_word' id='word_1_256' title='bbox 1478 3113 1720 3184; x_wconf 87' lang='lat' dir='ltr'>ﬁgurate</span> <span class='ocrx_word' id='word_1_257' title='bbox 1768 3114 1915 3168; x_wconf 91' lang='lat' dir='ltr'>nihil</span> <span class='ocrx_word' id='word_1_258' title='bbox 1963 3114 2058 3170; x_wconf 91' lang='lat' dir='ltr'>hic</span> 
     </span>
    </p>
   </div>
   <div class='ocr_carea' id='block_1_38' title="bbox 434 3272 2054 3344">
    <p class='ocr_par' dir='ltr' id='par_1_38' title="bbox 434 3272 2054 3344">
     <span class='ocr_line' id='line_1_38' title="bbox 434 3272 2054 3344; baseline -0.001 -15"><span class='ocrx_word' id='word_1_259' title='bbox 434 3286 458 3315; x_wconf 72' lang='grc' dir='ltr'>ι</span> <span class='ocrx_word' id='word_1_260' title='bbox 485 3274 546 3329; x_wconf 91' lang='lat' dir='ltr'>Si</span> <span class='ocrx_word' id='word_1_261' title='bbox 566 3274 715 3344; x_wconf 84' lang='lat' dir='ltr'>enim</span> <span class='ocrx_word' id='word_1_262' title='bbox 756 3274 908 3327; x_wconf 86' lang='lat' dir='ltr'>nulla</span> <span class='ocrx_word' id='word_1_263' title='bbox 939 3273 1036 3327; x_wconf 87' lang='lat' dir='ltr'>sub</span> <span class='ocrx_word' id='word_1_264' title='bbox 1064 3275 1243 3344; x_wconf 81' lang='lat' dir='ltr'>ﬁgura</span> <span class='ocrx_word' id='word_1_265' title='bbox 1274 3274 1616 3344; x_wconf 79' lang='lat' dir='ltr'>mysterium_</span> <span class='ocrx_word' id='word_1_266' title='bbox 1642 3272 1785 3344; x_wconf 86' lang='lat' dir='ltr'>illud</span> <span class='ocrx_word' id='word_1_267' title='bbox 1825 3277 2054 3343; x_wconf 85' lang='lat' dir='ltr'>peragi-</span> 
     </span>
    </p>
   </div>
   <div class='ocr_carea' id='block_1_39' title="bbox 366 3342 2053 3415">
    <p class='ocr_par' dir='ltr' id='par_1_39' title="bbox 366 3342 2053 3415">
     <span class='ocr_line' id='line_1_39' title="bbox 366 3342 2053 3415; baseline -0.001 -16"><span class='ocrx_word' id='word_1_268' title='bbox 366 3350 476 3399; x_wconf 86' lang='lat' dir='ltr'>tur.</span> <span class='ocrx_word' id='word_1_269' title='bbox 532 3343 650 3397; x_wconf 86' lang='lat' dir='ltr'>Hoc</span> <span class='ocrx_word' id='word_1_270' title='bbox 679 3344 892 3397; x_wconf 87' lang='lat' dir='ltr'>iterum</span> <span class='ocrx_word' id='word_1_271' title='bbox 932 3342 1163 3413; x_wconf 82' lang='lat' dir='ltr'>repetit,</span> <span class='ocrx_word' id='word_1_272' title='bbox 1215 3348 1504 3415; x_wconf 17' lang='lat' dir='ltr'>utiomnes</span> <span class='ocrx_word' id='word_1_273' title='bbox 1533 3342 1790 3415; x_wconf 84' lang='lat' dir='ltr'>afflictim</span> <span class='ocrx_word' id='word_1_274' title='bbox 1823 3342 2053 3415; x_wconf 15' lang='lat' dir='ltr'>icogno-</span> 
     </span>
    </p>
   </div>
   <div class='ocr_carea' id='block_1_40' title="bbox 365 3413 2053 3486">
    <p class='ocr_par' dir='ltr' id='par_1_40' title="bbox 365 3413 2053 3486">
     <span class='ocr_line' id='line_1_40' title="bbox 365 3413 2053 3486; baseline 0 -17"><span class='ocrx_word' id='word_1_275' title='bbox 365 3420 522 3469; x_wconf 88' lang='lat' dir='ltr'>scant</span> <span class='ocrx_word' id='word_1_276' title='bbox 547 3415 815 3469; x_wconf 87' lang='lat' dir='ltr'>adversus</span> <span class='ocrx_word' id='word_1_277' title='bbox 846 3431 943 3469; x_wconf 91' lang='lat' dir='ltr'>eos</span> <span class='ocrx_word' id='word_1_278' title='bbox 987 3414 1349 3486; x_wconf 82' lang='lat' dir='ltr'>solummodo</span> <span class='ocrx_word' id='word_1_279' title='bbox 1399 3429 1586 3486; x_wconf 75' lang='lat' dir='ltr'>agere,</span> <span class='ocrx_word' id='word_1_280' title='bbox 1632 3413 1739 3486; x_wconf 87' lang='lat' dir='ltr'>qui</span> <span class='ocrx_word' id='word_1_281' title='bbox 1788 3413 1894 3468; x_wconf 90' lang='lat' dir='ltr'>sibi</span> <span class='ocrx_word' id='word_1_282' title='bbox 1921 3413 2053 3486; x_wconf 80' lang='lat' dir='ltr'>per-</span> 
     </span>
    </p>
   </div>
   <div class='ocr_carea' id='block_1_41' title="bbox 365 3484 2055 3556">
    <p class='ocr_par' dir='ltr' id='par_1_41' title="bbox 365 3484 2055 3556">
     <span class='ocr_line' id='line_1_41' title="bbox 365 3484 2055 3556; baseline 0.001 -17"><span class='ocrx_word' id='word_1_283' title='bbox 365 3486 682 3540; x_wconf 89' lang='lat' dir='ltr'>suadebant</span> <span class='ocrx_word' id='word_1_284' title='bbox 714 3490 896 3540; x_wconf 88' lang='lat' dir='ltr'>totum</span> <span class='ocrx_word' id='word_1_285' title='bbox 928 3486 1077 3556; x_wconf 90' lang='lat' dir='ltr'>quod</span> <span class='ocrx_word' id='word_1_286' title='bbox 1112 3487 1172 3538; x_wconf 89' lang='lat' dir='ltr'>in</span> <span class='ocrx_word' id='word_1_287' title='bbox 1221 3484 1572 3538; x_wconf 85' lang='lat' dir='ltr'>Eucharistia</span> <span class='ocrx_word' id='word_1_288' title='bbox 1621 3484 1685 3556; x_wconf 83' lang='lat' dir='ltr'>ﬁt</span> <span class='ocrx_word' id='word_1_289' title='bbox 1714 3501 1834 3539; x_wconf 89' lang='lat' dir='ltr'>esse</span> <span class='ocrx_word' id='word_1_290' title='bbox 1881 3484 2055 3540; x_wconf 82' lang='lat' dir='ltr'>sensi-</span> 
     </span>
    </p>
   </div>
   <div class='ocr_carea' id='block_1_42' title="bbox 363 3555 2054 3627">
    <p class='ocr_par' dir='ltr' id='par_1_42' title="bbox 363 3555 2054 3627">
     <span class='ocr_line' id='line_1_42' title="bbox 363 3555 2054 3627; baseline 0.001 -16"><span class='ocrx_word' id='word_1_291' title='bbox 363 3558 469 3611; x_wconf 89' lang='lat' dir='ltr'>bus</span> <span class='ocrx_word' id='word_1_292' title='bbox 501 3557 842 3627; x_wconf 78' lang='lat' dir='ltr'>subiectum.</span> <span class='ocrx_word' id='word_1_293' title='bbox 877 3555 958 3617; x_wconf 77' lang='lat' dir='ltr'>lEt</span> <span class='ocrx_word' id='word_1_294' title='bbox 999 3556 1223 3610; x_wconf 79' lang='lat' dir='ltr'>axioma</span> <span class='ocrx_word' id='word_1_295' title='bbox 1254 3557 1473 3626; x_wconf 79' lang='lat' dir='ltr'>profert</span> <span class='ocrx_word' id='word_1_296' title='bbox 1526 3555 1689 3609; x_wconf 89' lang='lat' dir='ltr'>valde</span> <span class='ocrx_word' id='word_1_297' title='bbox 1738 3558 2054 3627; x_wconf 89' lang='lat' dir='ltr'>propitium</span> 
     </span>
    </p>
   </div>
   <div class='ocr_carea' id='block_1_43' title="bbox 364 3627 2049 3698">
    <p class='ocr_par' dir='ltr' id='par_1_43' title="bbox 364 3627 2049 3698">
     <span class='ocr_line' id='line_1_43' title="bbox 364 3627 2049 3698; baseline 0.002 -17"><span class='ocrx_word' id='word_1_298' title='bbox 364 3629 684 3693; x_wconf 61' lang='lat' dir='ltr'>sententias,</span> <span class='ocrx_word' id='word_1_299' title='bbox 718 3633 774 3681; x_wconf 89' lang='lat' dir='ltr'>et</span> <span class='ocrx_word' id='word_1_300' title='bbox 820 3628 991 3682; x_wconf 88' lang='lat' dir='ltr'>rebus</span> <span class='ocrx_word' id='word_1_301' title='bbox 1039 3628 1295 3681; x_wconf 82' lang='lat' dir='ltr'>Ecclesiae</span> <span class='ocrx_word' id='word_1_302' title='bbox 1342 3627 1589 3681; x_wconf 82' lang='lat' dir='ltr'>maxime</span> <span class='ocrx_word' id='word_1_303' title='bbox 1637 3635 2049 3698; x_wconf 89' lang='lat' dir='ltr'>opportunum,</span> 
     </span>
    </p>
   </div>
   <div class='ocr_carea' id='block_1_44' title="bbox 361 3698 2053 3771">
    <p class='ocr_par' dir='ltr' id='par_1_44' title="bbox 361 3698 2053 3771">
     <span class='ocr_line' id='line_1_44' title="bbox 361 3698 2053 3771; baseline 0.001 -18"><span class='ocrx_word' id='word_1_304' title='bbox 361 3700 575 3771; x_wconf 86' lang='lat' dir='ltr'>scilicet</span> <span class='ocrx_word' id='word_1_305' title='bbox 618 3699 861 3771; x_wconf 5' lang='lat' dir='ltr'>nullum,</span> <span class='ocrx_word' id='word_1_306' title='bbox 889 3698 1197 3753; x_wconf 86' lang='lat' dir='ltr'>consistere</span> <span class='ocrx_word' id='word_1_307' title='bbox 1258 3715 1421 3769; x_wconf 91' lang='lat' dir='ltr'>posse</span> <span class='ocrx_word' id='word_1_308' title='bbox 1448 3699 1806 3767; x_wconf 87' lang='lat' dir='ltr'>mysterium,</span> <span class='ocrx_word' id='word_1_309' title='bbox 1850 3699 1907 3754; x_wconf 90' lang='lat' dir='ltr'>in</span> <span class='ocrx_word' id='word_1_310' title='bbox 1938 3717 2053 3771; x_wconf 90' lang='lat' dir='ltr'>quo</span> 
     </span>
    </p>
   </div>
   <div class='ocr_carea' id='block_1_45' title="bbox 361 3770 2055 3825">
    <p class='ocr_par' dir='ltr' id='par_1_45' title="bbox 361 3770 2055 3825">
     <span class='ocr_line' id='line_1_45' title="bbox 361 3770 2055 3825; baseline 0.001 -2"><span class='ocrx_word' id='word_1_311' title='bbox 361 3770 505 3824; x_wconf 91' lang='lat' dir='ltr'>nihil</span> <span class='ocrx_word' id='word_1_312' title='bbox 538 3771 609 3824; x_wconf 92' lang='lat' dir='ltr'>sit</span> <span class='ocrx_word' id='word_1_313' title='bbox 638 3770 997 3825; x_wconf 89' lang='lat' dir='ltr'>reconditum</span> <span class='ocrx_word' id='word_1_314' title='bbox 1034 3774 1089 3824; x_wconf 90' lang='lat' dir='ltr'>et</span> <span class='ocrx_word' id='word_1_315' title='bbox 1131 3772 1437 3824; x_wconf 90' lang='lat' dir='ltr'>occultum.</span> <span class='ocrx_word' id='word_1_316' title='bbox 1500 3771 1716 3825; x_wconf 82' lang='lat' dir='ltr'>Revera</span> <span class='ocrx_word' id='word_1_317' title='bbox 1760 3786 1873 3824; x_wconf 92' lang='lat' dir='ltr'>non</span> <span class='ocrx_word' id='word_1_318' title='bbox 1916 3770 2055 3825; x_wconf 86' lang='lat' dir='ltr'>dicit</span> 
     </span>
    </p>
   </div>
   <div class='ocr_carea' id='block_1_46' title="bbox 359 3841 2051 3907">
    <p class='ocr_par' dir='ltr' id='par_1_46' title="bbox 359 3841 2051 3907">
     <span class='ocr_line' id='line_1_46' title="bbox 359 3841 2051 3907; baseline 0 -12"><span class='ocrx_word' id='word_1_319' title='bbox 359 3846 547 3895; x_wconf 88' lang='lat' dir='ltr'>totum</span> <span class='ocrx_word' id='word_1_320' title='bbox 587 3857 707 3895; x_wconf 89' lang='lat' dir='ltr'>esse</span> <span class='ocrx_word' id='word_1_321' title='bbox 750 3841 957 3897; x_wconf 88' lang='lat' dir='ltr'>debere</span> <span class='ocrx_word' id='word_1_322' title='bbox 997 3842 1355 3896; x_wconf 89' lang='lat' dir='ltr'>reconditum</span> <span class='ocrx_word' id='word_1_323' title='bbox 1397 3847 1451 3895; x_wconf 89' lang='lat' dir='ltr'>et</span> <span class='ocrx_word' id='word_1_324' title='bbox 1483 3846 1788 3907; x_wconf 88' lang='lat' dir='ltr'>secretum,</span> <span class='ocrx_word' id='word_1_325' title='bbox 1822 3842 1905 3897; x_wconf 90' lang='lat' dir='ltr'>uti</span> <span class='ocrx_word' id='word_1_326' title='bbox 1943 3842 2051 3895; x_wconf 86' lang='lat' dir='ltr'>sibi</span> 
     </span>
    </p>
   </div>
   <div class='ocr_carea' id='block_1_47' title="bbox 359 3912 2049 3983">
    <p class='ocr_par' dir='ltr' id='par_1_47' title="bbox 359 3912 2049 3983">
     <span class='ocr_line' id='line_1_47' title="bbox 359 3912 2049 3983; baseline 0 -17"><span class='ocrx_word' id='word_1_327' title='bbox 359 3912 588 3983; x_wconf 87' lang='lat' dir='ltr'>ﬁngunt</span> <span class='ocrx_word' id='word_1_328' title='bbox 635 3912 968 3983; x_wconf 90' lang='lat' dir='ltr'>Calviuiani</span> <span class='ocrx_word' id='word_1_329' title='bbox 1035 3917 1437 3983; x_wconf 85' lang='lat' dir='ltr'>protestantes,</span> <span class='ocrx_word' id='word_1_330' title='bbox 1499 3913 1598 3982; x_wconf 90' lang='lat' dir='ltr'>qui</span> <span class='ocrx_word' id='word_1_331' title='bbox 1651 3912 1757 3965; x_wconf 86' lang='lat' dir='ltr'>sibi</span> <span class='ocrx_word' id='word_1_332' title='bbox 1815 3929 2049 3983; x_wconf 88' lang='lat' dir='ltr'>persua-</span> 
     </span>
    </p>
   </div>
   <div class='ocr_carea' id='block_1_48' title="bbox 360 3982 2053 4054">
    <p class='ocr_par' dir='ltr' id='par_1_48' title="bbox 360 3982 2053 4054">
     <span class='ocr_line' id='line_1_48' title="bbox 360 3982 2053 4054; baseline 0.001 -18"><span class='ocrx_word' id='word_1_333' title='bbox 360 3983 497 4036; x_wconf 90' lang='lat' dir='ltr'>dent</span> <span class='ocrx_word' id='word_1_334' title='bbox 525 3982 671 4037; x_wconf 91' lang='lat' dir='ltr'>nihil</span> <span class='ocrx_word' id='word_1_335' title='bbox 719 3983 779 4036; x_wconf 91' lang='lat' dir='ltr'>in</span> <span class='ocrx_word' id='word_1_336' title='bbox 811 3982 1155 4038; x_wconf 87' lang='lat' dir='ltr'>eucharistia</span> <span class='ocrx_word' id='word_1_337' title='bbox 1210 3999 1331 4037; x_wconf 88' lang='lat' dir='ltr'>esse</span> <span class='ocrx_word' id='word_1_338' title='bbox 1385 3990 1598 4054; x_wconf 71' lang='lat' dir='ltr'>prmter</span> <span class='ocrx_word' id='word_1_339' title='bbox 1646 3983 1957 4053; x_wconf 85' lang='lat' dir='ltr'>ﬁguratum</span> <span class='ocrx_word' id='word_1_340' title='bbox 1999 3988 2053 4037; x_wconf 89' lang='lat' dir='ltr'>et</span> 
     </span>
    </p>
   </div>
   <div class='ocr_carea' id='block_1_49' title="bbox 357 4057 2049 4191">
    <p class='ocr_par' dir='ltr' id='par_1_49' title="bbox 357 4057 2049 4191">
     <span class='ocr_line' id='line_1_49' title="bbox 357 4057 612 4106; baseline -0.008 0"><span class='ocrx_word' id='word_1_341' title='bbox 357 4057 447 4106; x_wconf 89' lang='lat' dir='ltr'>tro</span> <span class='ocrx_word' id='word_1_342' title='bbox 494 4069 612 4106; x_wconf 90' lang='lat' dir='ltr'>um.</span> 
     </span>
     <span class='ocr_line' id='line_1_50' title="bbox 431 4068 2049 4191; baseline 0.002 -15"><span class='ocrx_word' id='word_1_343' title='bbox 431 4068 642 4176; x_wconf 47' lang='lat' dir='ltr'>Sgnsus</span> <span class='ocrx_word' id='word_1_344' title='bbox 700 4122 878 4191; x_wconf 84' lang='lat' dir='ltr'>igitur</span> <span class='ocrx_word' id='word_1_345' title='bbox 930 4123 1226 4177; x_wconf 83' lang='lat' dir='ltr'>Ratramni</span> <span class='ocrx_word' id='word_1_346' title='bbox 1288 4124 1357 4177; x_wconf 89' lang='lat' dir='ltr'>ab</span> <span class='ocrx_word' id='word_1_347' title='bbox 1415 4124 1675 4177; x_wconf 76' lang='lat' dir='ltr'>Ecclesia:</span> <span class='ocrx_word' id='word_1_348' title='bbox 1735 4139 1900 4178; x_wconf 90' lang='lat' dir='ltr'>sensu</span> <span class='ocrx_word' id='word_1_349' title='bbox 1934 4142 2049 4179; x_wconf 91' lang='lat' dir='ltr'>non</span> 
     </span>
    </p>
   </div>
   <div class='ocr_carea' id='block_1_50' title="bbox 359 4192 2049 4267">
    <p class='ocr_par' dir='ltr' id='par_1_50' title="bbox 359 4192 2049 4267">
     <span class='ocr_line' id='line_1_51' title="bbox 359 4192 2049 4267; baseline 0.002 -21"><span class='ocrx_word' id='word_1_350' title='bbox 359 4192 571 4267; x_wconf 79' lang='lat' dir='ltr'>(_iiﬁ&#39;ert,</span> <span class='ocrx_word' id='word_1_351' title='bbox 601 4209 731 4267; x_wconf 80' lang='lat' dir='ltr'>quae</span> <span class='ocrx_word' id='word_1_352' title='bbox 762 4193 1115 4267; x_wconf 78' lang='lat' dir='ltr'>aliquantam</span> <span class='ocrx_word' id='word_1_353' title='bbox 1144 4194 1505 4267; x_wconf 69' lang='lat' dir='ltr'>recognoscit</span> <span class='ocrx_word' id='word_1_354' title='bbox 1532 4194 1897 4267; x_wconf 10' lang='lat' dir='ltr'>figurram,iut</span> <span class='ocrx_word' id='word_1_355' title='bbox 1927 4196 2049 4267; x_wconf 90' lang='lat' dir='ltr'>ipse</span> 
     </span>
    </p>
   </div>
   <div class='ocr_carea' id='block_1_51' title="bbox 2180 449 3867 524">
    <p class='ocr_par' dir='ltr' id='par_1_51' title="bbox 2180 449 3867 524">
     <span class='ocr_line' id='line_1_52' title="bbox 2180 449 3867 524; baseline 0.001 -18"><span class='ocrx_word' id='word_1_356' title='bbox 2180 452 2262 506; x_wconf 89' lang='lat' dir='ltr'>hil</span> <span class='ocrx_word' id='word_1_357' title='bbox 2292 452 2385 506; x_wconf 89' lang='lat' dir='ltr'>hic</span> <span class='ocrx_word' id='word_1_358' title='bbox 2434 453 2575 507; x_wconf 89' lang='lat' dir='ltr'>ﬁdes</span> <span class='ocrx_word' id='word_1_359' title='bbox 2601 456 2894 522; x_wconf 88' lang='lat' dir='ltr'>operatur,</span> <span class='ocrx_word' id='word_1_360' title='bbox 2935 449 3211 523; x_wconf 90' lang='lat' dir='ltr'>quoniam</span> <span class='ocrx_word' id='word_1_361' title='bbox 3241 451 3385 506; x_wconf 89' lang='lat' dir='ltr'>nihil</span> <span class='ocrx_word' id='word_1_362' title='bbox 3418 451 3683 523; x_wconf 65' lang='lat' dir='ltr'>spiritale</span> <span class='ocrx_word' id='word_1_363' title='bbox 3730 454 3867 524; x_wconf 87' lang='lat' dir='ltr'>geri-</span> 
     </span>
    </p>
   </div>
   <div class='ocr_carea' id='block_1_52' title="bbox 2175 532 3920 633">
    <p class='ocr_par' dir='ltr' id='par_1_52' title="bbox 2175 532 3920 633">
     <span class='ocr_line' id='line_1_53' title="bbox 2175 532 3920 633; baseline 0 -38"><span class='ocrx_word' id='word_1_364' title='bbox 2175 544 2303 607; x_wconf 84' lang='lat' dir='ltr'>tur;</span> <span class='ocrx_word' id='word_1_365' title='bbox 2334 541 2430 595; x_wconf 88' lang='lat' dir='ltr'>sed</span> <span class='ocrx_word' id='word_1_366' title='bbox 2465 540 2747 612; x_wconf 89' lang='lat' dir='ltr'>quidquid</span> <span class='ocrx_word' id='word_1_367' title='bbox 2779 540 2921 595; x_wconf 91' lang='lat' dir='ltr'>illud</span> <span class='ocrx_word' id='word_1_368' title='bbox 2953 545 3057 607; x_wconf 89' lang='lat' dir='ltr'>est,</span> <span class='ocrx_word' id='word_1_369' title='bbox 3090 544 3274 595; x_wconf 89' lang='lat' dir='ltr'>totum</span> <span class='ocrx_word' id='word_1_370' title='bbox 3306 542 3619 595; x_wconf 89' lang='lat' dir='ltr'>secundum</span> <span class='ocrx_word' id='word_1_371' title='bbox 3674 559 3866 613; x_wconf 86' lang='lat' dir='ltr'>corpus</span> <span class='ocrx_word' id='word_1_372' title='bbox 3917 532 3920 633; x_wconf 52' lang='grc'><strong>1</strong></span> 
     </span>
    </p>
   </div>
   <div class='ocr_carea' id='block_1_53' title="bbox 2177 629 3920 700">
    <p class='ocr_par' dir='ltr' id='par_1_53' title="bbox 2177 629 3920 700">
     <span class='ocr_line' id='line_1_54' title="bbox 2177 629 3920 700; baseline 0.001 -17"><span class='ocrx_word' id='word_1_373' title='bbox 2177 630 2473 699; x_wconf 87' lang='lat' dir='ltr'>accipitur.</span> <span class='ocrx_word' id='word_1_374' title='bbox 2510 630 2573 684; x_wconf 88' lang='lat' dir='ltr'>Et</span> <span class='ocrx_word' id='word_1_375' title='bbox 2631 646 2761 683; x_wconf 91' lang='lat' dir='ltr'>cum</span> <span class='ocrx_word' id='word_1_376' title='bbox 2814 629 2980 698; x_wconf 88' lang='lat' dir='ltr'>ﬁdes,</span> <span class='ocrx_word' id='word_1_377' title='bbox 3040 629 3352 684; x_wconf 88' lang='lat' dir='ltr'>secundum</span> <span class='ocrx_word' id='word_1_378' title='bbox 3405 631 3775 700; x_wconf 87' lang='lat' dir='ltr'>Apostolum,</span> <span class='ocrx_word' id='word_1_379' title='bbox 3806 634 3867 685; x_wconf 90' lang='lat' dir='ltr'>sit</span> <span class='ocrx_word' id='word_1_380' title='bbox 3918 629 3920 659; x_wconf 79' lang='grc'>⁵</span> 
     </span>
    </p>
   </div>
   <div class='ocr_carea' id='block_1_54' title="bbox 2173 718 3861 789">
    <p class='ocr_par' dir='ltr' id='par_1_54' title="bbox 2173 718 3861 789">
     <span class='ocr_line' id='line_1_55' title="bbox 2173 718 3861 789; baseline 0.001 -17"><span class='ocrx_word' id='word_1_381' title='bbox 2173 734 2354 772; x_wconf 84' lang='lat' dir='ltr'>rerum</span> <span class='ocrx_word' id='word_1_382' title='bbox 2406 724 2784 789; x_wconf 78' lang='lat' dir='ltr'>argumentum</span> <span class='ocrx_word' id='word_1_383' title='bbox 2840 734 2946 772; x_wconf 84' lang='lat' dir='ltr'>non</span> <span class='ocrx_word' id='word_1_384' title='bbox 2993 721 3373 787; x_wconf 83' lang='lat' dir='ltr'>apparentium</span> <span class='ocrx_word' id='word_1_385' title='bbox 3423 718 3610 788; x_wconf 83' lang='lat' dir='ltr'>(Hebr.</span> <span class='ocrx_word' id='word_1_386' title='bbox 3660 736 3740 785; x_wconf 69' lang='grc' dir='ltr'>χι,</span> <span class='ocrx_word' id='word_1_387' title='bbox 3802 725 3861 787; x_wconf 70' lang='lat'>1),</span> 
     </span>
    </p>
   </div>
   <div class='ocr_carea' id='block_1_55' title="bbox 2173 807 3861 878">
    <p class='ocr_par' dir='ltr' id='par_1_55' title="bbox 2173 807 3861 878">
     <span class='ocr_line' id='line_1_56' title="bbox 2173 807 3861 878; baseline -0.001 -16"><span class='ocrx_word' id='word_1_388' title='bbox 2173 807 2232 862; x_wconf 89' lang='lat' dir='ltr'>id</span> <span class='ocrx_word' id='word_1_389' title='bbox 2254 813 2337 861; x_wconf 90' lang='lat' dir='ltr'>est</span> <span class='ocrx_word' id='word_1_390' title='bbox 2367 823 2483 861; x_wconf 92' lang='lat' dir='ltr'>non</span> <span class='ocrx_word' id='word_1_391' title='bbox 2516 823 2715 862; x_wconf 89' lang='lat' dir='ltr'>earum</span> <span class='ocrx_word' id='word_1_392' title='bbox 2746 823 2874 877; x_wconf 86' lang='lat' dir='ltr'>quae</span> <span class='ocrx_word' id='word_1_393' title='bbox 2907 807 3191 873; x_wconf 87' lang='lat' dir='ltr'>videntur,</span> <span class='ocrx_word' id='word_1_394' title='bbox 3225 807 3320 861; x_wconf 91' lang='lat' dir='ltr'>sed</span> <span class='ocrx_word' id='word_1_395' title='bbox 3352 823 3481 878; x_wconf 70' lang='lat' dir='ltr'>quas</span> <span class='ocrx_word' id='word_1_396' title='bbox 3513 824 3632 862; x_wconf 89' lang='lat' dir='ltr'>non</span> <span class='ocrx_word' id='word_1_397' title='bbox 3669 808 3861 862; x_wconf 81' lang='lat' dir='ltr'>viden-</span> 
     </span>
    </p>
   </div>
   <div class='ocr_carea' id='block_1_56' title="bbox 2173 895 3860 961">
    <p class='ocr_par' dir='ltr' id='par_1_56' title="bbox 2173 895 3860 961">
     <span class='ocr_line' id='line_1_57' title="bbox 2173 895 3860 961; baseline 0.001 -12"><span class='ocrx_word' id='word_1_398' title='bbox 2173 901 2272 950; x_wconf 86' lang='lat' dir='ltr'>tur</span> <span class='ocrx_word' id='word_1_399' title='bbox 2297 897 2770 961; x_wconf 78' lang='lat' dir='ltr'>substantiarum,</span> <span class='ocrx_word' id='word_1_400' title='bbox 2822 895 2965 949; x_wconf 91' lang='lat' dir='ltr'>nihil</span> <span class='ocrx_word' id='word_1_401' title='bbox 2995 895 3088 950; x_wconf 91' lang='lat' dir='ltr'>hic</span> <span class='ocrx_word' id='word_1_402' title='bbox 3140 895 3452 950; x_wconf 90' lang='lat' dir='ltr'>secundum</span> <span class='ocrx_word' id='word_1_403' title='bbox 3507 896 3686 951; x_wconf 88' lang='lat' dir='ltr'>ﬁdem</span> <span class='ocrx_word' id='word_1_404' title='bbox 3728 897 3860 950; x_wconf 89' lang='lat' dir='ltr'>acci-</span> 
     </span>
    </p>
   </div>
   <div class='ocr_carea' id='block_1_57' title="bbox 2173 984 3861 1057">
    <p class='ocr_par' dir='ltr' id='par_1_57' title="bbox 2173 984 3861 1057">
     <span class='ocr_line' id='line_1_58' title="bbox 2173 984 3861 1057; baseline 0.001 -19"><span class='ocrx_word' id='word_1_405' title='bbox 2173 985 2416 1056; x_wconf 91' lang='lat' dir='ltr'>piemus,</span> <span class='ocrx_word' id='word_1_406' title='bbox 2439 985 2717 1056; x_wconf 89' lang='lat' dir='ltr'>quoniam</span> <span class='ocrx_word' id='word_1_407' title='bbox 2749 984 3033 1057; x_wconf 88' lang='lat' dir='ltr'>quidquid</span> <span class='ocrx_word' id='word_1_408' title='bbox 3062 984 3269 1051; x_wconf 84' lang='lat' dir='ltr'>existit,</span> <span class='ocrx_word' id='word_1_409' title='bbox 3293 985 3611 1047; x_wconf 86' lang='lat' dir='ltr'>secundum</span> <span class='ocrx_word' id='word_1_410' title='bbox 3672 1002 3861 1039; x_wconf 85' lang='lat' dir='ltr'>sensus</span> 
     </span>
    </p>
   </div>
   <div class='ocr_carea' id='block_1_58' title="bbox 2169 1073 3860 1146">
    <p class='ocr_par' dir='ltr' id='par_1_58' title="bbox 2169 1073 3860 1146">
     <span class='ocr_line' id='line_1_59' title="bbox 2169 1073 3860 1146; baseline 0.001 -19"><span class='ocrx_word' id='word_1_411' title='bbox 2169 1073 2424 1144; x_wconf 68' lang='lat' dir='ltr'>corporis</span> <span class='ocrx_word' id='word_1_412' title='bbox 2458 1074 2858 1144; x_wconf 78' lang='lat' dir='ltr'>dijudicamus.</span> <span class='ocrx_word' id='word_1_413' title='bbox 2916 1075 2984 1128; x_wconf 83' lang='lat' dir='ltr'>Et</span> <span class='ocrx_word' id='word_1_414' title='bbox 3019 1074 3160 1129; x_wconf 87' lang='lat' dir='ltr'>nihil</span> <span class='ocrx_word' id='word_1_415' title='bbox 3210 1073 3514 1128; x_wconf 87' lang='lat' dir='ltr'>absurdius</span> <span class='ocrx_word' id='word_1_416' title='bbox 3555 1090 3737 1146; x_wconf 85' lang='lat' dir='ltr'>quam</span> <span class='ocrx_word' id='word_1_417' title='bbox 3772 1091 3860 1144; x_wconf 86' lang='lat' dir='ltr'>pa-</span> 
     </span>
    </p>
   </div>
   <div class='ocr_carea' id='block_1_59' title="bbox 2172 1162 3858 1233">
    <p class='ocr_par' dir='ltr' id='par_1_59' title="bbox 2172 1162 3858 1233">
     <span class='ocr_line' id='line_1_60' title="bbox 2172 1162 3858 1233; baseline 0.001 -17"><span class='ocrx_word' id='word_1_418' title='bbox 2172 1178 2305 1217; x_wconf 89' lang='lat' dir='ltr'>nem</span> <span class='ocrx_word' id='word_1_419' title='bbox 2336 1179 2565 1217; x_wconf 91' lang='lat' dir='ltr'>carnem</span> <span class='ocrx_word' id='word_1_420' title='bbox 2595 1162 2870 1233; x_wconf 88' lang='lat' dir='ltr'>accipere,</span> <span class='ocrx_word' id='word_1_421' title='bbox 2904 1167 2960 1216; x_wconf 89' lang='lat' dir='ltr'>et</span> <span class='ocrx_word' id='word_1_422' title='bbox 2995 1163 3195 1217; x_wconf 82' lang='lat' dir='ltr'>vinum</span> <span class='ocrx_word' id='word_1_423' title='bbox 3238 1162 3580 1233; x_wconf 85' lang='lat' dir='ltr'>sanguinem</span> <span class='ocrx_word' id='word_1_424' title='bbox 3630 1164 3817 1217; x_wconf 86' lang='lat' dir='ltr'>dicere</span> <span class='ocrx_word' id='word_1_425' title='bbox 3848 1182 3858 1216; x_wconf 91' lang='lat'>:</span> 
     </span>
    </p>
   </div>
   <div class='ocr_carea' id='block_1_60' title="bbox 2172 1251 3856 1322">
    <p class='ocr_par' dir='ltr' id='par_1_60' title="bbox 2172 1251 3856 1322">
     <span class='ocr_line' id='line_1_61' title="bbox 2172 1251 3856 1322; baseline 0.001 -17"><span class='ocrx_word' id='word_1_426' title='bbox 2172 1267 2276 1305; x_wconf 89' lang='lat' dir='ltr'>nec</span> <span class='ocrx_word' id='word_1_427' title='bbox 2301 1251 2420 1321; x_wconf 90' lang='lat' dir='ltr'>jam</span> <span class='ocrx_word' id='word_1_428' title='bbox 2451 1251 2791 1322; x_wconf 74' lang='lat' dir='ltr'>mysterium</span> <span class='ocrx_word' id='word_1_429' title='bbox 2821 1251 2949 1317; x_wconf 89' lang='lat' dir='ltr'>erit,</span> <span class='ocrx_word' id='word_1_430' title='bbox 2997 1251 3057 1306; x_wconf 93' lang='lat' dir='ltr'>in</span> <span class='ocrx_word' id='word_1_431' title='bbox 3100 1268 3213 1322; x_wconf 91' lang='lat' dir='ltr'>quo</span> <span class='ocrx_word' id='word_1_432' title='bbox 3264 1251 3408 1307; x_wconf 86' lang='lat' dir='ltr'>nihil</span> <span class='ocrx_word' id='word_1_433' title='bbox 3459 1253 3691 1321; x_wconf 85' lang='lat' dir='ltr'>secreti,</span> <span class='ocrx_word' id='word_1_434' title='bbox 3725 1252 3856 1307; x_wconf 89' lang='lat' dir='ltr'>nihil</span> 
     </span>
    </p>
   </div>
   <div class='ocr_carea' id='block_1_61' title="bbox 2173 1339 2790 1395">
    <p class='ocr_par' dir='ltr' id='par_1_61' title="bbox 2173 1339 2790 1395">
     <span class='ocr_line' id='line_1_62' title="bbox 2173 1339 2790 1395; baseline 0 -1"><span class='ocrx_word' id='word_1_435' title='bbox 2173 1340 2353 1395; x_wconf 91' lang='lat' dir='ltr'>abditi</span> <span class='ocrx_word' id='word_1_436' title='bbox 2384 1339 2790 1395; x_wconf 89' lang='lat' dir='ltr'>continebitur.</span> 
     </span>
    </p>
   </div>
   <div class='ocr_carea' id='block_1_62' title="bbox 2243 1428 3858 1501">
    <p class='ocr_par' dir='ltr' id='par_1_62' title="bbox 2243 1428 3858 1501">
     <span class='ocr_line' id='line_1_63' title="bbox 2243 1428 3858 1501; baseline 0.002 -19"><span class='ocrx_word' id='word_1_437' title='bbox 2243 1429 2358 1483; x_wconf 78' lang='lat' dir='ltr'>XII.</span> <span class='ocrx_word' id='word_1_438' title='bbox 2410 1429 2474 1482; x_wconf 85' lang='lat' dir='ltr'>Et</span> <span class='ocrx_word' id='word_1_439' title='bbox 2521 1428 2808 1499; x_wconf 89' lang='lat' dir='ltr'>quomodo</span> <span class='ocrx_word' id='word_1_440' title='bbox 2847 1428 2970 1498; x_wconf 85' lang='lat' dir='ltr'>jam</span> <span class='ocrx_word' id='word_1_441' title='bbox 3009 1444 3217 1500; x_wconf 88' lang='lat' dir='ltr'>corpus</span> <span class='ocrx_word' id='word_1_442' title='bbox 3260 1428 3470 1484; x_wconf 89' lang='lat' dir='ltr'>Christi</span> <span class='ocrx_word' id='word_1_443' title='bbox 3523 1430 3743 1485; x_wconf 84' lang='lat' dir='ltr'>dicitur</span> <span class='ocrx_word' id='word_1_444' title='bbox 3773 1432 3858 1501; x_wconf 70' lang='grc' dir='ltr'>[αἱ.</span> 
     </span>
    </p>
   </div>
   <div class='ocr_carea' id='block_1_63' title="bbox 2173 1516 3861 1590">
    <p class='ocr_par' dir='ltr' id='par_1_63' title="bbox 2173 1516 3861 1590">
     <span class='ocr_line' id='line_1_64' title="bbox 2173 1516 3861 1590; baseline -0.001 -18"><span class='ocrx_word' id='word_1_445' title='bbox 2173 1516 2442 1589; x_wconf 88' lang='lat' dir='ltr'>dicetur],</span> <span class='ocrx_word' id='word_1_446' title='bbox 2476 1517 2533 1571; x_wconf 94' lang='lat' dir='ltr'>in</span> <span class='ocrx_word' id='word_1_447' title='bbox 2568 1534 2681 1588; x_wconf 92' lang='lat' dir='ltr'>quo</span> <span class='ocrx_word' id='word_1_448' title='bbox 2714 1518 2873 1572; x_wconf 91' lang='lat' dir='ltr'>nulla</span> <span class='ocrx_word' id='word_1_449' title='bbox 2903 1518 3250 1588; x_wconf 89' lang='lat' dir='ltr'>permutatio</span> <span class='ocrx_word' id='word_1_450' title='bbox 3290 1519 3433 1573; x_wconf 88' lang='lat' dir='ltr'>facta</span> <span class='ocrx_word' id='word_1_451' title='bbox 3482 1535 3606 1573; x_wconf 90' lang='lat' dir='ltr'>esse</span> <span class='ocrx_word' id='word_1_452' title='bbox 3658 1535 3861 1590; x_wconf 84' lang='lat' dir='ltr'>cogno—</span> 
     </span>
    </p>
   </div>
   <div class='ocr_carea' id='block_1_64' title="bbox 2172 1606 3861 1680">
    <p class='ocr_par' dir='ltr' id='par_1_64' title="bbox 2172 1606 3861 1680">
     <span class='ocr_line' id='line_1_65' title="bbox 2172 1606 3861 1680; baseline 0.002 -21"><span class='ocrx_word' id='word_1_453' title='bbox 2172 1606 2387 1661; x_wconf 86' lang='lat' dir='ltr'>scitur?</span> <span class='ocrx_word' id='word_1_454' title='bbox 2419 1607 2615 1661; x_wconf 90' lang='lat' dir='ltr'>Omnis</span> <span class='ocrx_word' id='word_1_455' title='bbox 2648 1607 2801 1661; x_wconf 89' lang='lat' dir='ltr'>euim</span> <span class='ocrx_word' id='word_1_456' title='bbox 2862 1607 3206 1677; x_wconf 84' lang='lat' dir='ltr'>permutatio</span> <span class='ocrx_word' id='word_1_457' title='bbox 3242 1612 3340 1662; x_wconf 88' lang='lat' dir='ltr'>aut</span> <span class='ocrx_word' id='word_1_458' title='bbox 3379 1625 3444 1662; x_wconf 84' lang='lat' dir='ltr'>ex</span> <span class='ocrx_word' id='word_1_459' title='bbox 3482 1624 3549 1662; x_wconf 90' lang='lat' dir='ltr'>eo</span> <span class='ocrx_word' id='word_1_460' title='bbox 3582 1609 3737 1680; x_wconf 93' lang='lat' dir='ltr'>quod</span> <span class='ocrx_word' id='word_1_461' title='bbox 3787 1616 3861 1663; x_wconf 86' lang='lat' dir='ltr'>est</span> 
     </span>
    </p>
   </div>
   <div class='ocr_carea' id='block_1_65' title="bbox 2171 1696 3859 1768">
    <p class='ocr_par' dir='ltr' id='par_1_65' title="bbox 2171 1696 3859 1768">
     <span class='ocr_line' id='line_1_66' title="bbox 2171 1696 3859 1768; baseline 0.001 -19"><span class='ocrx_word' id='word_1_462' title='bbox 2171 1696 2231 1749; x_wconf 89' lang='lat' dir='ltr'>in</span> <span class='ocrx_word' id='word_1_463' title='bbox 2263 1696 2318 1749; x_wconf 92' lang='lat' dir='ltr'>id</span> <span class='ocrx_word' id='word_1_464' title='bbox 2346 1696 2497 1766; x_wconf 88' lang='lat' dir='ltr'>quod</span> <span class='ocrx_word' id='word_1_465' title='bbox 2528 1700 2614 1749; x_wconf 90' lang='lat' dir='ltr'>est</span> <span class='ocrx_word' id='word_1_466' title='bbox 2645 1696 2910 1762; x_wconf 90' lang='lat' dir='ltr'>efﬁcitur,</span> <span class='ocrx_word' id='word_1_467' title='bbox 2943 1701 3041 1750; x_wconf 90' lang='lat' dir='ltr'>aut</span> <span class='ocrx_word' id='word_1_468' title='bbox 3062 1713 3126 1750; x_wconf 85' lang='lat' dir='ltr'>ex</span> <span class='ocrx_word' id='word_1_469' title='bbox 3156 1713 3222 1751; x_wconf 88' lang='lat' dir='ltr'>eo</span> <span class='ocrx_word' id='word_1_470' title='bbox 3245 1698 3396 1767; x_wconf 91' lang='lat' dir='ltr'>quod</span> <span class='ocrx_word' id='word_1_471' title='bbox 3429 1702 3513 1751; x_wconf 89' lang='lat' dir='ltr'>est</span> <span class='ocrx_word' id='word_1_472' title='bbox 3542 1698 3605 1751; x_wconf 91' lang='lat' dir='ltr'>in</span> <span class='ocrx_word' id='word_1_473' title='bbox 3635 1698 3691 1751; x_wconf 90' lang='lat' dir='ltr'>id</span> <span class='ocrx_word' id='word_1_474' title='bbox 3716 1699 3859 1768; x_wconf 89' lang='lat' dir='ltr'>quod</span> 
     </span>
    </p>
   </div>
   <div class='ocr_carea' id='block_1_66' title="bbox 2172 1784 3858 1857">
    <p class='ocr_par' dir='ltr' id='par_1_66' title="bbox 2172 1784 3858 1857">
     <span class='ocr_line' id='line_1_67' title="bbox 2172 1784 3858 1857; baseline 0 -18"><span class='ocrx_word' id='word_1_475' title='bbox 2172 1800 2287 1839; x_wconf 92' lang='lat' dir='ltr'>non</span> <span class='ocrx_word' id='word_1_476' title='bbox 2322 1790 2423 1851; x_wconf 91' lang='lat' dir='ltr'>est,</span> <span class='ocrx_word' id='word_1_477' title='bbox 2460 1790 2558 1838; x_wconf 90' lang='lat' dir='ltr'>aut</span> <span class='ocrx_word' id='word_1_478' title='bbox 2603 1801 2669 1837; x_wconf 79' lang='lat' dir='ltr'>ex</span> <span class='ocrx_word' id='word_1_479' title='bbox 2702 1801 2769 1838; x_wconf 90' lang='lat' dir='ltr'>eo</span> <span class='ocrx_word' id='word_1_480' title='bbox 2797 1784 2950 1855; x_wconf 91' lang='lat' dir='ltr'>quod</span> <span class='ocrx_word' id='word_1_481' title='bbox 2983 1790 3067 1838; x_wconf 92' lang='lat' dir='ltr'>est</span> <span class='ocrx_word' id='word_1_482' title='bbox 3096 1785 3155 1839; x_wconf 91' lang='lat' dir='ltr'>in</span> <span class='ocrx_word' id='word_1_483' title='bbox 3203 1785 3257 1840; x_wconf 89' lang='lat' dir='ltr'>id</span> <span class='ocrx_word' id='word_1_484' title='bbox 3309 1786 3460 1857; x_wconf 89' lang='lat' dir='ltr'>quod</span> <span class='ocrx_word' id='word_1_485' title='bbox 3503 1791 3609 1839; x_wconf 89' lang='lat' dir='ltr'>est.</span> <span class='ocrx_word' id='word_1_486' title='bbox 3665 1787 3729 1840; x_wconf 91' lang='lat' dir='ltr'>In</span> <span class='ocrx_word' id='word_1_487' title='bbox 3761 1786 3858 1839; x_wconf 90' lang='lat' dir='ltr'>isto</span> 
     </span>
    </p>
   </div>
   <div class='ocr_carea' id='block_1_67' title="bbox 2171 1874 3860 1945">
    <p class='ocr_par' dir='ltr' id='par_1_67' title="bbox 2171 1874 3860 1945">
     <span class='ocr_line' id='line_1_68' title="bbox 2171 1874 3860 1945; baseline 0 -18"><span class='ocrx_word' id='word_1_488' title='bbox 2171 1878 2360 1927; x_wconf 89' lang='lat' dir='ltr'>autem</span> <span class='ocrx_word' id='word_1_489' title='bbox 2392 1877 2768 1939; x_wconf 89' lang='lat' dir='ltr'>sacramento,</span> <span class='ocrx_word' id='word_1_490' title='bbox 2822 1874 2867 1927; x_wconf 90' lang='lat' dir='ltr'>si</span> <span class='ocrx_word' id='word_1_491' title='bbox 2908 1877 3133 1927; x_wconf 90' lang='lat' dir='ltr'>tantum</span> <span class='ocrx_word' id='word_1_492' title='bbox 3163 1874 3222 1928; x_wconf 91' lang='lat' dir='ltr'>in</span> <span class='ocrx_word' id='word_1_493' title='bbox 3280 1874 3536 1928; x_wconf 87' lang='lat' dir='ltr'>veritatis</span> <span class='ocrx_word' id='word_1_494' title='bbox 3579 1874 3860 1945; x_wconf 85' lang='lat' dir='ltr'>simplici-</span> 
     </span>
    </p>
   </div>
   <div class='ocr_carea' id='block_1_68' title="bbox 2170 1962 3857 2034">
    <p class='ocr_par' dir='ltr' id='par_1_68' title="bbox 2170 1962 3857 2034">
     <span class='ocr_line' id='line_1_69' title="bbox 2170 1962 3857 2034; baseline 0 -18"><span class='ocrx_word' id='word_1_495' title='bbox 2170 1966 2285 2017; x_wconf 86' lang='lat' dir='ltr'>tate</span> <span class='ocrx_word' id='word_1_496' title='bbox 2315 1962 2729 2027; x_wconf 88' lang='lat' dir='ltr'>consideretur,</span> <span class='ocrx_word' id='word_1_497' title='bbox 2764 1966 2820 2017; x_wconf 90' lang='lat' dir='ltr'>et</span> <span class='ocrx_word' id='word_1_498' title='bbox 2850 1978 2963 2016; x_wconf 92' lang='lat' dir='ltr'>non</span> <span class='ocrx_word' id='word_1_499' title='bbox 3004 1963 3160 2017; x_wconf 90' lang='lat' dir='ltr'>aliud</span> <span class='ocrx_word' id='word_1_500' title='bbox 3191 1963 3455 2018; x_wconf 88' lang='lat' dir='ltr'>credatur</span> <span class='ocrx_word' id='word_1_501' title='bbox 3481 1980 3663 2034; x_wconf 89' lang='lat' dir='ltr'>quam</span> <span class='ocrx_word' id='word_1_502' title='bbox 3713 1964 3857 2033; x_wconf 87' lang='lat' dir='ltr'>quod</span> 
     </span>
    </p>
   </div>
   <div class='ocr_carea' id='block_1_69' title="bbox 2170 2051 3859 2122">
    <p class='ocr_par' dir='ltr' id='par_1_69' title="bbox 2170 2051 3859 2122">
     <span class='ocr_line' id='line_1_70' title="bbox 2170 2051 3859 2122; baseline 0.001 -18"><span class='ocrx_word' id='word_1_503' title='bbox 2170 2051 2464 2122; x_wconf 89' lang='lat' dir='ltr'>aspicitur,</span> <span class='ocrx_word' id='word_1_504' title='bbox 2508 2052 2666 2105; x_wconf 90' lang='lat' dir='ltr'>nulla</span> <span class='ocrx_word' id='word_1_505' title='bbox 2714 2051 3059 2121; x_wconf 88' lang='lat' dir='ltr'>permutatio</span> <span class='ocrx_word' id='word_1_506' title='bbox 3112 2052 3256 2105; x_wconf 83' lang='lat' dir='ltr'>facta</span> <span class='ocrx_word' id='word_1_507' title='bbox 3305 2051 3691 2122; x_wconf 90' lang='lat' dir='ltr'>cognoscitur.</span> <span class='ocrx_word' id='word_1_508' title='bbox 3730 2054 3859 2107; x_wconf 78' lang='lat' dir='ltr'>Nam</span> 
     </span>
    </p>
   </div>
   <div class='ocr_carea' id='block_1_70' title="bbox 2172 2140 3858 2213">
    <p class='ocr_par' dir='ltr' id='par_1_70' title="bbox 2172 2140 3858 2213">
     <span class='ocr_line' id='line_1_71' title="bbox 2172 2140 3858 2213; baseline 0 -20"><span class='ocrx_word' id='word_1_509' title='bbox 2172 2156 2273 2193; x_wconf 83' lang='lat' dir='ltr'>nec</span> <span class='ocrx_word' id='word_1_510' title='bbox 2306 2157 2372 2193; x_wconf 84' lang='lat' dir='ltr'>ex</span> <span class='ocrx_word' id='word_1_511' title='bbox 2401 2146 2468 2193; x_wconf 83' lang='lat' dir='ltr'>eo</span> <span class='ocrx_word' id='word_1_512' title='bbox 2496 2140 2648 2211; x_wconf 88' lang='lat' dir='ltr'>quod</span> <span class='ocrx_word' id='word_1_513' title='bbox 2680 2156 2796 2194; x_wconf 91' lang='lat' dir='ltr'>non</span> <span class='ocrx_word' id='word_1_514' title='bbox 2826 2144 2963 2207; x_wconf 84' lang='lat' dir='ltr'>erat,</span> <span class='ocrx_word' id='word_1_515' title='bbox 3023 2140 3286 2195; x_wconf 89' lang='lat' dir='ltr'>transivit</span> <span class='ocrx_word' id='word_1_516' title='bbox 3340 2141 3397 2194; x_wconf 94' lang='lat' dir='ltr'>in</span> <span class='ocrx_word' id='word_1_517' title='bbox 3456 2141 3681 2213; x_wconf 89' lang='lat' dir='ltr'>aliquid</span> <span class='ocrx_word' id='word_1_518' title='bbox 3714 2143 3858 2213; x_wconf 90' lang='lat' dir='ltr'>quod</span> 
     </span>
    </p>
   </div>
   <div class='ocr_carea' id='block_1_71' title="bbox 2170 2229 3862 2300">
    <p class='ocr_par' dir='ltr' id='par_1_71' title="bbox 2170 2229 3862 2300">
     <span class='ocr_line' id='line_1_72' title="bbox 2170 2229 3862 2300; baseline 0.001 -18"><span class='ocrx_word' id='word_1_519' title='bbox 2170 2230 2263 2297; x_wconf 89' lang='lat' dir='ltr'>sit,</span> <span class='ocrx_word' id='word_1_520' title='bbox 2298 2230 2674 2300; x_wconf 87' lang='lat' dir='ltr'>quomodoﬁt</span> <span class='ocrx_word' id='word_1_521' title='bbox 2707 2230 2978 2283; x_wconf 83' lang='lat' dir='ltr'>transitus</span> <span class='ocrx_word' id='word_1_522' title='bbox 3035 2229 3095 2283; x_wconf 93' lang='lat' dir='ltr'>in</span> <span class='ocrx_word' id='word_1_523' title='bbox 3148 2229 3320 2283; x_wconf 89' lang='lat' dir='ltr'>rebus</span> <span class='ocrx_word' id='word_1_524' title='bbox 3373 2230 3768 2298; x_wconf 89' lang='lat' dir='ltr'>nascentibus,</span> <span class='ocrx_word' id='word_1_525' title='bbox 3802 2232 3862 2284; x_wconf 83' lang='lat' dir='ltr'>si-</span> 
     </span>
    </p>
   </div>
   <div class='ocr_carea' id='block_1_72' title="bbox 2170 2318 3865 2389">
    <p class='ocr_par' dir='ltr' id='par_1_72' title="bbox 2170 2318 3865 2389">
     <span class='ocr_line' id='line_1_73' title="bbox 2170 2318 3865 2389; baseline 0.002 -18"><span class='ocrx_word' id='word_1_526' title='bbox 2170 2318 2405 2389; x_wconf 88' lang='lat' dir='ltr'>quidem</span> <span class='ocrx_word' id='word_1_527' title='bbox 2438 2335 2553 2373; x_wconf 89' lang='lat' dir='ltr'>non</span> <span class='ocrx_word' id='word_1_528' title='bbox 2584 2324 2749 2373; x_wconf 88' lang='lat' dir='ltr'>erant</span> <span class='ocrx_word' id='word_1_529' title='bbox 2804 2318 2985 2388; x_wconf 90' lang='lat' dir='ltr'>prius,</span> <span class='ocrx_word' id='word_1_530' title='bbox 3037 2319 3133 2373; x_wconf 90' lang='lat' dir='ltr'>sed</span> <span class='ocrx_word' id='word_1_531' title='bbox 3186 2322 3249 2373; x_wconf 90' lang='lat' dir='ltr'>ut</span> <span class='ocrx_word' id='word_1_532' title='bbox 3281 2319 3414 2385; x_wconf 89' lang='lat' dir='ltr'>sint,</span> <span class='ocrx_word' id='word_1_533' title='bbox 3462 2336 3527 2373; x_wconf 82' lang='lat' dir='ltr'>ex</span> <span class='ocrx_word' id='word_1_534' title='bbox 3582 2336 3711 2374; x_wconf 88' lang='lat' dir='ltr'>non</span> <span class='ocrx_word' id='word_1_535' title='bbox 3752 2336 3865 2374; x_wconf 89' lang='lat' dir='ltr'>esse</span> 
     </span>
    </p>
   </div>
   <div class='ocr_carea' id='block_1_73' title="bbox 2170 2406 3865 2478">
    <p class='ocr_par' dir='ltr' id='par_1_73' title="bbox 2170 2406 3865 2478">
     <span class='ocr_line' id='line_1_74' title="bbox 2170 2406 3865 2478; baseline 0.002 -18"><span class='ocrx_word' id='word_1_536' title='bbox 2170 2407 2239 2460; x_wconf 89' lang='lat' dir='ltr'>ad</span> <span class='ocrx_word' id='word_1_537' title='bbox 2283 2407 2339 2461; x_wconf 90' lang='lat' dir='ltr'>id</span> <span class='ocrx_word' id='word_1_538' title='bbox 2380 2408 2536 2478; x_wconf 90' lang='lat' dir='ltr'>quod</span> <span class='ocrx_word' id='word_1_539' title='bbox 2588 2412 2675 2461; x_wconf 88' lang='lat' dir='ltr'>est</span> <span class='ocrx_word' id='word_1_540' title='bbox 2712 2423 2834 2461; x_wconf 88' lang='lat' dir='ltr'>esse</span> <span class='ocrx_word' id='word_1_541' title='bbox 2888 2406 3189 2461; x_wconf 89' lang='lat' dir='ltr'>transitum</span> <span class='ocrx_word' id='word_1_542' title='bbox 3250 2407 3528 2462; x_wconf 88' lang='lat' dir='ltr'>fecerunt.</span> <span class='ocrx_word' id='word_1_543' title='bbox 3590 2409 3701 2463; x_wconf 85' lang='lat' dir='ltr'>Hic</span> <span class='ocrx_word' id='word_1_544' title='bbox 3741 2426 3865 2464; x_wconf 77' lang='lat' dir='ltr'>vero</span> 
     </span>
    </p>
   </div>
   <div class='ocr_carea' id='block_1_74' title="bbox 2167 2496 3862 2567">
    <p class='ocr_par' dir='ltr' id='par_1_74' title="bbox 2167 2496 3862 2567">
     <span class='ocr_line' id='line_1_75' title="bbox 2167 2496 3862 2567; baseline 0.001 -18"><span class='ocrx_word' id='word_1_545' title='bbox 2167 2496 2335 2567; x_wconf 90' lang='lat' dir='ltr'>panis</span> <span class='ocrx_word' id='word_1_546' title='bbox 2364 2501 2417 2550; x_wconf 91' lang='lat' dir='ltr'>et</span> <span class='ocrx_word' id='word_1_547' title='bbox 2444 2496 2640 2551; x_wconf 88' lang='lat' dir='ltr'>vinum</span> <span class='ocrx_word' id='word_1_548' title='bbox 2676 2497 2837 2567; x_wconf 90' lang='lat' dir='ltr'>prius</span> <span class='ocrx_word' id='word_1_549' title='bbox 2886 2497 3045 2550; x_wconf 89' lang='lat' dir='ltr'>fuere</span> <span class='ocrx_word' id='word_1_550' title='bbox 3086 2512 3257 2567; x_wconf 87' lang='lat' dir='ltr'>quam</span> <span class='ocrx_word' id='word_1_551' title='bbox 3316 2497 3623 2551; x_wconf 89' lang='lat' dir='ltr'>transitum</span> <span class='ocrx_word' id='word_1_552' title='bbox 3684 2498 3749 2552; x_wconf 91' lang='lat' dir='ltr'>in</span> <span class='ocrx_word' id='word_1_553' title='bbox 3781 2516 3862 2551; x_wconf 86' lang='lat' dir='ltr'>sa-</span> 
     </span>
    </p>
   </div>
   <div class='ocr_carea' id='block_1_75' title="bbox 2169 2584 3861 2656">
    <p class='ocr_par' dir='ltr' id='par_1_75' title="bbox 2169 2584 3861 2656">
     <span class='ocr_line' id='line_1_76' title="bbox 2169 2584 3861 2656; baseline 0 -17"><span class='ocrx_word' id='word_1_554' title='bbox 2169 2590 2525 2639; x_wconf 78' lang='lat' dir='ltr'>cramentum</span> <span class='ocrx_word' id='word_1_555' title='bbox 2557 2585 2811 2656; x_wconf 90' lang='lat' dir='ltr'>corporis</span> <span class='ocrx_word' id='word_1_556' title='bbox 2860 2590 2915 2639; x_wconf 90' lang='lat' dir='ltr'>et</span> <span class='ocrx_word' id='word_1_557' title='bbox 2975 2584 3273 2655; x_wconf 87' lang='lat' dir='ltr'>sanguinis</span> <span class='ocrx_word' id='word_1_558' title='bbox 3323 2584 3529 2640; x_wconf 89' lang='lat' dir='ltr'>Christi</span> <span class='ocrx_word' id='word_1_559' title='bbox 3578 2586 3861 2641; x_wconf 88' lang='lat' dir='ltr'>fecerunt.</span> 
     </span>
    </p>
   </div>
   <div class='ocr_carea' id='block_1_76' title="bbox 2167 2672 3862 2744">
    <p class='ocr_par' dir='ltr' id='par_1_76' title="bbox 2167 2672 3862 2744">
     <span class='ocr_line' id='line_1_77' title="bbox 2167 2672 3862 2744; baseline 0.001 -17"><span class='ocrx_word' id='word_1_560' title='bbox 2167 2672 2274 2727; x_wconf 90' lang='lat' dir='ltr'>Sed</span> <span class='ocrx_word' id='word_1_561' title='bbox 2311 2688 2413 2726; x_wconf 90' lang='lat' dir='ltr'>nec</span> <span class='ocrx_word' id='word_1_562' title='bbox 2441 2672 2537 2726; x_wconf 93' lang='lat' dir='ltr'>ille</span> <span class='ocrx_word' id='word_1_563' title='bbox 2568 2672 2842 2727; x_wconf 89' lang='lat' dir='ltr'>transitus</span> <span class='ocrx_word' id='word_1_564' title='bbox 2870 2672 2968 2743; x_wconf 89' lang='lat' dir='ltr'>qui</span> <span class='ocrx_word' id='word_1_565' title='bbox 2998 2672 3060 2727; x_wconf 87' lang='lat' dir='ltr'>ﬁt</span> <span class='ocrx_word' id='word_1_566' title='bbox 3090 2690 3154 2726; x_wconf 76' lang='lat' dir='ltr'>ex</span> <span class='ocrx_word' id='word_1_567' title='bbox 3196 2689 3263 2727; x_wconf 93' lang='lat' dir='ltr'>eo</span> <span class='ocrx_word' id='word_1_568' title='bbox 3309 2673 3460 2744; x_wconf 89' lang='lat' dir='ltr'>quod</span> <span class='ocrx_word' id='word_1_569' title='bbox 3515 2678 3600 2727; x_wconf 87' lang='lat' dir='ltr'>est</span> <span class='ocrx_word' id='word_1_570' title='bbox 3632 2690 3765 2728; x_wconf 90' lang='lat' dir='ltr'>esse</span> <span class='ocrx_word' id='word_1_571' title='bbox 3802 2676 3862 2728; x_wconf 87' lang='lat' dir='ltr'>ad</span> 
     </span>
    </p>
   </div>
   <div class='ocr_carea' id='block_1_77' title="bbox 2167 2752 3866 2835">
    <p class='ocr_par' dir='ltr' id='par_1_77' title="bbox 2167 2752 3866 2835">
     <span class='ocr_line' id='line_1_78' title="bbox 2167 2752 3866 2835; baseline 0 -18"><span class='ocrx_word' id='word_1_572' title='bbox 2167 2762 2225 2817; x_wconf 92' lang='lat' dir='ltr'>id</span> <span class='ocrx_word' id='word_1_573' title='bbox 2257 2763 2412 2834; x_wconf 86' lang='lat' dir='ltr'>quod</span> <span class='ocrx_word' id='word_1_574' title='bbox 2452 2767 2536 2816; x_wconf 91' lang='lat' dir='ltr'>est</span> <span class='ocrx_word' id='word_1_575' title='bbox 2584 2778 2698 2815; x_wconf 91' lang='lat' dir='ltr'>non</span> <span class='ocrx_word' id='word_1_576' title='bbox 2755 2778 2896 2830; x_wconf 90' lang='lat' dir='ltr'>esse,</span> <span class='ocrx_word' id='word_1_577' title='bbox 2955 2752 3055 2832; x_wconf 86' lang='lat' dir='ltr'>qui</span> <span class='ocrx_word' id='word_1_578' title='bbox 3106 2762 3377 2815; x_wconf 90' lang='lat' dir='ltr'>transitus</span> <span class='ocrx_word' id='word_1_579' title='bbox 3434 2763 3490 2815; x_wconf 89' lang='lat' dir='ltr'>in</span> <span class='ocrx_word' id='word_1_580' title='bbox 3547 2763 3729 2817; x_wconf 86' lang='lat' dir='ltr'>rebus</span> <span class='ocrx_word' id='word_1_581' title='bbox 3774 2782 3866 2835; x_wconf 87' lang='lat' dir='ltr'>per</span> 
     </span>
    </p>
   </div>
   <div class='ocr_carea' id='block_1_78' title="bbox 2167 2850 3862 2924">
    <p class='ocr_par' dir='ltr' id='par_1_78' title="bbox 2167 2850 3862 2924">
     <span class='ocr_line' id='line_1_79' title="bbox 2167 2850 3862 2924; baseline 0.001 -18"><span class='ocrx_word' id='word_1_582' title='bbox 2167 2852 2452 2907; x_wconf 86' lang='lat' dir='ltr'>defectum</span> <span class='ocrx_word' id='word_1_583' title='bbox 2521 2867 2783 2905; x_wconf 86' lang='lat' dir='ltr'>occasum</span> <span class='ocrx_word' id='word_1_584' title='bbox 2848 2851 3202 2921; x_wconf 89' lang='lat' dir='ltr'>patientibus</span> <span class='ocrx_word' id='word_1_585' title='bbox 3261 2850 3485 2905; x_wconf 78' lang='lat' dir='ltr'>existit:</span> <span class='ocrx_word' id='word_1_586' title='bbox 3576 2853 3862 2924; x_wconf 87' lang='lat' dir='ltr'>quidquid</span> 
     </span>
    </p>
   </div>
   <div class='ocr_carea' id='block_1_79' title="bbox 2168 2940 3862 3009">
    <p class='ocr_par' dir='ltr' id='par_1_79' title="bbox 2168 2940 3862 3009">
     <span class='ocr_line' id='line_1_80' title="bbox 2168 2940 3862 3009; baseline 0 -14"><span class='ocrx_word' id='word_1_587' title='bbox 2168 2941 2317 2995; x_wconf 90' lang='lat' dir='ltr'>enim</span> <span class='ocrx_word' id='word_1_588' title='bbox 2350 2940 2565 3006; x_wconf 89' lang='lat' dir='ltr'>interit,</span> <span class='ocrx_word' id='word_1_589' title='bbox 2615 2940 2776 3009; x_wconf 90' lang='lat' dir='ltr'>prius</span> <span class='ocrx_word' id='word_1_590' title='bbox 2832 2940 3191 2994; x_wconf 90' lang='lat' dir='ltr'>subsistendo</span> <span class='ocrx_word' id='word_1_591' title='bbox 3250 2940 3376 3005; x_wconf 92' lang='lat' dir='ltr'>fuit,</span> <span class='ocrx_word' id='word_1_592' title='bbox 3435 2956 3537 2994; x_wconf 90' lang='lat' dir='ltr'>nec</span> <span class='ocrx_word' id='word_1_593' title='bbox 3558 2940 3862 2995; x_wconf 87' lang='lat' dir='ltr'>interitum</span> 
     </span>
    </p>
   </div>
   <div class='ocr_carea' id='block_1_80' title="bbox 2167 3027 3864 3101">
    <p class='ocr_par' dir='ltr' id='par_1_80' title="bbox 2167 3027 3864 3101">
     <span class='ocr_line' id='line_1_81' title="bbox 2167 3027 3864 3101; baseline -0.001 -18"><span class='ocrx_word' id='word_1_594' title='bbox 2167 3034 2284 3101; x_wconf 88' lang='lat' dir='ltr'>pati</span> <span class='ocrx_word' id='word_1_595' title='bbox 2318 3034 2503 3099; x_wconf 90' lang='lat' dir='ltr'>potest</span> <span class='ocrx_word' id='word_1_596' title='bbox 2534 3029 2687 3099; x_wconf 91' lang='lat' dir='ltr'>quod</span> <span class='ocrx_word' id='word_1_597' title='bbox 2721 3045 2835 3082; x_wconf 90' lang='lat' dir='ltr'>non</span> <span class='ocrx_word' id='word_1_598' title='bbox 2862 3029 3003 3095; x_wconf 88' lang='lat' dir='ltr'>fuit;</span> <span class='ocrx_word' id='word_1_599' title='bbox 3025 3028 3118 3081; x_wconf 91' lang='lat' dir='ltr'>hic</span> <span class='ocrx_word' id='word_1_600' title='bbox 3139 3044 3368 3099; x_wconf 90' lang='lat' dir='ltr'>quoque</span> <span class='ocrx_word' id='word_1_601' title='bbox 3402 3044 3517 3081; x_wconf 93' lang='lat' dir='ltr'>non</span> <span class='ocrx_word' id='word_1_602' title='bbox 3551 3027 3659 3081; x_wconf 90' lang='lat' dir='ltr'>iste</span> <span class='ocrx_word' id='word_1_603' title='bbox 3683 3035 3864 3083; x_wconf 84' lang='lat' dir='ltr'>trans-</span> 
     </span>
    </p>
   </div>
   <div class='ocr_carea' id='block_1_81' title="bbox 2166 3117 3859 3188">
    <p class='ocr_par' dir='ltr' id='par_1_81' title="bbox 2166 3117 3859 3188">
     <span class='ocr_line' id='line_1_82' title="bbox 2166 3117 3859 3188; baseline -0.002 -15"><span class='ocrx_word' id='word_1_604' title='bbox 2166 3120 2279 3173; x_wconf 88' lang='lat' dir='ltr'>itus</span> <span class='ocrx_word' id='word_1_605' title='bbox 2308 3119 2490 3173; x_wconf 89' lang='lat' dir='ltr'>factus</span> <span class='ocrx_word' id='word_1_606' title='bbox 2540 3134 2661 3171; x_wconf 86' lang='lat' dir='ltr'>esse</span> <span class='ocrx_word' id='word_1_607' title='bbox 2727 3117 3159 3188; x_wconf 78' lang='lat' dir='ltr'>cognoscitur,e</span> <span class='ocrx_word' id='word_1_608' title='bbox 3206 3117 3481 3188; x_wconf 86' lang='lat' dir='ltr'>quoniam</span> <span class='ocrx_word' id='word_1_609' title='bbox 3537 3119 3859 3173; x_wconf 88' lang='lat' dir='ltr'>secundum</span> 
     </span>
    </p>
   </div>
   <div class='ocr_carea' id='block_1_82' title="bbox 2166 3278 3866 3347">
    <p class='ocr_par' dir='ltr' id='par_1_82' title="bbox 2166 3278 3866 3347">
     <span class='ocr_line' id='line_1_83' title="bbox 2166 3278 3866 3347; baseline 0 -15"><span class='ocrx_word' id='word_1_610' title='bbox 2166 3294 2284 3333; x_wconf 84' lang='lat' dir='ltr'>ram</span> <span class='ocrx_word' id='word_1_611' title='bbox 2335 3281 2637 3331; x_wconf 86' lang='lat' dir='ltr'>convertere</span> <span class='ocrx_word' id='word_1_612' title='bbox 2689 3279 2871 3347; x_wconf 86' lang='lat' dir='ltr'>potuit</span> <span class='ocrx_word' id='word_1_613' title='bbox 2935 3279 2994 3330; x_wconf 87' lang='lat' dir='ltr'>in</span> <span class='ocrx_word' id='word_1_614' title='bbox 3047 3278 3334 3345; x_wconf 79' lang='lat' dir='ltr'>proprium</span> <span class='ocrx_word' id='word_1_615' title='bbox 3380 3292 3597 3345; x_wconf 89' lang='lat' dir='ltr'>corpus,</span> <span class='ocrx_word' id='word_1_616' title='bbox 3648 3283 3866 3340; x_wconf 87' lang='lat' dir='ltr'>etc.,et</span> 
     </span>
    </p>
   </div>
   <div class='ocr_carea' id='block_1_83' title="bbox 2165 3349 3865 3417">
    <p class='ocr_par' dir='ltr' id='par_1_83' title="bbox 2165 3349 3865 3417">
     <span class='ocr_line' id='line_1_84' title="bbox 2165 3349 3865 3417; baseline 0 -14"><span class='ocrx_word' id='word_1_617' title='bbox 2165 3365 2407 3403; x_wconf 89' lang='lat' dir='ltr'>numero</span> <span class='ocrx_word' id='word_1_618' title='bbox 2435 3365 2534 3401; x_wconf 85' lang='lat' dir='ltr'>xxx</span> <span class='ocrx_word' id='word_1_619' title='bbox 2563 3367 2579 3402; x_wconf 94' lang='lat'><em>:</em></span> <span class='ocrx_word' id='word_1_620' title='bbox 2616 3349 2710 3401; x_wconf 81' lang='lat' dir='ltr'>sed</span> <span class='ocrx_word' id='word_1_621' title='bbox 2738 3364 2858 3401; x_wconf 83' lang='lat' dir='ltr'>vere</span> <span class='ocrx_word' id='word_1_622' title='bbox 2880 3364 2981 3417; x_wconf 86' lang='lat' dir='ltr'>per</span> <span class='ocrx_word' id='word_1_623' title='bbox 3010 3350 3326 3414; x_wconf 79' lang='lat' dir='ltr'>mysterium</span> <span class='ocrx_word' id='word_1_624' title='bbox 3349 3363 3544 3416; x_wconf 83' lang='lat' dir='ltr'>panem</span> <span class='ocrx_word' id='word_1_625' title='bbox 3579 3352 3633 3401; x_wconf 82' lang='lat' dir='ltr'>et</span> <span class='ocrx_word' id='word_1_626' title='bbox 3680 3353 3865 3403; x_wconf 86' lang='lat' dir='ltr'>vinum</span> 
     </span>
    </p>
   </div>
   <div class='ocr_carea' id='block_1_84' title="bbox 2164 3418 3863 3489">
    <p class='ocr_par' dir='ltr' id='par_1_84' title="bbox 2164 3418 3863 3489">
     <span class='ocr_line' id='line_1_85' title="bbox 2164 3418 3863 3489; baseline 0.001 -15"><span class='ocrx_word' id='word_1_627' title='bbox 2164 3422 2221 3474; x_wconf 87' lang='lat' dir='ltr'>in</span> <span class='ocrx_word' id='word_1_628' title='bbox 2251 3423 2491 3489; x_wconf 88' lang='lat' dir='ltr'>corporis</span> <span class='ocrx_word' id='word_1_629' title='bbox 2523 3424 2571 3473; x_wconf 85' lang='lat' dir='ltr'>et</span> <span class='ocrx_word' id='word_1_630' title='bbox 2601 3421 2887 3486; x_wconf 73' lang='lat' dir='ltr'>sanguinis</span> <span class='ocrx_word' id='word_1_631' title='bbox 2913 3421 3015 3473; x_wconf 86' lang='lat' dir='ltr'>mei</span> <span class='ocrx_word' id='word_1_632' title='bbox 3043 3434 3299 3472; x_wconf 77' lang='lat' dir='ltr'>conversa</span> <span class='ocrx_word' id='word_1_633' title='bbox 3346 3418 3744 3475; x_wconf 77' lang='lat' dir='ltr'>substantiam.</span> <span class='ocrx_word' id='word_1_634' title='bbox 3787 3422 3863 3474; x_wconf 79' lang='lat' dir='ltr'>Ad</span> 
     </span>
    </p>
   </div>
   <div class='ocr_carea' id='block_1_85' title="bbox 2164 3489 3866 3559">
    <p class='ocr_par' dir='ltr' id='par_1_85' title="bbox 2164 3489 3866 3559">
     <span class='ocr_line' id='line_1_86' title="bbox 2164 3489 3866 3559; baseline 0.001 -15"><span class='ocrx_word' id='word_1_635' title='bbox 2164 3497 2419 3545; x_wconf 87' lang='lat' dir='ltr'>mentem</span> <span class='ocrx_word' id='word_1_636' title='bbox 2482 3492 2661 3544; x_wconf 87' lang='lat' dir='ltr'>sancti</span> <span class='ocrx_word' id='word_1_637' title='bbox 2719 3490 2917 3559; x_wconf 70' lang='lat' dir='ltr'>Cyrilli</span> <span class='ocrx_word' id='word_1_638' title='bbox 2971 3489 3493 3558; x_wconf 82' lang='lat' dir='ltr'>Hierosolymitani,</span> <span class='ocrx_word' id='word_1_639' title='bbox 3564 3491 3866 3545; x_wconf 86' lang='lat' dir='ltr'>Catechesi</span> 
     </span>
    </p>
   </div>
   <div class='ocr_carea' id='block_1_86' title="bbox 2162 3560 3865 3633">
    <p class='ocr_par' dir='ltr' id='par_1_86' title="bbox 2162 3560 3865 3633">
     <span class='ocr_line' id='line_1_87' title="bbox 2162 3560 3865 3633; baseline -0.001 -19"><span class='ocrx_word' id='word_1_640' title='bbox 2162 3560 2538 3632; x_wconf 81' lang='lat' dir='ltr'>Mystagogica</span> <span class='ocrx_word' id='word_1_641' title='bbox 2589 3577 2640 3614; x_wconf 76' lang='lat' dir='ltr'>Iv</span> <span class='ocrx_word' id='word_1_642' title='bbox 2693 3577 2706 3614; x_wconf 90' lang='lat'><strong>:</strong></span> <span class='ocrx_word' id='word_1_643' title='bbox 2750 3562 3125 3633; x_wconf 59' lang='lat' dir='ltr'>Taurauabdw</span> <span class='ocrx_word' id='word_1_644' title='bbox 3168 3565 3254 3611; x_wconf 75' lang='grc' dir='ltr'>καὶ</span> <span class='ocrx_word' id='word_1_645' title='bbox 3276 3560 3693 3633; x_wconf 55' lang='grc' dir='ltr'>πληροφορηθεὶς</span> <span class='ocrx_word' id='word_1_646' title='bbox 3730 3565 3799 3623; x_wconf 78' lang='grc' dir='ltr'>ὡς</span> <span class='ocrx_word' id='word_1_647' title='bbox 3845 3566 3865 3613; x_wconf 68' lang='grc' dir='ltr'>ὁ</span> 
     </span>
    </p>
   </div>
   <div class='ocr_carea' id='block_1_87' title="bbox 2202 3629 3864 3704">
    <p class='ocr_par' dir='ltr' id='par_1_87' title="bbox 2202 3629 3864 3704">
     <span class='ocr_line' id='line_1_88' title="bbox 2202 3629 3864 3704; baseline 0.001 -22"><span class='ocrx_word' id='word_1_648' title='bbox 2202 3629 2460 3704; x_wconf 50' lang='lat' dir='ltr'>ausam;</span> <span class='ocrx_word' id='word_1_649' title='bbox 2505 3632 2657 3703; x_wconf 77' lang='grc' dir='ltr'>ἄρτος</span> <span class='ocrx_word' id='word_1_650' title='bbox 2708 3630 2799 3682; x_wconf 66' lang='grc' dir='ltr'>οὐκ</span> <span class='ocrx_word' id='word_1_651' title='bbox 2848 3629 3000 3704; x_wconf 54' lang='lat' dir='ltr'>apro;</span> <span class='ocrx_word' id='word_1_652' title='bbox 3044 3629 3203 3696; x_wconf 77' lang='grc' dir='ltr'>ἐστὶν,</span> <span class='ocrx_word' id='word_1_653' title='bbox 3259 3631 3302 3681; x_wconf 85' lang='grc' dir='ltr'><strong>εἰ</strong></span> <span class='ocrx_word' id='word_1_654' title='bbox 3350 3629 3660 3701; x_wconf 12' lang='grc' dir='ltr'>κὰὶήγὲύσει</span> <span class='ocrx_word' id='word_1_655' title='bbox 3718 3643 3864 3684; x_wconf 63' lang='lat' dir='ltr'>tauro</span> 
     </span>
    </p>
   </div>
   <div class='ocr_carea' id='block_1_88' title="bbox 2164 3653 3863 3775">
    <p class='ocr_par' dir='ltr' id='par_1_88' title="bbox 2164 3653 3863 3775">
     <span class='ocr_line' id='line_1_89' title="bbox 2202 3653 3863 3704; baseline 0.001 -22"><span class='ocrx_word' id='word_1_656' title='bbox 2202 3653 2460 3704; x_wconf 75' lang='grc' dir='ltr'>αινομενος</span> <span class='ocrx_word' id='word_1_657' title='bbox 2505 3653 2657 3703; x_wconf 66' lang='lat' dir='ltr'>apro;</span> <span class='ocrx_word' id='word_1_658' title='bbox 2708 3653 2799 3682; x_wconf 79' lang='grc' dir='ltr'>ουκ</span> <span class='ocrx_word' id='word_1_659' title='bbox 2848 3653 3000 3704; x_wconf 66' lang='lat' dir='ltr'>apto;</span> <span class='ocrx_word' id='word_1_660' title='bbox 3044 3653 3203 3696; x_wconf 77' lang='grc' dir='ltr'>εστιν,</span> <span class='ocrx_word' id='word_1_661' title='bbox 3259 3653 3302 3681; x_wconf 84' lang='grc' dir='ltr'>ει</span> <span class='ocrx_word' id='word_1_662' title='bbox 3350 3653 3436 3681; x_wconf 76' lang='grc' dir='ltr'>και</span> <span class='ocrx_word' id='word_1_663' title='bbox 3476 3653 3660 3701; x_wconf 71' lang='grc' dir='ltr'>γενσει</span> <span class='ocrx_word' id='word_1_664' title='bbox 3718 3653 3863 3684; x_wconf 64' lang='lat' dir='ltr'>Tauro</span> 
     </span>
     <span class='ocr_line' id='line_1_90' title="bbox 2164 3653 3863 3775; baseline 0.001 -21"><span class='ocrx_word' id='word_1_665' title='bbox 2164 3653 2421 3769; x_wconf 57' lang='grc' dir='ltr'>ἕωλα-αι,</span> <span class='ocrx_word' id='word_1_666' title='bbox 2457 3701 2589 3753; x_wconf 73' lang='grc' dir='ltr'>ἀλλὰ</span> <span class='ocrx_word' id='word_1_667' title='bbox 2629 3703 2687 3753; x_wconf 81' lang='grc' dir='ltr'>τὸ</span> <span class='ocrx_word' id='word_1_668' title='bbox 2721 3711 2870 3773; x_wconf 75' lang='grc' dir='ltr'>σῶμα</span> <span class='ocrx_word' id='word_1_669' title='bbox 2909 3708 3161 3775; x_wconf 73' lang='grc' dir='ltr'>Χριστοῦ·</span> <span class='ocrx_word' id='word_1_670' title='bbox 3195 3706 3281 3752; x_wconf 74' lang='grc' dir='ltr'>καὶ</span> <span class='ocrx_word' id='word_1_671' title='bbox 3312 3703 3335 3751; x_wconf 80' lang='grc' dir='ltr'><strong>ὁ</strong></span> <span class='ocrx_word' id='word_1_672' title='bbox 3373 3703 3677 3773; x_wconf 68' lang='grc' dir='ltr'>φαινόμενος</span> <span class='ocrx_word' id='word_1_673' title='bbox 3714 3702 3863 3769; x_wconf 72' lang='grc' dir='ltr'>οἶνος,</span> 
     </span>
    </p>
   </div>
   <div class='ocr_carea' id='block_1_89' title="bbox 2164 3770 3865 3847">
    <p class='ocr_par' dir='ltr' id='par_1_89' title="bbox 2164 3770 3865 3847">
     <span class='ocr_line' id='line_1_91' title="bbox 2164 3770 3865 3847; baseline 0 -22"><span class='ocrx_word' id='word_1_674' title='bbox 2164 3776 2255 3825; x_wconf 68' lang='grc' dir='ltr'>οὐκ</span> <span class='ocrx_word' id='word_1_675' title='bbox 2303 3770 2455 3840; x_wconf 79' lang='grc' dir='ltr'>οἶνος,</span> <span class='ocrx_word' id='word_1_676' title='bbox 2507 3773 2549 3824; x_wconf 85' lang='grc' dir='ltr'><strong>εἰ</strong></span> <span class='ocrx_word' id='word_1_677' title='bbox 2598 3776 2684 3823; x_wconf 75' lang='grc' dir='ltr'>καὶ</span> <span class='ocrx_word' id='word_1_678' title='bbox 2738 3776 2766 3830; x_wconf 75' lang='grc' dir='ltr'>ἡ</span> <span class='ocrx_word' id='word_1_679' title='bbox 2799 3770 2993 3843; x_wconf 44' lang='lat' dir='ltr'>Vlla-Sci;</span> <span class='ocrx_word' id='word_1_680' title='bbox 3036 3780 3187 3823; x_wconf 70' lang='grc' dir='ltr'>τοῦτο</span> <span class='ocrx_word' id='word_1_681' title='bbox 3231 3770 3691 3844; x_wconf 64' lang='grc' dir='ltr'>βούλέται,’ἀλ).ὀι</span> <span class='ocrx_word' id='word_1_682' title='bbox 3740 3780 3865 3847; x_wconf 69' lang='grc' dir='ltr'>αἷμα</span> 
     </span>
    </p>
   </div>
   <div class='ocr_carea' id='block_1_90' title="bbox 2162 3844 3869 3919">
    <p class='ocr_par' dir='ltr' id='par_1_90' title="bbox 2162 3844 3869 3919">
     <span class='ocr_line' id='line_1_92' title="bbox 2162 3844 3869 3919; baseline 0.002 -23"><span class='ocrx_word' id='word_1_683' title='bbox 2162 3851 2421 3919; x_wconf 72' lang='grc' dir='ltr'>Χριστσῦ.</span> <span class='ocrx_word' id='word_1_684' title='bbox 2461 3845 2641 3899; x_wconf 83' lang='lat' dir='ltr'>Sciens</span> <span class='ocrx_word' id='word_1_685' title='bbox 2691 3850 2740 3897; x_wconf 90' lang='lat' dir='ltr'>et</span> <span class='ocrx_word' id='word_1_686' title='bbox 2784 3846 2947 3919; x_wconf 76' lang='lat' dir='ltr'>plane</span> <span class='ocrx_word' id='word_1_687' title='bbox 3000 3859 3313 3919; x_wconf 87' lang='lat' dir='ltr'>cognoscens</span> <span class='ocrx_word' id='word_1_688' title='bbox 3359 3844 3515 3919; x_wconf 57' lang='lat' dir='ltr'>quod</span> <span class='ocrx_word' id='word_1_689' title='bbox 3553 3848 3740 3919; x_wconf 79' lang='lat' dir='ltr'>panis</span> <span class='ocrx_word' id='word_1_690' title='bbox 3777 3844 3869 3916; x_wconf 80' lang='lat' dir='ltr'>qui</span> 
     </span>
    </p>
   </div>
   <div class='ocr_carea' id='block_1_91' title="bbox 2162 3915 3864 3986">
    <p class='ocr_par' dir='ltr' id='par_1_91' title="bbox 2162 3915 3864 3986">
     <span class='ocr_line' id='line_1_93' title="bbox 2162 3915 3864 3986; baseline 0.001 -17"><span class='ocrx_word' id='word_1_691' title='bbox 2162 3915 2411 3986; x_wconf 78' lang='lat' dir='ltr'>apparet,</span> <span class='ocrx_word' id='word_1_692' title='bbox 2441 3931 2543 3968; x_wconf 87' lang='lat' dir='ltr'>non</span> <span class='ocrx_word' id='word_1_693' title='bbox 2576 3921 2655 3969; x_wconf 85' lang='lat' dir='ltr'>est</span> <span class='ocrx_word' id='word_1_694' title='bbox 2682 3917 2867 3984; x_wconf 86' lang='lat' dir='ltr'>panis,</span> <span class='ocrx_word' id='word_1_695' title='bbox 2910 3918 3172 3983; x_wconf 79' lang='lat' dir='ltr'>quamvis</span> <span class='ocrx_word' id='word_1_696' title='bbox 3220 3920 3407 3986; x_wconf 79' lang='lat' dir='ltr'>gustus</span> <span class='ocrx_word' id='word_1_697' title='bbox 3437 3915 3602 3969; x_wconf 78' lang='lat' dir='ltr'>aliter</span> <span class='ocrx_word' id='word_1_698' title='bbox 3634 3915 3864 3979; x_wconf 77' lang='lat' dir='ltr'>indicet,</span> 
     </span>
    </p>
   </div>
   <div class='ocr_carea' id='block_1_92' title="bbox 2161 3985 3869 4056">
    <p class='ocr_par' dir='ltr' id='par_1_92' title="bbox 2161 3985 3869 4056">
     <span class='ocr_line' id='line_1_94' title="bbox 2161 3985 3869 4056; baseline 0 -15"><span class='ocrx_word' id='word_1_699' title='bbox 2161 3985 2255 4041; x_wconf 79' lang='lat' dir='ltr'>sed</span> <span class='ocrx_word' id='word_1_700' title='bbox 2284 4000 2475 4056; x_wconf 86' lang='lat' dir='ltr'>corpus</span> <span class='ocrx_word' id='word_1_701' title='bbox 2506 3989 2631 4040; x_wconf 82' lang='lat' dir='ltr'>Jesu</span> <span class='ocrx_word' id='word_1_702' title='bbox 2663 3986 2893 4051; x_wconf 84' lang='lat' dir='ltr'>Christi;</span> <span class='ocrx_word' id='word_1_703' title='bbox 2929 3990 2978 4039; x_wconf 88' lang='lat' dir='ltr'>et</span> <span class='ocrx_word' id='word_1_704' title='bbox 3000 3988 3187 4038; x_wconf 86' lang='lat' dir='ltr'>vinum</span> <span class='ocrx_word' id='word_1_705' title='bbox 3209 3985 3353 4053; x_wconf 84' lang='lat' dir='ltr'>quod</span> <span class='ocrx_word' id='word_1_706' title='bbox 3371 3991 3629 4055; x_wconf 84' lang='lat' dir='ltr'>apparet,</span> <span class='ocrx_word' id='word_1_707' title='bbox 3655 4004 3774 4042; x_wconf 87' lang='lat' dir='ltr'>non</span> <span class='ocrx_word' id='word_1_708' title='bbox 3795 3996 3869 4042; x_wconf 81' lang='lat' dir='ltr'>est</span> 
     </span>
    </p>
   </div>
   <div class='ocr_carea' id='block_1_93' title="bbox 2159 4056 3866 4125">
    <p class='ocr_par' dir='ltr' id='par_1_93' title="bbox 2159 4056 3866 4125">
     <span class='ocr_line' id='line_1_95' title="bbox 2159 4056 3866 4125; baseline 0 -14"><span class='ocrx_word' id='word_1_709' title='bbox 2159 4060 2364 4124; x_wconf 78' lang='lat' dir='ltr'>vinum,</span> <span class='ocrx_word' id='word_1_710' title='bbox 2400 4056 2543 4125; x_wconf 76' lang='lat' dir='ltr'>quod</span> <span class='ocrx_word' id='word_1_711' title='bbox 2567 4062 2755 4124; x_wconf 85' lang='lat' dir='ltr'>gustus</span> <span class='ocrx_word' id='word_1_712' title='bbox 2778 4056 3003 4120; x_wconf 85' lang='lat' dir='ltr'>indicat,</span> <span class='ocrx_word' id='word_1_713' title='bbox 3047 4057 3142 4110; x_wconf 84' lang='lat' dir='ltr'>sed</span> <span class='ocrx_word' id='word_1_714' title='bbox 3185 4058 3410 4124; x_wconf 83' lang='lat' dir='ltr'>sanguis</span> <span class='ocrx_word' id='word_1_715' title='bbox 3448 4058 3571 4110; x_wconf 77' lang='lat' dir='ltr'>Iesu</span> <span class='ocrx_word' id='word_1_716' title='bbox 3627 4058 3866 4113; x_wconf 78' lang='lat' dir='ltr'>Christi.</span> 
     </span>
    </p>
   </div>
   <div class='ocr_carea' id='block_1_94' title="bbox 2232 4127 3874 4198">
    <p class='ocr_par' dir='ltr' id='par_1_94' title="bbox 2232 4127 3874 4198">
     <span class='ocr_line' id='line_1_96' title="bbox 2232 4127 3874 4198; baseline 0 -16"><span class='ocrx_word' id='word_1_717' title='bbox 2232 4137 2251 4161; x_wconf 72' lang='grc' dir='ltr'><strong>ε</strong></span> <span class='ocrx_word' id='word_1_718' title='bbox 2280 4131 2446 4183; x_wconf 85' lang='lat' dir='ltr'>Panis</span> <span class='ocrx_word' id='word_1_719' title='bbox 2501 4127 2641 4180; x_wconf 88' lang='lat' dir='ltr'>illud</span> <span class='ocrx_word' id='word_1_720' title='bbox 2686 4130 2977 4197; x_wconf 88' lang='lat' dir='ltr'>vinumque</span> <span class='ocrx_word' id='word_1_721' title='bbox 3022 4130 3256 4196; x_wconf 78' lang='lat' dir='ltr'>ﬁgurate</span> <span class='ocrx_word' id='word_1_722' title='bbox 3301 4128 3516 4182; x_wconf 82' lang='lat' dir='ltr'>Christi</span> <span class='ocrx_word' id='word_1_723' title='bbox 3562 4143 3777 4198; x_wconf 85' lang='lat' dir='ltr'>corpus</span> <span class='ocrx_word' id='word_1_724' title='bbox 3828 4136 3874 4183; x_wconf 80' lang='lat' dir='ltr'>et</span> 
     </span>
    </p>
   </div>
   <div class='ocr_carea' id='block_1_95' title="bbox 2160 4198 3873 4269">
    <p class='ocr_par' dir='ltr' id='par_1_95' title="bbox 2160 4198 3873 4269">
     <span class='ocr_line' id='line_1_97' title="bbox 2160 4198 3873 4269; baseline 0 -16"><span class='ocrx_word' id='word_1_725' title='bbox 2160 4202 2385 4266; x_wconf 87' lang='lat' dir='ltr'>sanguis</span> <span class='ocrx_word' id='word_1_726' title='bbox 2417 4200 2629 4261; x_wconf 67' lang='lat' dir='ltr'>existit,</span> <span class='ocrx_word' id='word_1_727' title='bbox 2660 4204 2766 4251; x_wconf 91' lang='lat' dir='ltr'>etc.</span> <span class='ocrx_word' id='word_1_728' title='bbox 2802 4199 2925 4252; x_wconf 86' lang='lat' dir='ltr'>Non</span> <span class='ocrx_word' id='word_1_729' title='bbox 2960 4198 3038 4252; x_wconf 89' lang='lat' dir='ltr'>ait</span> <span class='ocrx_word' id='word_1_730' title='bbox 3062 4198 3390 4252; x_wconf 86' lang='lat' dir='ltr'>solummodo</span> <span class='ocrx_word' id='word_1_731' title='bbox 3433 4212 3542 4251; x_wconf 86' lang='lat' dir='ltr'>esse</span> <span class='ocrx_word' id='word_1_732' title='bbox 3582 4201 3649 4252; x_wconf 87' lang='lat' dir='ltr'>in</span> <span class='ocrx_word' id='word_1_733' title='bbox 3684 4204 3873 4269; x_wconf 73' lang='lat' dir='ltr'>ﬁgura</span> 
     </span>
    </p>
   </div>
   <div class='ocr_carea' id='block_1_96' title="bbox 359 4263 3871 4340">
    <p class='ocr_par' dir='ltr' id='par_1_96' title="bbox 359 4263 3871 4340">
     <span class='ocr_line' id='line_1_98' title="bbox 359 4263 3871 4340; baseline 0.003 -24"><span class='ocrx_word' id='word_1_734' title='bbox 359 4263 705 4340; x_wconf 63' lang='lat' dir='ltr'>Paschasius</span> <span class='ocrx_word' id='word_1_735' title='bbox 722 4263 801 4340; x_wconf 78' lang='lat' dir='ltr'>ait</span> <span class='ocrx_word' id='word_1_736' title='bbox 830 4265 957 4340; x_wconf 87' lang='lat' dir='ltr'>_loco</span> <span class='ocrx_word' id='word_1_737' title='bbox 1006 4264 1290 4340; x_wconf 37' lang='lat' dir='ltr'>citatoLet</span> <span class='ocrx_word' id='word_1_738' title='bbox 1331 4265 1391 4318; x_wconf 92' lang='lat' dir='ltr'>in</span> <span class='ocrx_word' id='word_1_739' title='bbox 1449 4263 1701 4340; x_wconf 76' lang='lat' dir='ltr'>Epistola</span> <span class='ocrx_word' id='word_1_740' title='bbox 1724 4266 1828 4340; x_wconf 90' lang='lat' dir='ltr'>__ad</span> <span class='ocrx_word' id='word_1_741' title='bbox 1876 4263 2052 4322; x_wconf 77' lang='lat' dir='ltr'>Frud-</span> <span class='ocrx_word' id='word_1_742' title='bbox 2080 4272 2121 4326; x_wconf 87' lang='grc' dir='ltr'>Ι)</span> <span class='ocrx_word' id='word_1_743' title='bbox 2161 4263 2367 4340; x_wconf 83' lang='lat' dir='ltr'>corpus</span> <span class='ocrx_word' id='word_1_744' title='bbox 2398 4276 2454 4323; x_wconf 91' lang='lat' dir='ltr'>et</span> <span class='ocrx_word' id='word_1_745' title='bbox 2483 4269 2824 4339; x_wconf 89' lang='lat' dir='ltr'>sanguinem</span> <span class='ocrx_word' id='word_1_746' title='bbox 2848 4285 2987 4336; x_wconf 89' lang='lat' dir='ltr'>esse,</span> <span class='ocrx_word' id='word_1_747' title='bbox 3038 4269 3132 4323; x_wconf 91' lang='lat' dir='ltr'>sed</span> <span class='ocrx_word' id='word_1_748' title='bbox 3156 4270 3417 4340; x_wconf 82' lang='lat' dir='ltr'>ﬁgurate,</span> <span class='ocrx_word' id='word_1_749' title='bbox 3452 4273 3506 4321; x_wconf 87' lang='lat' dir='ltr'>et</span> <span class='ocrx_word' id='word_1_750' title='bbox 3565 4263 3695 4324; x_wconf 71' lang='lat' dir='ltr'>hoc</span> <span class='ocrx_word' id='word_1_751' title='bbox 3722 4263 3871 4326; x_wconf 75' lang='lat' dir='ltr'>nihil</span> 
     </span>
    </p>
   </div>
   <div class='ocr_carea' id='block_1_97' title="bbox 357 4333 2049 4407">
    <p class='ocr_par' dir='ltr' id='par_1_97' title="bbox 357 4333 2049 4407">
     <span class='ocr_line' id='line_1_99' title="bbox 357 4333 2049 4407; baseline 0.004 -20"><span class='ocrx_word' id='word_1_752' title='bbox 357 4333 884 4407; x_wconf 81' lang='lat' dir='ltr'>gardum,_Ex_his_</span> <span class='ocrx_word' id='word_1_753' title='bbox 931 4333 1301 4407; x_wconf 84' lang='lat' dir='ltr'>consequitur</span> <span class='ocrx_word' id='word_1_754' title='bbox 1356 4352 1469 4389; x_wconf 90' lang='lat' dir='ltr'>non</span> <span class='ocrx_word' id='word_1_755' title='bbox 1496 4333 1887 4407; x_wconf 48' lang='lat' dir='ltr'>&#39;deprieliatos</span> <span class='ocrx_word' id='word_1_756' title='bbox 1928 4355 2049 4393; x_wconf 89' lang='lat' dir='ltr'>esse</span> 
     </span>
    </p>
   </div>
   <div class='ocr_carea' id='block_1_98' title="bbox 358 4404 2043 4471">
    <p class='ocr_par' dir='ltr' id='par_1_98' title="bbox 358 4404 2043 4471">
     <span class='ocr_line' id='line_1_100' title="bbox 358 4404 2043 4471; baseline 0.004 -14"><span class='ocrx_word' id='word_1_757' title='bbox 358 4406 509 4458; x_wconf 90' lang='lat' dir='ltr'>inter</span> <span class='ocrx_word' id='word_1_758' title='bbox 534 4421 591 4458; x_wconf 87' lang='lat' dir='ltr'>se</span> <span class='ocrx_word' id='word_1_759' title='bbox 624 4404 989 4457; x_wconf 88' lang='lat' dir='ltr'>Paschasium</span> <span class='ocrx_word' id='word_1_760' title='bbox 1020 4410 1075 4458; x_wconf 92' lang='lat' dir='ltr'>et</span> <span class='ocrx_word' id='word_1_761' title='bbox 1105 4404 1501 4471; x_wconf 83' lang='lat' dir='ltr'>Ratramnum,</span> <span class='ocrx_word' id='word_1_762' title='bbox 1537 4404 1654 4460; x_wconf 78' lang='lat' dir='ltr'>inio</span> <span class='ocrx_word' id='word_1_763' title='bbox 1696 4414 1891 4462; x_wconf 88' lang='lat' dir='ltr'>contra</span> <span class='ocrx_word' id='word_1_764' title='bbox 1922 4425 2043 4464; x_wconf 88' lang='lat' dir='ltr'>om-</span> 
     </span>
    </p>
   </div>
   <div class='ocr_carea' id='block_1_99' title="bbox 357 4474 2046 4547">
    <p class='ocr_par' dir='ltr' id='par_1_99' title="bbox 357 4474 2046 4547">
     <span class='ocr_line' id='line_1_101' title="bbox 357 4474 2046 4547; baseline 0.004 -19"><span class='ocrx_word' id='word_1_765' title='bbox 357 4475 496 4529; x_wconf 92' lang='lat' dir='ltr'>nino</span> <span class='ocrx_word' id='word_1_766' title='bbox 528 4474 780 4528; x_wconf 90' lang='lat' dir='ltr'>diversos</span> <span class='ocrx_word' id='word_1_767' title='bbox 819 4475 1176 4547; x_wconf 84' lang='lat' dir='ltr'>adversarios</span> <span class='ocrx_word' id='word_1_768' title='bbox 1227 4477 1537 4547; x_wconf 91' lang='lat' dir='ltr'>scripsisse.</span> <span class='ocrx_word' id='word_1_769' title='bbox 1580 4477 1880 4533; x_wconf 87' lang='lat' dir='ltr'>Enimvero</span> <span class='ocrx_word' id='word_1_770' title='bbox 1930 4481 2046 4535; x_wconf 77' lang='lat' dir='ltr'>Ila-</span> 
     </span>
    </p>
   </div>
   <div class='ocr_carea' id='block_1_100' title="bbox 356 4546 2049 4621">
    <p class='ocr_par' dir='ltr' id='par_1_100' title="bbox 356 4546 2049 4621">
     <span class='ocr_line' id='line_1_102' title="bbox 356 4546 2049 4621; baseline 0.003 -21"><span class='ocrx_word' id='word_1_771' title='bbox 356 4551 616 4621; x_wconf 89' lang='lat' dir='ltr'>tramnus</span> <span class='ocrx_word' id='word_1_772' title='bbox 647 4562 742 4621; x_wconf 85' lang='lat' dir='ltr'>eos</span> <span class='ocrx_word' id='word_1_773' title='bbox 769 4546 994 4621; x_wconf 69' lang='lat' dir='ltr'>vellicat</span> <span class='ocrx_word' id='word_1_774' title='bbox 1018 4546 1114 4621; x_wconf 66' lang='lat' dir='ltr'>qui</span> <span class='ocrx_word' id='word_1_775' title='bbox 1142 4546 1360 4621; x_wconf 83' lang='lat' dir='ltr'>nullam</span> <span class='ocrx_word' id='word_1_776' title='bbox 1406 4548 1465 4601; x_wconf 91' lang='lat' dir='ltr'>in</span> <span class='ocrx_word' id='word_1_777' title='bbox 1510 4549 1851 4621; x_wconf 77' lang='lat' dir='ltr'>eucharistia</span> <span class='ocrx_word' id='word_1_778' title='bbox 1900 4551 2049 4621; x_wconf 88' lang='lat' dir='ltr'>ﬁgu-</span> 
     </span>
    </p>
   </div>
   <div class='ocr_carea' id='block_1_101' title="bbox 358 4616 2045 4689">
    <p class='ocr_par' dir='ltr' id='par_1_101' title="bbox 358 4616 2045 4689">
     <span class='ocr_line' id='line_1_103' title="bbox 358 4616 2045 4689; baseline 0.004 -18"><span class='ocrx_word' id='word_1_779' title='bbox 358 4633 483 4672; x_wconf 91' lang='lat' dir='ltr'>ram</span> <span class='ocrx_word' id='word_1_780' title='bbox 524 4616 1016 4689; x_wconf 85' lang='lat' dir='ltr'>admittebant,et</span> <span class='ocrx_word' id='word_1_781' title='bbox 1034 4616 1380 4672; x_wconf 78' lang='lat' dir='ltr'>Paschasius</span> <span class='ocrx_word' id='word_1_782' title='bbox 1419 4634 1514 4672; x_wconf 91' lang='lat' dir='ltr'>eos</span> <span class='ocrx_word' id='word_1_783' title='bbox 1546 4619 1647 4689; x_wconf 91' lang='lat' dir='ltr'>qui</span> <span class='ocrx_word' id='word_1_784' title='bbox 1696 4624 1883 4675; x_wconf 89' lang='lat' dir='ltr'>totum</span> <span class='ocrx_word' id='word_1_785' title='bbox 1922 4616 2045 4677; x_wconf 69' lang='lat' dir='ltr'>esse</span> 
     </span>
    </p>
   </div>
   <div class='ocr_carea' id='block_1_102' title="bbox 356 4688 2045 4760">
    <p class='ocr_par' dir='ltr' id='par_1_102' title="bbox 356 4688 2045 4760">
     <span class='ocr_line' id='line_1_104' title="bbox 356 4688 2045 4760; baseline 0.003 -18"><span class='ocrx_word' id='word_1_786' title='bbox 356 4691 672 4759; x_wconf 86' lang='lat' dir='ltr'>ﬁguratum</span> <span class='ocrx_word' id='word_1_787' title='bbox 704 4688 1089 4760; x_wconf 88' lang='lat' dir='ltr'>vindicabant.</span> <span class='ocrx_word' id='word_1_788' title='bbox 1124 4690 1179 4741; x_wconf 84' lang='lat' dir='ltr'>ld</span> <span class='ocrx_word' id='word_1_789' title='bbox 1212 4695 1370 4759; x_wconf 89' lang='lat' dir='ltr'>patet</span> <span class='ocrx_word' id='word_1_790' title='bbox 1402 4706 1464 4743; x_wconf 82' lang='lat' dir='ltr'>ex</span> <span class='ocrx_word' id='word_1_791' title='bbox 1516 4688 1638 4759; x_wconf 77' lang='lat' dir='ltr'>ejus</span> <span class='ocrx_word' id='word_1_792' title='bbox 1688 4692 2045 4760; x_wconf 84' lang='lat' dir='ltr'>expositione</span> 
     </span>
    </p>
   </div>
   <div class='ocr_carea' id='block_1_103' title="bbox 357 4759 2044 4830">
    <p class='ocr_par' dir='ltr' id='par_1_103' title="bbox 357 4759 2044 4830">
     <span class='ocr_line' id='line_1_105' title="bbox 357 4759 2044 4830; baseline 0.002 -17"><span class='ocrx_word' id='word_1_793' title='bbox 357 4760 419 4813; x_wconf 92' lang='lat' dir='ltr'>in</span> <span class='ocrx_word' id='word_1_794' title='bbox 510 4760 874 4830; x_wconf 10' lang='lat' dir='ltr'>Matthtuumr</span> <span class='ocrx_word' id='word_1_795' title='bbox 921 4759 1020 4813; x_wconf 89' lang='lat' dir='ltr'>lib.</span> <span class='ocrx_word' id='word_1_796' title='bbox 1107 4776 1200 4825; x_wconf 81' lang='lat' dir='ltr'>xu,</span> <span class='ocrx_word' id='word_1_797' title='bbox 1289 4760 1436 4813; x_wconf 86' lang='lat' dir='ltr'>Unde</span> <span class='ocrx_word' id='word_1_798' title='bbox 1513 4764 1682 4816; x_wconf 84' lang='lat' dir='ltr'>miror</span> <span class='ocrx_word' id='word_1_799' title='bbox 1763 4759 1898 4830; x_wconf 67' lang='lat' dir='ltr'>quid</span> <span class='ocrx_word' id='word_1_800' title='bbox 1956 4780 2044 4817; x_wconf 87' lang='lat' dir='ltr'>ve-</span> 
     </span>
    </p>
   </div>
   <div class='ocr_carea' id='block_1_104' title="bbox 356 4829 2050 4899">
    <p class='ocr_par' dir='ltr' id='par_1_104' title="bbox 356 4829 2050 4899">
     <span class='ocr_line' id='line_1_106' title="bbox 356 4829 2050 4899; baseline 0.003 -16"><span class='ocrx_word' id='word_1_801' title='bbox 356 4832 459 4885; x_wconf 87' lang='lat' dir='ltr'>lint</span> <span class='ocrx_word' id='word_1_802' title='bbox 523 4846 665 4885; x_wconf 88' lang='lat' dir='ltr'>nunc</span> <span class='ocrx_word' id='word_1_803' title='bbox 741 4829 968 4899; x_wconf 85' lang='lat' dir='ltr'>quidam</span> <span class='ocrx_word' id='word_1_804' title='bbox 1044 4829 1239 4894; x_wconf 84' lang='lat' dir='ltr'>dicere,</span> <span class='ocrx_word' id='word_1_805' title='bbox 1307 4846 1414 4884; x_wconf 88' lang='lat' dir='ltr'>non</span> <span class='ocrx_word' id='word_1_806' title='bbox 1481 4832 1539 4884; x_wconf 90' lang='lat' dir='ltr'>in</span> <span class='ocrx_word' id='word_1_807' title='bbox 1603 4848 1660 4886; x_wconf 88' lang='lat' dir='ltr'>re</span> <span class='ocrx_word' id='word_1_808' title='bbox 1744 4829 1854 4887; x_wconf 74' lang='lat' dir='ltr'>eSse</span> <span class='ocrx_word' id='word_1_809' title='bbox 1908 4838 2050 4888; x_wconf 79' lang='lat' dir='ltr'>veri-</span> 
     </span>
    </p>
   </div>
   <div class='ocr_carea' id='block_1_105' title="bbox 356 4901 2047 4969">
    <p class='ocr_par' dir='ltr' id='par_1_105' title="bbox 356 4901 2047 4969">
     <span class='ocr_line' id='line_1_107' title="bbox 356 4901 2047 4969; baseline 0.002 -14"><span class='ocrx_word' id='word_1_810' title='bbox 356 4908 517 4956; x_wconf 87' lang='lat' dir='ltr'>tatem</span> <span class='ocrx_word' id='word_1_811' title='bbox 539 4905 724 4956; x_wconf 75' lang='lat' dir='ltr'>carnis</span> <span class='ocrx_word' id='word_1_812' title='bbox 760 4903 966 4958; x_wconf 81' lang='lat' dir='ltr'>Christi</span> <span class='ocrx_word' id='word_1_813' title='bbox 1019 4903 1102 4955; x_wconf 80' lang='lat' dir='ltr'>vel</span> <span class='ocrx_word' id='word_1_814' title='bbox 1130 4904 1433 4969; x_wconf 79' lang='lat' dir='ltr'>sanguinis,</span> <span class='ocrx_word' id='word_1_815' title='bbox 1479 4901 1573 4955; x_wconf 86' lang='lat' dir='ltr'>sed</span> <span class='ocrx_word' id='word_1_816' title='bbox 1614 4906 1671 4956; x_wconf 86' lang='lat' dir='ltr'>in</span> <span class='ocrx_word' id='word_1_817' title='bbox 1713 4911 2047 4960; x_wconf 79' lang='lat' dir='ltr'>sacramento</span> 
     </span>
    </p>
   </div>
   <div class='ocr_carea' id='block_1_106' title="bbox 354 4975 2045 5045">
    <p class='ocr_par' dir='ltr' id='par_1_106' title="bbox 354 4975 2045 5045">
     <span class='ocr_line' id='line_1_108' title="bbox 354 4975 2045 5045; baseline 0.004 -21"><span class='ocrx_word' id='word_1_818' title='bbox 354 4975 609 5026; x_wconf 81' lang='lat' dir='ltr'>virtutem</span> <span class='ocrx_word' id='word_1_819' title='bbox 656 4975 861 5039; x_wconf 88' lang='lat' dir='ltr'>carnis,</span> <span class='ocrx_word' id='word_1_820' title='bbox 895 4977 944 5026; x_wconf 87' lang='lat' dir='ltr'>et</span> <span class='ocrx_word' id='word_1_821' title='bbox 989 4988 1095 5026; x_wconf 91' lang='lat' dir='ltr'>non</span> <span class='ocrx_word' id='word_1_822' title='bbox 1127 4988 1369 5039; x_wconf 81' lang='lat' dir='ltr'>carnem;</span> <span class='ocrx_word' id='word_1_823' title='bbox 1436 4976 1691 5027; x_wconf 83' lang='lat' dir='ltr'>virtutem</span> <span class='ocrx_word' id='word_1_824' title='bbox 1736 4979 2045 5045; x_wconf 85' lang='lat' dir='ltr'>sanguinis,</span> 
     </span>
    </p>
   </div>
   <div class='ocr_carea' id='block_1_107' title="bbox 355 5046 1725 5111">
    <p class='ocr_par' dir='ltr' id='par_1_107' title="bbox 355 5046 1725 5111">
     <span class='ocr_line' id='line_1_109' title="bbox 355 5046 1725 5111; baseline 0.001 -16"><span class='ocrx_word' id='word_1_825' title='bbox 355 5046 405 5095; x_wconf 87' lang='lat' dir='ltr'>et</span> <span class='ocrx_word' id='word_1_826' title='bbox 428 5058 534 5095; x_wconf 88' lang='lat' dir='ltr'>non</span> <span class='ocrx_word' id='word_1_827' title='bbox 555 5046 873 5109; x_wconf 86' lang='lat' dir='ltr'>sanguinem</span> <span class='ocrx_word' id='word_1_828' title='bbox 896 5062 910 5108; x_wconf 88' lang='lat'><strong>;</strong></span> <span class='ocrx_word' id='word_1_829' title='bbox 938 5046 1193 5111; x_wconf 81' lang='lat' dir='ltr'>ﬁguram,</span> <span class='ocrx_word' id='word_1_830' title='bbox 1217 5049 1268 5098; x_wconf 86' lang='lat' dir='ltr'>et</span> <span class='ocrx_word' id='word_1_831' title='bbox 1292 5059 1397 5096; x_wconf 90' lang='lat' dir='ltr'>non</span> <span class='ocrx_word' id='word_1_832' title='bbox 1426 5046 1725 5098; x_wconf 75' lang='lat' dir='ltr'>veritatem.</span> 
     </span>
    </p>
   </div>
   <div class='ocr_carea' id='block_1_108' title="bbox 427 5113 2048 5183">
    <p class='ocr_par' dir='ltr' id='par_1_108' title="bbox 427 5113 2048 5183">
     <span class='ocr_line' id='line_1_110' title="bbox 427 5113 2048 5183; baseline 0.003 -18"><span class='ocrx_word' id='word_1_833' title='bbox 427 5125 473 5183; x_wconf 25' lang='lat' dir='ltr'>b‘</span> <span class='ocrx_word' id='word_1_834' title='bbox 503 5113 673 5166; x_wconf 88' lang='lat' dir='ltr'>Panis</span> <span class='ocrx_word' id='word_1_835' title='bbox 715 5114 860 5182; x_wconf 83' lang='lat' dir='ltr'>quod</span> <span class='ocrx_word' id='word_1_836' title='bbox 901 5121 1025 5167; x_wconf 86' lang='lat' dir='ltr'>ante</span> <span class='ocrx_word' id='word_1_837' title='bbox 1054 5116 1240 5180; x_wconf 84' lang='lat' dir='ltr'>fuerat</span> <span class='ocrx_word' id='word_1_838' title='bbox 1293 5116 1473 5178; x_wconf 86' lang='lat' dir='ltr'>forma</span> <span class='ocrx_word' id='word_1_839' title='bbox 1521 5116 1895 5183; x_wconf 75' lang='lat' dir='ltr'>przetendttur.</span> <span class='ocrx_word' id='word_1_840' title='bbox 1935 5116 2048 5171; x_wconf 78' lang='lat' dir='ltr'>Hoc</span> 
     </span>
    </p>
   </div>
   <div class='ocr_carea' id='block_1_109' title="bbox 354 5181 2047 5255">
    <p class='ocr_par' dir='ltr' id='par_1_109' title="bbox 354 5181 2047 5255">
     <span class='ocr_line' id='line_1_111' title="bbox 354 5181 2047 5255; baseline 0.005 -21"><span class='ocrx_word' id='word_1_841' title='bbox 354 5181 559 5255; x_wconf 79' lang='lat' dir='ltr'>probat</span> <span class='ocrx_word' id='word_1_842' title='bbox 588 5181 751 5255; x_wconf 15' lang='lat' dir='ltr'>ipost</span> <span class='ocrx_word' id='word_1_843' title='bbox 806 5184 1291 5238; x_wconf 89' lang='lat' dir='ltr'>consecrationem</span> <span class='ocrx_word' id='word_1_844' title='bbox 1350 5181 1559 5255; x_wconf 85' lang='lat' dir='ltr'>panem</span> <span class='ocrx_word' id='word_1_845' title='bbox 1620 5202 1735 5239; x_wconf 92' lang='lat' dir='ltr'>non</span> <span class='ocrx_word' id='word_1_846' title='bbox 1768 5202 1911 5252; x_wconf 92' lang='lat' dir='ltr'>esse,</span> <span class='ocrx_word' id='word_1_847' title='bbox 1949 5188 2047 5242; x_wconf 90' lang='lat' dir='ltr'>sed</span> 
     </span>
    </p>
   </div>
   <div class='ocr_carea' id='block_1_110' title="bbox 355 5252 2044 5328">
    <p class='ocr_par' dir='ltr' id='par_1_110' title="bbox 355 5252 2044 5328">
     <span class='ocr_line' id='line_1_112' title="bbox 355 5252 2044 5328; baseline 0.004 -23"><span class='ocrx_word' id='word_1_848' title='bbox 355 5252 540 5328; x_wconf 78' lang='lat' dir='ltr'>solum</span> <span class='ocrx_word' id='word_1_849' title='bbox 574 5254 840 5328; x_wconf 81' lang='lat' dir='ltr'>formam,</span> <span class='ocrx_word' id='word_1_850' title='bbox 876 5256 1122 5309; x_wconf 91' lang='lat' dir='ltr'>colorem</span> <span class='ocrx_word' id='word_1_851' title='bbox 1157 5262 1208 5308; x_wconf 87' lang='lat' dir='ltr'>et</span> <span class='ocrx_word' id='word_1_852' title='bbox 1240 5252 1471 5328; x_wconf 78' lang='lat' dir='ltr'>gustum</span> <span class='ocrx_word' id='word_1_853' title='bbox 1497 5256 1663 5328; x_wconf 85' lang='lat' dir='ltr'>panis</span> <span class='ocrx_word' id='word_1_854' title='bbox 1703 5257 1802 5328; x_wconf 88' lang='lat' dir='ltr'>qui</span> <span class='ocrx_word' id='word_1_855' title='bbox 1829 5258 2044 5312; x_wconf 84' lang='lat' dir='ltr'>fuerat:</span> 
     </span>
    </p>
   </div>
   <div class='ocr_carea' id='block_1_111' title="bbox 356 5322 2047 5400">
    <p class='ocr_par' dir='ltr' id='par_1_111' title="bbox 356 5322 2047 5400">
     <span class='ocr_line' id='line_1_113' title="bbox 356 5322 2047 5400; baseline 0.004 -24"><span class='ocrx_word' id='word_1_856' title='bbox 356 5322 611 5400; x_wconf 69' lang='lat' dir='ltr'>adeoque</span> <span class='ocrx_word' id='word_1_857' title='bbox 644 5325 938 5400; x_wconf 6' lang='lat' dir='ltr'>jamﬁunon</span> <span class='ocrx_word' id='word_1_858' title='bbox 1000 5322 1274 5400; x_wconf 71' lang='lat' dir='ltr'>superest,</span> <span class='ocrx_word' id='word_1_859' title='bbox 1334 5327 1431 5381; x_wconf 89' lang='lat' dir='ltr'>sed</span> <span class='ocrx_word' id='word_1_860' title='bbox 1492 5322 1613 5400; x_wconf 76' lang='lat' dir='ltr'>ejus</span> <span class='ocrx_word' id='word_1_861' title='bbox 1660 5322 1785 5382; x_wconf 77' lang='lat' dir='ltr'>loco</span> <span class='ocrx_word' id='word_1_862' title='bbox 1840 5344 2047 5400; x_wconf 88' lang='lat' dir='ltr'>corpus</span> 
     </span>
    </p>
   </div>
   <div class='ocr_carea' id='block_1_112' title="bbox 356 5393 2047 5466">
    <p class='ocr_par' dir='ltr' id='par_1_112' title="bbox 356 5393 2047 5466">
     <span class='ocr_line' id='line_1_114' title="bbox 356 5393 2047 5466; baseline 0.004 -18"><span class='ocrx_word' id='word_1_863' title='bbox 356 5393 584 5448; x_wconf 83' lang='lat' dir='ltr'>Christi.</span> <span class='ocrx_word' id='word_1_864' title='bbox 619 5397 695 5449; x_wconf 83' lang='lat' dir='ltr'>At</span> <span class='ocrx_word' id='word_1_865' title='bbox 750 5396 843 5449; x_wconf 87' lang='lat' dir='ltr'>ille</span> <span class='ocrx_word' id='word_1_866' title='bbox 880 5399 1045 5465; x_wconf 89' lang='lat' dir='ltr'>panis</span> <span class='ocrx_word' id='word_1_867' title='bbox 1071 5393 1194 5466; x_wconf 52' lang='lat' dir='ltr'>&#39;qui</span> <span class='ocrx_word' id='word_1_868' title='bbox 1220 5414 1319 5466; x_wconf 86' lang='lat' dir='ltr'>per</span> <span class='ocrx_word' id='word_1_869' title='bbox 1342 5393 1635 5453; x_wconf 77' lang='lat' dir='ltr'>sacerdotis</span> <span class='ocrx_word' id='word_1_870' title='bbox 1682 5393 2047 5454; x_wconf 72' lang='lat' dir='ltr'>ministerium</span> 
     </span>
    </p>
   </div>
   <div class='ocr_carea' id='block_1_113' title="bbox 356 5466 2046 5540">
    <p class='ocr_par' dir='ltr' id='par_1_113' title="bbox 356 5466 2046 5540">
     <span class='ocr_line' id='line_1_115' title="bbox 356 5466 2046 5540; baseline 0.005 -23"><span class='ocrx_word' id='word_1_871' title='bbox 356 5466 575 5518; x_wconf 85' lang='lat' dir='ltr'>Christi</span> <span class='ocrx_word' id='word_1_872' title='bbox 604 5481 796 5540; x_wconf 77' lang='lat' dir='ltr'>corpus</span> <span class='ocrx_word' id='word_1_873' title='bbox 841 5470 1151 5540; x_wconf 71' lang='lat' dir='ltr'>conﬁcitur,</span> <span class='ocrx_word' id='word_1_874' title='bbox 1198 5469 1383 5540; x_wconf 90' lang='lat' dir='ltr'>inquit</span> <span class='ocrx_word' id='word_1_875' title='bbox 1428 5470 1533 5522; x_wconf 90' lang='lat' dir='ltr'>iste</span> <span class='ocrx_word' id='word_1_876' title='bbox 1586 5475 1785 5524; x_wconf 90' lang='lat' dir='ltr'>auctor</span> <span class='ocrx_word' id='word_1_877' title='bbox 1839 5472 2046 5525; x_wconf 91' lang='lat' dir='ltr'>eodem</span> 
     </span>
    </p>
   </div>
   <div class='ocr_carea' id='block_1_114' title="bbox 356 5537 2045 5610">
    <p class='ocr_par' dir='ltr' id='par_1_114' title="bbox 356 5537 2045 5610">
     <span class='ocr_line' id='line_1_116' title="bbox 356 5537 2045 5610; baseline 0.005 -22"><span class='ocrx_word' id='word_1_878' title='bbox 356 5550 621 5603; x_wconf 89' lang='lat' dir='ltr'>numero,</span> <span class='ocrx_word' id='word_1_879' title='bbox 665 5543 723 5591; x_wconf 89' lang='lat' dir='ltr'>et</span> <span class='ocrx_word' id='word_1_880' title='bbox 769 5537 1009 5591; x_wconf 86' lang='lat' dir='ltr'>inferius</span> <span class='ocrx_word' id='word_1_881' title='bbox 1059 5537 1299 5593; x_wconf 75' lang='lat' dir='ltr'>numero</span> <span class='ocrx_word' id='word_1_882' title='bbox 1330 5542 1398 5595; x_wconf 77' lang='lat'>28</span> <span class='ocrx_word' id='word_1_883' title='bbox 1435 5554 1447 5596; x_wconf 89' lang='lat'>:</span> <span class='ocrx_word' id='word_1_884' title='bbox 1502 5541 1655 5595; x_wconf 87' lang='lat' dir='ltr'>Sicut</span> <span class='ocrx_word' id='word_1_885' title='bbox 1701 5556 1825 5608; x_wconf 86' lang='lat' dir='ltr'>ergo</span> <span class='ocrx_word' id='word_1_886' title='bbox 1880 5544 2045 5610; x_wconf 83' lang='lat' dir='ltr'>paulo</span> 
     </span>
    </p>
   </div>
   <div class='ocr_carea' id='block_1_115' title="bbox 356 5610 2046 5677">
    <p class='ocr_par' dir='ltr' id='par_1_115' title="bbox 356 5610 2046 5677">
     <span class='ocr_line' id='line_1_117' title="bbox 356 5610 2046 5677; baseline 0.006 -21"><span class='ocrx_word' id='word_1_887' title='bbox 356 5611 645 5674; x_wconf 78' lang='lat' dir='ltr'>antequam</span> <span class='ocrx_word' id='word_1_888' title='bbox 677 5612 975 5676; x_wconf 81' lang='lat' dir='ltr'>pateretur,</span> <span class='ocrx_word' id='word_1_889' title='bbox 1025 5612 1187 5677; x_wconf 77' lang='lat' dir='ltr'>panis</span> <span class='ocrx_word' id='word_1_890' title='bbox 1244 5610 1549 5664; x_wconf 83' lang='lat' dir='ltr'>substantia</span> <span class='ocrx_word' id='word_1_891' title='bbox 1580 5616 1628 5664; x_wconf 86' lang='lat' dir='ltr'>et</span> <span class='ocrx_word' id='word_1_892' title='bbox 1674 5614 1794 5663; x_wconf 78' lang='lat' dir='ltr'>vini</span> <span class='ocrx_word' id='word_1_893' title='bbox 1841 5618 2046 5665; x_wconf 78' lang='lat' dir='ltr'>creatu-</span> 
     </span>
    </p>
   </div>
   <div class='ocr_carea' id='block_1_116' title="bbox 2160 4339 3871 4410">
    <p class='ocr_par' dir='ltr' id='par_1_116' title="bbox 2160 4339 3871 4410">
     <span class='ocr_line' id='line_1_118' title="bbox 2160 4339 3871 4410; baseline 0.001 -15"><span class='ocrx_word' id='word_1_894' title='bbox 2160 4339 2318 4395; x_wconf 85' lang='lat' dir='ltr'>aliud</span> <span class='ocrx_word' id='word_1_895' title='bbox 2350 4340 2632 4410; x_wconf 89' lang='lat' dir='ltr'>signiﬁcat</span> <span class='ocrx_word' id='word_1_896' title='bbox 2663 4339 2773 4393; x_wconf 90' lang='lat' dir='ltr'>nisi</span> <span class='ocrx_word' id='word_1_897' title='bbox 2806 4356 2925 4393; x_wconf 90' lang='lat' dir='ltr'>esse</span> <span class='ocrx_word' id='word_1_898' title='bbox 2971 4341 3094 4393; x_wconf 88' lang='lat' dir='ltr'>vela</span> <span class='ocrx_word' id='word_1_899' title='bbox 3141 4339 3396 4409; x_wconf 88' lang='lat' dir='ltr'>corporis</span> <span class='ocrx_word' id='word_1_900' title='bbox 3449 4339 3693 4396; x_wconf 86' lang='lat' dir='ltr'>Christi.</span> <span class='ocrx_word' id='word_1_901' title='bbox 3731 4344 3871 4396; x_wconf 74' lang='lat' dir='ltr'>Nam</span> 
     </span>
    </p>
   </div>
   <div class='ocr_carea' id='block_1_117' title="bbox 2158 4409 3872 4479">
    <p class='ocr_par' dir='ltr' id='par_1_117' title="bbox 2158 4409 3872 4479">
     <span class='ocr_line' id='line_1_119' title="bbox 2158 4409 3872 4479; baseline 0.002 -14"><span class='ocrx_word' id='word_1_902' title='bbox 2158 4409 2473 4466; x_wconf 87' lang='lat' dir='ltr'>secundum</span> <span class='ocrx_word' id='word_1_903' title='bbox 2504 4412 2877 4466; x_wconf 83' lang='lat' dir='ltr'>Batramnum</span> <span class='ocrx_word' id='word_1_904' title='bbox 2921 4413 3103 4479; x_wconf 85' lang='lat' dir='ltr'>ﬁgura</span> <span class='ocrx_word' id='word_1_905' title='bbox 3141 4416 3196 4463; x_wconf 91' lang='lat' dir='ltr'>et</span> <span class='ocrx_word' id='word_1_906' title='bbox 3225 4411 3397 4463; x_wconf 80' lang='lat' dir='ltr'>velum</span> <span class='ocrx_word' id='word_1_907' title='bbox 3426 4409 3577 4464; x_wconf 91' lang='lat' dir='ltr'>idem</span> <span class='ocrx_word' id='word_1_908' title='bbox 3616 4416 3872 4468; x_wconf 82' lang='lat' dir='ltr'>omnino</span> 
     </span>
    </p>
   </div>
   <div class='ocr_carea' id='block_1_118' title="bbox 2153 4480 3873 4552">
    <p class='ocr_par' dir='ltr' id='par_1_118' title="bbox 2153 4480 3873 4552">
     <span class='ocr_line' id='line_1_120' title="bbox 2153 4480 3873 4552; baseline 0.003 -17"><span class='ocrx_word' id='word_1_909' title='bbox 2153 4487 2379 4548; x_wconf 89' lang='lat' dir='ltr'>sonant,</span> <span class='ocrx_word' id='word_1_910' title='bbox 2411 4488 2477 4536; x_wconf 90' lang='lat' dir='ltr'>ut</span> <span class='ocrx_word' id='word_1_911' title='bbox 2514 4486 2670 4552; x_wconf 89' lang='lat' dir='ltr'>patet</span> <span class='ocrx_word' id='word_1_912' title='bbox 2709 4498 2949 4535; x_wconf 89' lang='lat' dir='ltr'>numero</span> <span class='ocrx_word' id='word_1_913' title='bbox 2976 4498 3035 4547; x_wconf 82' lang='lat' dir='ltr'>Il,</span> <span class='ocrx_word' id='word_1_914' title='bbox 3090 4481 3235 4550; x_wconf 88' lang='lat' dir='ltr'>quod</span> <span class='ocrx_word' id='word_1_915' title='bbox 3271 4480 3431 4536; x_wconf 86' lang='lat' dir='ltr'>nulla</span> <span class='ocrx_word' id='word_1_916' title='bbox 3490 4482 3589 4535; x_wconf 86' lang='lat' dir='ltr'>sub</span> <span class='ocrx_word' id='word_1_917' title='bbox 3656 4486 3873 4551; x_wconf 81' lang='lat' dir='ltr'>ﬁgura,</span> 
     </span>
    </p>
   </div>
   <div class='ocr_carea' id='block_1_119' title="bbox 2154 4553 3874 4621">
    <p class='ocr_par' dir='ltr' id='par_1_119' title="bbox 2154 4553 3874 4621">
     <span class='ocr_line' id='line_1_121' title="bbox 2154 4553 3874 4621; baseline 0.002 -14"><span class='ocrx_word' id='word_1_918' title='bbox 2154 4555 2308 4607; x_wconf 88' lang='lat' dir='ltr'>nulla</span> <span class='ocrx_word' id='word_1_919' title='bbox 2337 4553 2433 4607; x_wconf 89' lang='lat' dir='ltr'>sub</span> <span class='ocrx_word' id='word_1_920' title='bbox 2462 4553 2790 4607; x_wconf 87' lang='lat' dir='ltr'>obvelatione</span> <span class='ocrx_word' id='word_1_921' title='bbox 2835 4556 2953 4621; x_wconf 83' lang='lat' dir='ltr'>ﬁat.</span> <span class='ocrx_word' id='word_1_922' title='bbox 2989 4554 3054 4606; x_wconf 86' lang='lat' dir='ltr'>Et</span> <span class='ocrx_word' id='word_1_923' title='bbox 3100 4567 3341 4605; x_wconf 91' lang='lat' dir='ltr'>numero</span> <span class='ocrx_word' id='word_1_924' title='bbox 3378 4555 3429 4618; x_wconf 77' lang='grc' dir='ltr'>ὅ,</span> <span class='ocrx_word' id='word_1_925' title='bbox 3478 4568 3548 4605; x_wconf 91' lang='lat' dir='ltr'>an</span> <span class='ocrx_word' id='word_1_926' title='bbox 3603 4557 3738 4609; x_wconf 84' lang='lat' dir='ltr'>sine</span> <span class='ocrx_word' id='word_1_927' title='bbox 3789 4573 3874 4610; x_wconf 88' lang='lat' dir='ltr'>cu-</span> 
     </span>
    </p>
   </div>
   <div class='ocr_carea' id='block_1_120' title="bbox 2149 4623 3873 4693">
    <p class='ocr_par' dir='ltr' id='par_1_120' title="bbox 2149 4623 3873 4693">
     <span class='ocr_line' id='line_1_122' title="bbox 2149 4623 3873 4693; baseline 0.002 -15"><span class='ocrx_word' id='word_1_928' title='bbox 2149 4627 2453 4693; x_wconf 85' lang='lat' dir='ltr'>juscunque</span> <span class='ocrx_word' id='word_1_929' title='bbox 2480 4624 2737 4678; x_wconf 76' lang='lat' dir='ltr'>relatione</span> <span class='ocrx_word' id='word_1_930' title='bbox 2778 4625 3043 4689; x_wconf 81' lang='lat' dir='ltr'>mysterii.</span> <span class='ocrx_word' id='word_1_931' title='bbox 3093 4623 3340 4677; x_wconf 88' lang='lat' dir='ltr'>Numero</span> <span class='ocrx_word' id='word_1_932' title='bbox 3371 4625 3403 4677; x_wconf 93' lang='lat'>8</span> <span class='ocrx_word' id='word_1_933' title='bbox 3438 4638 3450 4676; x_wconf 91' lang='lat'>:</span> <span class='ocrx_word' id='word_1_934' title='bbox 3511 4623 3663 4678; x_wconf 80' lang='lat' dir='ltr'>nihil</span> <span class='ocrx_word' id='word_1_935' title='bbox 3731 4631 3873 4681; x_wconf 80' lang='lat' dir='ltr'>enim</span> 
     </span>
    </p>
   </div>
   <div class='ocr_carea' id='block_1_121' title="bbox 2157 4693 3875 4765">
    <p class='ocr_par' dir='ltr' id='par_1_121' title="bbox 2157 4693 3875 4765">
     <span class='ocr_line' id='line_1_123' title="bbox 2157 4693 3875 4765; baseline 0.001 -17"><span class='ocrx_word' id='word_1_936' title='bbox 2157 4697 2242 4748; x_wconf 84' lang='lat' dir='ltr'>hic</span> <span class='ocrx_word' id='word_1_937' title='bbox 2263 4694 2469 4765; x_wconf 83' lang='lat' dir='ltr'>ﬁguris</span> <span class='ocrx_word' id='word_1_938' title='bbox 2524 4695 2894 4748; x_wconf 83' lang='lat' dir='ltr'>obvelantibus</span> <span class='ocrx_word' id='word_1_939' title='bbox 2950 4693 3330 4765; x_wconf 75' lang='lat' dir='ltr'>adumbratur.</span> <span class='ocrx_word' id='word_1_940' title='bbox 3380 4694 3635 4747; x_wconf 78' lang='lat' dir='ltr'>Numero</span> <span class='ocrx_word' id='word_1_941' title='bbox 3673 4698 3710 4749; x_wconf 89' lang='lat'>9</span> <span class='ocrx_word' id='word_1_942' title='bbox 3765 4700 3875 4753; x_wconf 87' lang='lat' dir='ltr'>:Si</span> 
     </span>
    </p>
   </div>
   <div class='ocr_carea' id='block_1_122' title="bbox 2155 4764 3875 4836">
    <p class='ocr_par' dir='ltr' id='par_1_122' title="bbox 2155 4764 3875 4836">
     <span class='ocr_line' id='line_1_124' title="bbox 2155 4764 3875 4836; baseline 0.001 -17"><span class='ocrx_word' id='word_1_943' title='bbox 2155 4764 2293 4820; x_wconf 88' lang='lat' dir='ltr'>enim</span> <span class='ocrx_word' id='word_1_944' title='bbox 2318 4766 2469 4819; x_wconf 83' lang='lat' dir='ltr'>nulla</span> <span class='ocrx_word' id='word_1_945' title='bbox 2495 4766 2593 4819; x_wconf 85' lang='lat' dir='ltr'>sub</span> <span class='ocrx_word' id='word_1_946' title='bbox 2617 4767 2796 4832; x_wconf 84' lang='lat' dir='ltr'>ﬁgura</span> <span class='ocrx_word' id='word_1_947' title='bbox 2827 4767 3143 4832; x_wconf 83' lang='lat' dir='ltr'>mysterium</span> <span class='ocrx_word' id='word_1_948' title='bbox 3172 4764 3323 4818; x_wconf 83' lang='lat' dir='ltr'>istud</span> <span class='ocrx_word' id='word_1_949' title='bbox 3386 4768 3712 4835; x_wconf 84' lang='lat' dir='ltr'>peragitur,</span> <span class='ocrx_word' id='word_1_950' title='bbox 3752 4772 3875 4836; x_wconf 83' lang='lat' dir='ltr'>jam</span> 
     </span>
    </p>
   </div>
   <div class='ocr_carea' id='block_1_123' title="bbox 2156 4837 3875 4904">
    <p class='ocr_par' dir='ltr' id='par_1_123' title="bbox 2156 4837 3875 4904">
     <span class='ocr_line' id='line_1_125' title="bbox 2156 4837 3875 4904; baseline 0.002 -14"><span class='ocrx_word' id='word_1_951' title='bbox 2156 4839 2470 4904; x_wconf 68' lang='lat' dir='ltr'>mysterium</span> <span class='ocrx_word' id='word_1_952' title='bbox 2514 4852 2621 4889; x_wconf 84' lang='lat' dir='ltr'>non</span> <span class='ocrx_word' id='word_1_953' title='bbox 2670 4842 2809 4888; x_wconf 86' lang='lat' dir='ltr'>recte</span> <span class='ocrx_word' id='word_1_954' title='bbox 2860 4837 3149 4889; x_wconf 83' lang='lat' dir='ltr'>vocitatur.</span> <span class='ocrx_word' id='word_1_955' title='bbox 3220 4837 3489 4900; x_wconf 85' lang='lat' dir='ltr'>Quoniam</span> <span class='ocrx_word' id='word_1_956' title='bbox 3535 4843 3875 4904; x_wconf 75' lang='lat' dir='ltr'>mysterium</span> 
     </span>
    </p>
   </div>
   <div class='ocr_carea' id='block_1_124' title="bbox 2156 4906 3876 4975">
    <p class='ocr_par' dir='ltr' id='par_1_124' title="bbox 2156 4906 3876 4975">
     <span class='ocr_line' id='line_1_126' title="bbox 2156 4906 3876 4975; baseline 0.002 -15"><span class='ocrx_word' id='word_1_957' title='bbox 2156 4908 2269 4960; x_wconf 82' lang='lat' dir='ltr'>dici</span> <span class='ocrx_word' id='word_1_958' title='bbox 2330 4922 2435 4960; x_wconf 88' lang='lat' dir='ltr'>non</span> <span class='ocrx_word' id='word_1_959' title='bbox 2492 4911 2684 4975; x_wconf 78' lang='lat' dir='ltr'>potest,</span> <span class='ocrx_word' id='word_1_960' title='bbox 2746 4909 2803 4958; x_wconf 88' lang='lat' dir='ltr'>in</span> <span class='ocrx_word' id='word_1_961' title='bbox 2852 4921 2955 4974; x_wconf 86' lang='lat' dir='ltr'>quo</span> <span class='ocrx_word' id='word_1_962' title='bbox 3019 4906 3162 4959; x_wconf 83' lang='lat' dir='ltr'>nihil</span> <span class='ocrx_word' id='word_1_963' title='bbox 3209 4912 3286 4959; x_wconf 85' lang='lat' dir='ltr'>est</span> <span class='ocrx_word' id='word_1_964' title='bbox 3334 4906 3605 4971; x_wconf 85' lang='lat' dir='ltr'>abditum,</span> <span class='ocrx_word' id='word_1_965' title='bbox 3653 4911 3815 4963; x_wconf 82' lang='lat' dir='ltr'>nihil</span> <span class='ocrx_word' id='word_1_966' title='bbox 3844 4927 3876 4963; x_wconf 89' lang='lat' dir='ltr'>a</span> 
     </span>
    </p>
   </div>
   <div class='ocr_carea' id='block_1_125' title="bbox 2155 4977 3877 5045">
    <p class='ocr_par' dir='ltr' id='par_1_125' title="bbox 2155 4977 3877 5045">
     <span class='ocr_line' id='line_1_127' title="bbox 2155 4977 3877 5045; baseline 0.003 -14"><span class='ocrx_word' id='word_1_967' title='bbox 2155 4978 2526 5045; x_wconf 82' lang='lat' dir='ltr'>corporalibus</span> <span class='ocrx_word' id='word_1_968' title='bbox 2562 4977 2805 5031; x_wconf 85' lang='lat' dir='ltr'>sensibus</span> <span class='ocrx_word' id='word_1_969' title='bbox 2852 4984 3133 5045; x_wconf 88' lang='lat' dir='ltr'>remotum,</span> <span class='ocrx_word' id='word_1_970' title='bbox 3169 4978 3311 5030; x_wconf 83' lang='lat' dir='ltr'>nihil</span> <span class='ocrx_word' id='word_1_971' title='bbox 3355 4978 3624 5031; x_wconf 82' lang='lat' dir='ltr'>velamine</span> <span class='ocrx_word' id='word_1_972' title='bbox 3695 4989 3877 5036; x_wconf 82' lang='lat' dir='ltr'>conte-</span> 
     </span>
    </p>
   </div>
   <div class='ocr_carea' id='block_1_126' title="bbox 2157 5055 2319 5103">
    <p class='ocr_par' dir='ltr' id='par_1_126' title="bbox 2157 5055 2319 5103">
     <span class='ocr_line' id='line_1_128' title="bbox 2157 5055 2319 5103; baseline -0.006 0"><span class='ocrx_word' id='word_1_973' title='bbox 2157 5055 2319 5103; x_wconf 89' lang='lat' dir='ltr'>ctum.</span> 
     </span>
    </p>
   </div>
   <div class='ocr_carea' id='block_1_127' title="bbox 2226 5118 3920 5188">
    <p class='ocr_par' dir='ltr' id='par_1_127' title="bbox 2226 5118 3920 5188">
     <span class='ocr_line' id='line_1_129' title="bbox 2226 5118 3920 5188; baseline 0.002 -15"><span class='ocrx_word' id='word_1_974' title='bbox 2226 5120 2251 5161; x_wconf 74' lang='grc' dir='ltr'>ἀ</span> <span class='ocrx_word' id='word_1_975' title='bbox 2281 5118 2387 5174; x_wconf 84' lang='lat' dir='ltr'>Sed</span> <span class='ocrx_word' id='word_1_976' title='bbox 2445 5124 2613 5173; x_wconf 88' lang='lat' dir='ltr'>totum</span> <span class='ocrx_word' id='word_1_977' title='bbox 2661 5119 2718 5171; x_wconf 88' lang='lat' dir='ltr'>in</span> <span class='ocrx_word' id='word_1_978' title='bbox 2770 5118 3000 5171; x_wconf 70' lang='lat' dir='ltr'>veritate</span> <span class='ocrx_word' id='word_1_979' title='bbox 3044 5119 3426 5187; x_wconf 85' lang='lat' dir='ltr'>conspiciatur.</span> <span class='ocrx_word' id='word_1_980' title='bbox 3488 5118 3546 5171; x_wconf 90' lang='lat' dir='ltr'>Id</span> <span class='ocrx_word' id='word_1_981' title='bbox 3610 5126 3729 5188; x_wconf 85' lang='lat' dir='ltr'>est,</span> <span class='ocrx_word' id='word_1_982' title='bbox 3778 5123 3875 5177; x_wconf 87' lang='lat' dir='ltr'>sed</span> <span class='ocrx_word' id='word_1_983' title='bbox 3918 5129 3920 5134; x_wconf 89' lang='lat'>&#39;</span> 
     </span>
    </p>
   </div>
   <div class='ocr_carea' id='block_1_128' title="bbox 2157 5188 3872 5260">
    <p class='ocr_par' dir='ltr' id='par_1_128' title="bbox 2157 5188 3872 5260">
     <span class='ocr_line' id='line_1_130' title="bbox 2157 5188 3872 5260; baseline 0.002 -17"><span class='ocrx_word' id='word_1_984' title='bbox 2157 5194 2341 5243; x_wconf 89' lang='lat' dir='ltr'>totum</span> <span class='ocrx_word' id='word_1_985' title='bbox 2376 5190 2525 5260; x_wconf 91' lang='lat' dir='ltr'>quod</span> <span class='ocrx_word' id='word_1_986' title='bbox 2559 5188 3013 5260; x_wconf 10' lang='lat' dir='ltr'>conspiciturrsit</span> <span class='ocrx_word' id='word_1_987' title='bbox 3040 5189 3161 5260; x_wconf 90' lang='lat' dir='ltr'>ipsa</span> <span class='ocrx_word' id='word_1_988' title='bbox 3218 5188 3426 5241; x_wconf 89' lang='lat' dir='ltr'>veritas</span> <span class='ocrx_word' id='word_1_989' title='bbox 3459 5204 3472 5241; x_wconf 75' lang='grc' dir='ltr'><strong>ε</strong></span> <span class='ocrx_word' id='word_1_990' title='bbox 3510 5189 3582 5243; x_wconf 91' lang='lat' dir='ltr'>ad</span> <span class='ocrx_word' id='word_1_991' title='bbox 3638 5193 3872 5260; x_wconf 79' lang='lat' dir='ltr'>signiﬁ-</span> 
     </span>
    </p>
   </div>
   <div class='ocr_carea' id='block_1_129' title="bbox 2157 5258 3876 5335">
    <p class='ocr_par' dir='ltr' id='par_1_129' title="bbox 2157 5258 3876 5335">
     <span class='ocr_line' id='line_1_131' title="bbox 2157 5258 3876 5335; baseline 0.003 -23"><span class='ocrx_word' id='word_1_992' title='bbox 2157 5258 2410 5335; x_wconf 15' lang='lat' dir='ltr'>cundum?</span> <span class='ocrx_word' id='word_1_993' title='bbox 2433 5266 2487 5313; x_wconf 89' lang='lat' dir='ltr'>et</span> <span class='ocrx_word' id='word_1_994' title='bbox 2520 5266 2700 5314; x_wconf 88' lang='lat' dir='ltr'>totum</span> <span class='ocrx_word' id='word_1_995' title='bbox 2727 5259 2879 5330; x_wconf 85' lang='lat' dir='ltr'>quod</span> <span class='ocrx_word' id='word_1_996' title='bbox 2920 5258 3003 5335; x_wconf 87' lang='lat' dir='ltr'>ib_i</span> <span class='ocrx_word' id='word_1_997' title='bbox 3030 5259 3253 5335; x_wconf 65' lang='lat' dir='ltr'>videtur</span> <span class='ocrx_word' id='word_1_998' title='bbox 3301 5264 3374 5335; x_wconf 53' lang='lat' dir='ltr'>et</span> <span class='ocrx_word' id='word_1_999' title='bbox 3398 5260 3581 5335; x_wconf 76' lang='lat' dir='ltr'>oculis</span> <span class='ocrx_word' id='word_1_1000' title='bbox 3631 5258 3876 5335; x_wconf 83' lang='lat' dir='ltr'>subjici-</span> 
     </span>
    </p>
   </div>
   <div class='ocr_carea' id='block_1_130' title="bbox 2157 5328 3879 5401">
    <p class='ocr_par' dir='ltr' id='par_1_130' title="bbox 2157 5328 3879 5401">
     <span class='ocr_line' id='line_1_132' title="bbox 2157 5328 3879 5401; baseline 0.005 -18"><span class='ocrx_word' id='word_1_1001' title='bbox 2157 5337 2268 5396; x_wconf 91' lang='lat' dir='ltr'>tur,</span> <span class='ocrx_word' id='word_1_1002' title='bbox 2295 5331 2368 5385; x_wconf 90' lang='lat' dir='ltr'>sit</span> <span class='ocrx_word' id='word_1_1003' title='bbox 2397 5346 2594 5384; x_wconf 89' lang='lat' dir='ltr'>revera</span> <span class='ocrx_word' id='word_1_1004' title='bbox 2625 5328 2809 5383; x_wconf 47' lang='lat' dir='ltr'>totu&#39;m</span> <span class='ocrx_word' id='word_1_1005' title='bbox 2838 5330 2987 5401; x_wconf 91' lang='lat' dir='ltr'>quod</span> <span class='ocrx_word' id='word_1_1006' title='bbox 3044 5330 3123 5383; x_wconf 92' lang='lat' dir='ltr'>ibi</span> <span class='ocrx_word' id='word_1_1007' title='bbox 3179 5335 3293 5401; x_wconf 83' lang='lat' dir='ltr'>est.</span> <span class='ocrx_word' id='word_1_1008' title='bbox 3339 5328 3534 5393; x_wconf 87' lang='lat' dir='ltr'>Qualis</span> <span class='ocrx_word' id='word_1_1009' title='bbox 3567 5340 3701 5388; x_wconf 83' lang='lat' dir='ltr'>erat</span> <span class='ocrx_word' id='word_1_1010' title='bbox 3748 5328 3879 5390; x_wconf 70' lang='lat' dir='ltr'>sen-</span> 
     </span>
    </p>
   </div>
   <div class='ocr_carea' id='block_1_131' title="bbox 2156 5400 3874 5472">
    <p class='ocr_par' dir='ltr' id='par_1_131' title="bbox 2156 5400 3874 5472">
     <span class='ocr_line' id='line_1_133' title="bbox 2156 5400 3874 5472; baseline 0.002 -17"><span class='ocrx_word' id='word_1_1011' title='bbox 2156 5403 2335 5455; x_wconf 86' lang='lat' dir='ltr'>tentia</span> <span class='ocrx_word' id='word_1_1012' title='bbox 2365 5417 2563 5455; x_wconf 88' lang='lat' dir='ltr'>eorum</span> <span class='ocrx_word' id='word_1_1013' title='bbox 2600 5417 2742 5472; x_wconf 84' lang='lat' dir='ltr'>quos</span> <span class='ocrx_word' id='word_1_1014' title='bbox 2788 5401 3135 5472; x_wconf 76' lang='lat' dir='ltr'>Hatramnus</span> <span class='ocrx_word' id='word_1_1015' title='bbox 3164 5400 3442 5472; x_wconf 84' lang='lat' dir='ltr'>confutat,</span> <span class='ocrx_word' id='word_1_1016' title='bbox 3478 5401 3582 5472; x_wconf 90' lang='lat' dir='ltr'>qui</span> <span class='ocrx_word' id='word_1_1017' title='bbox 3635 5406 3874 5460; x_wconf 85' lang='lat' dir='ltr'>nullam</span> 
     </span>
    </p>
   </div>
   <div class='ocr_carea' id='block_1_132' title="bbox 2156 5470 3876 5546">
    <p class='ocr_par' dir='ltr' id='par_1_132' title="bbox 2156 5470 3876 5546">
     <span class='ocr_line' id='line_1_134' title="bbox 2156 5470 3876 5546; baseline 0.004 -21"><span class='ocrx_word' id='word_1_1018' title='bbox 2156 5488 2256 5525; x_wconf 91' lang='lat' dir='ltr'>ceu</span> <span class='ocrx_word' id='word_1_1019' title='bbox 2284 5472 2483 5546; x_wconf 89' lang='lat' dir='ltr'>iu_hoc</span> <span class='ocrx_word' id='word_1_1020' title='bbox 2514 5471 2785 5541; x_wconf 81' lang='lat' dir='ltr'>mysterio</span> <span class='ocrx_word' id='word_1_1021' title='bbox 2815 5470 2923 5525; x_wconf 91' lang='lat' dir='ltr'>sibi</span> <span class='ocrx_word' id='word_1_1022' title='bbox 2950 5471 3373 5541; x_wconf 88' lang='lat' dir='ltr'>persuadebant</span> <span class='ocrx_word' id='word_1_1023' title='bbox 3432 5470 3556 5526; x_wconf 82' lang='lat' dir='ltr'>esse</span> <span class='ocrx_word' id='word_1_1024' title='bbox 3606 5474 3876 5546; x_wconf 86' lang='lat' dir='ltr'>ﬁguram</span> 
     </span>
    </p>
   </div>
   <div class='ocr_carea' id='block_1_133' title="bbox 2157 5543 2706 5597">
    <p class='ocr_par' dir='ltr' id='par_1_133' title="bbox 2157 5543 2706 5597">
     <span class='ocr_line' id='line_1_135' title="bbox 2157 5543 2706 5597; baseline 0.002 -2"><span class='ocrx_word' id='word_1_1025' title='bbox 2157 5558 2256 5597; x_wconf 89' lang='lat' dir='ltr'>seu</span> <span class='ocrx_word' id='word_1_1026' title='bbox 2289 5543 2706 5597; x_wconf 88' lang='lat' dir='ltr'>velamentum.</span> 
     </span>
    </p>
   </div>
   <div class='ocr_carea' id='block_1_134' title="bbox 2228 5609 3875 5682">
    <p class='ocr_par' dir='ltr' id='par_1_134' title="bbox 2228 5609 3875 5682">
     <span class='ocr_line' id='line_1_136' title="bbox 2228 5609 3875 5682; baseline 0.005 -18"><span class='ocrx_word' id='word_1_1027' title='bbox 2228 5639 2248 5664; x_wconf 78' lang='grc' dir='ltr'><strong>ο</strong></span> <span class='ocrx_word' id='word_1_1028' title='bbox 2305 5614 2566 5682; x_wconf 73' lang='lat' dir='ltr'>Quoniam</span> <span class='ocrx_word' id='word_1_1029' title='bbox 2632 5609 2924 5665; x_wconf 81' lang='lat' dir='ltr'>secundum</span> <span class='ocrx_word' id='word_1_1030' title='bbox 2976 5614 3255 5666; x_wconf 69' lang='lat' dir='ltr'>veritatem</span> <span class='ocrx_word' id='word_1_1031' title='bbox 3322 5614 3519 5681; x_wconf 73' lang='lat' dir='ltr'>species</span> <span class='ocrx_word' id='word_1_1032' title='bbox 3590 5624 3875 5673; x_wconf 78' lang='lat' dir='ltr'>creaturae</span> 
     </span>
    </p>
   </div>
  </div>
