3920 6224
115 250 198 302 I33
1217 254 1305 309 DE
1345 253 1676 312 CORPORE
1721 257 1807 312 ET
1846 256 2200 313 SANGUINE
2242 258 2501 314 DOMINI.

3512 266 3611 320 134

108 381 399 437 veritatem
446 382 666 453 species
718 387 1010 448 creaturm,
1058 400 1186 456 quae
1236 386 1422 441 fuerat
1468 392 1620 454 ante,
1671 405 1799 460 per-
1830 393 1874 444 Α
1916 389 2058 444 nihil
2091 392 2527 461 permutationis
2584 394 2947 463 pertulerint,
2996 393 3138 448 nihil
3178 395 3332 450 aliud
3363 395 3610 450 existunt

107 470 375 525 mansisse
406 473 794 543 cognoscitur.

164 602 301 655 XIII.
343 605 483 657 Item
520 605 615 658 illa
657 606 1008 675 permutatio
1059 622 1188 678 quae
1238 608 1301 662 lit
1342 624 1403 662 ex
1437 625 1503 662 eo
1538 610 1689 681 quod
1720 614 1804 665 est

104 692 153 743 in
180 708 248 743 eo
282 694 439 764 quod
487 701 589 761 est,
645 712 774 766 quae
816 696 1161 767 perspicitur
1209 697 1268 750 in
1304 699 1471 752 rebus
1511 700 1802 769 qualitatis

105 780 438 836 varietatem
488 784 876 854 patientibus;
928 785 1084 839 verbi
1136 788 1339 856 gratia,
1377 789 1606 857 quando
1650 790 1800 859 quod

102 874 222 922 ante
273 872 509 941 nigrum
564 874 749 928 fuerat
794 873 851 927 in
884 874 1077 928 album
1131 876 1495 944 demittatur;
1554 894 1653 931 nec
1713 879 1802 931 hic

102 957 238 1010 facta
298 976 423 1013 esse
484 962 878 1031 cognoscitur:
940 963 1083 1016 nihil
1142 964 1295 1018 enim
1352 964 1439 1017 vel
1497 970 1669 1031 tactu,
1714 967 1799 1019 vel

100 1049 307 1117 colore,
344 1051 428 1103 vel
477 1067 679 1121 sapore
724 1056 1115 1121 permutatum
1164 1069 1285 1106 esse
1327 1053 1796 1124 deprehenditur.

99 1136 148 1189 Si
178 1152 323 1206 ergo
352 1138 497 1192 nihil
527 1145 609 1193 est
638 1139 728 1193 hic
751 1145 1158 1210 permutatum,
1194 1157 1312 1195 non
1336 1148 1419 1196 est
1450 1142 1601 1196 aliud
1626 1160 1797 1214 quam

100 1230 223 1278 ante
247 1225 379 1279 fuit.
420 1228 512 1281 Est
540 1232 729 1282 autem
764 1229 939 1294 aliud,
975 1229 1247 1300 quoniam
1280 1231 1445 1300 panis
1475 1247 1702 1302 corpus,
1746 1237 1801 1285 et

101 1314 291 1367 vinum
343 1315 579 1385 sanguis
635 1316 846 1370 Christi
897 1317 1043 1371 facta
1111 1324 1263 1372 sunt.
1314 1319 1404 1373 Sic
1463 1320 1614 1374 enim
1678 1321 1798 1391 ipse

98 1401 258 1455 dicit:
334 1406 586 1473 Accapite
639 1410 690 1459 et
742 1406 1030 1460 comedite:
1091 1407 1184 1461 hoc
1250 1413 1328 1461 est
1379 1425 1571 1478 corpus
1626 1425 1798 1463 mcum

101 1492 292 1557 (Matth
348 1508 496 1557 xxvi,
532 1495 642 1557 26).
672 1493 948 1548 Similiter
975 1499 1029 1548 et
1053 1495 1121 1549 de
1149 1496 1319 1550 calice
1351 1497 1593 1568 loquens
1626 1497 1793 1552 dicit:

98 1581 341 1648 Acripite
396 1586 444 1634 et
492 1582 686 1636 bibite:
736 1583 821 1637 hic
865 1588 944 1638 est
984 1587 1209 1651 sanguis
1259 1586 1399 1642 Novi
1451 1588 1796 1653 Testamenti,

99 1671 189 1735 qui
208 1684 313 1737 pro
342 1670 494 1724 vobis
527 1671 790 1736 fundatur
821 1671 1013 1741 (Marc.
1040 1690 1150 1737 xiv,
1185 1675 1292 1742 2i).

163 1801 297 1853 XIV.
332 1802 718 1865 Quaerendum
759 1820 894 1875 ergo
928 1810 1011 1858 est
1060 1806 1129 1860 ab
1163 1807 1245 1860 eis
1287 1808 1385 1878 qui
1420 1808 1565 1863 nihil
1605 1809 1696 1863 hic
1728 1810 1790 1863 Ii-

99 1896 295 1957 gurate
328 1892 529 1945 volunt
570 1893 842 1963 accipere,
898 1895 992 1948 sed
1042 1899 1225 1949 totum
1271 1896 1327 1950 in
1380 1897 1629 1952 veritatis
1660 1899 1794 1952 sim-

98 1978 347 2046 plicitate
378 1982 707 2045 consistere,
747 1982 1062 2037 secundum
1107 1986 1260 2055 quod
1304 1985 1621 2040 demutatio
1650 1987 1796 2042 facta

100 2067 196 2119 sit:
252 2073 317 2121 ut
358 2068 477 2136 jam
527 2084 641 2122 non
693 2069 809 2123 sint
848 2071 1003 2141 quod
1055 2078 1185 2126 ante
1226 2073 1477 2133 fuerunt.
1534 2076 1795 2129 videlicet

97 2156 258 2225 panis
291 2163 462 2227 atque
518 2160 759 2224 vinum;
800 2160 895 2213 sed
946 2160 1059 2214 sint
1101 2178 1306 2232 corpus
1345 2168 1515 2234 atque
1564 2166 1794 2233 sanguis

98 2244 325 2298 Christi.
391 2246 716 2299 Secundum
776 2248 1025 2315 speciem
1074 2266 1322 2320 namque
1364 2258 1637 2307 creaturae
1683 2254 1795 2307 for-

99 2350 367 2403 mamque
417 2350 612 2387 rerum
666 2335 999 2403 visibilium,
1050 2344 1360 2409 utrumque
1409 2340 1535 2405 hoc,
1598 2342 1651 2395 id
1711 2347 1793 2397 est

100 2422 261 2491 panis
292 2427 351 2476 et
383 2423 605 2489 vinum,
640 2422 781 2478 nihil
813 2425 1025 2479 habent
1054 2426 1111 2480 in
1141 2443 1198 2481 se
1226 2434 1632 2498 permutatum.
1664 2431 1795 2486 Etsi

99 2616 214 2669 quae
262 2602 449 2665 fuerat
499 2606 643 2663 ante,
688 2605 1050 2671 permansisse
1087 2608 1451 2671 Cognoscitur.
1510 2610 1639 2662 llmc
1669 2624 1790 2671 vox,

98 2687 325 2737 SPECIES,
382 2671 698 2725 secundum
768 2674 992 2727 Festum
1050 2681 1106 2729 et
1166 2677 1414 2730 Tullium
1462 2678 1792 2733 Ciceronem

94 2741 309 2817 indicat
332 2748 618 2817 naturam,
647 2748 752 2817 aut
780 2744 961 2799 idean:
986 2746 1065 2799 rei
1092 2763 1106 2812 ;
1143 2748 1211 2801 ad
1245 2754 1493 2801 mentem
1518 2750 1789 2817 Platonis,

94 2813 385 2886 signiticet
413 2815 855 2886 apparitiouem,
889 2817 1132 2886 tiguram
1173 2819 1512 2873 exteriorem
1538 2821 1618 2874 rei
1659 2813 1791 2875 seu;

94 2883 249 2962 sibus
298 2884 613 2962 subjectam
667 2889 781 2962 _aut
842 2883 1167 2958 perceptam
1220 2891 1532 2962 secundum
1581 2892 1791 2962 stylum

91 2953 264 3032 hujus
291 2955 560 3015 auctoris,
598 2956 681 3009 uti
731 2953 888 3032 patet
920 2953 1159 3032 numero
1196 2962 1281 3027 l0,
1314 2961 1373 3014 in
1407 2978 1520 3032 quo
1560 2953 1794 3017 ait-nul-

93 3025 213 3101 lam
237 3025 487 3079 formam
519 3032 620 3101 aut
659 3028 906 3101 speciem
949 3031 1135 3084 carnis
1167 3038 1223 3084 et
1252 3025 1548 3101 sanguinis
1583 3034 1793 3088 Christi

94 3096 312 3172 in_hoc
367 3096 913 3172 mysterio‘percipi.
966 3102 1080 3154 Non
1132 3104 1272 3155 enim
1317 3096 1607 3158 secundum
1651 3106 1796 3172 quod

89 3166 311 3244 ridetur
352 3170 455 3244 __v_et
507 3166 695 3244 carnis
743 3166 941 3244 species
996 3174 1053 3244 in
1108 3173 1198 3226 illo
1244 3189 1386 3241 pane
1437 3166 1791 3244 cognoscitur,

92 3238 169 3289 ret
218 3240 279 3289 in
339 3240 435 3291 illo
482 3243 606 3293 uino
662 3243 867 3294 cruoris
909 3242 1059 3295 unda
1101 3238 1455 3299 monstratur.
1498 3238 1608 3299 'Hic
1660 3238 1792 3300 vero

91 3308 311 3391 dicendi
351 3309 555 3391 mnodus
594 3317 862 3391 acceptus
905 3313 1154 3391 refertur
1194 3315 1254 3391 in
1288 3322 1576 3391 auctorem
1611 3317 1793 3391 libro-

89 3394 215 3431 rum
266 3380 340 3457 de
391 3379 771 3457 Sacramentis
823 3383 924 3453 qui
972 3389 1166 3457 sancto
1198 3386 1496 3440 Ambrosio
1539 3389 1709 3457 vulgo
1737 3393 1794 3442 et

92 3451 558 3527 nonrimmerito
600 3451 982 3527 ascribuntur.
1033 3454 1150 3509 Lib.
1198 3472 1256 3521 ιι,
1307 3460 1516 3527 cap.
1554 3451 1793 3527 Spiritus

92 3526 310 3600 sanctus
358 3524 636 3600 inspecie
679 3524 948 3600 columbae.
1001 3542 1125 3600 non
1153 3530 1208 3580 in
1251 3524 1479 3582 veritate
1518 3524 1791 3600 col—ambae,

87 3591 269 3660 εείῌη
299 3595 478 3660 specie
506 3594 756 3647 columbae
786 3595 1059 3650 descendit
1090 3598 1155 3650 de
1185 3599 1328 3653 caelo.

157 3670 179 3693 ⁸
209 3664 553 3742 thebuntur
604 3666 774 3742 igitur
811 3682 1016 3720 necesse
1045 3672 1142 3733 est,
1193 3674 1296 3722 etc.
1349 3670 1476 3742 Haec
1528 3687 1656 3724 vero
1697 3688 1792 3742 pa-

93 3731 198 3785 lam
256 3732 656 3787 demonstrant
705 3736 856 3789 hunc
902 3731 1192 3792 auctorem
1228 3756 1340 3793 non
1381 3741 1666 3795 dubitasse
1696 3731 1790 3796 ve-

91 3818 209 3855 ram
244 3804 433 3857 eflieri
465 3804 522 3857 in
564 3805 907 3861 eucharistia
958 3810 1337 3865 mutationem
1389 3812 1556 3865 unius
1602 3812 1683 3865 rei
1731 3813 1791 3867 in

90 3876 349 3951 alteram.
394 3876 613 3951 Etcum
665 3877 819 3947 quod
859 3881 1173 3951 percipitur
1212 3882 1491 3951 sensibus,
1532 3882 1793 3937 videatur

89 3945 253 4016 panis
301 3950 359 3998 et.
399 3945 614 4012 vinum,
662 3945 791 4001 eum
824 3945 977 4003 aliud
1018 3945 1140 4005 esse
1188 3952 1411 4016 debeat,
1446 3945 1674 4008 necesse
1708 3961 1791 4008 est

90 4014 823 4095 Ratramnumcr‘edidisse
840 4036 1029 4095 veram
1076 4023 1201 4076 fieri
1224 4014 1597 4095 mutationem
1629 4025 1790 4095 panis

88 4085 142 4166 in
172 4102 387 4166 corpus
438 4088 647 4166 Christi
680 4095 736 4166 e_t
761 4090 891 4166 _vini
922 4092 979 4145 in
1031 4094 1391 4166 sanguinem.
1433 4085 1791 4166 Quapropter

83 4156 515 4232 Centuriatores
558 4160 1075 4232 Magdeburgenses
1123 4156 1368 4218 rvotunde
1421 4156 1681 4220 fatentur:
1728 4167 1789 4221 in

82 4226 904 4306 libro'Ratraanincurrere
928 4235 1148 4287 semina
1194 4236 1453 4306 quaedam
1485 4237 1787 4291 transsub-

84 4299 504 4353 stantiationis:
558 4299 1445 4361 Trunssubstantiationis'semina
1489 4308 1645 4361 habet
1686 4310 1788 4364 Ra-
1816 4303 1856 4357 Β

86 4375 371 4435 tramnus;
439 4374 617 4424 utitur
683 4375 823 4427 enim
889 4376 1163 4430 vocabulis
1226 4381 1660 4434 commutationis
1737 4384 1787 4434 et

84 4443 471 4513 conversionis.
506 4472 574 4480 ——
605 4444 855 4497 Censura
887 4462 959 4513 Ix,
993 4447 1063 4500 de
1103 4448 1389 4502 Doctrina.

145 4510 419 4589 "Antei
468 4513 564 4566 hoc
606 4514 862 4589 proﬁteri
907 4510 1196 4586 noluerint,
1243 4524 1349 4572 etc.
1404 4520 1533 4573 Haec
1579 4519 1786 4589 indigi-

82 4585 199 4632 tant
243 4583 506 4658 strictam
548 4583 969 4658 colligationem
1011 4583 1189 4658 quam
1224 4594 1421 4643 auctor
1459 4594 1656 4643 noster
1696 4583 1783 4644 Fe-

81 4653 351 4719 cognovit
398 4653 1286 4729 inter_transsubstantiationem
1336 4666 1392 4715 et
1420 4661 1784 4729 praesentiam

82 4738 299 4786 veram,
333 4740 434 4777 seu
467 4726 770 4799 realitatem
801 4731 1051 4799 corporis
1082 4730 1292 4785 Christi
1320 4732 1380 4785 iu
1419 4726 1782 4797 eucharistia,

78 4808 177 4845 nec
210 4810 391 4848 unam
443 4796 567 4849 sine
615 4796 794 4872 altero
825 4796 1024 4869 reapse
1065 4801 1377 4855 consistere
1409 4818 1604 4872 posse:
1653 4796 1784 4857 cum

78 4879 293 4939 negare
336 4881 574 4939 necesse
624 4866 698 4920 sit
741 4866 947 4939 corpus
1003 4872 1211 4926 Christi
1262 4889 1382 4927 esse
1409 4866 1483 4926 ἰιι
1520 4873 1783 4927 euchari-

79 4938 199 5020 stia,
234 4936 350 4989 nisi
383 4944 730 5020 agnoscatur
782 4936 1045 5020 quaedam
1098 4944 1342 5020 mutatio
1392 4944 1783 5020 -unius_rei_in

78 5006 363 5084 alteram,
406 5007 625 5084 scilicet
660 5006 840 5084 panis
896 5012 957 5065 in
1012 5029 1219 5084 corpus
1274 5013 1500 5069 Christi.
1563 5016 1634 5068 Ex
1694 5015 1783 5068 his

77 5077 613 5153 etiam‘intelligere
652 5077 813 5134 facile
845 5088 928 5135 est
965 5077 1248 5153 quan-tum
1297 5086 1370 5139 sit
1401 5086 1782 5139 necessarium

80 5148 143 5224 ad
191 5149 449 5224 salutem
494 5148 794 5224 eternam
859 5148 1325 5224 comparandam,
1391 5158 1622 5211 credere
1684 5173 1784 5210 seu

80 5216 244 5272 ﬁdem
281 5219 544 5273 divinam
577 5220 788 5276 habere
818 5216 1473 5281 transsubstantiationis
1506 5233 1561 5281 et
1609 5228 1783 5281 reali-

81 5288 223 5366 tatis,
268 5290 495 5360 quippe
539 5307 669 5345 cum
708 5296 760 5347 si
796 5294 890 5349 hoc
925 5300 1172 5365 proﬁteri
1224 5299 1513 5363 noluerint,
1556 5299 1785 5366 compel-

82 5360 264 5438 ἐκπιεσ-
337 5376 538 5426 negare
606 5377 717 5415 esse
788 5360 980 5433 corpus
1027 5360 1507 5438 sanguinemque
1548 5360 1779 5423 Christi:

82 5429 227 5492 0con
284 5446 464 5485 unus
504 5447 595 5484 esr
644 5449 751 5486 non
799 5429 969 5490 soiuu
1020 5429 1228 5505 uicaria,
1274 5429 1452 5493 verum
1495 5455 1648 5492 ετιΑιι
1689 5455 1779 5492 co-

80 5517 286 5555 GITABE.

144 5581 163 5603 ε
182 5575 381 5649 ῥ’ξᾳυε
420 5575 546 5649 ista
568 5642 582 5649 _
601 5578 943 5633 commutatio
970 5579 1339 5648 corporaliter,
1387 5578 1482 5634 sed
1509 5581 1779 5649 spiritali-

85 5648 157 5693 ter
181 5645 347 5707 facta
378 5646 470 5696 sit.
526 5642 584 5696 Id
629 5649 714 5698 est
742 5661 927 5718 neque
977 5642 1352 5704 commutatio
1399 5642 1549 5704 facta
1589 5650 1679 5714 sit,
1724 5649 1782 5702 in

1913 495 2085 550 quam
2117 480 2270 551 quod
2305 470 2463 551 prius
2490 480 2672 535 fuere.

1980 568 2094 623 XV.
2153 569 2344 622 Cernit
2388 569 2710 623 sublimitas
2750 575 2954 637 vestra,
3009 572 3275 643 Princeps
3331 574 3600 644 gloriose,

1911 673 2025 727 quo
2069 657 2258 711 taliter
2317 658 2688 712 sentientium
2738 658 3057 713 intellectus
3121 662 3347 715 evadat:
3397 668 3609 731 negant

1911 746 2064 817 quod
2092 745 2379 800 aflirmare
2402 746 2731 813 creduntur,
2764 752 2821 800 et
2853 748 3007 818 quod
3038 749 3281 803 credunt
3308 751 3603 805 destruere

1910 836 2373 905 comprobantur.
2409 837 2624 906 Corpus
2654 837 2864 890 etenim
2911 836 3368 909 sanguinemque
3398 841 3605 894 Christi

1909 923 2153 977 tideliter
2183 924 2566 978 conﬁtentur:
2618 930 2673 978 et
2724 941 2852 978 cum
2896 925 3002 979 hoc
3053 926 3285 993 faciunt,
3334 944 3449 982 non
3497 930 3605 983 hoc

1903 1008 2023 1077 jam
2049 1009 2340 1079 essequod
2371 1008 2528 1079 prius
2550 1009 2707 1062 fuere
2736 1009 2934 1079 procul
2968 1010 3141 1063 dubio
3180 1016 3599 1080 protestantur:

1911 1103 1966 1151 et
1998 1098 2041 1151 si
2075 1097 2228 1152 aliud
2278 1098 2393 1153 sint
2440 1114 2613 1169 quam
2662 1098 2841 1163 fuere,
2892 1099 3269 1154 mutationem
3314 1116 3600 1169 accepere.

1911 1187 2048 1241 Cum
2092 1188 2197 1241 hoc
2237 1187 2435 1257 negari
2480 1204 2594 1241 non
2648 1188 2848 1257 possit,
2894 1187 3086 1242 dicant
3115 1189 3427 1243 secundum
3452 1190 3601 1260 quod

1909 1278 2231 1341 permutata
2284 1281 2443 1329 sunt:
2500 1275 2873 1345 corporaliter
2922 1292 3171 1346 namque
3221 1276 3365 1330 nihil
3415 1277 3472 1330 in
3524 1278 3604 1331 eis

1908 1364 2162 1418 cernitur
2209 1380 2328 1418 esse
2376 1369 2784 1434 permutatum.
2834 1374 2856 1398 ³
2895 1365 3248 1419 Fatebuntur
3298 1367 3475 1435 igitur
3502 1382 3602 1419 ne-

1908 1468 2059 1506 cesse
2092 1458 2178 1506 est
2209 1458 2308 1506 aut
2352 1458 2571 1507 mutata
2615 1470 2736 1507 esse
2767 1454 3081 1508 secundum
3124 1453 3279 1508 aliud
3308 1470 3481 1525 quam
3513 1472 3601 1507 se-

1908 1542 2159 1595 cundum
2189 1558 2426 1612 corpus;
2468 1558 2532 1595 ac
2582 1558 2684 1613 per
2734 1542 2837 1597 hoc
2870 1559 2985 1597 non
3027 1559 3148 1597 esse
3201 1544 3310 1597 hoc
3359 1543 3507 1614 quod
3541 1544 3600 1598 in

1906 1629 2143 1683 veritate
2176 1630 2458 1696 videntur,
2493 1631 2588 1683 sed
2641 1630 2797 1685 aliun
2838 1632 2985 1701 quod
3046 1647 3163 1685 non
3220 1647 3341 1683 esse
3392 1647 3599 1685 secun-

1908 1719 2041 1772 dum
2068 1718 2358 1788 propriam
2385 1717 2689 1771 essentiam
2721 1726 3056 1773 cernuntur.
3084 1732 3108 1772 δ
3129 1722 3240 1773 Aut
3269 1719 3438 1773 sihoc
3473 1736 3600 1789 pro-

1905 1806 2055 1861 literi
2107 1806 2415 1874 noluerint,
2475 1806 2902 1876 compelluntur
2954 1824 3164 1877 negare
3219 1823 3424 1877 corpus
3480 1824 3599 1860 esse

1904 1896 2359 1966 sanguinemque
2392 1896 2619 1960 Christi,
2650 1896 2802 1966 quod
2834 1896 2991 1950 nefas
3022 1901 3107 1950 est
3132 1912 3245 1949 non
3284 1897 3471 1950 solum
3508 1897 3600 1951 di-

1904 2001 2051 2049 cere,
2080 2001 2275 2039 verum
2306 1984 2481 2038 etiam
2506 1984 2776 2054 cogitare.

1975 2074 2104 2126 XVI.
2156 2074 2225 2125 At
2273 2071 2410 2142 quia
2448 2072 2791 2125 confitentur
2837 2076 2893 2125 et
2934 2088 3140 2142 corpus
3172 2077 3229 2126 et
3258 2073 3597 2143 sanguinem

1907 2162 2001 2215 Dei
2033 2178 2172 2223 esse,
2220 2177 2322 2215 nec
2359 2161 2463 2214 hoc
2501 2178 2621 2214 esse
2666 2161 2919 2231 potuisse
2961 2161 3067 2215 nisi
3109 2162 3255 2215 facta
3294 2162 3351 2216 in
3396 2163 3599 2216 melius

1903 2250 2370 2315 commutatione,
2405 2259 2628 2319 cneque
2652 2248 2757 2302 ista
2788 2250 3163 2303 commutatio
3194 2251 3590 2320 corporaliter,

1902 2340 2000 2394 sed
2034 2339 2406 2410 spiritualiter
2446 2338 2589 2391 facta
2640 2338 2730 2399 sit,
2765 2336 2789 2373 δ
2825 2354 3048 2392 necesse
3081 2344 3165 2393 est
3186 2340 3306 2409 jam
3358 2344 3423 2393 ut
3449 2340 3596 2409 ligu-

1904 2434 2023 2483 rate
2050 2428 2196 2483 facta
2228 2444 2348 2481 esse
2385 2426 2633 2498 dicatur;
2667 2427 2942 2499 quoniam
2973 2427 3077 2482 sub
3117 2428 3437 2482 velamento
3466 2444 3596 2483 cor-

1904 2619 1971 2657 eo
2003 2602 2151 2673 quod
2179 2601 2439 2673 sensibus
2471 2600 2806 2673 percipitur.
2843 2600 2941 2653 Hic
2969 2598 3436 2673 estenimhujus
3470 2614 3597 2673 con.

1902 2670 2213 2729 cinnatoris
2263 2670 2569 2742 operis’de
2629 2671 2881 2741 Corpore
2931 2676 2987 2724 et
3037 2670 3340 2742 Sanguine
3372 2670 3593 2723 Domini

1903 2744 2189 2814 genuinus
2213 2739 2430 2797 sensus.
2473 2742 2579 2806 Qui
2608 2739 2951 2814 reverainon
2983 2742 3194 2814 cogitat
3222 2739 3442 2794 nullam
3475 2756 3596 2795 esse

1902 2812 2106 2870 factam
2139 2814 2643 2868 commutationem
2670 2812 2727 2866 in
2752 2813 3067 2865 substantia
3097 2828 3295 2881 reapse
3320 2827 3597 2881 corporea

1902 2886 2065 2959 panis
2097 2891 2152 2939 et
2189 2886 2324 2950 vini,
2358 2887 2461 2963 sed.
2488 2884 2762 2963 solum‘in
2790 2901 2858 2937 eo
2887 2883 3041 2963 quod
3074 2899 3273 2963 sensus
3298 2884 3596 2963 oculorum

1902 2953 2221 3012 nostrorum
2258 2956 2594 3026 perstringit
2640 2960 2696 3009 et
2731 2956 2958 3024 pungit,
3010 2954 3225 3007 scilicet
3275 2953 3593 3026 speciebus,

1906 3030 1987 3083 uti
2028 3024 2288 3082 observat
2337 3027 2423 3081 his
2466 3024 2650 3079 verbis
2706 3027 3015 3095 conceptis,
3071 3041 3314 3078 numero
3364 3024 3483 3093 qui,
3534 3030 3598 3078 ut

1903 3100 2118 3175 Gellius
2147 3100 2256 3175 ait,
2308 3098 2619 3175 immediate
2679 3097 2981 3175 praecedit:
3021 3096 3393 3175 Corporaliter
3439 3112 3592 3175 nani-

1904 3188 2009 3240 que
2036 3171 2176 3224 nihil
2208 3173 2263 3223 in
2305 3172 2392 3240 eis
2435 3171 2673 3240 cernitur
2714 3170 3080 3233 immutatum,
3123 3168 3177 3220 id
3211 3171 3293 3221 est
3340 3168 3595 3237 corporis

1904 3238 2159 3296 sensibus
2182 3239 2498 3311 percipitur
2526 3238 2918 3293 immutatum.

1972 3315 1997 3356 d
2044 3307 2273 3368 Necesse
2319 3307 2396 3365 est
2435 3311 2556 3378 jam
2612 3316 2672 3365 ut
2717 3313 2949 3378 ﬁgurate
2998 3310 3151 3376 facta
3198 3321 3307 3361 esse
3354 3307 3590 3361 dicatur.

1903 3385 2021 3440 Hoc
2048 3382 2385 3437 vocabulum
2418 3380 2657 3451 figurate
2686 3380 2994 3434 secundum
3039 3378 3334 3451 Hatramni
3384 3380 3591 3448 stylum

1902 3470 2002 3508 seu
2048 3452 2333 3507 scribendi
2378 3449 2441 3505 ac
2488 3451 2713 3507 dicendi
2766 3451 3045 3505 rationem
3094 3455 3150 3503 et
3192 3449 3423 3502 modum
3475 3465 3591 3502 non

1902 3525 2194 3599 signiticet
2218 3523 2595 3599 mutationem
2629 3523 2934 3599 in_corp_us
2975 3520 3180 3576 Christi
3212 3521 3490 3599 duntaxat
3534 3520 3593 3599 in

1902 3591 2085 3671 figura
2108 3594 2439 3671 eitierihsed
2482 3594 2597 3671 im_o
2628 3594 2731 3671 sub
2762 3591 2900 3647 velis
2918 3599 2986 3671 et
3016 3591 3318 3661 paropside
3344 3592 3509 3671 panis
3531 3597 3596 3671 et

1901 3662 2038 3729 vini,
2078 3668 2183 3720 sub
2232 3665 2439 3736 quibus
2484 3664 2676 3719 existit
2727 3664 3084 3736 reconditum
3124 3677 3331 3736 corpus
3361 3662 3589 3727 Christi,

1900 3744 1982 3804 ut,
2019 3737 2226 3807 inquit,
2252 3732 2560 3807 'continuis
2610 3735 2826 3787 verbis:
2863 3735 3131 3807 Quoniam
3174 3732 3270 3785 sub
3300 3736 3594 3807 velamento

1900 3803 2141 3878 corporei
2166 3806 2348 3876 panis,
2388 3808 2878 3883 corporeiquepini
2909 3805 3161 3883 spiritale
3182 3803 3591 3883 .c‘orpuanhrif

1900 3873 2374 3948 sti—spiritalisque
2406 3873 2877 3948 sanguisearistit.
2921 3876 3040 3948 Qua
3096 3873 3343 3948 quidem_
3363 3873 3588 3948 dicendi

1900 3944 2120 4004 ratione
2160 3944 2298 4003 usus
2349 3956 2433 4003 est
2466 3947 2798 4002 Paschasius
2847 3946 2900 3998 in
2934 3946 3171 4015 epistola
3203 3944 3271 3997 ad
3307 3944 3592 4013 Frudgar-

1899 4021 2060 4085 dum,
2096 4024 2160 4075 ut
2204 4035 2400 4073 verum
2438 4034 2645 4089 corpus
2698 4016 2905 4071 Christi
2943 4015 3187 4089 dilucide
3220 4015 3588 4089 signiﬁcaret.

1899 4092 2066 4159 Cujus
2096 4092 2224 4145 dum
2252 4104 2445 4159 corpus
2473 4086 2580 4143 non
2618 4090 2985 4156 corrumpitur
3025 4088 3155 4159 quia
3202 4086 3507 4154 spirituale,
3544 4090 3594 4139 et

1900 4158 2067 4237 totum
2093 4158 2381 4237 spirituate
2421 4166 2499 4215 est
2528 4160 2670 4229 quod
2695 4160 2996 4237 celebratur
3019 4160 3076 4210 in
3115 4158 3208 4211 hoc
3237 4162 3589 4237 sacramentot

1897 4234 2060 4297 Quod
2094 4228 2255 4287 v'alde
2294 4228 2545 4286 alienum
2578 4246 2707 4307 non.
2727 4235 2811 4307 est
2836 4230 2905 4283 ab
2934 4228 3592 4307 eosermonefxregorii

1898 4305 2133 4373 Nysseni
2164 4303 2234 4357 de
2268 4304 2554 4373 Baptismo
2580 4301 2807 4373 Christi,
2841 4316 2970 4370 pag.
3005 4302 3107 4353 802
3137 4304 3255 4373 tam
3284 4299 3376 4373 _|I,
3399 4299 3586 4373 lit._A:

1894 4367 1960 4425 ’ό
2000 4377 2153 4448 ἄρτος
2189 4367 2532 4447 πα).ίνόἰρτος
2572 4371 2683 4423 ἐστὶ
2730 4367 2856 4432 tim;—
2900 4367 3082 4430 nerve;
3128 4368 3236 4449 ap:
3275 4370 3395 4449 dra‘v
3438 4367 3591 4449 au’rou

1895 4449 1952 4497 τὸ
1997 4443 2284 4519 nbat-ipim
2331 4443 2661 4517 ἱερὸνργήση,
2700 4451 2851 4513 σῶμα
2898 4446 3130 4515 Χριστοῦ
3173 4443 3372 4509 λέγεταί
3414 4457 3466 4489 τι
3505 4443 3591 4519 aeui

1891 4511 2105 4587 γίνεὶ-αι.
2131 4511 2244 4572 Huc
2292 4511 2646 4585 usuue'punis
2686 4511 2956 4581 ('st'panis'
2995 4515 3290 4587 oornmunis
3338 4516 3386 4563 et
3436 4511 3589 4587 ordi-

1890 4585 2101 4654 narius,
2169 4586 2263 4641 sed
2339 4602 2457 4640 cum
2522 4590 2862 4639 consecratur
2925 4585 3181 4649 mysterio
3244 4585 3591 4654 nuncupatur

1892 4650 2097 4731 corpus
2137 4660 2341 4731 Christi
2395 4662 2444 4710 et
2483 4672 2668 4731 recera
2715 4660 2809 4731 est.
2864 4656 3007 4731 Ιίιεῖ
3036 4654 3229 4731 etiam.
3256 4650 3415 4703 valde
3449 4666 3587 4731 con-

1892 4720 2107 4797 gruunt
2139 4730 2207 4782 iis
2238 4744 2367 4799 quae
2399 4728 2593 4797 paucis
2621 4726 2785 4799 annis
2817 4731 2946 4778 ante
2974 4722 3335 4799 Paschasium
3366 4720 3588 4799 prolata

1891 4792 2118 4855 fuerant
2152 4800 2210 4853 in
2254 4792 2502 4852 concilio
2553 4814 2588 4850 ιι
2623 4798 2869 4859 Νιεαιῐιο,
2925 4794 3207 4847 celebrato
3253 4792 3414 4859 [anno
3462 4793 3584 4855 787,

1891 4876 2047 4925 torno
2078 4872 2143 4924 ιν
2175 4870 2383 4923 Concil.
2433 4868 2702 4921 editionis
2738 4866 2883 4920 Binii
2919 4864 3055 4918 anni
3098 4865 3252 4927 l6l8,
3286 4863 3583 4931 pag.q643:

1890 4950 1974 5003 Ὠς
2022 4946 2121 5009 πρὸ
2167 4945 2255 4991 τοῦ
2310 4938 2588 5009 nyrae-6m,
2638 4936 2856 5009 ἑκκλὴρή
2906 4934 3178 4984 ἀντίτυπα·
3218 4934 3352 5009 μετὰ
3404 4927 3463 4982 δέ
3501 4933 3587 4983 τὸν

1902 4984 1949 4994 --
2028 4984 2119 4993 ι.--
2174 4984 2250 4991 .-ν
2311 4984 2339 4989 --
2382 4984 2588 5002 παρη,

1890 4984 2149 5083 air/iamper:
2196 4984 2369 5081 σώμαι
2392 5012 2583 5081 Κυριοῦ
2628 5011 2712 5057 καὶ
2762 5002 2891 5077 αἷμα
2944 5011 3169 5077 Κριστοῦ
3218 4984 3451 5083 δέγονῑγι
3502 5023 3587 5054 και

1892 5064 2012 5151 εἰέτι,
2055 5064 2141 5133 imi
2180 5064 2528 5133 πισῖτέυοντὰι.
2580 5080 2721 5132 Ante
2754 5064 3195 5151 consecrtitionem
3239 5064 3589 5151 aiipeltantur

1890 5147 2100 5223 ﬁguras,
2133 5159 2182 5208 et
2212 5157 2333 5222 post
2362 5152 2810 5223 consecrationem
2837 5150 3190 5223 nominantur
3214 5147 3438 5223 proprie
3470 5161 3583 5223 cor-

1890 5215 1991 5294 pus
2023 5215 2239 5279 Domini
2285 5229 2335 5277 et
2387 5224 2613 5294 sanguis
2647 5220 2882 5294 Christi,
2934 5222 3160 5294 etsunt,
3212 5222 3261 5270 et
3294 5215 3587 5269 creduntur

1891 5289 2174 5363 Ejusmodi.
2206 5296 2362 5348 Hanc
2382 5291 2609 5365 dicengdi
2641 5296 2698 5344 et
2727 5289 3312 5365 scribendijortnam,
3344 5303 3442 5339 seu
3467 5301 3582 5365 mo—

1890 5358 2026 5419 dum
2062 5366 2269 5419 iterum
2299 5363 2505 5433 repetit
2536 5363 2878 5416 Ratramnus
2910 5360 2980 5433 de
3013 5358 3222 5433 Christi
3252 5372 3489 5433 corpore
3524 5358 3581 5408 in

1891 5435 2231 5509 eucharistia
2282 5426 2479 5509 reapse
2546 5434 2840 5509 existente.
2908 5431 3073 5509 Num.
3136 5431 3234 5482 99:
3294 5426 3587 5509 addamus

1890 5506 2035 5579 quod
2060 5508 2161 5558 iste
2197 5506 2359 5573 panis
2381 5498 2634 5579 '_et_catia:
2667 5507 2981 5579 quicorpus
3016 5506 3065 5554 et
3113 5500 3339 5579 sanguis
3381 5498 3584 5579 Christi

1890 5570 2211 5631 nominatur
2226 5579 2275 5628 et
2317 5575 2526 5648 ea-istit,
2559 5570 2889 5648 memoriam
2918 5574 3268 5648 representat
3298 5570 3585 5648 nginicae

1886 5649 2179 5717 passionis,
2237 5651 2344 5698 etc.
2404 5637 2541 5707 Quir
2592 5658 2721 5695 cum
2775 5644 2853 5695 ita
2903 5637 3034 5707 sirit,
3084 5637 3381 5693 dubitandi
3426 5637 3583 5690 locus
