  <div class='ocr_page' id='page_1' title='image "/cluster/home/n/w/nwhite01/storage/ocr_20150623/121/uva.x000827051/075.png"; bbox 0 0 3920 6224; ppageno 0'>
   <div class='ocr_carea' id='block_1_1' title="bbox 296 211 399 265">
    <p class='ocr_par' dir='ltr' id='par_1_1' title="bbox 296 211 399 265">
     <span class='ocr_line' id='line_1_1' title="bbox 296 211 399 265; baseline -0.029 0"><span class='ocrx_word' id='word_1_1' title='bbox 296 211 399 265; x_wconf 70' lang='lat'>135</span> 
     </span>
    </p>
   </div>
   <div class='ocr_carea' id='block_1_2' title="bbox 1447 202 2651 262">
    <p class='ocr_par' dir='ltr' id='par_1_2' title="bbox 1447 202 2651 262">
     <span class='ocr_line' id='line_1_2' title="bbox 1447 202 2651 262; baseline -0.005 0"><span class='ocrx_word' id='word_1_2' title='bbox 1447 204 1808 262; x_wconf 78' lang='lat' dir='ltr'><strong>BATBAMNI</strong></span> <span class='ocrx_word' id='word_1_3' title='bbox 1850 202 2302 261; x_wconf 81' lang='lat' dir='ltr'>CORBEIENSIS</span> <span class='ocrx_word' id='word_1_4' title='bbox 2341 202 2651 259; x_wconf 77' lang='lat' dir='ltr'><strong>MONACHI</strong></span> 
     </span>
    </p>
   </div>
   <div class='ocr_carea' id='block_1_3' title="bbox 297 338 3804 413">
    <p class='ocr_par' dir='ltr' id='par_1_3' title="bbox 297 338 3804 413">
     <span class='ocr_line' id='line_1_3' title="bbox 297 338 3804 413; baseline -0.001 -16"><span class='ocrx_word' id='word_1_5' title='bbox 297 343 461 413; x_wconf 87' lang='lat' dir='ltr'>porei</span> <span class='ocrx_word' id='word_1_6' title='bbox 486 342 653 413; x_wconf 89' lang='lat' dir='ltr'>panis</span> <span class='ocrx_word' id='word_1_7' title='bbox 699 341 1074 413; x_wconf 88' lang='lat' dir='ltr'>corporeique</span> <span class='ocrx_word' id='word_1_8' title='bbox 1101 340 1219 395; x_wconf 88' lang='lat' dir='ltr'>vini</span> <span class='ocrx_word' id='word_1_9' title='bbox 1249 339 1544 411; x_wconf 87' lang='lat' dir='ltr'>spirituale</span> <span class='ocrx_word' id='word_1_10' title='bbox 1574 356 1780 411; x_wconf 87' lang='lat' dir='ltr'>corpus</span> <span class='ocrx_word' id='word_1_11' title='bbox 1810 338 1979 410; x_wconf 88' lang='lat' dir='ltr'>spiri-</span> <span class='ocrx_word' id='word_1_12' title='bbox 2008 342 2053 394; x_wconf 85' lang='lat' dir='ltr'><strong>A</strong></span> <span class='ocrx_word' id='word_1_13' title='bbox 2094 338 2251 393; x_wconf 80' lang='lat' dir='ltr'>fonte</span> <span class='ocrx_word' id='word_1_14' title='bbox 2281 343 2337 393; x_wconf 91' lang='lat' dir='ltr'>et</span> <span class='ocrx_word' id='word_1_15' title='bbox 2366 339 2553 393; x_wconf 89' lang='lat' dir='ltr'>inesse</span> <span class='ocrx_word' id='word_1_16' title='bbox 2593 338 2746 409; x_wconf 89' lang='lat' dir='ltr'>quod</span> <span class='ocrx_word' id='word_1_17' title='bbox 2795 352 2993 391; x_wconf 86' lang='lat' dir='ltr'>sensus</span> <span class='ocrx_word' id='word_1_18' title='bbox 3025 338 3279 408; x_wconf 90' lang='lat' dir='ltr'>corporis</span> <span class='ocrx_word' id='word_1_19' title='bbox 3323 338 3594 407; x_wconf 79' lang='lat' dir='ltr'>attingat,</span> <span class='ocrx_word' id='word_1_20' title='bbox 3629 342 3689 393; x_wconf 89' lang='lat' dir='ltr'>et</span> <span class='ocrx_word' id='word_1_21' title='bbox 3722 339 3804 392; x_wconf 90' lang='lat' dir='ltr'>id-</span> 
     </span>
    </p>
   </div>
   <div class='ocr_carea' id='block_1_4' title="bbox 299 429 1992 503">
    <p class='ocr_par' dir='ltr' id='par_1_4' title="bbox 299 429 1992 503">
     <span class='ocr_line' id='line_1_4' title="bbox 299 429 1992 503; baseline -0.002 -17"><span class='ocrx_word' id='word_1_22' title='bbox 299 433 582 503; x_wconf 89' lang='lat' dir='ltr'>tualisque</span> <span class='ocrx_word' id='word_1_23' title='bbox 627 431 859 501; x_wconf 80' lang='lat' dir='ltr'>sanguis</span> <span class='ocrx_word' id='word_1_24' title='bbox 898 431 1116 485; x_wconf 77' lang='lat' dir='ltr'>existit:</span> <span class='ocrx_word' id='word_1_25' title='bbox 1147 440 1171 465; x_wconf 71' lang='grc' dir='ltr'><strong>ι</strong></span> <span class='ocrx_word' id='word_1_26' title='bbox 1215 447 1329 484; x_wconf 91' lang='lat' dir='ltr'>non</span> <span class='ocrx_word' id='word_1_27' title='bbox 1377 431 1528 502; x_wconf 91' lang='lat' dir='ltr'>quod</span> <span class='ocrx_word' id='word_1_28' title='bbox 1583 432 1824 485; x_wconf 90' lang='lat' dir='ltr'>duarum</span> <span class='ocrx_word' id='word_1_29' title='bbox 1876 429 1992 482; x_wconf 90' lang='lat' dir='ltr'>sint</span> 
     </span>
    </p>
   </div>
   <div class='ocr_carea' id='block_1_5' title="bbox 300 518 1992 589">
    <p class='ocr_par' dir='ltr' id='par_1_5' title="bbox 300 518 1992 589">
     <span class='ocr_line' id='line_1_5' title="bbox 300 518 1992 589; baseline -0.001 -16"><span class='ocrx_word' id='word_1_30' title='bbox 300 520 615 575; x_wconf 71' lang='lat' dir='ltr'>existentiaa</span> <span class='ocrx_word' id='word_1_31' title='bbox 644 536 835 573; x_wconf 88' lang='lat' dir='ltr'>rerum</span> <span class='ocrx_word' id='word_1_32' title='bbox 874 519 1026 573; x_wconf 88' lang='lat' dir='ltr'>inter</span> <span class='ocrx_word' id='word_1_33' title='bbox 1055 535 1113 572; x_wconf 92' lang='lat' dir='ltr'>se</span> <span class='ocrx_word' id='word_1_34' title='bbox 1160 519 1533 584; x_wconf 88' lang='lat' dir='ltr'>diversarum,</span> <span class='ocrx_word' id='word_1_35' title='bbox 1565 518 1816 589; x_wconf 91' lang='lat' dir='ltr'>corporis</span> <span class='ocrx_word' id='word_1_36' title='bbox 1841 518 1992 571; x_wconf 87' lang='lat' dir='ltr'>vide-</span> 
     </span>
    </p>
   </div>
   <div class='ocr_carea' id='block_1_6' title="bbox 296 608 1988 680">
    <p class='ocr_par' dir='ltr' id='par_1_6' title="bbox 296 608 1988 680">
     <span class='ocr_line' id='line_1_6' title="bbox 296 608 1988 680; baseline -0.001 -18"><span class='ocrx_word' id='word_1_37' title='bbox 296 608 430 662; x_wconf 81' lang='lat' dir='ltr'>licet</span> <span class='ocrx_word' id='word_1_38' title='bbox 461 614 519 663; x_wconf 92' lang='lat' dir='ltr'>et</span> <span class='ocrx_word' id='word_1_39' title='bbox 552 608 804 680; x_wconf 82' lang='lat' dir='ltr'>spiritus,</span> <span class='ocrx_word' id='word_1_40' title='bbox 854 624 1051 662; x_wconf 91' lang='lat' dir='ltr'>verum</span> <span class='ocrx_word' id='word_1_41' title='bbox 1103 624 1218 661; x_wconf 87' lang='lat' dir='ltr'>una</span> <span class='ocrx_word' id='word_1_42' title='bbox 1264 608 1583 678; x_wconf 72' lang='lat' dir='ltr'>eademque</span> <span class='ocrx_word' id='word_1_43' title='bbox 1630 623 1740 672; x_wconf 91' lang='lat' dir='ltr'>res,</span> <span class='ocrx_word' id='word_1_44' title='bbox 1787 622 1988 661; x_wconf 90' lang='lat' dir='ltr'>secun-</span> 
     </span>
    </p>
   </div>
   <div class='ocr_carea' id='block_1_7' title="bbox 294 696 1989 768">
    <p class='ocr_par' dir='ltr' id='par_1_7' title="bbox 294 696 1989 768">
     <span class='ocr_line' id='line_1_7' title="bbox 294 696 1989 768; baseline -0.001 -18"><span class='ocrx_word' id='word_1_45' title='bbox 294 697 429 751; x_wconf 91' lang='lat' dir='ltr'>dum</span> <span class='ocrx_word' id='word_1_46' title='bbox 462 698 613 752; x_wconf 83' lang='lat' dir='ltr'>aliud</span> <span class='ocrx_word' id='word_1_47' title='bbox 668 698 883 768; x_wconf 85' lang='lat' dir='ltr'>species</span> <span class='ocrx_word' id='word_1_48' title='bbox 914 697 1075 768; x_wconf 89' lang='lat' dir='ltr'>panis</span> <span class='ocrx_word' id='word_1_49' title='bbox 1115 702 1173 751; x_wconf 89' lang='lat' dir='ltr'>et</span> <span class='ocrx_word' id='word_1_50' title='bbox 1200 696 1317 750; x_wconf 89' lang='lat' dir='ltr'>vini</span> <span class='ocrx_word' id='word_1_51' title='bbox 1347 696 1627 759; x_wconf 77' lang='lat' dir='ltr'>consistit,</span> <span class='ocrx_word' id='word_1_52' title='bbox 1675 696 1989 749; x_wconf 86' lang='lat' dir='ltr'>secundum</span> 
     </span>
    </p>
   </div>
   <div class='ocr_carea' id='block_1_8' title="bbox 292 778 1987 857">
    <p class='ocr_par' dir='ltr' id='par_1_8' title="bbox 292 778 1987 857">
     <span class='ocr_line' id='line_1_8' title="bbox 292 778 1987 857; baseline -0.002 -18"><span class='ocrx_word' id='word_1_53' title='bbox 292 786 448 841; x_wconf 87' lang='lat' dir='ltr'>aliud</span> <span class='ocrx_word' id='word_1_54' title='bbox 477 791 667 841; x_wconf 81' lang='lat' dir='ltr'>autem</span> <span class='ocrx_word' id='word_1_55' title='bbox 699 803 903 857; x_wconf 88' lang='lat' dir='ltr'>corpus</span> <span class='ocrx_word' id='word_1_56' title='bbox 936 792 1019 840; x_wconf 91' lang='lat' dir='ltr'>est</span> <span class='ocrx_word' id='word_1_57' title='bbox 1048 791 1105 840; x_wconf 91' lang='lat' dir='ltr'>et</span> <span class='ocrx_word' id='word_1_58' title='bbox 1133 778 1366 855; x_wconf 81' lang='lat' dir='ltr'>sanguis</span> <span class='ocrx_word' id='word_1_59' title='bbox 1398 785 1625 840; x_wconf 76' lang='lat' dir='ltr'>Christi.</span> <span class='ocrx_word' id='word_1_60' title='bbox 1666 784 1987 839; x_wconf 88' lang='lat' dir='ltr'>Secundum</span> 
     </span>
    </p>
   </div>
   <div class='ocr_carea' id='block_1_9' title="bbox 292 873 1986 946">
    <p class='ocr_par' dir='ltr' id='par_1_9' title="bbox 292 873 1986 946">
     <span class='ocr_line' id='line_1_9' title="bbox 292 873 1986 946; baseline 0 -17"><span class='ocrx_word' id='word_1_61' title='bbox 292 891 543 946; x_wconf 82' lang='lat' dir='ltr'>namque</span> <span class='ocrx_word' id='word_1_62' title='bbox 593 875 745 946; x_wconf 90' lang='lat' dir='ltr'>quod</span> <span class='ocrx_word' id='word_1_63' title='bbox 808 880 1118 946; x_wconf 88' lang='lat' dir='ltr'>utrumque</span> <span class='ocrx_word' id='word_1_64' title='bbox 1185 874 1557 943; x_wconf 78' lang='lat' dir='ltr'>corporaliter</span> <span class='ocrx_word' id='word_1_65' title='bbox 1619 873 1986 943; x_wconf 86' lang='lat' dir='ltr'>contingitur.</span> 
     </span>
    </p>
   </div>
   <div class='ocr_carea' id='block_1_10' title="bbox 292 962 1989 1035">
    <p class='ocr_par' dir='ltr' id='par_1_10' title="bbox 292 962 1989 1035">
     <span class='ocr_line' id='line_1_10' title="bbox 292 962 1989 1035; baseline -0.002 -18"><span class='ocrx_word' id='word_1_66' title='bbox 292 964 509 1035; x_wconf 82' lang='lat' dir='ltr'>species</span> <span class='ocrx_word' id='word_1_67' title='bbox 539 968 673 1017; x_wconf 89' lang='lat' dir='ltr'>sunt</span> <span class='ocrx_word' id='word_1_68' title='bbox 717 968 989 1017; x_wconf 71' lang='lat' dir='ltr'>creatura:</span> <span class='ocrx_word' id='word_1_69' title='bbox 1022 978 1339 1034; x_wconf 66' lang='lat' dir='ltr'>corporeae;</span> <span class='ocrx_word' id='word_1_70' title='bbox 1372 966 1378 1013; x_wconf 68' lang='grc' dir='ltr'><strong>ἰ</strong></span> <span class='ocrx_word' id='word_1_71' title='bbox 1407 962 1721 1016; x_wconf 91' lang='lat' dir='ltr'>secundum</span> <span class='ocrx_word' id='word_1_72' title='bbox 1778 966 1989 1032; x_wconf 89' lang='lat' dir='ltr'>poten-</span> 
     </span>
    </p>
   </div>
   <div class='ocr_carea' id='block_1_11' title="bbox 291 1050 1993 1124">
    <p class='ocr_par' dir='ltr' id='par_1_11' title="bbox 291 1050 1993 1124">
     <span class='ocr_line' id='line_1_11' title="bbox 291 1050 1993 1124; baseline -0.002 -17"><span class='ocrx_word' id='word_1_73' title='bbox 291 1055 431 1107; x_wconf 91' lang='lat' dir='ltr'>tiam</span> <span class='ocrx_word' id='word_1_74' title='bbox 457 1069 591 1107; x_wconf 91' lang='lat' dir='ltr'>vero</span> <span class='ocrx_word' id='word_1_75' title='bbox 622 1053 775 1124; x_wconf 88' lang='lat' dir='ltr'>quod</span> <span class='ocrx_word' id='word_1_76' title='bbox 813 1052 1149 1123; x_wconf 82' lang='lat' dir='ltr'>spiritaliter</span> <span class='ocrx_word' id='word_1_77' title='bbox 1177 1051 1338 1105; x_wconf 66' lang='lat' dir='ltr'>facta:</span> <span class='ocrx_word' id='word_1_78' title='bbox 1370 1056 1522 1117; x_wconf 89' lang='lat' dir='ltr'>sunt,</span> <span class='ocrx_word' id='word_1_79' title='bbox 1557 1050 1829 1122; x_wconf 87' lang='lat' dir='ltr'>mysteria</span> <span class='ocrx_word' id='word_1_80' title='bbox 1859 1054 1993 1104; x_wconf 87' lang='lat' dir='ltr'>sunt</span> 
     </span>
    </p>
   </div>
   <div class='ocr_carea' id='block_1_12' title="bbox 294 1140 1225 1211">
    <p class='ocr_par' dir='ltr' id='par_1_12' title="bbox 294 1140 1225 1211">
     <span class='ocr_line' id='line_1_12' title="bbox 294 1140 1225 1211; baseline 0 -17"><span class='ocrx_word' id='word_1_81' title='bbox 294 1142 551 1211; x_wconf 89' lang='lat' dir='ltr'>corporis</span> <span class='ocrx_word' id='word_1_82' title='bbox 585 1147 641 1195; x_wconf 89' lang='lat' dir='ltr'>et</span> <span class='ocrx_word' id='word_1_83' title='bbox 672 1140 966 1211; x_wconf 80' lang='lat' dir='ltr'>sanguinis</span> <span class='ocrx_word' id='word_1_84' title='bbox 994 1140 1225 1195; x_wconf 76' lang='lat' dir='ltr'>Christi.</span> 
     </span>
    </p>
   </div>
   <div class='ocr_carea' id='block_1_13' title="bbox 363 1222 1993 1300">
    <p class='ocr_par' dir='ltr' id='par_1_13' title="bbox 363 1222 1993 1300">
     <span class='ocr_line' id='line_1_13' title="bbox 363 1222 1993 1300; baseline -0.001 -15"><span class='ocrx_word' id='word_1_85' title='bbox 363 1231 518 1285; x_wconf 83' lang='lat' dir='ltr'>XVII.</span> <span class='ocrx_word' id='word_1_86' title='bbox 562 1222 998 1284; x_wconf 72' lang='lat' dir='ltr'>Co&#39;nsideremus</span> <span class='ocrx_word' id='word_1_87' title='bbox 1039 1230 1179 1283; x_wconf 86' lang='lat' dir='ltr'>sacri</span> <span class='ocrx_word' id='word_1_88' title='bbox 1219 1230 1435 1284; x_wconf 91' lang='lat' dir='ltr'>fontem</span> <span class='ocrx_word' id='word_1_89' title='bbox 1477 1228 1859 1300; x_wconf 82' lang='lat' dir='ltr'>baptismatis,</span> <span class='ocrx_word' id='word_1_90' title='bbox 1892 1228 1993 1299; x_wconf 86' lang='lat' dir='ltr'>qui</span> 
     </span>
    </p>
   </div>
   <div class='ocr_carea' id='block_1_14' title="bbox 292 1317 1993 1388">
    <p class='ocr_par' dir='ltr' id='par_1_14' title="bbox 292 1317 1993 1388">
     <span class='ocr_line' id='line_1_14' title="bbox 292 1317 1993 1388; baseline -0.001 -16"><span class='ocrx_word' id='word_1_91' title='bbox 292 1318 422 1372; x_wconf 85' lang='lat' dir='ltr'>fons</span> <span class='ocrx_word' id='word_1_92' title='bbox 451 1318 580 1371; x_wconf 63' lang='lat' dir='ltr'>vitae</span> <span class='ocrx_word' id='word_1_93' title='bbox 624 1334 741 1372; x_wconf 90' lang='lat' dir='ltr'>non</span> <span class='ocrx_word' id='word_1_94' title='bbox 791 1317 1077 1372; x_wconf 88' lang='lat' dir='ltr'>immerito</span> <span class='ocrx_word' id='word_1_95' title='bbox 1127 1323 1510 1388; x_wconf 87' lang='lat' dir='ltr'>nuncupatur,</span> <span class='ocrx_word' id='word_1_96' title='bbox 1572 1318 1707 1388; x_wconf 77' lang='lat' dir='ltr'>quia</span> <span class='ocrx_word' id='word_1_97' title='bbox 1757 1317 1993 1371; x_wconf 89' lang='lat' dir='ltr'>descen-</span> 
     </span>
    </p>
   </div>
   <div class='ocr_carea' id='block_1_15' title="bbox 296 1405 1991 1467">
    <p class='ocr_par' dir='ltr' id='par_1_15' title="bbox 296 1405 1991 1467">
     <span class='ocr_line' id='line_1_15' title="bbox 296 1405 1991 1467; baseline -0.001 -8"><span class='ocrx_word' id='word_1_98' title='bbox 296 1407 493 1460; x_wconf 86' lang='lat' dir='ltr'>dentes</span> <span class='ocrx_word' id='word_1_99' title='bbox 523 1406 582 1459; x_wconf 92' lang='lat' dir='ltr'>in</span> <span class='ocrx_word' id='word_1_100' title='bbox 630 1421 689 1459; x_wconf 90' lang='lat' dir='ltr'>se</span> <span class='ocrx_word' id='word_1_101' title='bbox 736 1405 987 1460; x_wconf 88' lang='lat' dir='ltr'>melioris</span> <span class='ocrx_word' id='word_1_102' title='bbox 1025 1406 1156 1460; x_wconf 64' lang='lat' dir='ltr'>vita:</span> <span class='ocrx_word' id='word_1_103' title='bbox 1204 1406 1457 1460; x_wconf 84' lang='lat' dir='ltr'>novitate</span> <span class='ocrx_word' id='word_1_104' title='bbox 1498 1405 1793 1467; x_wconf 81' lang='lat' dir='ltr'>reformat.</span> <span class='ocrx_word' id='word_1_105' title='bbox 1842 1409 1898 1458; x_wconf 90' lang='lat' dir='ltr'>et</span> <span class='ocrx_word' id='word_1_106' title='bbox 1922 1405 1991 1458; x_wconf 91' lang='lat' dir='ltr'>de</span> 
     </span>
    </p>
   </div>
   <div class='ocr_carea' id='block_1_16' title="bbox 293 1495 1989 1564">
    <p class='ocr_par' dir='ltr' id='par_1_16' title="bbox 293 1495 1989 1564">
     <span class='ocr_line' id='line_1_16' title="bbox 293 1495 1989 1564; baseline -0.001 -17"><span class='ocrx_word' id='word_1_107' title='bbox 293 1500 522 1564; x_wconf 90' lang='lat' dir='ltr'>peccato</span> <span class='ocrx_word' id='word_1_108' title='bbox 556 1495 796 1548; x_wconf 86' lang='lat' dir='ltr'>mortuis</span> <span class='ocrx_word' id='word_1_109' title='bbox 826 1495 1077 1548; x_wconf 81' lang='lat' dir='ltr'>viventes</span> <span class='ocrx_word' id='word_1_110' title='bbox 1100 1495 1337 1564; x_wconf 70' lang='lat' dir='ltr'>justitias</span> <span class='ocrx_word' id='word_1_111' title='bbox 1381 1495 1584 1547; x_wconf 89' lang='lat' dir='ltr'>donat:</span> <span class='ocrx_word' id='word_1_112' title='bbox 1619 1510 1757 1547; x_wconf 90' lang='lat' dir='ltr'>num</span> <span class='ocrx_word' id='word_1_113' title='bbox 1791 1509 1989 1547; x_wconf 92' lang='lat' dir='ltr'>secun-</span> 
     </span>
    </p>
   </div>
   <div class='ocr_carea' id='block_1_17' title="bbox 295 1584 1988 1655">
    <p class='ocr_par' dir='ltr' id='par_1_17' title="bbox 295 1584 1988 1655">
     <span class='ocr_line' id='line_1_17' title="bbox 295 1584 1988 1655; baseline -0.001 -18"><span class='ocrx_word' id='word_1_114' title='bbox 295 1585 430 1637; x_wconf 89' lang='lat' dir='ltr'>dum</span> <span class='ocrx_word' id='word_1_115' title='bbox 457 1585 609 1654; x_wconf 90' lang='lat' dir='ltr'>quod</span> <span class='ocrx_word' id='word_1_116' title='bbox 639 1600 803 1655; x_wconf 65' lang='lat' dir='ltr'>aqua:</span> <span class='ocrx_word' id='word_1_117' title='bbox 850 1584 1201 1653; x_wconf 87' lang='lat' dir='ltr'>conspicitur</span> <span class='ocrx_word' id='word_1_118' title='bbox 1248 1586 1596 1637; x_wconf 87' lang='lat' dir='ltr'>elementum</span> <span class='ocrx_word' id='word_1_119' title='bbox 1644 1600 1786 1650; x_wconf 89' lang='lat' dir='ltr'>esse,</span> <span class='ocrx_word' id='word_1_120' title='bbox 1826 1584 1988 1636; x_wconf 87' lang='lat' dir='ltr'>istam</span> 
     </span>
    </p>
   </div>
   <div class='ocr_carea' id='block_1_18' title="bbox 2099 426 3806 497">
    <p class='ocr_par' dir='ltr' id='par_1_18' title="bbox 2099 426 3806 497">
     <span class='ocr_line' id='line_1_18' title="bbox 2099 426 3806 497; baseline -0.002 -16"><span class='ocrx_word' id='word_1_121' title='bbox 2099 428 2249 481; x_wconf 90' lang='lat' dir='ltr'>circo</span> <span class='ocrx_word' id='word_1_122' title='bbox 2283 426 2554 482; x_wconf 87' lang='lat' dir='ltr'>mutabile</span> <span class='ocrx_word' id='word_1_123' title='bbox 2605 432 2776 497; x_wconf 86' lang='lat' dir='ltr'>atque</span> <span class='ocrx_word' id='word_1_124' title='bbox 2824 426 3224 496; x_wconf 67' lang='lat' dir='ltr'>corruptibile;</span> <span class='ocrx_word' id='word_1_125' title='bbox 3277 431 3335 480; x_wconf 89' lang='lat' dir='ltr'>et</span> <span class='ocrx_word' id='word_1_126' title='bbox 3382 443 3584 481; x_wconf 82' lang='lat' dir='ltr'>rursus</span> <span class='ocrx_word' id='word_1_127' title='bbox 3616 426 3806 481; x_wconf 82' lang='lat' dir='ltr'>inesse</span> 
     </span>
    </p>
   </div>
   <div class='ocr_carea' id='block_1_19' title="bbox 2101 516 3801 589">
    <p class='ocr_par' dir='ltr' id='par_1_19' title="bbox 2101 516 3801 589">
     <span class='ocr_line' id='line_1_19' title="bbox 2101 516 3801 589; baseline 0.001 -20"><span class='ocrx_word' id='word_1_128' title='bbox 2101 517 2249 588; x_wconf 92' lang='lat' dir='ltr'>quod</span> <span class='ocrx_word' id='word_1_129' title='bbox 2286 517 2425 571; x_wconf 81' lang='lat' dir='ltr'>fides</span> <span class='ocrx_word' id='word_1_130' title='bbox 2442 517 2562 569; x_wconf 88' lang='lat' dir='ltr'>sola</span> <span class='ocrx_word' id='word_1_131' title='bbox 2583 516 2915 587; x_wconf 87' lang='lat' dir='ltr'>conspiciat,</span> <span class='ocrx_word' id='word_1_132' title='bbox 2942 521 2998 570; x_wconf 90' lang='lat' dir='ltr'>et</span> <span class='ocrx_word' id='word_1_133' title='bbox 3028 517 3155 570; x_wconf 92' lang='lat' dir='ltr'>ideo</span> <span class='ocrx_word' id='word_1_134' title='bbox 3174 533 3277 571; x_wconf 90' lang='lat' dir='ltr'>nec</span> <span class='ocrx_word' id='word_1_135' title='bbox 3297 518 3591 589; x_wconf 88' lang='lat' dir='ltr'>corrumpi</span> <span class='ocrx_word' id='word_1_136' title='bbox 3615 534 3801 588; x_wconf 83' lang='lat' dir='ltr'>posse,</span> 
     </span>
    </p>
   </div>
   <div class='ocr_carea' id='block_1_20' title="bbox 2100 605 3805 678">
    <p class='ocr_par' dir='ltr' id='par_1_20' title="bbox 2100 605 3805 678">
     <span class='ocr_line' id='line_1_20' title="bbox 2100 605 3805 678; baseline 0 -18"><span class='ocrx_word' id='word_1_137' title='bbox 2100 622 2204 660; x_wconf 88' lang='lat' dir='ltr'>nec</span> <span class='ocrx_word' id='word_1_138' title='bbox 2232 606 2362 659; x_wconf 65' lang='lat' dir='ltr'>vitae</span> <span class='ocrx_word' id='word_1_139' title='bbox 2393 605 2698 660; x_wconf 87' lang='lat' dir='ltr'>discrimen</span> <span class='ocrx_word' id='word_1_140' title='bbox 2734 605 3007 675; x_wconf 90' lang='lat' dir='ltr'>accipere.</span> <span class='ocrx_word' id='word_1_141' title='bbox 3049 605 3107 660; x_wconf 85' lang='lat' dir='ltr'>Si</span> <span class='ocrx_word' id='word_1_142' title='bbox 3127 607 3388 678; x_wconf 80' lang='lat' dir='ltr'>requiras</span> <span class='ocrx_word' id='word_1_143' title='bbox 3420 607 3573 677; x_wconf 93' lang='lat' dir='ltr'>quod</span> <span class='ocrx_word' id='word_1_144' title='bbox 3595 624 3805 676; x_wconf 87' lang='lat' dir='ltr'>super-</span> 
     </span>
    </p>
   </div>
   <div class='ocr_carea' id='block_1_21' title="bbox 2102 695 3806 767">
    <p class='ocr_par' dir='ltr' id='par_1_21' title="bbox 2102 695 3806 767">
     <span class='ocr_line' id='line_1_21' title="bbox 2102 695 3806 767; baseline 0 -18"><span class='ocrx_word' id='word_1_145' title='bbox 2102 695 2393 750; x_wconf 81' lang='lat' dir='ltr'>ficietenus</span> <span class='ocrx_word' id='word_1_146' title='bbox 2435 696 2603 763; x_wconf 87' lang='lat' dir='ltr'>lavat,</span> <span class='ocrx_word' id='word_1_147' title='bbox 2656 695 3007 749; x_wconf 83' lang='lat' dir='ltr'>elementum</span> <span class='ocrx_word' id='word_1_148' title='bbox 3051 700 3161 761; x_wconf 90' lang='lat' dir='ltr'>est;</span> <span class='ocrx_word' id='word_1_149' title='bbox 3215 696 3260 748; x_wconf 89' lang='lat' dir='ltr'>si</span> <span class='ocrx_word' id='word_1_150' title='bbox 3310 712 3442 749; x_wconf 87' lang='lat' dir='ltr'>vero</span> <span class='ocrx_word' id='word_1_151' title='bbox 3482 697 3806 767; x_wconf 77' lang='lat' dir='ltr'>perpendes</span> 
     </span>
    </p>
   </div>
   <div class='ocr_carea' id='block_1_22' title="bbox 2100 783 3802 856">
    <p class='ocr_par' dir='ltr' id='par_1_22' title="bbox 2100 783 3802 856">
     <span class='ocr_line' id='line_1_22' title="bbox 2100 783 3802 856; baseline 0.002 -20"><span class='ocrx_word' id='word_1_152' title='bbox 2100 784 2252 856; x_wconf 90' lang='lat' dir='ltr'>quod</span> <span class='ocrx_word' id='word_1_153' title='bbox 2281 783 2521 837; x_wconf 81' lang='lat' dir='ltr'>interius</span> <span class='ocrx_word' id='word_1_154' title='bbox 2545 790 2769 854; x_wconf 89' lang='lat' dir='ltr'>purgat,</span> <span class='ocrx_word' id='word_1_155' title='bbox 2794 783 2970 837; x_wconf 88' lang='lat' dir='ltr'>virtus</span> <span class='ocrx_word' id='word_1_156' title='bbox 3002 784 3186 837; x_wconf 81' lang='lat' dir='ltr'>vitalis</span> <span class='ocrx_word' id='word_1_157' title='bbox 3217 785 3521 850; x_wconf 89' lang='lat' dir='ltr'>cst,virtus</span> <span class='ocrx_word' id='word_1_158' title='bbox 3551 786 3802 839; x_wconf 86' lang='lat' dir='ltr'>sanctili-</span> 
     </span>
    </p>
   </div>
   <div class='ocr_carea' id='block_1_23' title="bbox 2101 872 3806 945">
    <p class='ocr_par' dir='ltr' id='par_1_23' title="bbox 2101 872 3806 945">
     <span class='ocr_line' id='line_1_23' title="bbox 2101 872 3806 945; baseline 0.001 -19"><span class='ocrx_word' id='word_1_159' title='bbox 2101 872 2361 938; x_wconf 76' lang='lat' dir='ltr'>rationis,</span> <span class='ocrx_word' id='word_1_160' title='bbox 2403 872 2583 926; x_wconf 89' lang='lat' dir='ltr'>virtus</span> <span class='ocrx_word' id='word_1_161' title='bbox 2629 872 3099 925; x_wconf 85' lang='lat' dir='ltr'>immortalitatis.</span> <span class='ocrx_word' id='word_1_162' title='bbox 3143 874 3324 943; x_wconf 90' lang='lat' dir='ltr'>Igitur</span> <span class='ocrx_word' id='word_1_163' title='bbox 3354 874 3414 927; x_wconf 90' lang='lat' dir='ltr'>in</span> <span class='ocrx_word' id='word_1_164' title='bbox 3445 875 3806 945; x_wconf 83' lang='lat' dir='ltr'>proprietate</span> 
     </span>
    </p>
   </div>
   <div class='ocr_carea' id='block_1_24' title="bbox 2100 961 3803 1032">
    <p class='ocr_par' dir='ltr' id='par_1_24' title="bbox 2100 961 3803 1032">
     <span class='ocr_line' id='line_1_24' title="bbox 2100 961 3803 1032; baseline -0.001 -16"><span class='ocrx_word' id='word_1_165' title='bbox 2100 963 2309 1016; x_wconf 85' lang='lat' dir='ltr'>humor</span> <span class='ocrx_word' id='word_1_166' title='bbox 2336 961 2739 1032; x_wconf 82' lang='lat' dir='ltr'>corruptibilis,</span> <span class='ocrx_word' id='word_1_167' title='bbox 2767 961 2824 1015; x_wconf 91' lang='lat' dir='ltr'>in</span> <span class='ocrx_word' id='word_1_168' title='bbox 2850 962 3119 1031; x_wconf 84' lang='lat' dir='ltr'>mysterio</span> <span class='ocrx_word' id='word_1_169' title='bbox 3139 978 3271 1016; x_wconf 88' lang='lat' dir='ltr'>vero</span> <span class='ocrx_word' id='word_1_170' title='bbox 3298 964 3482 1017; x_wconf 86' lang='lat' dir='ltr'>virtus</span> <span class='ocrx_word' id='word_1_171' title='bbox 3511 964 3803 1018; x_wconf 86' lang='lat' dir='ltr'>sanabilis.</span> 
     </span>
    </p>
   </div>
   <div class='ocr_carea' id='block_1_25' title="bbox 2170 1050 3809 1122">
    <p class='ocr_par' dir='ltr' id='par_1_25' title="bbox 2170 1050 3809 1122">
     <span class='ocr_line' id='line_1_25' title="bbox 2170 1050 3809 1122; baseline -0.001 -16"><span class='ocrx_word' id='word_1_172' title='bbox 2170 1052 2299 1106; x_wconf 82' lang='lat' dir='ltr'><strong>XIX.</strong></span> <span class='ocrx_word' id='word_1_173' title='bbox 2345 1050 2433 1105; x_wconf 91' lang='lat' dir='ltr'>Sic</span> <span class='ocrx_word' id='word_1_174' title='bbox 2482 1050 2674 1122; x_wconf 86' lang='lat' dir='ltr'>itaque</span> <span class='ocrx_word' id='word_1_175' title='bbox 2732 1050 2943 1105; x_wconf 87' lang='lat' dir='ltr'>Christi</span> <span class='ocrx_word' id='word_1_176' title='bbox 2974 1067 3180 1122; x_wconf 90' lang='lat' dir='ltr'>corpus</span> <span class='ocrx_word' id='word_1_177' title='bbox 3227 1056 3283 1105; x_wconf 88' lang='lat' dir='ltr'>et</span> <span class='ocrx_word' id='word_1_178' title='bbox 3316 1052 3554 1122; x_wconf 86' lang='lat' dir='ltr'>sanguis</span> <span class='ocrx_word' id='word_1_179' title='bbox 3605 1068 3809 1121; x_wconf 84' lang='lat' dir='ltr'>snper-</span> 
     </span>
    </p>
   </div>
   <div class='ocr_carea' id='block_1_26' title="bbox 2100 1138 3805 1204">
    <p class='ocr_par' dir='ltr' id='par_1_26' title="bbox 2100 1138 3805 1204">
     <span class='ocr_line' id='line_1_26' title="bbox 2100 1138 3805 1204; baseline 0 -11"><span class='ocrx_word' id='word_1_180' title='bbox 2100 1139 2397 1193; x_wconf 81' lang='lat' dir='ltr'>ticietenus</span> <span class='ocrx_word' id='word_1_181' title='bbox 2477 1138 2855 1204; x_wconf 87' lang='lat' dir='ltr'>considerata,</span> <span class='ocrx_word' id='word_1_182' title='bbox 2932 1145 3192 1193; x_wconf 86' lang='lat' dir='ltr'>creatura</span> <span class='ocrx_word' id='word_1_183' title='bbox 3268 1146 3351 1194; x_wconf 88' lang='lat' dir='ltr'>est</span> <span class='ocrx_word' id='word_1_184' title='bbox 3428 1141 3805 1195; x_wconf 89' lang='lat' dir='ltr'>mutabilitati</span> 
     </span>
    </p>
   </div>
   <div class='ocr_carea' id='block_1_27' title="bbox 2100 1227 3807 1301">
    <p class='ocr_par' dir='ltr' id='par_1_27' title="bbox 2100 1227 3807 1301">
     <span class='ocr_line' id='line_1_27' title="bbox 2100 1227 3807 1301; baseline 0 -19"><span class='ocrx_word' id='word_1_185' title='bbox 2100 1229 2556 1299; x_wconf 71' lang='lat' dir='ltr'>corruptelieque</span> <span class='ocrx_word' id='word_1_186' title='bbox 2608 1227 2879 1298; x_wconf 88' lang='lat' dir='ltr'>subjecta.</span> <span class='ocrx_word' id='word_1_187' title='bbox 2916 1228 2974 1283; x_wconf 90' lang='lat' dir='ltr'>Si</span> <span class='ocrx_word' id='word_1_188' title='bbox 3008 1229 3265 1300; x_wconf 83' lang='lat' dir='ltr'>mysterii</span> <span class='ocrx_word' id='word_1_189' title='bbox 3312 1246 3449 1283; x_wconf 85' lang='lat' dir='ltr'>vero</span> <span class='ocrx_word' id='word_1_190' title='bbox 3481 1230 3807 1301; x_wconf 77' lang='lat' dir='ltr'>perpendes</span> 
     </span>
    </p>
   </div>
   <div class='ocr_carea' id='block_1_28' title="bbox 2100 1316 3809 1388">
    <p class='ocr_par' dir='ltr' id='par_1_28' title="bbox 2100 1316 3809 1388">
     <span class='ocr_line' id='line_1_28' title="bbox 2100 1316 3809 1388; baseline 0.001 -19"><span class='ocrx_word' id='word_1_191' title='bbox 2100 1317 2391 1381; x_wconf 76' lang='lat' dir='ltr'>virtutem,</span> <span class='ocrx_word' id='word_1_192' title='bbox 2430 1317 2543 1370; x_wconf 88' lang='lat' dir='ltr'>vita</span> <span class='ocrx_word' id='word_1_193' title='bbox 2574 1322 2658 1370; x_wconf 90' lang='lat' dir='ltr'>est</span> <span class='ocrx_word' id='word_1_194' title='bbox 2685 1316 3160 1388; x_wconf 89' lang='lat' dir='ltr'>participautibus</span> <span class='ocrx_word' id='word_1_195' title='bbox 3192 1335 3248 1372; x_wconf 90' lang='lat' dir='ltr'>se</span> <span class='ocrx_word' id='word_1_196' title='bbox 3278 1319 3537 1373; x_wconf 86' lang='lat' dir='ltr'>tribuens</span> <span class='ocrx_word' id='word_1_197' title='bbox 3579 1319 3809 1373; x_wconf 89' lang='lat' dir='ltr'>immor-</span> 
     </span>
    </p>
   </div>
   <div class='ocr_carea' id='block_1_29' title="bbox 2102 1405 3806 1479">
    <p class='ocr_par' dir='ltr' id='par_1_29' title="bbox 2102 1405 3806 1479">
     <span class='ocr_line' id='line_1_29' title="bbox 2102 1405 3806 1479; baseline 0.001 -19"><span class='ocrx_word' id='word_1_198' title='bbox 2102 1407 2401 1460; x_wconf 88' lang='lat' dir='ltr'>talitatem.</span> <span class='ocrx_word' id='word_1_199' title='bbox 2448 1405 2471 1440; x_wconf 75' lang='grc' dir='ltr'>δ</span> <span class='ocrx_word' id='word_1_200' title='bbox 2512 1407 2633 1459; x_wconf 84' lang='lat' dir='ltr'>Non</span> <span class='ocrx_word' id='word_1_201' title='bbox 2679 1422 2815 1476; x_wconf 84' lang='lat' dir='ltr'>ergo</span> <span class='ocrx_word' id='word_1_202' title='bbox 2865 1411 3000 1460; x_wconf 92' lang='lat' dir='ltr'>sunt</span> <span class='ocrx_word' id='word_1_203' title='bbox 3044 1406 3198 1460; x_wconf 90' lang='lat' dir='ltr'>idem</span> <span class='ocrx_word' id='word_1_204' title='bbox 3263 1407 3414 1479; x_wconf 90' lang='lat' dir='ltr'>quod</span> <span class='ocrx_word' id='word_1_205' title='bbox 3466 1414 3806 1471; x_wconf 87' lang='lat' dir='ltr'>cernuntur,</span> 
     </span>
    </p>
   </div>
   <div class='ocr_carea' id='block_1_30' title="bbox 2102 1494 3809 1566">
    <p class='ocr_par' dir='ltr' id='par_1_30' title="bbox 2102 1494 3809 1566">
     <span class='ocr_line' id='line_1_30' title="bbox 2102 1494 3809 1566; baseline -0.001 -18"><span class='ocrx_word' id='word_1_206' title='bbox 2102 1498 2158 1548; x_wconf 91' lang='lat' dir='ltr'>et</span> <span class='ocrx_word' id='word_1_207' title='bbox 2186 1494 2337 1566; x_wconf 89' lang='lat' dir='ltr'>quod</span> <span class='ocrx_word' id='word_1_208' title='bbox 2370 1494 2709 1550; x_wconf 90' lang='lat' dir='ltr'>creduntur.</span> <span class='ocrx_word' id='word_1_209' title='bbox 2758 1494 3079 1548; x_wconf 87' lang='lat' dir='ltr'>Secundum</span> <span class='ocrx_word' id='word_1_210' title='bbox 3112 1494 3267 1548; x_wconf 91' lang='lat' dir='ltr'>enim</span> <span class='ocrx_word' id='word_1_211' title='bbox 3298 1496 3449 1566; x_wconf 89' lang='lat' dir='ltr'>quod</span> <span class='ocrx_word' id='word_1_212' title='bbox 3488 1502 3809 1549; x_wconf 86' lang='lat' dir='ltr'>cernuntur</span> 
     </span>
    </p>
   </div>
   <div class='ocr_carea' id='block_1_31' title="bbox 2102 1582 3804 1655">
    <p class='ocr_par' dir='ltr' id='par_1_31' title="bbox 2102 1582 3804 1655">
     <span class='ocr_line' id='line_1_31' title="bbox 2102 1582 3804 1655; baseline 0.001 -18"><span class='ocrx_word' id='word_1_213' title='bbox 2102 1600 2306 1653; x_wconf 89' lang='lat' dir='ltr'>corpus</span> <span class='ocrx_word' id='word_1_214' title='bbox 2392 1588 2633 1654; x_wconf 89' lang='lat' dir='ltr'>pascunt</span> <span class='ocrx_word' id='word_1_215' title='bbox 2711 1582 3106 1652; x_wconf 87' lang='lat' dir='ltr'>corruptibile,</span> <span class='ocrx_word' id='word_1_216' title='bbox 3180 1583 3303 1653; x_wconf 90' lang='lat' dir='ltr'>ipsa</span> <span class='ocrx_word' id='word_1_217' title='bbox 3373 1585 3804 1655; x_wconf 78' lang='lat' dir='ltr'>corruptibilis:</span> 
     </span>
    </p>
   </div>
   <div class='ocr_carea' id='block_1_32' title="bbox 296 1650 3808 1743">
    <p class='ocr_par' dir='ltr' id='par_1_32' title="bbox 296 1650 3808 1743">
     <span class='ocr_line' id='line_1_32' title="bbox 296 1650 3808 1743; baseline 0 -18"><span class='ocrx_word' id='word_1_218' title='bbox 296 1672 609 1741; x_wconf 87' lang='lat' dir='ltr'>potentiam</span> <span class='ocrx_word' id='word_1_219' title='bbox 640 1673 877 1726; x_wconf 83' lang='lat' dir='ltr'>obtinet.</span> <span class='ocrx_word' id='word_1_220' title='bbox 905 1676 1171 1726; x_wconf 83' lang='lat' dir='ltr'>Attamen</span> <span class='ocrx_word' id='word_1_221' title='bbox 1200 1672 1309 1725; x_wconf 85' lang='lat' dir='ltr'>nisi</span> <span class='ocrx_word' id='word_1_222' title='bbox 1335 1672 1795 1726; x_wconf 83' lang='lat' dir='ltr'>sanctificationis</span> <span class='ocrx_word' id='word_1_223' title='bbox 1815 1672 1992 1725; x_wconf 89' lang='lat' dir='ltr'>virtu-</span> <span class='ocrx_word' id='word_1_224' title='bbox 2025 1650 2065 1704; x_wconf 74' lang='grc' dir='ltr'><strong>Β</strong></span> <span class='ocrx_word' id='word_1_225' title='bbox 2105 1672 2419 1726; x_wconf 87' lang='lat' dir='ltr'>secundum</span> <span class='ocrx_word' id='word_1_226' title='bbox 2472 1688 2606 1725; x_wconf 91' lang='lat' dir='ltr'>vero</span> <span class='ocrx_word' id='word_1_227' title='bbox 2649 1671 2799 1743; x_wconf 90' lang='lat' dir='ltr'>quod</span> <span class='ocrx_word' id='word_1_228' title='bbox 2851 1671 3159 1725; x_wconf 88' lang='lat' dir='ltr'>creduntur</span> <span class='ocrx_word' id='word_1_229' title='bbox 3202 1672 3422 1726; x_wconf 89' lang='lat' dir='ltr'>animas</span> <span class='ocrx_word' id='word_1_230' title='bbox 3467 1678 3718 1743; x_wconf 88' lang='lat' dir='ltr'>pascunt</span> <span class='ocrx_word' id='word_1_231' title='bbox 3750 1674 3808 1726; x_wconf 90' lang='lat' dir='ltr'>in</span> 
     </span>
    </p>
   </div>
   <div class='ocr_carea' id='block_1_33' title="bbox 293 1760 1995 1831">
    <p class='ocr_par' dir='ltr' id='par_1_33' title="bbox 293 1760 1995 1831">
     <span class='ocr_line' id='line_1_33' title="bbox 293 1760 1995 1831; baseline -0.001 -17"><span class='ocrx_word' id='word_1_232' title='bbox 293 1766 408 1814; x_wconf 90' lang='lat' dir='ltr'>tem</span> <span class='ocrx_word' id='word_1_233' title='bbox 463 1760 778 1827; x_wconf 88' lang='lat' dir='ltr'>obtineret,</span> <span class='ocrx_word' id='word_1_234' title='bbox 829 1760 1012 1813; x_wconf 84' lang='lat' dir='ltr'>labem</span> <span class='ocrx_word' id='word_1_235' title='bbox 1062 1760 1335 1813; x_wconf 90' lang='lat' dir='ltr'>vitiorum</span> <span class='ocrx_word' id='word_1_236' title='bbox 1382 1776 1743 1831; x_wconf 86' lang='lat' dir='ltr'>nequaquam</span> <span class='ocrx_word' id='word_1_237' title='bbox 1777 1760 1995 1814; x_wconf 90' lang='lat' dir='ltr'>diluere</span> 
     </span>
    </p>
   </div>
   <div class='ocr_carea' id='block_1_34' title="bbox 295 1848 1995 1920">
    <p class='ocr_par' dir='ltr' id='par_1_34' title="bbox 295 1848 1995 1920">
     <span class='ocr_line' id='line_1_34' title="bbox 295 1848 1995 1920; baseline 0 -19"><span class='ocrx_word' id='word_1_238' title='bbox 295 1852 511 1920; x_wconf 89' lang='lat' dir='ltr'>posset;</span> <span class='ocrx_word' id='word_1_239' title='bbox 558 1853 615 1902; x_wconf 91' lang='lat' dir='ltr'>et</span> <span class='ocrx_word' id='word_1_240' title='bbox 640 1848 750 1901; x_wconf 88' lang='lat' dir='ltr'>nisi</span> <span class='ocrx_word' id='word_1_241' title='bbox 779 1848 1034 1917; x_wconf 81' lang='lat' dir='ltr'>vigorem</span> <span class='ocrx_word' id='word_1_242' title='bbox 1083 1849 1213 1902; x_wconf 75' lang='lat' dir='ltr'>vitm</span> <span class='ocrx_word' id='word_1_243' title='bbox 1263 1850 1606 1915; x_wconf 88' lang='lat' dir='ltr'>contineret,</span> <span class='ocrx_word' id='word_1_244' title='bbox 1642 1850 1798 1903; x_wconf 91' lang='lat' dir='ltr'>nullo</span> <span class='ocrx_word' id='word_1_245' title='bbox 1826 1849 1995 1903; x_wconf 91' lang='lat' dir='ltr'>modo</span> 
     </span>
    </p>
   </div>
   <div class='ocr_carea' id='block_1_35' title="bbox 294 1938 1993 2007">
    <p class='ocr_par' dir='ltr' id='par_1_35' title="bbox 294 1938 1993 2007">
     <span class='ocr_line' id='line_1_35' title="bbox 294 1938 1993 2007; baseline -0.001 -15"><span class='ocrx_word' id='word_1_246' title='bbox 294 1938 535 1992; x_wconf 88' lang='lat' dir='ltr'>mortuis</span> <span class='ocrx_word' id='word_1_247' title='bbox 584 1942 857 2007; x_wconf 68' lang='lat' dir='ltr'>praestare</span> <span class='ocrx_word' id='word_1_248' title='bbox 906 1939 1079 1991; x_wconf 85' lang='lat' dir='ltr'>vitam</span> <span class='ocrx_word' id='word_1_249' title='bbox 1112 1938 1345 2005; x_wconf 83' lang='lat' dir='ltr'>valeret,</span> <span class='ocrx_word' id='word_1_250' title='bbox 1379 1938 1623 1991; x_wconf 89' lang='lat' dir='ltr'>mortuis</span> <span class='ocrx_word' id='word_1_251' title='bbox 1655 1941 1845 1991; x_wconf 89' lang='lat' dir='ltr'>autem</span> <span class='ocrx_word' id='word_1_252' title='bbox 1878 1954 1993 1991; x_wconf 93' lang='lat' dir='ltr'>non</span> 
     </span>
    </p>
   </div>
   <div class='ocr_carea' id='block_1_36' title="bbox 293 2025 1995 2094">
    <p class='ocr_par' dir='ltr' id='par_1_36' title="bbox 293 2025 1995 2094">
     <span class='ocr_line' id='line_1_36' title="bbox 293 2025 1995 2094; baseline -0.001 -14"><span class='ocrx_word' id='word_1_253' title='bbox 293 2042 481 2094; x_wconf 90' lang='lat' dir='ltr'>carne,</span> <span class='ocrx_word' id='word_1_254' title='bbox 526 2027 621 2080; x_wconf 88' lang='lat' dir='ltr'>sed</span> <span class='ocrx_word' id='word_1_255' title='bbox 654 2026 864 2080; x_wconf 88' lang='lat' dir='ltr'>anima.</span> <span class='ocrx_word' id='word_1_256' title='bbox 902 2027 963 2080; x_wconf 93' lang='lat' dir='ltr'><strong>In</strong></span> <span class='ocrx_word' id='word_1_257' title='bbox 1012 2042 1078 2080; x_wconf 92' lang='lat' dir='ltr'>eo</span> <span class='ocrx_word' id='word_1_258' title='bbox 1109 2032 1296 2080; x_wconf 88' lang='lat' dir='ltr'>tamen</span> <span class='ocrx_word' id='word_1_259' title='bbox 1332 2026 1489 2080; x_wconf 86' lang='lat' dir='ltr'>fonte</span> <span class='ocrx_word' id='word_1_260' title='bbox 1522 2027 1566 2079; x_wconf 87' lang='lat' dir='ltr'>si</span> <span class='ocrx_word' id='word_1_261' title='bbox 1600 2025 1995 2080; x_wconf 86' lang='lat' dir='ltr'>consideretur</span> 
     </span>
    </p>
   </div>
   <div class='ocr_carea' id='block_1_37' title="bbox 295 2115 1994 2187">
    <p class='ocr_par' dir='ltr' id='par_1_37' title="bbox 295 2115 1994 2187">
     <span class='ocr_line' id='line_1_37' title="bbox 295 2115 1994 2187; baseline 0 -19"><span class='ocrx_word' id='word_1_262' title='bbox 295 2116 655 2170; x_wconf 89' lang='lat' dir='ltr'>solummodo</span> <span class='ocrx_word' id='word_1_263' title='bbox 690 2116 841 2187; x_wconf 90' lang='lat' dir='ltr'>quod</span> <span class='ocrx_word' id='word_1_264' title='bbox 886 2131 1194 2186; x_wconf 88' lang='lat' dir='ltr'>corporeus</span> <span class='ocrx_word' id='word_1_265' title='bbox 1223 2115 1427 2186; x_wconf 87' lang='lat' dir='ltr'>aspicit</span> <span class='ocrx_word' id='word_1_266' title='bbox 1470 2132 1689 2182; x_wconf 90' lang='lat' dir='ltr'>sensus,</span> <span class='ocrx_word' id='word_1_267' title='bbox 1734 2116 1994 2169; x_wconf 86' lang='lat' dir='ltr'>elemen-</span> 
     </span>
    </p>
   </div>
   <div class='ocr_carea' id='block_1_38' title="bbox 295 2204 1992 2275">
    <p class='ocr_par' dir='ltr' id='par_1_38' title="bbox 295 2204 1992 2275">
     <span class='ocr_line' id='line_1_38' title="bbox 295 2204 1992 2275; baseline 0 -18"><span class='ocrx_word' id='word_1_268' title='bbox 295 2209 416 2258; x_wconf 89' lang='lat' dir='ltr'>tum</span> <span class='ocrx_word' id='word_1_269' title='bbox 452 2204 692 2259; x_wconf 80' lang='lat' dir='ltr'>iluidum</span> <span class='ocrx_word' id='word_1_270' title='bbox 724 2205 1092 2275; x_wconf 87' lang='lat' dir='ltr'>conspicitur,</span> <span class='ocrx_word' id='word_1_271' title='bbox 1124 2205 1477 2275; x_wconf 87' lang='lat' dir='ltr'>corruptioni</span> <span class='ocrx_word' id='word_1_272' title='bbox 1510 2206 1828 2275; x_wconf 80' lang='lat' dir='ltr'>subjectum</span> <span class='ocrx_word' id='word_1_273' title='bbox 1888 2220 1992 2258; x_wconf 90' lang='lat' dir='ltr'>nec</span> 
     </span>
    </p>
   </div>
   <div class='ocr_carea' id='block_1_39' title="bbox 293 2293 1995 2365">
    <p class='ocr_par' dir='ltr' id='par_1_39' title="bbox 293 2293 1995 2365">
     <span class='ocr_line' id='line_1_39' title="bbox 293 2293 1995 2365; baseline 0 -19"><span class='ocrx_word' id='word_1_274' title='bbox 293 2293 403 2347; x_wconf 90' lang='lat' dir='ltr'>nisi</span> <span class='ocrx_word' id='word_1_275' title='bbox 438 2310 679 2363; x_wconf 89' lang='lat' dir='ltr'>corpora</span> <span class='ocrx_word' id='word_1_276' title='bbox 706 2294 931 2347; x_wconf 81' lang='lat' dir='ltr'>lavandi</span> <span class='ocrx_word' id='word_1_277' title='bbox 964 2294 1280 2365; x_wconf 82' lang='lat' dir='ltr'>potentiam</span> <span class='ocrx_word' id='word_1_278' title='bbox 1313 2293 1590 2347; x_wconf 83' lang='lat' dir='ltr'>obtinere.</span> <span class='ocrx_word' id='word_1_279' title='bbox 1624 2294 1731 2348; x_wconf 92' lang='lat' dir='ltr'>Sed</span> <span class='ocrx_word' id='word_1_280' title='bbox 1764 2294 1995 2347; x_wconf 90' lang='lat' dir='ltr'>accessit</span> 
     </span>
    </p>
   </div>
   <div class='ocr_carea' id='block_1_40' title="bbox 294 2382 1991 2453">
    <p class='ocr_par' dir='ltr' id='par_1_40' title="bbox 294 2382 1991 2453">
     <span class='ocr_line' id='line_1_40' title="bbox 294 2382 1991 2453; baseline -0.001 -17"><span class='ocrx_word' id='word_1_281' title='bbox 294 2383 471 2436; x_wconf 86' lang='lat' dir='ltr'>sancti</span> <span class='ocrx_word' id='word_1_282' title='bbox 510 2382 754 2453; x_wconf 88' lang='lat' dir='ltr'>Spiritus</span> <span class='ocrx_word' id='word_1_283' title='bbox 787 2399 888 2451; x_wconf 88' lang='lat' dir='ltr'>per</span> <span class='ocrx_word' id='word_1_284' title='bbox 916 2382 1226 2437; x_wconf 89' lang='lat' dir='ltr'>sacerdotis</span> <span class='ocrx_word' id='word_1_285' title='bbox 1258 2383 1745 2437; x_wconf 90' lang='lat' dir='ltr'>consecrationem</span> <span class='ocrx_word' id='word_1_286' title='bbox 1790 2382 1991 2448; x_wconf 82' lang='lat' dir='ltr'>virtus,</span> 
     </span>
    </p>
   </div>
   <div class='ocr_carea' id='block_1_41' title="bbox 295 2469 1988 2540">
    <p class='ocr_par' dir='ltr' id='par_1_41' title="bbox 295 2469 1988 2540">
     <span class='ocr_line' id='line_1_41' title="bbox 295 2469 1988 2540; baseline -0.001 -18"><span class='ocrx_word' id='word_1_287' title='bbox 295 2475 349 2522; x_wconf 90' lang='lat' dir='ltr'>et</span> <span class='ocrx_word' id='word_1_288' title='bbox 378 2470 574 2522; x_wconf 85' lang='lat' dir='ltr'>eflicax</span> <span class='ocrx_word' id='word_1_289' title='bbox 607 2469 754 2522; x_wconf 85' lang='lat' dir='ltr'>facta</span> <span class='ocrx_word' id='word_1_290' title='bbox 785 2474 868 2523; x_wconf 91' lang='lat' dir='ltr'>est</span> <span class='ocrx_word' id='word_1_291' title='bbox 912 2486 1031 2524; x_wconf 93' lang='lat' dir='ltr'>non</span> <span class='ocrx_word' id='word_1_292' title='bbox 1071 2470 1257 2523; x_wconf 88' lang='lat' dir='ltr'>solum</span> <span class='ocrx_word' id='word_1_293' title='bbox 1291 2486 1551 2540; x_wconf 90' lang='lat' dir='ltr'>corpora,</span> <span class='ocrx_word' id='word_1_294' title='bbox 1587 2484 1786 2523; x_wconf 90' lang='lat' dir='ltr'>verum</span> <span class='ocrx_word' id='word_1_295' title='bbox 1818 2469 1988 2522; x_wconf 89' lang='lat' dir='ltr'>etiam</span> 
     </span>
    </p>
   </div>
   <div class='ocr_carea' id='block_1_42' title="bbox 299 2557 1992 2628">
    <p class='ocr_par' dir='ltr' id='par_1_42' title="bbox 299 2557 1992 2628">
     <span class='ocr_line' id='line_1_42' title="bbox 299 2557 1992 2628; baseline -0.001 -17"><span class='ocrx_word' id='word_1_296' title='bbox 299 2557 518 2611; x_wconf 89' lang='lat' dir='ltr'>animas</span> <span class='ocrx_word' id='word_1_297' title='bbox 549 2557 784 2621; x_wconf 87' lang='lat' dir='ltr'>diluere,</span> <span class='ocrx_word' id='word_1_298' title='bbox 820 2562 876 2611; x_wconf 88' lang='lat' dir='ltr'>et</span> <span class='ocrx_word' id='word_1_299' title='bbox 899 2557 1225 2627; x_wconf 87' lang='lat' dir='ltr'>spirituales</span> <span class='ocrx_word' id='word_1_300' title='bbox 1254 2558 1448 2611; x_wconf 85' lang='lat' dir='ltr'>sordes</span> <span class='ocrx_word' id='word_1_301' title='bbox 1480 2558 1761 2628; x_wconf 88' lang='lat' dir='ltr'>spirituali</span> <span class='ocrx_word' id='word_1_302' title='bbox 1792 2561 1992 2628; x_wconf 91' lang='lat' dir='ltr'>poten-</span> 
     </span>
    </p>
   </div>
   <div class='ocr_carea' id='block_1_43' title="bbox 295 2646 716 2700">
    <p class='ocr_par' dir='ltr' id='par_1_43' title="bbox 295 2646 716 2700">
     <span class='ocr_line' id='line_1_43' title="bbox 295 2646 716 2700; baseline 0 -1"><span class='ocrx_word' id='word_1_303' title='bbox 295 2646 374 2699; x_wconf 88' lang='lat' dir='ltr'>tia</span> <span class='ocrx_word' id='word_1_304' title='bbox 407 2646 716 2700; x_wconf 84' lang='lat' dir='ltr'>dimovere.</span> 
     </span>
    </p>
   </div>
   <div class='ocr_carea' id='block_1_44' title="bbox 364 2733 1992 2805">
    <p class='ocr_par' dir='ltr' id='par_1_44' title="bbox 364 2733 1992 2805">
     <span class='ocr_line' id='line_1_44' title="bbox 364 2733 1992 2805; baseline 0 -16"><span class='ocrx_word' id='word_1_305' title='bbox 364 2735 546 2789; x_wconf 82' lang='lat' dir='ltr'>XVIII.</span> <span class='ocrx_word' id='word_1_306' title='bbox 580 2734 719 2789; x_wconf 88' lang='lat' dir='ltr'>Ecce</span> <span class='ocrx_word' id='word_1_307' title='bbox 750 2734 809 2788; x_wconf 90' lang='lat' dir='ltr'>in</span> <span class='ocrx_word' id='word_1_308' title='bbox 850 2750 963 2788; x_wconf 88' lang='lat' dir='ltr'>uno</span> <span class='ocrx_word' id='word_1_309' title='bbox 1012 2733 1329 2805; x_wconf 90' lang='lat' dir='ltr'>eodemque</span> <span class='ocrx_word' id='word_1_310' title='bbox 1362 2735 1644 2789; x_wconf 90' lang='lat' dir='ltr'>elemento</span> <span class='ocrx_word' id='word_1_311' title='bbox 1679 2735 1792 2790; x_wconf 93' lang='lat' dir='ltr'>duo</span> <span class='ocrx_word' id='word_1_312' title='bbox 1837 2734 1992 2789; x_wconf 86' lang='lat' dir='ltr'>vide-</span> 
     </span>
    </p>
   </div>
   <div class='ocr_carea' id='block_1_45' title="bbox 296 2823 1994 2896">
    <p class='ocr_par' dir='ltr' id='par_1_45' title="bbox 296 2823 1994 2896">
     <span class='ocr_line' id='line_1_45' title="bbox 296 2823 1994 2896; baseline 0 -20"><span class='ocrx_word' id='word_1_313' title='bbox 296 2839 422 2876; x_wconf 89' lang='lat' dir='ltr'>mus</span> <span class='ocrx_word' id='word_1_314' title='bbox 475 2823 657 2877; x_wconf 89' lang='lat' dir='ltr'>inesse</span> <span class='ocrx_word' id='word_1_315' title='bbox 709 2823 816 2877; x_wconf 88' lang='lat' dir='ltr'>sibi</span> <span class='ocrx_word' id='word_1_316' title='bbox 849 2823 1193 2890; x_wconf 86' lang='lat' dir='ltr'>resistentia,</span> <span class='ocrx_word' id='word_1_317' title='bbox 1222 2824 1279 2878; x_wconf 89' lang='lat' dir='ltr'>id</span> <span class='ocrx_word' id='word_1_318' title='bbox 1329 2830 1414 2878; x_wconf 90' lang='lat' dir='ltr'>est</span> <span class='ocrx_word' id='word_1_319' title='bbox 1456 2824 1813 2896; x_wconf 89' lang='lat' dir='ltr'>corruptioni</span> <span class='ocrx_word' id='word_1_320' title='bbox 1857 2823 1994 2877; x_wconf 90' lang='lat' dir='ltr'>sub-</span> 
     </span>
    </p>
   </div>
   <div class='ocr_carea' id='block_1_46' title="bbox 291 2911 1993 2982">
    <p class='ocr_par' dir='ltr' id='par_1_46' title="bbox 291 2911 1993 2982">
     <span class='ocr_line' id='line_1_46' title="bbox 291 2911 1993 2982; baseline 0.001 -18"><span class='ocrx_word' id='word_1_321' title='bbox 291 2912 488 2982; x_wconf 83' lang='lat' dir='ltr'>jacens</span> <span class='ocrx_word' id='word_1_322' title='bbox 538 2911 1027 2982; x_wconf 84' lang='lat' dir='ltr'>incorruptionem</span> <span class='ocrx_word' id='word_1_323' title='bbox 1058 2918 1353 2982; x_wconf 64' lang='lat' dir='ltr'>praestare,</span> <span class='ocrx_word' id='word_1_324' title='bbox 1404 2918 1460 2967; x_wconf 91' lang='lat' dir='ltr'>et</span> <span class='ocrx_word' id='word_1_325' title='bbox 1504 2914 1676 2967; x_wconf 87' lang='lat' dir='ltr'>vitam</span> <span class='ocrx_word' id='word_1_326' title='bbox 1729 2928 1845 2967; x_wconf 91' lang='lat' dir='ltr'>non</span> <span class='ocrx_word' id='word_1_327' title='bbox 1892 2912 1993 2966; x_wconf 86' lang='lat' dir='ltr'>lia-</span> 
     </span>
    </p>
   </div>
   <div class='ocr_carea' id='block_1_47' title="bbox 295 3000 1993 3074">
    <p class='ocr_par' dir='ltr' id='par_1_47' title="bbox 295 3000 1993 3074">
     <span class='ocr_line' id='line_1_47' title="bbox 295 3000 1993 3074; baseline 0.001 -20"><span class='ocrx_word' id='word_1_328' title='bbox 295 3000 437 3054; x_wconf 89' lang='lat' dir='ltr'>bens</span> <span class='ocrx_word' id='word_1_329' title='bbox 484 3000 658 3054; x_wconf 90' lang='lat' dir='ltr'>vitam</span> <span class='ocrx_word' id='word_1_330' title='bbox 720 3001 1102 3056; x_wconf 87' lang='lat' dir='ltr'>contribuere.</span> <span class='ocrx_word' id='word_1_331' title='bbox 1164 3002 1538 3072; x_wconf 81' lang='lat' dir='ltr'>Cognoscitur</span> <span class='ocrx_word' id='word_1_332' title='bbox 1587 3018 1723 3074; x_wconf 90' lang='lat' dir='ltr'>ergo</span> <span class='ocrx_word' id='word_1_333' title='bbox 1770 3003 1833 3056; x_wconf 90' lang='lat' dir='ltr'>in</span> <span class='ocrx_word' id='word_1_334' title='bbox 1886 3000 1993 3055; x_wconf 90' lang='lat' dir='ltr'>isto</span> 
     </span>
    </p>
   </div>
   <div class='ocr_carea' id='block_1_48' title="bbox 296 3140 1994 3212">
    <p class='ocr_par' dir='ltr' id='par_1_48' title="bbox 296 3140 1994 3212">
     <span class='ocr_line' id='line_1_48' title="bbox 296 3140 1994 3212; baseline 0.001 -17"><span class='ocrx_word' id='word_1_335' title='bbox 296 3140 488 3195; x_wconf 89' lang='lat' dir='ltr'>nullus</span> <span class='ocrx_word' id='word_1_336' title='bbox 518 3140 770 3212; x_wconf 85' lang='lat' dir='ltr'>relinqui</span> <span class='ocrx_word' id='word_1_337' title='bbox 792 3145 981 3212; x_wconf 85' lang='lat' dir='ltr'>potest</span> <span class='ocrx_word' id='word_1_338' title='bbox 1006 3143 1075 3196; x_wconf 90' lang='lat' dir='ltr'>de</span> <span class='ocrx_word' id='word_1_339' title='bbox 1105 3143 1372 3198; x_wconf 89' lang='lat' dir='ltr'>concordi</span> <span class='ocrx_word' id='word_1_340' title='bbox 1400 3148 1457 3197; x_wconf 91' lang='lat' dir='ltr'>et</span> <span class='ocrx_word' id='word_1_341' title='bbox 1475 3143 1735 3198; x_wconf 87' lang='lat' dir='ltr'>unanimi</span> <span class='ocrx_word' id='word_1_342' title='bbox 1766 3147 1994 3198; x_wconf 91' lang='lat' dir='ltr'>senten-</span> 
     </span>
    </p>
   </div>
   <div class='ocr_carea' id='block_1_49' title="bbox 296 3213 1995 3285">
    <p class='ocr_par' dir='ltr' id='par_1_49' title="bbox 296 3213 1995 3285">
     <span class='ocr_line' id='line_1_49' title="bbox 296 3213 1995 3285; baseline 0.002 -20"><span class='ocrx_word' id='word_1_343' title='bbox 296 3214 374 3285; x_wconf 84' lang='lat' dir='ltr'>tia</span> <span class='ocrx_word' id='word_1_344' title='bbox 417 3214 734 3285; x_wconf 66' lang='lat' dir='ltr'>Retramni</span> <span class='ocrx_word' id='word_1_345' title='bbox 803 3213 1195 3285; x_wconf 13' lang='lat' dir='ltr'>etVPaschasii</span> <span class='ocrx_word' id='word_1_346' title='bbox 1252 3215 1321 3268; x_wconf 90' lang='lat' dir='ltr'>de</span> <span class='ocrx_word' id='word_1_347' title='bbox 1372 3215 1680 3285; x_wconf 80' lang='lat' dir='ltr'>praesentia</span> <span class='ocrx_word' id='word_1_348' title='bbox 1738 3216 1995 3285; x_wconf 89' lang='lat' dir='ltr'>corporis</span> 
     </span>
    </p>
   </div>
   <div class='ocr_carea' id='block_1_50' title="bbox 298 3282 1730 3356">
    <p class='ocr_par' dir='ltr' id='par_1_50' title="bbox 298 3282 1730 3356">
     <span class='ocr_line' id='line_1_50' title="bbox 298 3282 1730 3356; baseline 0 -18"><span class='ocrx_word' id='word_1_349' title='bbox 298 3282 504 3338; x_wconf 88' lang='lat' dir='ltr'>Christi</span> <span class='ocrx_word' id='word_1_350' title='bbox 536 3288 592 3337; x_wconf 87' lang='lat' dir='ltr'>et</span> <span class='ocrx_word' id='word_1_351' title='bbox 630 3284 927 3355; x_wconf 84' lang='lat' dir='ltr'>sanguinis</span> <span class='ocrx_word' id='word_1_352' title='bbox 951 3284 1011 3338; x_wconf 91' lang='lat' dir='ltr'>in</span> <span class='ocrx_word' id='word_1_353' title='bbox 1048 3282 1412 3339; x_wconf 76' lang='lat' dir='ltr'>Eucharistiae</span> <span class='ocrx_word' id='word_1_354' title='bbox 1443 3288 1730 3356; x_wconf 84' lang='lat' dir='ltr'>mysterio.</span> 
     </span>
    </p>
   </div>
   <div class='ocr_carea' id='block_1_51' title="bbox 366 3390 1997 3459">
    <p class='ocr_par' dir='ltr' id='par_1_51' title="bbox 366 3390 1997 3459">
     <span class='ocr_line' id='line_1_51' title="bbox 366 3390 1997 3459; baseline 0.003 -16"><span class='ocrx_word' id='word_1_355' title='bbox 366 3399 389 3423; x_wconf 78' lang='grc' dir='ltr'>ι</span> <span class='ocrx_word' id='word_1_356' title='bbox 420 3391 538 3444; x_wconf 84' lang='grc' dir='ltr'>Νοη</span> <span class='ocrx_word' id='word_1_357' title='bbox 569 3390 712 3459; x_wconf 83' lang='lat' dir='ltr'>quod</span> <span class='ocrx_word' id='word_1_358' title='bbox 760 3391 994 3445; x_wconf 83' lang='lat' dir='ltr'>duarum</span> <span class='ocrx_word' id='word_1_359' title='bbox 1042 3394 1154 3446; x_wconf 87' lang='lat' dir='ltr'>sint</span> <span class='ocrx_word' id='word_1_360' title='bbox 1196 3395 1494 3447; x_wconf 69' lang='lat' dir='ltr'>emistentia:</span> <span class='ocrx_word' id='word_1_361' title='bbox 1541 3408 1721 3447; x_wconf 80' lang='lat' dir='ltr'>rerum</span> <span class='ocrx_word' id='word_1_362' title='bbox 1759 3392 1903 3447; x_wconf 85' lang='lat' dir='ltr'>inter</span> <span class='ocrx_word' id='word_1_363' title='bbox 1942 3408 1997 3448; x_wconf 87' lang='lat' dir='ltr'>se</span> 
     </span>
    </p>
   </div>
   <div class='ocr_carea' id='block_1_52' title="bbox 296 3460 1995 3533">
    <p class='ocr_par' dir='ltr' id='par_1_52' title="bbox 296 3460 1995 3533">
     <span class='ocr_line' id='line_1_52' title="bbox 296 3460 1995 3533; baseline 0.002 -19"><span class='ocrx_word' id='word_1_364' title='bbox 296 3460 655 3516; x_wconf 81' lang='lat' dir='ltr'>diversarum.</span> <span class='ocrx_word' id='word_1_365' title='bbox 690 3462 745 3516; x_wconf 91' lang='lat' dir='ltr'>Si</span> <span class='ocrx_word' id='word_1_366' title='bbox 776 3464 904 3533; x_wconf 90' lang='lat' dir='ltr'>quis</span> <span class='ocrx_word' id='word_1_367' title='bbox 944 3463 1053 3517; x_wconf 82' lang='lat' dir='ltr'>sibi</span> <span class='ocrx_word' id='word_1_368' title='bbox 1102 3464 1441 3533; x_wconf 89' lang='lat' dir='ltr'>persuadeat</span> <span class='ocrx_word' id='word_1_369' title='bbox 1479 3464 1620 3517; x_wconf 91' lang='lat' dir='ltr'>duas</span> <span class='ocrx_word' id='word_1_370' title='bbox 1666 3464 1995 3518; x_wconf 86' lang='lat' dir='ltr'>existentias</span> 
     </span>
    </p>
   </div>
   <div class='ocr_carea' id='block_1_53' title="bbox 295 3534 1997 3605">
    <p class='ocr_par' dir='ltr' id='par_1_53' title="bbox 295 3534 1997 3605">
     <span class='ocr_line' id='line_1_53' title="bbox 295 3534 1997 3605; baseline 0.002 -19"><span class='ocrx_word' id='word_1_371' title='bbox 295 3549 487 3586; x_wconf 90' lang='lat' dir='ltr'>rerum</span> <span class='ocrx_word' id='word_1_372' title='bbox 536 3534 911 3605; x_wconf 89' lang='lat' dir='ltr'>diversarum,</span> <span class='ocrx_word' id='word_1_373' title='bbox 960 3534 1181 3605; x_wconf 85' lang='lat' dir='ltr'>scilicet</span> <span class='ocrx_word' id='word_1_374' title='bbox 1232 3536 1550 3605; x_wconf 88' lang='lat' dir='ltr'>specierum</span> <span class='ocrx_word' id='word_1_375' title='bbox 1577 3535 1743 3604; x_wconf 89' lang='lat' dir='ltr'>panis</span> <span class='ocrx_word' id='word_1_376' title='bbox 1782 3541 1840 3588; x_wconf 90' lang='lat' dir='ltr'>et</span> <span class='ocrx_word' id='word_1_377' title='bbox 1876 3535 1997 3589; x_wconf 89' lang='lat' dir='ltr'>vini</span> 
     </span>
    </p>
   </div>
   <div class='ocr_carea' id='block_1_54' title="bbox 295 3604 1995 3676">
    <p class='ocr_par' dir='ltr' id='par_1_54' title="bbox 295 3604 1995 3676">
     <span class='ocr_line' id='line_1_54' title="bbox 295 3604 1995 3676; baseline 0.002 -20"><span class='ocrx_word' id='word_1_378' title='bbox 295 3610 349 3657; x_wconf 89' lang='lat' dir='ltr'>et</span> <span class='ocrx_word' id='word_1_379' title='bbox 379 3604 636 3673; x_wconf 90' lang='lat' dir='ltr'>corporis</span> <span class='ocrx_word' id='word_1_380' title='bbox 689 3605 897 3659; x_wconf 80' lang='lat' dir='ltr'>Christi</span> <span class='ocrx_word' id='word_1_381' title='bbox 950 3604 1009 3659; x_wconf 92' lang='lat' dir='ltr'>in</span> <span class='ocrx_word' id='word_1_382' title='bbox 1055 3606 1419 3671; x_wconf 87' lang='lat' dir='ltr'>eucharistia,</span> <span class='ocrx_word' id='word_1_383' title='bbox 1453 3606 1720 3661; x_wconf 87' lang='lat' dir='ltr'>somniat.</span> <span class='ocrx_word' id='word_1_384' title='bbox 1771 3605 1995 3676; x_wconf 87' lang='lat' dir='ltr'>Quippe</span> 
     </span>
    </p>
   </div>
   <div class='ocr_carea' id='block_1_55' title="bbox 296 3676 1994 3747">
    <p class='ocr_par' dir='ltr' id='par_1_55' title="bbox 296 3676 1994 3747">
     <span class='ocr_line' id='line_1_55' title="bbox 296 3676 1994 3747; baseline 0.002 -20"><span class='ocrx_word' id='word_1_385' title='bbox 296 3676 513 3747; x_wconf 80' lang='lat' dir='ltr'>species</span> <span class='ocrx_word' id='word_1_386' title='bbox 574 3676 696 3729; x_wconf 83' lang='lat' dir='ltr'>istae</span> <span class='ocrx_word' id='word_1_387' title='bbox 751 3681 807 3730; x_wconf 89' lang='lat' dir='ltr'>et</span> <span class='ocrx_word' id='word_1_388' title='bbox 863 3692 1071 3746; x_wconf 90' lang='lat' dir='ltr'>corpus</span> <span class='ocrx_word' id='word_1_389' title='bbox 1131 3678 1428 3747; x_wconf 90' lang='lat' dir='ltr'>spirituale</span> <span class='ocrx_word' id='word_1_390' title='bbox 1470 3677 1680 3731; x_wconf 88' lang='lat' dir='ltr'>Christi</span> <span class='ocrx_word' id='word_1_391' title='bbox 1733 3679 1994 3731; x_wconf 83' lang='lat' dir='ltr'>eamdem</span> 
     </span>
    </p>
   </div>
   <div class='ocr_carea' id='block_1_56' title="bbox 292 3746 1993 3815">
    <p class='ocr_par' dir='ltr' id='par_1_56' title="bbox 292 3746 1993 3815">
     <span class='ocr_line' id='line_1_56' title="bbox 292 3746 1993 3815; baseline 0.001 -16"><span class='ocrx_word' id='word_1_392' title='bbox 292 3746 507 3799; x_wconf 84' lang='lat' dir='ltr'>habent</span> <span class='ocrx_word' id='word_1_393' title='bbox 548 3752 603 3800; x_wconf 89' lang='lat' dir='ltr'>et</span> <span class='ocrx_word' id='word_1_394' title='bbox 649 3763 823 3800; x_wconf 90' lang='lat' dir='ltr'>unam</span> <span class='ocrx_word' id='word_1_395' title='bbox 876 3748 930 3801; x_wconf 94' lang='lat' dir='ltr'>in</span> <span class='ocrx_word' id='word_1_396' title='bbox 993 3764 1060 3801; x_wconf 91' lang='lat' dir='ltr'>ea</span> <span class='ocrx_word' id='word_1_397' title='bbox 1137 3750 1517 3815; x_wconf 85' lang='lat' dir='ltr'>existentiam,</span> <span class='ocrx_word' id='word_1_398' title='bbox 1560 3754 1618 3802; x_wconf 90' lang='lat' dir='ltr'>et</span> <span class='ocrx_word' id='word_1_399' title='bbox 1664 3764 1755 3803; x_wconf 90' lang='lat' dir='ltr'>res</span> <span class='ocrx_word' id='word_1_400' title='bbox 1794 3749 1993 3802; x_wconf 90' lang='lat' dir='ltr'>eadem</span> 
     </span>
    </p>
   </div>
   <div class='ocr_carea' id='block_1_57' title="bbox 293 3817 1996 3890">
    <p class='ocr_par' dir='ltr' id='par_1_57' title="bbox 293 3817 1996 3890">
     <span class='ocr_line' id='line_1_57' title="bbox 293 3817 1996 3890; baseline 0.001 -20"><span class='ocrx_word' id='word_1_401' title='bbox 293 3823 427 3870; x_wconf 89' lang='lat' dir='ltr'>sunt</span> <span class='ocrx_word' id='word_1_402' title='bbox 468 3817 572 3890; x_wconf 91' lang='lat' dir='ltr'>sub</span> <span class='ocrx_word' id='word_1_403' title='bbox 617 3818 843 3890; x_wconf 85' lang='lat' dir='ltr'>diverso</span> <span class='ocrx_word' id='word_1_404' title='bbox 893 3824 1187 3890; x_wconf 87' lang='lat' dir='ltr'>respectu:</span> <span class='ocrx_word' id='word_1_405' title='bbox 1221 3821 1435 3873; x_wconf 89' lang='lat' dir='ltr'>scilicet</span> <span class='ocrx_word' id='word_1_406' title='bbox 1473 3835 1602 3890; x_wconf 65' lang='lat' dir='ltr'>quin</span> <span class='ocrx_word' id='word_1_407' title='bbox 1647 3819 1996 3873; x_wconf 87' lang='lat' dir='ltr'>considerari</span> 
     </span>
    </p>
   </div>
   <div class='ocr_carea' id='block_1_58' title="bbox 293 3888 1999 3960">
    <p class='ocr_par' dir='ltr' id='par_1_58' title="bbox 293 3888 1999 3960">
     <span class='ocr_line' id='line_1_58' title="bbox 293 3888 1999 3960; baseline 0.001 -20"><span class='ocrx_word' id='word_1_408' title='bbox 293 3893 349 3960; x_wconf 87' lang='lat' dir='ltr'>et</span> <span class='ocrx_word' id='word_1_409' title='bbox 393 3888 627 3957; x_wconf 88' lang='lat' dir='ltr'>cogitari</span> <span class='ocrx_word' id='word_1_410' title='bbox 680 3894 868 3958; x_wconf 87' lang='lat' dir='ltr'>potest</span> <span class='ocrx_word' id='word_1_411' title='bbox 904 3889 962 3942; x_wconf 91' lang='lat' dir='ltr'>in</span> <span class='ocrx_word' id='word_1_412' title='bbox 990 3888 1287 3960; x_wconf 85' lang='lat' dir='ltr'>quantum</span> <span class='ocrx_word' id='word_1_413' title='bbox 1319 3888 1579 3944; x_wconf 83' lang='lat' dir='ltr'>sensibus</span> <span class='ocrx_word' id='word_1_414' title='bbox 1608 3890 1911 3960; x_wconf 86' lang='lat' dir='ltr'>subjicitur</span> <span class='ocrx_word' id='word_1_415' title='bbox 1942 3895 1999 3942; x_wconf 89' lang='lat' dir='ltr'>et</span> 
     </span>
    </p>
   </div>
   <div class='ocr_carea' id='block_1_59' title="bbox 292 3958 1997 4031">
    <p class='ocr_par' dir='ltr' id='par_1_59' title="bbox 292 3958 1997 4031">
     <span class='ocr_line' id='line_1_59' title="bbox 292 3958 1997 4031; baseline 0.002 -20"><span class='ocrx_word' id='word_1_416' title='bbox 292 3958 348 4011; x_wconf 88' lang='lat' dir='ltr'>in</span> <span class='ocrx_word' id='word_1_417' title='bbox 392 3964 670 4028; x_wconf 89' lang='lat' dir='ltr'>quantum</span> <span class='ocrx_word' id='word_1_418' title='bbox 721 3959 918 4023; x_wconf 88' lang='lat' dir='ltr'>oculis,</span> <span class='ocrx_word' id='word_1_419' title='bbox 968 3958 1247 4025; x_wconf 79' lang='lat' dir='ltr'>recondit,</span> <span class='ocrx_word' id='word_1_420' title='bbox 1293 3963 1440 4013; x_wconf 89' lang='lat' dir='ltr'>velat</span> <span class='ocrx_word' id='word_1_421' title='bbox 1482 3958 1997 4031; x_wconf 50' lang='lat' dir='ltr'>aliquid&#39;spiritale</span> 
     </span>
    </p>
   </div>
   <div class='ocr_carea' id='block_1_60' title="bbox 293 4030 1995 4098">
    <p class='ocr_par' dir='ltr' id='par_1_60' title="bbox 293 4030 1995 4098">
     <span class='ocr_line' id='line_1_60' title="bbox 293 4030 1995 4098; baseline 0.001 -17"><span class='ocrx_word' id='word_1_422' title='bbox 293 4031 446 4098; x_wconf 86' lang='lat' dir='ltr'>quod</span> <span class='ocrx_word' id='word_1_423' title='bbox 483 4030 781 4082; x_wconf 88' lang='lat' dir='ltr'>oculorum</span> <span class='ocrx_word' id='word_1_424' title='bbox 812 4031 993 4082; x_wconf 91' lang='lat' dir='ltr'>aciem</span> <span class='ocrx_word' id='word_1_425' title='bbox 1043 4046 1161 4083; x_wconf 90' lang='lat' dir='ltr'>non</span> <span class='ocrx_word' id='word_1_426' title='bbox 1220 4031 1391 4083; x_wconf 90' lang='lat' dir='ltr'>subit.</span> <span class='ocrx_word' id='word_1_427' title='bbox 1448 4032 1521 4084; x_wconf 86' lang='lat' dir='ltr'>Ex</span> <span class='ocrx_word' id='word_1_428' title='bbox 1570 4031 1657 4083; x_wconf 87' lang='lat' dir='ltr'>his</span> <span class='ocrx_word' id='word_1_429' title='bbox 1699 4030 1995 4084; x_wconf 86' lang='lat' dir='ltr'>consecta-</span> 
     </span>
    </p>
   </div>
   <div class='ocr_carea' id='block_1_61' title="bbox 293 4099 1995 4169">
    <p class='ocr_par' dir='ltr' id='par_1_61' title="bbox 293 4099 1995 4169">
     <span class='ocr_line' id='line_1_61' title="bbox 293 4099 1995 4169; baseline 0.001 -18"><span class='ocrx_word' id='word_1_430' title='bbox 293 4114 465 4152; x_wconf 91' lang='lat' dir='ltr'>neum</span> <span class='ocrx_word' id='word_1_431' title='bbox 499 4099 815 4152; x_wconf 88' lang='lat' dir='ltr'>dilucidum</span> <span class='ocrx_word' id='word_1_432' title='bbox 836 4100 1108 4168; x_wconf 86' lang='lat' dir='ltr'>erumpit,</span> <span class='ocrx_word' id='word_1_433' title='bbox 1138 4116 1347 4169; x_wconf 89' lang='lat' dir='ltr'>corpus</span> <span class='ocrx_word' id='word_1_434' title='bbox 1377 4107 1434 4153; x_wconf 90' lang='lat' dir='ltr'>et</span> <span class='ocrx_word' id='word_1_435' title='bbox 1459 4101 1800 4169; x_wconf 85' lang='lat' dir='ltr'>sanguinem</span> <span class='ocrx_word' id='word_1_436' title='bbox 1836 4100 1995 4155; x_wconf 88' lang='lat' dir='ltr'>Chri-</span> 
     </span>
    </p>
   </div>
   <div class='ocr_carea' id='block_1_62' title="bbox 293 4169 1998 4240">
    <p class='ocr_par' dir='ltr' id='par_1_62' title="bbox 293 4169 1998 4240">
     <span class='ocr_line' id='line_1_62' title="bbox 293 4169 1998 4240; baseline 0.002 -19"><span class='ocrx_word' id='word_1_437' title='bbox 293 4170 363 4222; x_wconf 80' lang='lat' dir='ltr'>sti</span> <span class='ocrx_word' id='word_1_438' title='bbox 390 4184 504 4221; x_wconf 92' lang='lat' dir='ltr'>non</span> <span class='ocrx_word' id='word_1_439' title='bbox 536 4169 776 4222; x_wconf 80' lang='lat' dir='ltr'>existere</span> <span class='ocrx_word' id='word_1_440' title='bbox 816 4170 1015 4223; x_wconf 90' lang='lat' dir='ltr'>eadem</span> <span class='ocrx_word' id='word_1_441' title='bbox 1041 4170 1340 4224; x_wconf 89' lang='lat' dir='ltr'>existentia</span> <span class='ocrx_word' id='word_1_442' title='bbox 1370 4171 1538 4240; x_wconf 89' lang='lat' dir='ltr'>panis</span> <span class='ocrx_word' id='word_1_443' title='bbox 1570 4178 1629 4225; x_wconf 91' lang='lat' dir='ltr'>et</span> <span class='ocrx_word' id='word_1_444' title='bbox 1657 4172 1795 4237; x_wconf 88' lang='lat' dir='ltr'>vini,</span> <span class='ocrx_word' id='word_1_445' title='bbox 1832 4172 1998 4225; x_wconf 90' lang='lat' dir='ltr'>adeo-</span> 
     </span>
    </p>
   </div>
   <div class='ocr_carea' id='block_1_63' title="bbox 293 4242 1991 4310">
    <p class='ocr_par' dir='ltr' id='par_1_63' title="bbox 293 4242 1991 4310">
     <span class='ocr_line' id='line_1_63' title="bbox 293 4242 1991 4310; baseline 0.004 -20"><span class='ocrx_word' id='word_1_446' title='bbox 293 4255 404 4309; x_wconf 91' lang='lat' dir='ltr'>que</span> <span class='ocrx_word' id='word_1_447' title='bbox 452 4245 580 4308; x_wconf 91' lang='lat' dir='ltr'>post</span> <span class='ocrx_word' id='word_1_448' title='bbox 627 4246 1113 4294; x_wconf 79' lang='lat' dir='ltr'>consecrationem</span> <span class='ocrx_word' id='word_1_449' title='bbox 1164 4242 1387 4295; x_wconf 90' lang='lat' dir='ltr'>nullum</span> <span class='ocrx_word' id='word_1_450' title='bbox 1437 4258 1644 4310; x_wconf 88' lang='lat' dir='ltr'>panem</span> <span class='ocrx_word' id='word_1_451' title='bbox 1695 4247 1753 4297; x_wconf 91' lang='lat' dir='ltr'>et</span> <span class='ocrx_word' id='word_1_452' title='bbox 1794 4243 1991 4296; x_wconf 90' lang='lat' dir='ltr'>vinum</span> 
     </span>
    </p>
   </div>
   <div class='ocr_carea' id='block_1_64' title="bbox 292 4310 1995 4384">
    <p class='ocr_par' dir='ltr' id='par_1_64' title="bbox 292 4310 1995 4384">
     <span class='ocr_line' id='line_1_64' title="bbox 292 4310 1995 4384; baseline 0.003 -22"><span class='ocrx_word' id='word_1_453' title='bbox 292 4326 392 4384; x_wconf 71' lang='lat' dir='ltr'>seu</span> <span class='ocrx_word' id='word_1_454' title='bbox 414 4310 801 4384; x_wconf 83' lang='lat' dir='ltr'>substantiam</span> <span class='ocrx_word' id='word_1_455' title='bbox 836 4327 1033 4365; x_wconf 90' lang='lat' dir='ltr'>eorum</span> <span class='ocrx_word' id='word_1_456' title='bbox 1068 4316 1349 4381; x_wconf 64' lang='lat' dir='ltr'>praesente</span> <span class='ocrx_word' id='word_1_457' title='bbox 1372 4328 1605 4383; x_wconf 92' lang='lat' dir='ltr'>corpore</span> <span class='ocrx_word' id='word_1_458' title='bbox 1639 4319 1697 4366; x_wconf 91' lang='lat' dir='ltr'>et</span> <span class='ocrx_word' id='word_1_459' title='bbox 1716 4315 1995 4384; x_wconf 80' lang='lat' dir='ltr'>sanguine</span> 
     </span>
    </p>
   </div>
   <div class='ocr_carea' id='block_1_65' title="bbox 292 4381 1319 4452">
    <p class='ocr_par' dir='ltr' id='par_1_65' title="bbox 292 4381 1319 4452">
     <span class='ocr_line' id='line_1_65' title="bbox 292 4381 1319 4452; baseline 0.001 -17"><span class='ocrx_word' id='word_1_460' title='bbox 292 4381 503 4435; x_wconf 87' lang='lat' dir='ltr'>Christi</span> <span class='ocrx_word' id='word_1_461' title='bbox 535 4382 846 4434; x_wconf 89' lang='lat' dir='ltr'>consistere</span> <span class='ocrx_word' id='word_1_462' title='bbox 879 4387 934 4435; x_wconf 87' lang='lat' dir='ltr'>et</span> <span class='ocrx_word' id='word_1_463' title='bbox 964 4398 1319 4452; x_wconf 85' lang='lat' dir='ltr'>permanere.</span> 
     </span>
    </p>
   </div>
   <div class='ocr_carea' id='block_1_66' title="bbox 364 4487 1995 4560">
    <p class='ocr_par' dir='ltr' id='par_1_66' title="bbox 364 4487 1995 4560">
     <span class='ocr_line' id='line_1_66' title="bbox 364 4487 1995 4560; baseline 0.002 -20"><span class='ocrx_word' id='word_1_464' title='bbox 364 4491 389 4530; x_wconf 65' lang='grc' dir='ltr'>ιι</span> <span class='ocrx_word' id='word_1_465' title='bbox 419 4489 530 4541; x_wconf 80' lang='lat' dir='ltr'>Non</span> <span class='ocrx_word' id='word_1_466' title='bbox 562 4502 695 4560; x_wconf 10' lang='lat' dir='ltr'>ergo,</span> <span class='ocrx_word' id='word_1_467' title='bbox 733 4492 859 4560; x_wconf 83' lang='lat' dir='ltr'>sunt</span> <span class='ocrx_word' id='word_1_468' title='bbox 908 4487 1050 4541; x_wconf 81' lang='lat' dir='ltr'>idem</span> <span class='ocrx_word' id='word_1_469' title='bbox 1102 4489 1247 4557; x_wconf 88' lang='lat' dir='ltr'>quod</span> <span class='ocrx_word' id='word_1_470' title='bbox 1275 4494 1569 4542; x_wconf 81' lang='lat' dir='ltr'>cernuntur</span> <span class='ocrx_word' id='word_1_471' title='bbox 1613 4494 1663 4543; x_wconf 90' lang='lat' dir='ltr'>et</span> <span class='ocrx_word' id='word_1_472' title='bbox 1708 4490 1853 4560; x_wconf 88' lang='lat' dir='ltr'>quod</span> <span class='ocrx_word' id='word_1_473' title='bbox 1882 4506 1995 4544; x_wconf 86' lang='lat' dir='ltr'>cre-</span> 
     </span>
    </p>
   </div>
   <div class='ocr_carea' id='block_1_67' title="bbox 292 4558 1995 4628">
    <p class='ocr_par' dir='ltr' id='par_1_67' title="bbox 292 4558 1995 4628">
     <span class='ocr_line' id='line_1_67' title="bbox 292 4558 1995 4628; baseline 0.002 -17"><span class='ocrx_word' id='word_1_474' title='bbox 292 4559 519 4612; x_wconf 83' lang='lat' dir='ltr'>duntur.</span> <span class='ocrx_word' id='word_1_475' title='bbox 560 4560 633 4612; x_wconf 80' lang='lat' dir='ltr'>Ex</span> <span class='ocrx_word' id='word_1_476' title='bbox 686 4558 773 4610; x_wconf 86' lang='lat' dir='ltr'>his</span> <span class='ocrx_word' id='word_1_477' title='bbox 809 4564 963 4628; x_wconf 87' lang='lat' dir='ltr'>patet</span> <span class='ocrx_word' id='word_1_478' title='bbox 995 4560 1276 4624; x_wconf 74' lang='lat' dir='ltr'>integram</span> <span class='ocrx_word' id='word_1_479' title='bbox 1318 4558 1899 4614; x_wconf 52' lang='lat' dir='ltr'>diti‘erentiam&#39;inter</span> <span class='ocrx_word' id='word_1_480' title='bbox 1928 4578 1995 4615; x_wconf 90' lang='lat' dir='ltr'>ea</span> 
     </span>
    </p>
   </div>
   <div class='ocr_carea' id='block_1_68' title="bbox 292 4630 1994 4701">
    <p class='ocr_par' dir='ltr' id='par_1_68' title="bbox 292 4630 1994 4701">
     <span class='ocr_line' id='line_1_68' title="bbox 292 4630 1994 4701; baseline 0.002 -20"><span class='ocrx_word' id='word_1_481' title='bbox 292 4646 420 4701; x_wconf 69' lang='lat' dir='ltr'>qua:</span> <span class='ocrx_word' id='word_1_482' title='bbox 471 4636 890 4701; x_wconf 82' lang='lat' dir='ltr'>cernunturet</span> <span class='ocrx_word' id='word_1_483' title='bbox 920 4646 1047 4696; x_wconf 87' lang='lat' dir='ltr'>quae</span> <span class='ocrx_word' id='word_1_484' title='bbox 1088 4630 1401 4683; x_wconf 91' lang='lat' dir='ltr'>creduntur</span> <span class='ocrx_word' id='word_1_485' title='bbox 1451 4631 1508 4683; x_wconf 90' lang='lat' dir='ltr'>in</span> <span class='ocrx_word' id='word_1_486' title='bbox 1562 4632 1831 4701; x_wconf 83' lang='lat' dir='ltr'>mysterio</span> <span class='ocrx_word' id='word_1_487' title='bbox 1878 4648 1994 4685; x_wconf 89' lang='lat' dir='ltr'>non</span> 
     </span>
    </p>
   </div>
   <div class='ocr_carea' id='block_1_69' title="bbox 292 4699 1991 4770">
    <p class='ocr_par' dir='ltr' id='par_1_69' title="bbox 292 4699 1991 4770">
     <span class='ocr_line' id='line_1_69' title="bbox 292 4699 1991 4770; baseline 0.002 -17"><span class='ocrx_word' id='word_1_488' title='bbox 292 4699 594 4770; x_wconf 80' lang='lat' dir='ltr'>erumpere</span> <span class='ocrx_word' id='word_1_489' title='bbox 641 4716 703 4753; x_wconf 85' lang='lat' dir='ltr'>ex</span> <span class='ocrx_word' id='word_1_490' title='bbox 759 4699 983 4753; x_wconf 87' lang='lat' dir='ltr'>diversa</span> <span class='ocrx_word' id='word_1_491' title='bbox 1036 4701 1358 4767; x_wconf 82' lang='lat' dir='ltr'>cxistentia,</span> <span class='ocrx_word' id='word_1_492' title='bbox 1403 4706 1465 4754; x_wconf 89' lang='lat' dir='ltr'>ut</span> <span class='ocrx_word' id='word_1_493' title='bbox 1512 4699 1641 4755; x_wconf 81' lang='lat' dir='ltr'>mox</span> <span class='ocrx_word' id='word_1_494' title='bbox 1689 4702 1858 4767; x_wconf 83' lang='lat' dir='ltr'>dixit;</span> <span class='ocrx_word' id='word_1_495' title='bbox 1895 4703 1991 4757; x_wconf 91' lang='lat' dir='ltr'>sed</span> 
     </span>
    </p>
   </div>
   <div class='ocr_carea' id='block_1_70' title="bbox 293 4770 1994 4842">
    <p class='ocr_par' dir='ltr' id='par_1_70' title="bbox 293 4770 1994 4842">
     <span class='ocr_line' id='line_1_70' title="bbox 293 4770 1994 4842; baseline 0.002 -19"><span class='ocrx_word' id='word_1_496' title='bbox 293 4787 355 4823; x_wconf 85' lang='lat' dir='ltr'>ex</span> <span class='ocrx_word' id='word_1_497' title='bbox 385 4773 606 4824; x_wconf 86' lang='lat' dir='ltr'>diverso</span> <span class='ocrx_word' id='word_1_498' title='bbox 640 4776 895 4841; x_wconf 87' lang='lat' dir='ltr'>respectu</span> <span class='ocrx_word' id='word_1_499' title='bbox 947 4770 1051 4824; x_wconf 90' lang='lat' dir='ltr'>sub</span> <span class='ocrx_word' id='word_1_500' title='bbox 1100 4788 1213 4842; x_wconf 88' lang='lat' dir='ltr'>quo</span> <span class='ocrx_word' id='word_1_501' title='bbox 1243 4788 1333 4824; x_wconf 88' lang='lat' dir='ltr'>res</span> <span class='ocrx_word' id='word_1_502' title='bbox 1364 4772 1563 4825; x_wconf 87' lang='lat' dir='ltr'>eadem</span> <span class='ocrx_word' id='word_1_503' title='bbox 1614 4774 1851 4839; x_wconf 79' lang='lat' dir='ltr'>cogitari</span> <span class='ocrx_word' id='word_1_504' title='bbox 1885 4790 1994 4842; x_wconf 91' lang='lat' dir='ltr'>po—</span> 
     </span>
    </p>
   </div>
   <div class='ocr_carea' id='block_1_71' title="bbox 293 4842 1995 4912">
    <p class='ocr_par' dir='ltr' id='par_1_71' title="bbox 293 4842 1995 4912">
     <span class='ocr_line' id='line_1_71' title="bbox 293 4842 1995 4912; baseline 0.002 -19"><span class='ocrx_word' id='word_1_505' title='bbox 293 4847 399 4893; x_wconf 84' lang='lat' dir='ltr'>test</span> <span class='ocrx_word' id='word_1_506' title='bbox 433 4848 489 4895; x_wconf 89' lang='lat' dir='ltr'>et</span> <span class='ocrx_word' id='word_1_507' title='bbox 536 4845 793 4912; x_wconf 86' lang='lat' dir='ltr'>rependi.</span> <span class='ocrx_word' id='word_1_508' title='bbox 841 4842 1026 4907; x_wconf 87' lang='lat' dir='ltr'>Quare</span> <span class='ocrx_word' id='word_1_509' title='bbox 1084 4843 1221 4896; x_wconf 83' lang='lat' dir='ltr'>dicit</span> <span class='ocrx_word' id='word_1_510' title='bbox 1262 4844 1635 4897; x_wconf 81' lang='lat' dir='ltr'>Ratramnus:</span> <span class='ocrx_word' id='word_1_511' title='bbox 1671 4845 1759 4897; x_wconf 80' lang='lat' dir='ltr'>Sic</span> <span class='ocrx_word' id='word_1_512' title='bbox 1808 4846 1995 4911; x_wconf 78' lang='lat' dir='ltr'>itaque</span> 
     </span>
    </p>
   </div>
   <div class='ocr_carea' id='block_1_72' title="bbox 295 4912 1991 4983">
    <p class='ocr_par' dir='ltr' id='par_1_72' title="bbox 295 4912 1991 4983">
     <span class='ocr_line' id='line_1_72' title="bbox 295 4912 1991 4983; baseline 0.004 -20"><span class='ocrx_word' id='word_1_513' title='bbox 295 4912 498 4965; x_wconf 80' lang='lat' dir='ltr'>Christi</span> <span class='ocrx_word' id='word_1_514' title='bbox 548 4929 740 4981; x_wconf 83' lang='lat' dir='ltr'>corpus</span> <span class='ocrx_word' id='word_1_515' title='bbox 767 4919 815 4967; x_wconf 84' lang='lat' dir='ltr'>et</span> <span class='ocrx_word' id='word_1_516' title='bbox 863 4919 1088 4977; x_wconf 80' lang='lat' dir='ltr'>sanguis</span> <span class='ocrx_word' id='word_1_517' title='bbox 1118 4917 1400 4983; x_wconf 77' lang='lat' dir='ltr'>superﬁcie</span> <span class='ocrx_word' id='word_1_518' title='bbox 1422 4921 1573 4968; x_wconf 85' lang='lat' dir='ltr'>tenus</span> <span class='ocrx_word' id='word_1_519' title='bbox 1623 4914 1991 4979; x_wconf 80' lang='lat' dir='ltr'>considerata,</span> 
     </span>
    </p>
   </div>
   <div class='ocr_carea' id='block_1_73' title="bbox 294 4985 1994 5054">
    <p class='ocr_par' dir='ltr' id='par_1_73' title="bbox 294 4985 1994 5054">
     <span class='ocr_line' id='line_1_73' title="bbox 294 4985 1994 5054; baseline 0.002 -21"><span class='ocrx_word' id='word_1_520' title='bbox 294 4988 545 5033; x_wconf 77' lang='lat' dir='ltr'>creatura</span> <span class='ocrx_word' id='word_1_521' title='bbox 598 4990 673 5035; x_wconf 81' lang='lat' dir='ltr'>est</span> <span class='ocrx_word' id='word_1_522' title='bbox 738 4986 1098 5037; x_wconf 72' lang='lat' dir='ltr'>mutabilitriti</span> <span class='ocrx_word' id='word_1_523' title='bbox 1142 4988 1560 5054; x_wconf 77' lang='lat' dir='ltr'>corruptelaeque</span> <span class='ocrx_word' id='word_1_524' title='bbox 1610 4985 1870 5052; x_wconf 84' lang='lat' dir='ltr'>subjecta.</span> <span class='ocrx_word' id='word_1_525' title='bbox 1925 4987 1994 5040; x_wconf 83' lang='lat' dir='ltr'>Si</span> 
     </span>
    </p>
   </div>
   <div class='ocr_carea' id='block_1_74' title="bbox 296 5055 1991 5123">
    <p class='ocr_par' dir='ltr' id='par_1_74' title="bbox 296 5055 1991 5123">
     <span class='ocr_line' id='line_1_74' title="bbox 296 5055 1991 5123; baseline 0.003 -21"><span class='ocrx_word' id='word_1_526' title='bbox 296 5055 543 5123; x_wconf 67' lang='lat' dir='ltr'>mysterii</span> <span class='ocrx_word' id='word_1_527' title='bbox 564 5068 685 5105; x_wconf 64' lang='lat' dir='ltr'>vero</span> <span class='ocrx_word' id='word_1_528' title='bbox 715 5055 1016 5121; x_wconf 84' lang='lat' dir='ltr'>perpendas</span> <span class='ocrx_word' id='word_1_529' title='bbox 1038 5058 1314 5120; x_wconf 78' lang='lat' dir='ltr'>virtutem,</span> <span class='ocrx_word' id='word_1_530' title='bbox 1349 5059 1464 5108; x_wconf 72' lang='lat' dir='ltr'>vita</span> <span class='ocrx_word' id='word_1_531' title='bbox 1494 5060 1572 5107; x_wconf 81' lang='lat' dir='ltr'>est</span> <span class='ocrx_word' id='word_1_532' title='bbox 1598 5058 1991 5123; x_wconf 77' lang='lat' dir='ltr'>participauti-</span> 
     </span>
    </p>
   </div>
   <div class='ocr_carea' id='block_1_75' title="bbox 296 5122 1992 5179">
    <p class='ocr_par' dir='ltr' id='par_1_75' title="bbox 296 5122 1992 5179">
     <span class='ocr_line' id='line_1_75' title="bbox 296 5122 1992 5179; baseline 0.005 -10"><span class='ocrx_word' id='word_1_533' title='bbox 296 5122 395 5175; x_wconf 70' lang='lat' dir='ltr'>bus</span> <span class='ocrx_word' id='word_1_534' title='bbox 434 5138 488 5175; x_wconf 78' lang='lat' dir='ltr'>se</span> <span class='ocrx_word' id='word_1_535' title='bbox 528 5122 769 5175; x_wconf 66' lang='lat' dir='ltr'>tribuens</span> <span class='ocrx_word' id='word_1_536' title='bbox 814 5128 1298 5179; x_wconf 74' lang='lat' dir='ltr'>immortalitatem.</span> <span class='ocrx_word' id='word_1_537' title='bbox 1347 5126 1549 5177; x_wconf 85' lang='lat' dir='ltr'>Verum</span> <span class='ocrx_word' id='word_1_538' title='bbox 1592 5122 1654 5177; x_wconf 82' lang='lat' dir='ltr'>ex</span> <span class='ocrx_word' id='word_1_539' title='bbox 1689 5126 1775 5178; x_wconf 87' lang='lat' dir='ltr'>his</span> <span class='ocrx_word' id='word_1_540' title='bbox 1806 5122 1992 5178; x_wconf 70' lang='lat' dir='ltr'>verbis</span> 
     </span>
    </p>
   </div>
   <div class='ocr_carea' id='block_1_76' title="bbox 296 5193 1992 5265">
    <p class='ocr_par' dir='ltr' id='par_1_76' title="bbox 296 5193 1992 5265">
     <span class='ocr_line' id='line_1_76' title="bbox 296 5193 1992 5265; baseline 0.002 -21"><span class='ocrx_word' id='word_1_541' title='bbox 296 5193 618 5262; x_wconf 82' lang='lat' dir='ltr'>intelligere</span> <span class='ocrx_word' id='word_1_542' title='bbox 646 5193 831 5265; x_wconf 71' lang='lat' dir='ltr'>_fac_ile</span> <span class='ocrx_word' id='word_1_543' title='bbox 879 5202 964 5247; x_wconf 85' lang='lat' dir='ltr'>est</span> <span class='ocrx_word' id='word_1_544' title='bbox 1012 5212 1126 5247; x_wconf 91' lang='lat' dir='ltr'>non</span> <span class='ocrx_word' id='word_1_545' title='bbox 1179 5195 1409 5264; x_wconf 91' lang='lat' dir='ltr'>proprie</span> <span class='ocrx_word' id='word_1_546' title='bbox 1441 5201 1499 5247; x_wconf 90' lang='lat' dir='ltr'>et</span> <span class='ocrx_word' id='word_1_547' title='bbox 1531 5211 1595 5247; x_wconf 84' lang='lat' dir='ltr'>ex</span> <span class='ocrx_word' id='word_1_548' title='bbox 1641 5195 1801 5249; x_wconf 92' lang='lat' dir='ltr'>omni</span> <span class='ocrx_word' id='word_1_549' title='bbox 1832 5202 1992 5265; x_wconf 86' lang='lat' dir='ltr'>parte</span> 
     </span>
    </p>
   </div>
   <div class='ocr_carea' id='block_1_77' title="bbox 296 5262 1993 5319">
    <p class='ocr_par' dir='ltr' id='par_1_77' title="bbox 296 5262 1993 5319">
     <span class='ocr_line' id='line_1_77' title="bbox 296 5262 1993 5319; baseline 0.002 -4"><span class='ocrx_word' id='word_1_550' title='bbox 296 5269 476 5315; x_wconf 77' lang='lat' dir='ltr'>tutam</span> <span class='ocrx_word' id='word_1_551' title='bbox 536 5262 935 5316; x_wconf 84' lang='lat' dir='ltr'>eucharistiam</span> <span class='ocrx_word' id='word_1_552' title='bbox 999 5262 1371 5318; x_wconf 82' lang='lat' dir='ltr'>Ratramnum</span> <span class='ocrx_word' id='word_1_553' title='bbox 1426 5265 1683 5318; x_wconf 83' lang='lat' dir='ltr'>conferre</span> <span class='ocrx_word' id='word_1_554' title='bbox 1749 5262 1847 5319; x_wconf 45' lang='lat' dir='ltr'>eo-</span> <span class='ocrx_word' id='word_1_555' title='bbox 1884 5267 1993 5319; x_wconf 91' lang='lat' dir='ltr'>loci</span> 
     </span>
    </p>
   </div>
   <div class='ocr_carea' id='block_1_78' title="bbox 295 5333 1994 5414">
    <p class='ocr_par' dir='ltr' id='par_1_78' title="bbox 295 5333 1994 5414">
     <span class='ocr_line' id='line_1_78' title="bbox 295 5333 1994 5414; baseline 0.003 -29"><span class='ocrx_word' id='word_1_556' title='bbox 295 5349 424 5414; x_wconf 74' lang='lat' dir='ltr'>cum</span> <span class='ocrx_word' id='word_1_557' title='bbox 456 5333 759 5414; x_wconf 79' lang='lat' dir='ltr'>baptismo,</span> <span class='ocrx_word' id='word_1_558' title='bbox 807 5334 903 5386; x_wconf 90' lang='lat' dir='ltr'>sed</span> <span class='ocrx_word' id='word_1_559' title='bbox 949 5350 1157 5414; x_wconf 73' lang='lat' dir='ltr'>corpus</span> <span class='ocrx_word' id='word_1_560' title='bbox 1199 5340 1256 5388; x_wconf 87' lang='lat' dir='ltr'>et</span> <span class='ocrx_word' id='word_1_561' title='bbox 1285 5335 1639 5414; x_wconf 36' lang='lat' dir='ltr'>sanguinein.</span> <span class='ocrx_word' id='word_1_562' title='bbox 1673 5339 1802 5391; x_wconf 80' lang='lat' dir='ltr'>Jesu</span> <span class='ocrx_word' id='word_1_563' title='bbox 1835 5337 1994 5391; x_wconf 88' lang='lat' dir='ltr'>Chri-</span> 
     </span>
    </p>
   </div>
   <div class='ocr_carea' id='block_1_79' title="bbox 295 5404 1989 5478">
    <p class='ocr_par' dir='ltr' id='par_1_79' title="bbox 295 5404 1989 5478">
     <span class='ocr_line' id='line_1_79' title="bbox 295 5404 1989 5478; baseline 0.004 -23"><span class='ocrx_word' id='word_1_564' title='bbox 295 5405 363 5478; x_wconf 77' lang='lat' dir='ltr'>sti</span> <span class='ocrx_word' id='word_1_565' title='bbox 394 5420 525 5473; x_wconf 74' lang='lat' dir='ltr'>quae</span> <span class='ocrx_word' id='word_1_566' title='bbox 555 5409 697 5478; x_wconf 85' lang='lat' dir='ltr'>sunt</span> <span class='ocrx_word' id='word_1_567' title='bbox 738 5404 796 5456; x_wconf 91' lang='lat' dir='ltr'>in</span> <span class='ocrx_word' id='word_1_568' title='bbox 841 5404 1203 5478; x_wconf 82' lang='lat' dir='ltr'>eucharistia,</span> <span class='ocrx_word' id='word_1_569' title='bbox 1257 5410 1318 5458; x_wconf 91' lang='lat' dir='ltr'>ut</span> <span class='ocrx_word' id='word_1_570' title='bbox 1364 5404 1498 5460; x_wconf 79' lang='lat' dir='ltr'>mox</span> <span class='ocrx_word' id='word_1_571' title='bbox 1529 5408 1669 5461; x_wconf 84' lang='lat' dir='ltr'>dixit</span> <span class='ocrx_word' id='word_1_572' title='bbox 1709 5424 1837 5478; x_wconf 71' lang='lat' dir='ltr'>qua:</span> <span class='ocrx_word' id='word_1_573' title='bbox 1888 5410 1989 5461; x_wconf 88' lang='lat' dir='ltr'>ha-</span> 
     </span>
    </p>
   </div>
   <div class='ocr_carea' id='block_1_80' title="bbox 295 5472 1989 5548">
    <p class='ocr_par' dir='ltr' id='par_1_80' title="bbox 295 5472 1989 5548">
     <span class='ocr_line' id='line_1_80' title="bbox 295 5472 1989 5548; baseline 0.004 -23"><span class='ocrx_word' id='word_1_574' title='bbox 295 5472 423 5527; x_wconf 83' lang='lat' dir='ltr'>bita</span> <span class='ocrx_word' id='word_1_575' title='bbox 463 5475 683 5548; x_wconf 83' lang='lat' dir='ltr'>ratione</span> <span class='ocrx_word' id='word_1_576' title='bbox 732 5475 1077 5548; x_wconf 81' lang='lat' dir='ltr'>conditionis</span> <span class='ocrx_word' id='word_1_577' title='bbox 1122 5492 1232 5547; x_wconf 87' lang='lat' dir='ltr'>qua</span> <span class='ocrx_word' id='word_1_578' title='bbox 1281 5478 1539 5548; x_wconf 88' lang='lat' dir='ltr'>sensibus</span> <span class='ocrx_word' id='word_1_579' title='bbox 1582 5472 1989 5548; x_wconf 73' lang='lat' dir='ltr'>subjiciuntur,</span> 
     </span>
    </p>
   </div>
   <div class='ocr_carea' id='block_1_81' title="bbox 297 5544 1994 5616">
    <p class='ocr_par' dir='ltr' id='par_1_81' title="bbox 297 5544 1994 5616">
     <span class='ocr_line' id='line_1_81' title="bbox 297 5544 1994 5616; baseline 0.005 -21"><span class='ocrx_word' id='word_1_580' title='bbox 297 5545 653 5616; x_wconf 89' lang='lat' dir='ltr'>corruptioni</span> <span class='ocrx_word' id='word_1_581' title='bbox 695 5544 938 5599; x_wconf 83' lang='lat' dir='ltr'>obnoxia</span> <span class='ocrx_word' id='word_1_582' title='bbox 986 5544 1156 5611; x_wconf 55' lang='lat' dir='ltr'>sunt;</span> <span class='ocrx_word' id='word_1_583' title='bbox 1192 5551 1249 5601; x_wconf 86' lang='lat' dir='ltr'>et</span> <span class='ocrx_word' id='word_1_584' title='bbox 1279 5547 1473 5603; x_wconf 86' lang='lat' dir='ltr'>habita</span> <span class='ocrx_word' id='word_1_585' title='bbox 1502 5544 1729 5603; x_wconf 76' lang='lat' dir='ltr'>ratione</span> <span class='ocrx_word' id='word_1_586' title='bbox 1764 5549 1994 5603; x_wconf 87' lang='lat' dir='ltr'>virtutis</span> 
     </span>
    </p>
   </div>
   <div class='ocr_carea' id='block_1_82' title="bbox 2104 1760 3228 1830">
    <p class='ocr_par' dir='ltr' id='par_1_82' title="bbox 2104 1760 3228 1830">
     <span class='ocr_line' id='line_1_82' title="bbox 2104 1760 3228 1830; baseline -0.001 -15"><span class='ocrx_word' id='word_1_587' title='bbox 2104 1767 2278 1815; x_wconf 77' lang='lat' dir='ltr'>tetern</span> <span class='ocrx_word' id='word_1_588' title='bbox 2291 1777 2384 1814; x_wconf 89' lang='lat' dir='ltr'>um</span> <span class='ocrx_word' id='word_1_589' title='bbox 2416 1760 2684 1827; x_wconf 89' lang='lat' dir='ltr'>victuras,</span> <span class='ocrx_word' id='word_1_590' title='bbox 2704 1760 2828 1830; x_wconf 89' lang='lat' dir='ltr'>ipsa</span> <span class='ocrx_word' id='word_1_591' title='bbox 2859 1760 3228 1814; x_wconf 88' lang='lat' dir='ltr'>immortalia.</span> 
     </span>
    </p>
   </div>
   <div class='ocr_carea' id='block_1_83' title="bbox 2174 1850 3808 1921">
    <p class='ocr_par' dir='ltr' id='par_1_83' title="bbox 2174 1850 3808 1921">
     <span class='ocr_line' id='line_1_83' title="bbox 2174 1850 3808 1921; baseline 0 -16"><span class='ocrx_word' id='word_1_592' title='bbox 2174 1851 2280 1905; x_wconf 83' lang='lat' dir='ltr'>XX.</span> <span class='ocrx_word' id='word_1_593' title='bbox 2339 1850 2646 1921; x_wconf 85' lang='lat' dir='ltr'>Apostolus</span> <span class='ocrx_word' id='word_1_594' title='bbox 2718 1865 2948 1919; x_wconf 88' lang='lat' dir='ltr'>quoque</span> <span class='ocrx_word' id='word_1_595' title='bbox 3016 1850 3269 1903; x_wconf 88' lang='lat' dir='ltr'>scribens</span> <span class='ocrx_word' id='word_1_596' title='bbox 3324 1850 3640 1906; x_wconf 89' lang='lat' dir='ltr'>Corinthiis</span> <span class='ocrx_word' id='word_1_597' title='bbox 3698 1850 3808 1905; x_wconf 87' lang='lat' dir='ltr'>ait:</span> 
     </span>
    </p>
   </div>
   <div class='ocr_carea' id='block_1_84' title="bbox 2104 1941 3810 2007">
    <p class='ocr_par' dir='ltr' id='par_1_84' title="bbox 2104 1941 3810 2007">
     <span class='ocr_line' id='line_1_84' title="bbox 2104 1941 3810 2007; baseline -0.001 -13"><span class='ocrx_word' id='word_1_598' title='bbox 2104 1941 2335 1994; x_wconf 79' lang='lat' dir='ltr'>Nescitis</span> <span class='ocrx_word' id='word_1_599' title='bbox 2405 1941 2662 2007; x_wconf 81' lang='lat' dir='ltr'>quoniam</span> <span class='ocrx_word' id='word_1_600' title='bbox 2737 1943 2921 2007; x_wconf 82' lang='lat' dir='ltr'>patres</span> <span class='ocrx_word' id='word_1_601' title='bbox 2987 1941 3163 1993; x_wconf 85' lang='lat' dir='ltr'>nostri</span> <span class='ocrx_word' id='word_1_602' title='bbox 3234 1955 3414 1993; x_wconf 77' lang='lat' dir='ltr'>omnes</span> <span class='ocrx_word' id='word_1_603' title='bbox 3487 1941 3588 1993; x_wconf 87' lang='lat' dir='ltr'>sub</span> <span class='ocrx_word' id='word_1_604' title='bbox 3671 1941 3810 1993; x_wconf 87' lang='lat' dir='ltr'>nube</span> 
     </span>
    </p>
   </div>
   <div class='ocr_carea' id='block_1_85' title="bbox 2101 2030 3811 2093">
    <p class='ocr_par' dir='ltr' id='par_1_85' title="bbox 2101 2030 3811 2093">
     <span class='ocr_line' id='line_1_85' title="bbox 2101 2030 3811 2093; baseline 0.002 -13"><span class='ocrx_word' id='word_1_605' title='bbox 2101 2030 2352 2093; x_wconf 82' lang='lat' dir='ltr'>fuerunt:</span> <span class='ocrx_word' id='word_1_606' title='bbox 2435 2033 2484 2081; x_wconf 88' lang='lat' dir='ltr'>et</span> <span class='ocrx_word' id='word_1_607' title='bbox 2562 2042 2738 2081; x_wconf 87' lang='lat' dir='ltr'>omnes</span> <span class='ocrx_word' id='word_1_608' title='bbox 2824 2043 2972 2081; x_wconf 83' lang='lat' dir='ltr'>mare</span> <span class='ocrx_word' id='word_1_609' title='bbox 3046 2030 3408 2083; x_wconf 84' lang='lat' dir='ltr'>transierunt:</span> <span class='ocrx_word' id='word_1_610' title='bbox 3488 2034 3539 2083; x_wconf 84' lang='lat' dir='ltr'>et</span> <span class='ocrx_word' id='word_1_611' title='bbox 3629 2044 3811 2083; x_wconf 74' lang='lat' dir='ltr'>omnes</span> 
     </span>
    </p>
   </div>
   <div class='ocr_carea' id='block_1_86' title="bbox 2103 2116 3811 2185">
    <p class='ocr_par' dir='ltr' id='par_1_86' title="bbox 2103 2116 3811 2185">
     <span class='ocr_line' id='line_1_86' title="bbox 2103 2116 3811 2185; baseline 0.001 -17"><span class='ocrx_word' id='word_1_612' title='bbox 2103 2118 2161 2169; x_wconf 85' lang='lat' dir='ltr'>in</span> <span class='ocrx_word' id='word_1_613' title='bbox 2235 2118 2377 2171; x_wconf 82' lang='lat' dir='ltr'>Mose</span> <span class='ocrx_word' id='word_1_614' title='bbox 2452 2116 2722 2185; x_wconf 82' lang='lat' dir='ltr'>baptizati</span> <span class='ocrx_word' id='word_1_615' title='bbox 2792 2120 2939 2181; x_wconf 85' lang='lat' dir='ltr'>sunt,</span> <span class='ocrx_word' id='word_1_616' title='bbox 3015 2119 3075 2169; x_wconf 83' lang='lat' dir='ltr'>in</span> <span class='ocrx_word' id='word_1_617' title='bbox 3148 2117 3304 2183; x_wconf 86' lang='lat' dir='ltr'>nube,</span> <span class='ocrx_word' id='word_1_618' title='bbox 3379 2122 3430 2170; x_wconf 88' lang='lat' dir='ltr'>et</span> <span class='ocrx_word' id='word_1_619' title='bbox 3503 2120 3561 2169; x_wconf 86' lang='lat' dir='ltr'>in</span> <span class='ocrx_word' id='word_1_620' title='bbox 3640 2120 3811 2179; x_wconf 80' lang='lat' dir='ltr'>mari,</span> 
     </span>
    </p>
   </div>
   <div class='ocr_carea' id='block_1_87' title="bbox 2103 2205 3809 2274">
    <p class='ocr_par' dir='ltr' id='par_1_87' title="bbox 2103 2205 3809 2274">
     <span class='ocr_line' id='line_1_87' title="bbox 2103 2205 3809 2274; baseline 0.002 -16"><span class='ocrx_word' id='word_1_621' title='bbox 2103 2209 2153 2259; x_wconf 85' lang='lat' dir='ltr'>et</span> <span class='ocrx_word' id='word_1_622' title='bbox 2183 2220 2358 2259; x_wconf 83' lang='lat' dir='ltr'>omnes</span> <span class='ocrx_word' id='word_1_623' title='bbox 2406 2205 2644 2258; x_wconf 73' lang='lat' dir='ltr'>eamdem</span> <span class='ocrx_word' id='word_1_624' title='bbox 2695 2219 2868 2258; x_wconf 87' lang='lat' dir='ltr'>escam</span> <span class='ocrx_word' id='word_1_625' title='bbox 2911 2205 3255 2274; x_wconf 80' lang='lat' dir='ltr'>spiritualem</span> <span class='ocrx_word' id='word_1_626' title='bbox 3296 2205 3809 2261; x_wconf 82' lang='lat' dir='ltr'>manducaverunt:</span> 
     </span>
    </p>
   </div>
   <div class='ocr_carea' id='block_1_88' title="bbox 2102 2293 3811 2362">
    <p class='ocr_par' dir='ltr' id='par_1_88' title="bbox 2102 2293 3811 2362">
     <span class='ocr_line' id='line_1_88' title="bbox 2102 2293 3811 2362; baseline -0.001 -16"><span class='ocrx_word' id='word_1_627' title='bbox 2102 2300 2151 2346; x_wconf 81' lang='lat' dir='ltr'>et</span> <span class='ocrx_word' id='word_1_628' title='bbox 2181 2309 2357 2347; x_wconf 87' lang='lat' dir='ltr'>omnes</span> <span class='ocrx_word' id='word_1_629' title='bbox 2402 2293 2639 2347; x_wconf 82' lang='lat' dir='ltr'>eamdem</span> <span class='ocrx_word' id='word_1_630' title='bbox 2685 2297 2872 2362; x_wconf 82' lang='lat' dir='ltr'>potum</span> <span class='ocrx_word' id='word_1_631' title='bbox 2906 2294 3249 2362; x_wconf 82' lang='lat' dir='ltr'>spiritualem</span> <span class='ocrx_word' id='word_1_632' title='bbox 3303 2294 3597 2347; x_wconf 80' lang='lat' dir='ltr'>biberunt?</span> <span class='ocrx_word' id='word_1_633' title='bbox 3647 2296 3811 2349; x_wconf 72' lang='lat' dir='ltr'>Bibe-</span> 
     </span>
    </p>
   </div>
   <div class='ocr_carea' id='block_1_89' title="bbox 2105 2382 3813 2452">
    <p class='ocr_par' dir='ltr' id='par_1_89' title="bbox 2105 2382 3813 2452">
     <span class='ocr_line' id='line_1_89' title="bbox 2105 2382 3813 2452; baseline 0.002 -18"><span class='ocrx_word' id='word_1_634' title='bbox 2105 2382 2235 2435; x_wconf 86' lang='lat' dir='ltr'>bant</span> <span class='ocrx_word' id='word_1_635' title='bbox 2265 2387 2443 2436; x_wconf 87' lang='lat' dir='ltr'>autem</span> <span class='ocrx_word' id='word_1_636' title='bbox 2490 2382 2555 2435; x_wconf 83' lang='lat' dir='ltr'>de</span> <span class='ocrx_word' id='word_1_637' title='bbox 2602 2383 2891 2449; x_wconf 83' lang='lat' dir='ltr'>spirituali</span> <span class='ocrx_word' id='word_1_638' title='bbox 2919 2387 3267 2451; x_wconf 79' lang='lat' dir='ltr'>consequente</span> <span class='ocrx_word' id='word_1_639' title='bbox 3297 2397 3383 2436; x_wconf 84' lang='lat' dir='ltr'>eos</span> <span class='ocrx_word' id='word_1_640' title='bbox 3432 2388 3610 2452; x_wconf 80' lang='lat' dir='ltr'>petra.</span> <span class='ocrx_word' id='word_1_641' title='bbox 3649 2386 3813 2437; x_wconf 81' lang='lat' dir='ltr'>Petra</span> 
     </span>
    </p>
   </div>
   <div class='ocr_carea' id='block_1_90' title="bbox 2103 2470 3813 2539">
    <p class='ocr_par' dir='ltr' id='par_1_90' title="bbox 2103 2470 3813 2539">
     <span class='ocr_line' id='line_1_90' title="bbox 2103 2470 3813 2539; baseline 0.001 -16"><span class='ocrx_word' id='word_1_642' title='bbox 2103 2476 2280 2524; x_wconf 84' lang='lat' dir='ltr'>autem</span> <span class='ocrx_word' id='word_1_643' title='bbox 2323 2475 2439 2523; x_wconf 85' lang='lat' dir='ltr'>erat</span> <span class='ocrx_word' id='word_1_644' title='bbox 2497 2470 2743 2525; x_wconf 80' lang='lat' dir='ltr'>Christus</span> <span class='ocrx_word' id='word_1_645' title='bbox 2796 2471 2845 2539; x_wconf 95' lang='grc' dir='ltr'>(Ι</span> <span class='ocrx_word' id='word_1_646' title='bbox 2889 2471 3018 2523; x_wconf 86' lang='lat' dir='ltr'>Cor.</span> <span class='ocrx_word' id='word_1_647' title='bbox 3078 2486 3132 2536; x_wconf 86' lang='lat' dir='ltr'>x,</span> <span class='ocrx_word' id='word_1_648' title='bbox 3186 2470 3320 2539; x_wconf 75' lang='grc'><strong>1-4).</strong></span> <span class='ocrx_word' id='word_1_649' title='bbox 3377 2471 3813 2526; x_wconf 82' lang='lat' dir='ltr'>Animadverti-</span> 
     </span>
    </p>
   </div>
   <div class='ocr_carea' id='block_1_91' title="bbox 2107 2559 3809 2629">
    <p class='ocr_par' dir='ltr' id='par_1_91' title="bbox 2107 2559 3809 2629">
     <span class='ocr_line' id='line_1_91' title="bbox 2107 2559 3809 2629; baseline 0.001 -16"><span class='ocrx_word' id='word_1_650' title='bbox 2107 2576 2232 2613; x_wconf 88' lang='lat' dir='ltr'>mus</span> <span class='ocrx_word' id='word_1_651' title='bbox 2265 2565 2323 2612; x_wconf 91' lang='lat' dir='ltr'>et</span> <span class='ocrx_word' id='word_1_652' title='bbox 2374 2575 2531 2613; x_wconf 89' lang='lat' dir='ltr'>mare</span> <span class='ocrx_word' id='word_1_653' title='bbox 2585 2559 2859 2629; x_wconf 80' lang='lat' dir='ltr'>baptismi</span> <span class='ocrx_word' id='word_1_654' title='bbox 2905 2559 3150 2629; x_wconf 89' lang='lat' dir='ltr'>speciem</span> <span class='ocrx_word' id='word_1_655' title='bbox 3200 2559 3539 2629; x_wconf 71' lang='lat' dir='ltr'>praetulisse,</span> <span class='ocrx_word' id='word_1_656' title='bbox 3587 2566 3648 2614; x_wconf 89' lang='lat' dir='ltr'>et</span> <span class='ocrx_word' id='word_1_657' title='bbox 3702 2578 3809 2615; x_wconf 90' lang='lat' dir='ltr'>nu-</span> 
     </span>
    </p>
   </div>
   <div class='ocr_carea' id='block_1_92' title="bbox 2102 2647 3818 2719">
    <p class='ocr_par' dir='ltr' id='par_1_92' title="bbox 2102 2647 3818 2719">
     <span class='ocr_line' id='line_1_92' title="bbox 2102 2647 3818 2719; baseline -0.001 -17"><span class='ocrx_word' id='word_1_658' title='bbox 2102 2649 2264 2714; x_wconf 88' lang='lat' dir='ltr'>bem;</span> <span class='ocrx_word' id='word_1_659' title='bbox 2294 2654 2603 2719; x_wconf 90' lang='lat' dir='ltr'>patresque</span> <span class='ocrx_word' id='word_1_660' title='bbox 2650 2648 2864 2717; x_wconf 90' lang='lat' dir='ltr'>prioris</span> <span class='ocrx_word' id='word_1_661' title='bbox 2913 2648 3262 2701; x_wconf 89' lang='lat' dir='ltr'>Testamenti</span> <span class='ocrx_word' id='word_1_662' title='bbox 3297 2647 3355 2701; x_wconf 89' lang='lat' dir='ltr'>in</span> <span class='ocrx_word' id='word_1_663' title='bbox 3388 2647 3487 2713; x_wconf 88' lang='lat' dir='ltr'>eis,</span> <span class='ocrx_word' id='word_1_664' title='bbox 3537 2648 3595 2701; x_wconf 91' lang='lat' dir='ltr'>id</span> <span class='ocrx_word' id='word_1_665' title='bbox 3630 2653 3727 2701; x_wconf 89' lang='lat' dir='ltr'>est</span> <span class='ocrx_word' id='word_1_666' title='bbox 3761 2650 3818 2701; x_wconf 92' lang='lat' dir='ltr'>in</span> 
     </span>
    </p>
   </div>
   <div class='ocr_carea' id='block_1_93' title="bbox 2105 2736 3816 2806">
    <p class='ocr_par' dir='ltr' id='par_1_93' title="bbox 2105 2736 3816 2806">
     <span class='ocr_line' id='line_1_93' title="bbox 2105 2736 3816 2806; baseline -0.001 -14"><span class='ocrx_word' id='word_1_667' title='bbox 2105 2737 2257 2792; x_wconf 82' lang='lat' dir='ltr'>nube</span> <span class='ocrx_word' id='word_1_668' title='bbox 2290 2737 2407 2791; x_wconf 83' lang='lat' dir='ltr'>sive</span> <span class='ocrx_word' id='word_1_669' title='bbox 2456 2736 2621 2802; x_wconf 86' lang='lat' dir='ltr'>mari,</span> <span class='ocrx_word' id='word_1_670' title='bbox 2683 2736 3002 2806; x_wconf 88' lang='lat' dir='ltr'>baptizatos</span> <span class='ocrx_word' id='word_1_671' title='bbox 3048 2736 3241 2791; x_wconf 88' lang='lat' dir='ltr'>fuisse.</span> <span class='ocrx_word' id='word_1_672' title='bbox 3300 2737 3446 2790; x_wconf 87' lang='lat' dir='ltr'>Num</span> <span class='ocrx_word' id='word_1_673' title='bbox 3493 2737 3585 2790; x_wconf 79' lang='lat' dir='ltr'>vel</span> <span class='ocrx_word' id='word_1_674' title='bbox 3627 2753 3816 2803; x_wconf 87' lang='lat' dir='ltr'>mare,</span> 
     </span>
    </p>
   </div>
   <div class='ocr_carea' id='block_1_94' title="bbox 2104 2824 3822 2897">
    <p class='ocr_par' dir='ltr' id='par_1_94' title="bbox 2104 2824 3822 2897">
     <span class='ocr_line' id='line_1_94' title="bbox 2104 2824 3822 2897; baseline 0 -18"><span class='ocrx_word' id='word_1_675' title='bbox 2104 2827 2417 2880; x_wconf 90' lang='lat' dir='ltr'>secundum</span> <span class='ocrx_word' id='word_1_676' title='bbox 2468 2825 2619 2897; x_wconf 89' lang='lat' dir='ltr'>quod</span> <span class='ocrx_word' id='word_1_677' title='bbox 2667 2825 3017 2879; x_wconf 90' lang='lat' dir='ltr'>elementum</span> <span class='ocrx_word' id='word_1_678' title='bbox 3052 2824 3369 2892; x_wconf 86' lang='lat' dir='ltr'>videbatur,</span> <span class='ocrx_word' id='word_1_679' title='bbox 3397 2825 3678 2895; x_wconf 90' lang='lat' dir='ltr'>baptismi</span> <span class='ocrx_word' id='word_1_680' title='bbox 3716 2843 3822 2896; x_wconf 89' lang='lat' dir='ltr'>po-</span> 
     </span>
    </p>
   </div>
   <div class='ocr_carea' id='block_1_95' title="bbox 2103 2914 3822 2984">
    <p class='ocr_par' dir='ltr' id='par_1_95' title="bbox 2103 2914 3822 2984">
     <span class='ocr_line' id='line_1_95' title="bbox 2103 2914 3822 2984; baseline -0.001 -15"><span class='ocrx_word' id='word_1_681' title='bbox 2103 2916 2215 2969; x_wconf 90' lang='lat' dir='ltr'>tuit</span> <span class='ocrx_word' id='word_1_682' title='bbox 2240 2915 2450 2969; x_wconf 88' lang='lat' dir='ltr'>habere</span> <span class='ocrx_word' id='word_1_683' title='bbox 2483 2914 2799 2969; x_wconf 85' lang='lat' dir='ltr'>virtutem?</span> <span class='ocrx_word' id='word_1_684' title='bbox 2842 2915 2927 2968; x_wconf 92' lang='lat' dir='ltr'>vel</span> <span class='ocrx_word' id='word_1_685' title='bbox 2959 2914 3161 2981; x_wconf 90' lang='lat' dir='ltr'>nubes,</span> <span class='ocrx_word' id='word_1_686' title='bbox 3188 2914 3348 2984; x_wconf 84' lang='lat' dir='ltr'>juxta</span> <span class='ocrx_word' id='word_1_687' title='bbox 3380 2914 3536 2984; x_wconf 89' lang='lat' dir='ltr'>quod</span> <span class='ocrx_word' id='word_1_688' title='bbox 3590 2914 3822 2968; x_wconf 86' lang='lat' dir='ltr'>densio-</span> 
     </span>
    </p>
   </div>
   <div class='ocr_carea' id='block_1_96' title="bbox 2104 3000 3817 3074">
    <p class='ocr_par' dir='ltr' id='par_1_96' title="bbox 2104 3000 3817 3074">
     <span class='ocr_line' id='line_1_96' title="bbox 2104 3000 3817 3074; baseline -0.001 -15"><span class='ocrx_word' id='word_1_689' title='bbox 2104 3004 2183 3059; x_wconf 88' lang='lat' dir='ltr'>ris</span> <span class='ocrx_word' id='word_1_690' title='bbox 2212 3002 2644 3058; x_wconf 88' lang='lat' dir='ltr'>crassitudinem</span> <span class='ocrx_word' id='word_1_691' title='bbox 2698 3002 2845 3057; x_wconf 89' lang='lat' dir='ltr'>aeris</span> <span class='ocrx_word' id='word_1_692' title='bbox 2887 3002 3247 3071; x_wconf 86' lang='lat' dir='ltr'>ostendebat,</span> <span class='ocrx_word' id='word_1_693' title='bbox 3302 3000 3459 3074; x_wconf 83' lang='lat' dir='ltr'>[add.</span> <span class='ocrx_word' id='word_1_694' title='bbox 3498 3002 3817 3073; x_wconf 56' lang='lat' dir='ltr'>populum?</span> 
     </span>
    </p>
   </div>
   <div class='ocr_carea' id='block_1_97' title="bbox 2103 3143 3817 3215">
    <p class='ocr_par' dir='ltr' id='par_1_97' title="bbox 2103 3143 3817 3215">
     <span class='ocr_line' id='line_1_97' title="bbox 2103 3143 3817 3215; baseline -0.002 -14"><span class='ocrx_word' id='word_1_695' title='bbox 2103 3145 2349 3215; x_wconf 86' lang='lat' dir='ltr'>Spiritus</span> <span class='ocrx_word' id='word_1_696' title='bbox 2376 3144 2576 3209; x_wconf 91' lang='lat' dir='ltr'>sancti,</span> <span class='ocrx_word' id='word_1_697' title='bbox 2609 3145 2754 3199; x_wconf 89' lang='lat' dir='ltr'>nulli</span> <span class='ocrx_word' id='word_1_698' title='bbox 2787 3143 3139 3213; x_wconf 90' lang='lat' dir='ltr'>corruptioni</span> <span class='ocrx_word' id='word_1_699' title='bbox 3171 3144 3420 3199; x_wconf 83' lang='lat' dir='ltr'>obnoxia</span> <span class='ocrx_word' id='word_1_700' title='bbox 3443 3149 3602 3205; x_wconf 85' lang='lat' dir='ltr'>sunt,</span> <span class='ocrx_word' id='word_1_701' title='bbox 3634 3145 3817 3198; x_wconf 83' lang='lat' dir='ltr'>vitam</span> 
     </span>
    </p>
   </div>
   <div class='ocr_carea' id='block_1_98' title="bbox 2105 3215 3822 3285">
    <p class='ocr_par' dir='ltr' id='par_1_98' title="bbox 2105 3215 3822 3285">
     <span class='ocr_line' id='line_1_98' title="bbox 2105 3215 3822 3285; baseline -0.001 -15"><span class='ocrx_word' id='word_1_702' title='bbox 2105 3224 2162 3270; x_wconf 90' lang='lat' dir='ltr'>et</span> <span class='ocrx_word' id='word_1_703' title='bbox 2212 3215 2703 3271; x_wconf 88' lang='lat' dir='ltr'>immortalitatem</span> <span class='ocrx_word' id='word_1_704' title='bbox 2753 3215 3097 3285; x_wconf 83' lang='lat' dir='ltr'>largiuntur.</span> <span class='ocrx_word' id='word_1_705' title='bbox 3160 3216 3253 3269; x_wconf 81' lang='lat' dir='ltr'>His</span> <span class='ocrx_word' id='word_1_706' title='bbox 3308 3215 3386 3268; x_wconf 86' lang='lat' dir='ltr'>ita</span> <span class='ocrx_word' id='word_1_707' title='bbox 3438 3215 3724 3284; x_wconf 85' lang='lat' dir='ltr'>subjectis</span> <span class='ocrx_word' id='word_1_708' title='bbox 3768 3224 3822 3269; x_wconf 90' lang='lat' dir='ltr'>et</span> 
     </span>
    </p>
   </div>
   <div class='ocr_carea' id='block_1_99' title="bbox 2104 3286 3820 3359">
    <p class='ocr_par' dir='ltr' id='par_1_99' title="bbox 2104 3286 3820 3359">
     <span class='ocr_line' id='line_1_99' title="bbox 2104 3286 3820 3359; baseline 0 -19"><span class='ocrx_word' id='word_1_709' title='bbox 2104 3288 2322 3359; x_wconf 89' lang='lat' dir='ltr'>positis,</span> <span class='ocrx_word' id='word_1_710' title='bbox 2360 3303 2565 3359; x_wconf 83' lang='lat' dir='ltr'>sensus</span> <span class='ocrx_word' id='word_1_711' title='bbox 2600 3288 2897 3359; x_wconf 81' lang='lat' dir='ltr'>Retramni</span> <span class='ocrx_word' id='word_1_712' title='bbox 2929 3302 3060 3359; x_wconf 77' lang='lat' dir='ltr'>non</span> <span class='ocrx_word' id='word_1_713' title='bbox 3102 3292 3189 3359; x_wconf 85' lang='lat' dir='ltr'>est</span> <span class='ocrx_word' id='word_1_714' title='bbox 3234 3286 3385 3356; x_wconf 90' lang='lat' dir='ltr'>quod</span> <span class='ocrx_word' id='word_1_715' title='bbox 3420 3287 3820 3359; x_wconf 85' lang='lat' dir='ltr'>quemadmo-</span> 
     </span>
    </p>
   </div>
   <div class='ocr_carea' id='block_1_100' title="bbox 2106 3356 3822 3427">
    <p class='ocr_par' dir='ltr' id='par_1_100' title="bbox 2106 3356 3822 3427">
     <span class='ocr_line' id='line_1_100' title="bbox 2106 3356 3822 3427; baseline -0.001 -15"><span class='ocrx_word' id='word_1_716' title='bbox 2106 3356 2242 3413; x_wconf 78' lang='lat' dir='ltr'>dum</span> <span class='ocrx_word' id='word_1_717' title='bbox 2289 3358 2621 3411; x_wconf 66' lang='lat' dir='ltr'>substantias</span> <span class='ocrx_word' id='word_1_718' title='bbox 2683 3363 2738 3410; x_wconf 89' lang='lat' dir='ltr'>et</span> <span class='ocrx_word' id='word_1_719' title='bbox 2786 3356 3068 3427; x_wconf 86' lang='lat' dir='ltr'>baptismo</span> <span class='ocrx_word' id='word_1_720' title='bbox 3114 3357 3294 3410; x_wconf 90' lang='lat' dir='ltr'>virtus</span> <span class='ocrx_word' id='word_1_721' title='bbox 3346 3357 3822 3411; x_wconf 88' lang='lat' dir='ltr'>sanctiticctionis</span> 
     </span>
    </p>
   </div>
   <div class='ocr_carea' id='block_1_101' title="bbox 2104 3428 3822 3494">
    <p class='ocr_par' dir='ltr' id='par_1_101' title="bbox 2104 3428 3822 3494">
     <span class='ocr_line' id='line_1_101' title="bbox 2104 3428 3822 3494; baseline -0.001 -11"><span class='ocrx_word' id='word_1_722' title='bbox 2104 3430 2339 3494; x_wconf 84' lang='lat' dir='ltr'>accedit,</span> <span class='ocrx_word' id='word_1_723' title='bbox 2390 3428 2467 3481; x_wconf 92' lang='lat' dir='ltr'>ita</span> <span class='ocrx_word' id='word_1_724' title='bbox 2517 3428 2577 3481; x_wconf 89' lang='lat' dir='ltr'>in</span> <span class='ocrx_word' id='word_1_725' title='bbox 2627 3428 2967 3481; x_wconf 83' lang='lat' dir='ltr'>eucliaristia</span> <span class='ocrx_word' id='word_1_726' title='bbox 3017 3428 3197 3480; x_wconf 88' lang='lat' dir='ltr'>virtus</span> <span class='ocrx_word' id='word_1_727' title='bbox 3255 3428 3527 3481; x_wconf 87' lang='lat' dir='ltr'>duntaxat</span> <span class='ocrx_word' id='word_1_728' title='bbox 3584 3428 3724 3483; x_wconf 71' lang='lat' dir='ltr'>vita:</span> <span class='ocrx_word' id='word_1_729' title='bbox 3768 3436 3822 3481; x_wconf 89' lang='lat' dir='ltr'>et</span> 
     </span>
    </p>
   </div>
   <div class='ocr_carea' id='block_1_102' title="bbox 2106 3498 3821 3568">
    <p class='ocr_par' dir='ltr' id='par_1_102' title="bbox 2106 3498 3821 3568">
     <span class='ocr_line' id='line_1_102' title="bbox 2106 3498 3821 3568; baseline -0.001 -14"><span class='ocrx_word' id='word_1_730' title='bbox 2106 3499 2565 3554; x_wconf 78' lang='lat' dir='ltr'>sanctiﬁcationis</span> <span class='ocrx_word' id='word_1_731' title='bbox 2588 3498 2803 3551; x_wconf 85' lang='lat' dir='ltr'>accedit</span> <span class='ocrx_word' id='word_1_732' title='bbox 2833 3498 2903 3551; x_wconf 92' lang='lat' dir='ltr'>ad</span> <span class='ocrx_word' id='word_1_733' title='bbox 2938 3498 3314 3552; x_wconf 88' lang='lat' dir='ltr'>substantiam</span> <span class='ocrx_word' id='word_1_734' title='bbox 3346 3499 3532 3568; x_wconf 91' lang='lat' dir='ltr'>panis.</span> <span class='ocrx_word' id='word_1_735' title='bbox 3564 3498 3621 3552; x_wconf 92' lang='lat' dir='ltr'>Si</span> <span class='ocrx_word' id='word_1_736' title='bbox 3656 3500 3821 3553; x_wconf 87' lang='lat' dir='ltr'>enim</span> 
     </span>
    </p>
   </div>
   <div class='ocr_carea' id='block_1_103' title="bbox 2105 3568 3824 3639">
    <p class='ocr_par' dir='ltr' id='par_1_103' title="bbox 2105 3568 3824 3639">
     <span class='ocr_line' id='line_1_103' title="bbox 2105 3568 3824 3639; baseline -0.001 -14"><span class='ocrx_word' id='word_1_737' title='bbox 2105 3576 2252 3625; x_wconf 90' lang='lat' dir='ltr'>esset</span> <span class='ocrx_word' id='word_1_738' title='bbox 2284 3586 2482 3624; x_wconf 90' lang='lat' dir='ltr'>sensus</span> <span class='ocrx_word' id='word_1_739' title='bbox 2531 3569 2848 3633; x_wconf 69' lang='lat' dir='ltr'>Itatramni,</span> <span class='ocrx_word' id='word_1_740' title='bbox 2896 3585 3010 3622; x_wconf 88' lang='lat' dir='ltr'>non</span> <span class='ocrx_word' id='word_1_741' title='bbox 3066 3568 3280 3623; x_wconf 90' lang='lat' dir='ltr'>diceret</span> <span class='ocrx_word' id='word_1_742' title='bbox 3331 3586 3538 3639; x_wconf 91' lang='lat' dir='ltr'>corpus</span> <span class='ocrx_word' id='word_1_743' title='bbox 3585 3575 3645 3622; x_wconf 88' lang='lat' dir='ltr'>et</span> <span class='ocrx_word' id='word_1_744' title='bbox 3692 3587 3824 3624; x_wconf 86' lang='lat' dir='ltr'>san-</span> 
     </span>
    </p>
   </div>
   <div class='ocr_carea' id='block_1_104' title="bbox 2106 3640 3822 3713">
    <p class='ocr_par' dir='ltr' id='par_1_104' title="bbox 2106 3640 3822 3713">
     <span class='ocr_line' id='line_1_104' title="bbox 2106 3640 3822 3713; baseline -0.001 -17"><span class='ocrx_word' id='word_1_745' title='bbox 2106 3642 2341 3713; x_wconf 89' lang='lat' dir='ltr'>guinem</span> <span class='ocrx_word' id='word_1_746' title='bbox 2374 3640 2580 3695; x_wconf 90' lang='lat' dir='ltr'>Christi</span> <span class='ocrx_word' id='word_1_747' title='bbox 2612 3640 2689 3693; x_wconf 91' lang='lat' dir='ltr'>ibi</span> <span class='ocrx_word' id='word_1_748' title='bbox 2724 3640 2982 3700; x_wconf 84' lang='lat' dir='ltr'>existere,</span> <span class='ocrx_word' id='word_1_749' title='bbox 3020 3644 3074 3693; x_wconf 90' lang='lat' dir='ltr'>et</span> <span class='ocrx_word' id='word_1_750' title='bbox 3104 3641 3319 3713; x_wconf 83' lang='lat' dir='ltr'>species</span> <span class='ocrx_word' id='word_1_751' title='bbox 3352 3640 3644 3713; x_wconf 75' lang='lat' dir='ltr'>sensibus</span> <span class='ocrx_word' id='word_1_752' title='bbox 3679 3644 3822 3695; x_wconf 87' lang='lat' dir='ltr'>sub-</span> 
     </span>
    </p>
   </div>
   <div class='ocr_carea' id='block_1_105' title="bbox 2100 3711 3824 3782">
    <p class='ocr_par' dir='ltr' id='par_1_105' title="bbox 2100 3711 3824 3782">
     <span class='ocr_line' id='line_1_105' title="bbox 2100 3711 3824 3782; baseline -0.001 -15"><span class='ocrx_word' id='word_1_753' title='bbox 2100 3711 2280 3782; x_wconf 81' lang='lat' dir='ltr'>jectas</span> <span class='ocrx_word' id='word_1_754' title='bbox 2310 3728 2405 3765; x_wconf 88' lang='lat' dir='ltr'>seu</span> <span class='ocrx_word' id='word_1_755' title='bbox 2439 3714 2759 3780; x_wconf 90' lang='lat' dir='ltr'>corporales</span> <span class='ocrx_word' id='word_1_756' title='bbox 2789 3726 2916 3763; x_wconf 87' lang='lat' dir='ltr'>cum</span> <span class='ocrx_word' id='word_1_757' title='bbox 2961 3726 3201 3780; x_wconf 82' lang='lat' dir='ltr'>corpore</span> <span class='ocrx_word' id='word_1_758' title='bbox 3231 3711 3517 3781; x_wconf 88' lang='lat' dir='ltr'>duplicem</span> <span class='ocrx_word' id='word_1_759' title='bbox 3552 3712 3824 3782; x_wconf 81' lang='lat' dir='ltr'>existen-</span> 
     </span>
    </p>
   </div>
   <div class='ocr_carea' id='block_1_106' title="bbox 2104 3781 3823 3852">
    <p class='ocr_par' dir='ltr' id='par_1_106' title="bbox 2104 3781 3823 3852">
     <span class='ocr_line' id='line_1_106' title="bbox 2104 3781 3823 3852; baseline 0 -15"><span class='ocrx_word' id='word_1_760' title='bbox 2104 3781 2243 3837; x_wconf 81' lang='lat' dir='ltr'>tiam</span> <span class='ocrx_word' id='word_1_761' title='bbox 2287 3798 2402 3837; x_wconf 91' lang='lat' dir='ltr'>non</span> <span class='ocrx_word' id='word_1_762' title='bbox 2443 3782 2672 3847; x_wconf 89' lang='lat' dir='ltr'>habere,</span> <span class='ocrx_word' id='word_1_763' title='bbox 2732 3782 2892 3852; x_wconf 86' lang='lat' dir='ltr'>quasi</span> <span class='ocrx_word' id='word_1_764' title='bbox 2945 3786 3132 3835; x_wconf 89' lang='lat' dir='ltr'>essent</span> <span class='ocrx_word' id='word_1_765' title='bbox 3176 3797 3265 3835; x_wconf 90' lang='lat' dir='ltr'>res</span> <span class='ocrx_word' id='word_1_766' title='bbox 3316 3797 3514 3851; x_wconf 85' lang='lat' dir='ltr'>reapse</span> <span class='ocrx_word' id='word_1_767' title='bbox 3546 3781 3823 3849; x_wconf 67' lang='lat' dir='ltr'>diversae,</span> 
     </span>
    </p>
   </div>
   <div class='ocr_carea' id='block_1_107' title="bbox 2107 3852 3824 3907">
    <p class='ocr_par' dir='ltr' id='par_1_107' title="bbox 2107 3852 3824 3907">
     <span class='ocr_line' id='line_1_107' title="bbox 2107 3852 3824 3907; baseline 0 0"><span class='ocrx_word' id='word_1_768' title='bbox 2107 3870 2219 3907; x_wconf 92' lang='lat' dir='ltr'>uno</span> <span class='ocrx_word' id='word_1_769' title='bbox 2251 3853 2420 3907; x_wconf 90' lang='lat' dir='ltr'>verbo</span> <span class='ocrx_word' id='word_1_770' title='bbox 2451 3854 2530 3906; x_wconf 86' lang='lat' dir='ltr'>rei</span> <span class='ocrx_word' id='word_1_771' title='bbox 2565 3852 2731 3905; x_wconf 90' lang='lat' dir='ltr'>unius</span> <span class='ocrx_word' id='word_1_772' title='bbox 2765 3854 2821 3906; x_wconf 90' lang='lat' dir='ltr'>in</span> <span class='ocrx_word' id='word_1_773' title='bbox 2856 3852 3092 3905; x_wconf 88' lang='lat' dir='ltr'>alteram</span> <span class='ocrx_word' id='word_1_774' title='bbox 3149 3854 3527 3907; x_wconf 88' lang='lat' dir='ltr'>mutationem</span> <span class='ocrx_word' id='word_1_775' title='bbox 3582 3855 3824 3907; x_wconf 86' lang='lat' dir='ltr'>contin-</span> 
     </span>
    </p>
   </div>
   <div class='ocr_carea' id='block_1_108' title="bbox 2106 3922 3823 3995">
    <p class='ocr_par' dir='ltr' id='par_1_108' title="bbox 2106 3922 3823 3995">
     <span class='ocr_line' id='line_1_108' title="bbox 2106 3922 3823 3995; baseline 0.001 -17"><span class='ocrx_word' id='word_1_776' title='bbox 2106 3942 2266 3995; x_wconf 85' lang='lat' dir='ltr'>gere:</span> <span class='ocrx_word' id='word_1_777' title='bbox 2317 3941 2420 3978; x_wconf 91' lang='lat' dir='ltr'>nec</span> <span class='ocrx_word' id='word_1_778' title='bbox 2451 3940 2613 3993; x_wconf 90' lang='lat' dir='ltr'>posse</span> <span class='ocrx_word' id='word_1_779' title='bbox 2658 3922 2767 3977; x_wconf 91' lang='lat' dir='ltr'>dici</span> <span class='ocrx_word' id='word_1_780' title='bbox 2809 3929 2907 3976; x_wconf 89' lang='lat' dir='ltr'>aut</span> <span class='ocrx_word' id='word_1_781' title='bbox 2964 3923 3205 3995; x_wconf 84' lang='lat' dir='ltr'>cogitari</span> <span class='ocrx_word' id='word_1_782' title='bbox 3255 3923 3376 3977; x_wconf 91' lang='lat' dir='ltr'>sine</span> <span class='ocrx_word' id='word_1_783' title='bbox 3427 3923 3675 3995; x_wconf 86' lang='lat' dir='ltr'>crimine</span> <span class='ocrx_word' id='word_1_784' title='bbox 3720 3942 3823 3979; x_wconf 87' lang='lat' dir='ltr'>seu</span> 
     </span>
    </p>
   </div>
   <div class='ocr_carea' id='block_1_109' title="bbox 2105 3994 3823 4066">
    <p class='ocr_par' dir='ltr' id='par_1_109' title="bbox 2105 3994 3823 4066">
     <span class='ocr_line' id='line_1_109' title="bbox 2105 3994 3823 4066; baseline 0 -17"><span class='ocrx_word' id='word_1_785' title='bbox 2105 3997 2320 4065; x_wconf 90' lang='lat' dir='ltr'>absque</span> <span class='ocrx_word' id='word_1_786' title='bbox 2371 3997 2536 4064; x_wconf 87' lang='lat' dir='ltr'>culpa</span> <span class='ocrx_word' id='word_1_787' title='bbox 2566 4001 2622 4047; x_wconf 93' lang='lat' dir='ltr'>et</span> <span class='ocrx_word' id='word_1_788' title='bbox 2661 4001 2889 4066; x_wconf 89' lang='lat' dir='ltr'>peccato</span> <span class='ocrx_word' id='word_1_789' title='bbox 2922 4010 3127 4066; x_wconf 83' lang='lat' dir='ltr'>corpus</span> <span class='ocrx_word' id='word_1_790' title='bbox 3172 3994 3381 4066; x_wconf 80' lang='lat' dir='ltr'>Christi</span> <span class='ocrx_word' id='word_1_791' title='bbox 3404 3994 3495 4066; x_wconf 85' lang='lat' dir='ltr'>ibi</span> <span class='ocrx_word' id='word_1_792' title='bbox 3525 4011 3646 4047; x_wconf 92' lang='lat' dir='ltr'>non</span> <span class='ocrx_word' id='word_1_793' title='bbox 3686 4013 3823 4066; x_wconf 88' lang='lat' dir='ltr'>per-</span> 
     </span>
    </p>
   </div>
   <div class='ocr_carea' id='block_1_110' title="bbox 2037 4064 3825 4134">
    <p class='ocr_par' dir='ltr' id='par_1_110' title="bbox 2037 4064 3825 4134">
     <span class='ocr_line' id='line_1_110' title="bbox 2037 4064 3825 4134; baseline 0.001 -15"><span class='ocrx_word' id='word_1_794' title='bbox 2037 4101 2040 4105; x_wconf 59' lang='grc' dir='ltr'>ε</span> <span class='ocrx_word' id='word_1_795' title='bbox 2106 4064 2360 4120; x_wconf 85' lang='lat' dir='ltr'>manere.</span> <span class='ocrx_word' id='word_1_796' title='bbox 2387 4066 2598 4119; x_wconf 91' lang='lat' dir='ltr'>Sensus</span> <span class='ocrx_word' id='word_1_797' title='bbox 2630 4065 2805 4134; x_wconf 89' lang='lat' dir='ltr'>igitur</span> <span class='ocrx_word' id='word_1_798' title='bbox 2826 4065 3005 4118; x_wconf 92' lang='lat' dir='ltr'>nostri</span> <span class='ocrx_word' id='word_1_799' title='bbox 3042 4064 3335 4118; x_wconf 82' lang='lat' dir='ltr'>Ratramni</span> <span class='ocrx_word' id='word_1_800' title='bbox 3369 4065 3441 4117; x_wconf 88' lang='lat' dir='ltr'>sit</span> <span class='ocrx_word' id='word_1_801' title='bbox 3469 4064 3711 4119; x_wconf 82' lang='lat' dir='ltr'>necesse</span> <span class='ocrx_word' id='word_1_802' title='bbox 3739 4072 3825 4120; x_wconf 87' lang='lat' dir='ltr'>est</span> 
     </span>
    </p>
   </div>
   <div class='ocr_carea' id='block_1_111' title="bbox 2108 4135 3824 4207">
    <p class='ocr_par' dir='ltr' id='par_1_111' title="bbox 2108 4135 3824 4207">
     <span class='ocr_line' id='line_1_111' title="bbox 2108 4135 3824 4207; baseline 0.001 -17"><span class='ocrx_word' id='word_1_803' title='bbox 2108 4138 2284 4207; x_wconf 90' lang='lat' dir='ltr'>(quod</span> <span class='ocrx_word' id='word_1_804' title='bbox 2321 4135 2825 4207; x_wconf 85' lang='lat' dir='ltr'>conceptisverbis</span> <span class='ocrx_word' id='word_1_805' title='bbox 2855 4152 3183 4206; x_wconf 85' lang='lat' dir='ltr'>expressum</span> <span class='ocrx_word' id='word_1_806' title='bbox 3219 4142 3331 4189; x_wconf 88' lang='lat' dir='ltr'>est:</span> <span class='ocrx_word' id='word_1_807' title='bbox 3364 4151 3557 4206; x_wconf 84' lang='lat' dir='ltr'>corpus</span> <span class='ocrx_word' id='word_1_808' title='bbox 3587 4142 3643 4189; x_wconf 85' lang='lat' dir='ltr'>et</span> <span class='ocrx_word' id='word_1_809' title='bbox 3681 4154 3824 4191; x_wconf 83' lang='lat' dir='ltr'>san—</span> 
     </span>
    </p>
   </div>
   <div class='ocr_carea' id='block_1_112' title="bbox 2104 4206 3829 4278">
    <p class='ocr_par' dir='ltr' id='par_1_112' title="bbox 2104 4206 3829 4278">
     <span class='ocr_line' id='line_1_112' title="bbox 2104 4206 3829 4278; baseline 0 -17"><span class='ocrx_word' id='word_1_810' title='bbox 2104 4206 2320 4275; x_wconf 79' lang='lat' dir='ltr'>guinem</span> <span class='ocrx_word' id='word_1_811' title='bbox 2359 4209 2510 4261; x_wconf 85' lang='lat' dir='ltr'>Jesus</span> <span class='ocrx_word' id='word_1_812' title='bbox 2562 4206 2779 4260; x_wconf 85' lang='lat' dir='ltr'>Christi</span> <span class='ocrx_word' id='word_1_813' title='bbox 2820 4221 2929 4259; x_wconf 84' lang='lat' dir='ltr'>esse</span> <span class='ocrx_word' id='word_1_814' title='bbox 2975 4208 3366 4278; x_wconf 78' lang='lat' dir='ltr'>compelluntur</span> <span class='ocrx_word' id='word_1_815' title='bbox 3404 4222 3623 4273; x_wconf 72' lang='lat' dir='ltr'>negare,</span> <span class='ocrx_word' id='word_1_816' title='bbox 3673 4209 3829 4278; x_wconf 77' lang='lat' dir='ltr'>quod</span> 
     </span>
    </p>
   </div>
   <div class='ocr_carea' id='block_1_113' title="bbox 2025 4275 3829 4349">
    <p class='ocr_par' dir='ltr' id='par_1_113' title="bbox 2025 4275 3829 4349">
     <span class='ocr_line' id='line_1_113' title="bbox 2025 4275 3829 4349; baseline -0.001 -16"><span class='ocrx_word' id='word_1_817' title='bbox 2025 4279 2069 4333; x_wconf 91' lang='lat' dir='ltr'><strong>D</strong></span> <span class='ocrx_word' id='word_1_818' title='bbox 2106 4281 2263 4344; x_wconf 76' lang='lat' dir='ltr'>nefas</span> <span class='ocrx_word' id='word_1_819' title='bbox 2310 4294 2420 4333; x_wconf 85' lang='lat' dir='ltr'>esse</span> <span class='ocrx_word' id='word_1_820' title='bbox 2464 4294 2569 4331; x_wconf 88' lang='lat' dir='ltr'>non</span> <span class='ocrx_word' id='word_1_821' title='bbox 2621 4280 2791 4330; x_wconf 87' lang='lat' dir='ltr'>solum</span> <span class='ocrx_word' id='word_1_822' title='bbox 2823 4278 3019 4349; x_wconf 25' lang='lat' dir='ltr'>Adicere</span> <span class='ocrx_word' id='word_1_823' title='bbox 3076 4276 3171 4330; x_wconf 84' lang='lat' dir='ltr'>sed</span> <span class='ocrx_word' id='word_1_824' title='bbox 3217 4275 3473 4349; x_wconf 71' lang='lat' dir='ltr'>cogitare)</span> <span class='ocrx_word' id='word_1_825' title='bbox 3506 4294 3652 4349; x_wconf 80' lang='lat' dir='ltr'>esse</span> <span class='ocrx_word' id='word_1_826' title='bbox 3681 4275 3829 4349; x_wconf 59' lang='lat' dir='ltr'>&#39;per</span> 
     </span>
    </p>
   </div>
   <div class='ocr_carea' id='block_1_114' title="bbox 2104 4347 3824 4418">
    <p class='ocr_par' dir='ltr' id='par_1_114' title="bbox 2104 4347 3824 4418">
     <span class='ocr_line' id='line_1_114' title="bbox 2104 4347 3824 4418; baseline 0 -16"><span class='ocrx_word' id='word_1_827' title='bbox 2104 4351 2439 4402; x_wconf 86' lang='lat' dir='ltr'>relationem</span> <span class='ocrx_word' id='word_1_828' title='bbox 2473 4349 2537 4401; x_wconf 90' lang='lat' dir='ltr'>ad</span> <span class='ocrx_word' id='word_1_829' title='bbox 2586 4349 2707 4401; x_wconf 64' lang='lat' dir='ltr'>haec</span> <span class='ocrx_word' id='word_1_830' title='bbox 2744 4347 2874 4399; x_wconf 88' lang='lat' dir='ltr'>vela</span> <span class='ocrx_word' id='word_1_831' title='bbox 2925 4354 2981 4400; x_wconf 88' lang='lat' dir='ltr'>et</span> <span class='ocrx_word' id='word_1_832' title='bbox 3024 4363 3301 4416; x_wconf 65' lang='lat' dir='ltr'>conopaea</span> <span class='ocrx_word' id='word_1_833' title='bbox 3339 4347 3556 4418; x_wconf 88' lang='lat' dir='ltr'>aliquid</span> <span class='ocrx_word' id='word_1_834' title='bbox 3611 4347 3824 4403; x_wconf 75' lang='lat' dir='ltr'>corru-</span> 
     </span>
    </p>
   </div>
   <div class='ocr_carea' id='block_1_115' title="bbox 2103 4418 3823 4489">
    <p class='ocr_par' dir='ltr' id='par_1_115' title="bbox 2103 4418 3823 4489">
     <span class='ocr_line' id='line_1_115' title="bbox 2103 4418 3823 4489; baseline 0.001 -17"><span class='ocrx_word' id='word_1_835' title='bbox 2103 4420 2653 4489; x_wconf 86' lang='lat' dir='ltr'>ptioniobnoxium:</span> <span class='ocrx_word' id='word_1_836' title='bbox 2698 4418 2794 4471; x_wconf 89' lang='lat' dir='ltr'>sed</span> <span class='ocrx_word' id='word_1_837' title='bbox 2836 4434 2939 4488; x_wconf 92' lang='lat' dir='ltr'>per</span> <span class='ocrx_word' id='word_1_838' title='bbox 2986 4418 3320 4489; x_wconf 89' lang='lat' dir='ltr'>relationem</span> <span class='ocrx_word' id='word_1_839' title='bbox 3353 4425 3455 4471; x_wconf 89' lang='lat' dir='ltr'>aut</span> <span class='ocrx_word' id='word_1_840' title='bbox 3486 4424 3823 4489; x_wconf 89' lang='lat' dir='ltr'>respectum</span> 
     </span>
    </p>
   </div>
   <div class='ocr_carea' id='block_1_116' title="bbox 2104 4488 3825 4559">
    <p class='ocr_par' dir='ltr' id='par_1_116' title="bbox 2104 4488 3825 4559">
     <span class='ocr_line' id='line_1_116' title="bbox 2104 4488 3825 4559; baseline 0 -16"><span class='ocrx_word' id='word_1_841' title='bbox 2104 4488 2176 4543; x_wconf 80' lang='lat' dir='ltr'>ad</span> <span class='ocrx_word' id='word_1_842' title='bbox 2209 4491 2475 4543; x_wconf 88' lang='lat' dir='ltr'>virtutem</span> <span class='ocrx_word' id='word_1_843' title='bbox 2524 4489 2769 4559; x_wconf 87' lang='lat' dir='ltr'>Spiritus</span> <span class='ocrx_word' id='word_1_844' title='bbox 2809 4489 3009 4555; x_wconf 82' lang='lat' dir='ltr'>sancti,</span> <span class='ocrx_word' id='word_1_845' title='bbox 3064 4490 3228 4558; x_wconf 91' lang='lat' dir='ltr'>cujus</span> <span class='ocrx_word' id='word_1_846' title='bbox 3261 4488 3311 4541; x_wconf 83' lang='lat' dir='ltr'>vi</span> <span class='ocrx_word' id='word_1_847' title='bbox 3362 4488 3676 4559; x_wconf 30' lang='lat' dir='ltr'>reapse’in</span> <span class='ocrx_word' id='word_1_848' title='bbox 3711 4492 3825 4545; x_wconf 87' lang='lat' dir='ltr'>hoc</span> 
     </span>
    </p>
   </div>
   <div class='ocr_carea' id='block_1_117' title="bbox 2104 4561 3825 4631">
    <p class='ocr_par' dir='ltr' id='par_1_117' title="bbox 2104 4561 3825 4631">
     <span class='ocr_line' id='line_1_117' title="bbox 2104 4561 3825 4631; baseline 0.001 -17"><span class='ocrx_word' id='word_1_849' title='bbox 2104 4561 2376 4631; x_wconf 83' lang='lat' dir='ltr'>mysterio</span> <span class='ocrx_word' id='word_1_850' title='bbox 2432 4566 2670 4631; x_wconf 83' lang='lat' dir='ltr'>suntet</span> <span class='ocrx_word' id='word_1_851' title='bbox 2722 4561 3064 4631; x_wconf 87' lang='lat' dir='ltr'>consistunt,</span> <span class='ocrx_word' id='word_1_852' title='bbox 3113 4575 3226 4612; x_wconf 87' lang='lat' dir='ltr'>non</span> <span class='ocrx_word' id='word_1_853' title='bbox 3279 4575 3400 4631; x_wconf 85' lang='lat' dir='ltr'>esse</span> <span class='ocrx_word' id='word_1_854' title='bbox 3450 4563 3825 4630; x_wconf 89' lang='lat' dir='ltr'>corruptioni</span> 
     </span>
    </p>
   </div>
   <div class='ocr_carea' id='block_1_118' title="bbox 2103 4630 3823 4699">
    <p class='ocr_par' dir='ltr' id='par_1_118' title="bbox 2103 4630 3823 4699">
     <span class='ocr_line' id='line_1_118' title="bbox 2103 4630 3823 4699; baseline 0 -14"><span class='ocrx_word' id='word_1_855' title='bbox 2103 4630 2347 4685; x_wconf 89' lang='lat' dir='ltr'>obnoxia</span> <span class='ocrx_word' id='word_1_856' title='bbox 2399 4637 2455 4685; x_wconf 90' lang='lat' dir='ltr'>et</span> <span class='ocrx_word' id='word_1_857' title='bbox 2508 4630 2779 4699; x_wconf 82' lang='lat' dir='ltr'>subjecta,</span> <span class='ocrx_word' id='word_1_858' title='bbox 2841 4630 2936 4683; x_wconf 92' lang='lat' dir='ltr'>sed</span> <span class='ocrx_word' id='word_1_859' title='bbox 2991 4631 3155 4683; x_wconf 89' lang='lat' dir='ltr'>vitam</span> <span class='ocrx_word' id='word_1_860' title='bbox 3210 4635 3267 4683; x_wconf 90' lang='lat' dir='ltr'>et</span> <span class='ocrx_word' id='word_1_861' title='bbox 3314 4630 3823 4686; x_wconf 86' lang='lat' dir='ltr'>immortalitatem</span> 
     </span>
    </p>
   </div>
   <div class='ocr_carea' id='block_1_119' title="bbox 2103 4700 3823 4771">
    <p class='ocr_par' dir='ltr' id='par_1_119' title="bbox 2103 4700 3823 4771">
     <span class='ocr_line' id='line_1_119' title="bbox 2103 4700 3823 4771; baseline 0.001 -16"><span class='ocrx_word' id='word_1_862' title='bbox 2103 4702 2401 4756; x_wconf 87' lang='lat' dir='ltr'>animabus</span> <span class='ocrx_word' id='word_1_863' title='bbox 2462 4702 2671 4755; x_wconf 91' lang='lat' dir='ltr'>nostris</span> <span class='ocrx_word' id='word_1_864' title='bbox 2737 4702 3185 4754; x_wconf 89' lang='lat' dir='ltr'>communicant.</span> <span class='ocrx_word' id='word_1_865' title='bbox 3253 4700 3411 4754; x_wconf 90' lang='lat' dir='ltr'>Sicut</span> <span class='ocrx_word' id='word_1_866' title='bbox 3490 4702 3823 4771; x_wconf 86' lang='lat' dir='ltr'>baptismus</span> 
     </span>
    </p>
   </div>
   <div class='ocr_carea' id='block_1_120' title="bbox 2102 4772 3823 4841">
    <p class='ocr_par' dir='ltr' id='par_1_120' title="bbox 2102 4772 3823 4841">
     <span class='ocr_line' id='line_1_120' title="bbox 2102 4772 3823 4841; baseline 0 -15"><span class='ocrx_word' id='word_1_867' title='bbox 2102 4773 2300 4827; x_wconf 89' lang='lat' dir='ltr'>habita</span> <span class='ocrx_word' id='word_1_868' title='bbox 2332 4772 2611 4826; x_wconf 90' lang='lat' dir='ltr'>relatione</span> <span class='ocrx_word' id='word_1_869' title='bbox 2640 4787 2733 4823; x_wconf 90' lang='lat' dir='ltr'>seu</span> <span class='ocrx_word' id='word_1_870' title='bbox 2770 4772 2990 4824; x_wconf 89' lang='lat' dir='ltr'>ratione</span> <span class='ocrx_word' id='word_1_871' title='bbox 3024 4772 3092 4825; x_wconf 90' lang='lat' dir='ltr'>ad</span> <span class='ocrx_word' id='word_1_872' title='bbox 3136 4787 3345 4840; x_wconf 88' lang='lat' dir='ltr'>aquam</span> <span class='ocrx_word' id='word_1_873' title='bbox 3397 4775 3454 4823; x_wconf 90' lang='lat' dir='ltr'>et</span> <span class='ocrx_word' id='word_1_874' title='bbox 3485 4773 3640 4841; x_wconf 89' lang='lat' dir='ltr'>quod</span> <span class='ocrx_word' id='word_1_875' title='bbox 3678 4790 3823 4826; x_wconf 81' lang='lat' dir='ltr'>sen-</span> 
     </span>
    </p>
   </div>
   <div class='ocr_carea' id='block_1_121' title="bbox 2101 4842 3823 4912">
    <p class='ocr_par' dir='ltr' id='par_1_121' title="bbox 2101 4842 3823 4912">
     <span class='ocr_line' id='line_1_121' title="bbox 2101 4842 3823 4912; baseline 0.001 -17"><span class='ocrx_word' id='word_1_876' title='bbox 2101 4845 2259 4897; x_wconf 88' lang='lat' dir='ltr'>sibus</span> <span class='ocrx_word' id='word_1_877' title='bbox 2298 4844 2608 4896; x_wconf 84' lang='lat' dir='ltr'>obnoxium</span> <span class='ocrx_word' id='word_1_878' title='bbox 2640 4848 2725 4895; x_wconf 88' lang='lat' dir='ltr'>est</span> <span class='ocrx_word' id='word_1_879' title='bbox 2753 4843 3047 4910; x_wconf 89' lang='lat' dir='ltr'>corrumpi</span> <span class='ocrx_word' id='word_1_880' title='bbox 3080 4848 3289 4912; x_wconf 87' lang='lat' dir='ltr'>potest,</span> <span class='ocrx_word' id='word_1_881' title='bbox 3323 4847 3380 4895; x_wconf 91' lang='lat' dir='ltr'>et</span> <span class='ocrx_word' id='word_1_882' title='bbox 3409 4842 3610 4895; x_wconf 89' lang='lat' dir='ltr'>habita</span> <span class='ocrx_word' id='word_1_883' title='bbox 3650 4843 3823 4897; x_wconf 89' lang='lat' dir='ltr'>simi-</span> 
     </span>
    </p>
   </div>
   <div class='ocr_carea' id='block_1_122' title="bbox 2102 4912 3824 4969">
    <p class='ocr_par' dir='ltr' id='par_1_122' title="bbox 2102 4912 3824 4969">
     <span class='ocr_line' id='line_1_122' title="bbox 2102 4912 3824 4969; baseline 0.001 -1"><span class='ocrx_word' id='word_1_884' title='bbox 2102 4915 2233 4968; x_wconf 91' lang='lat' dir='ltr'>liter</span> <span class='ocrx_word' id='word_1_885' title='bbox 2289 4914 2513 4968; x_wconf 84' lang='lat' dir='ltr'>ratione</span> <span class='ocrx_word' id='word_1_886' title='bbox 2580 4913 2806 4966; x_wconf 89' lang='lat' dir='ltr'>virtutis</span> <span class='ocrx_word' id='word_1_887' title='bbox 2865 4918 2921 4965; x_wconf 89' lang='lat' dir='ltr'>et</span> <span class='ocrx_word' id='word_1_888' title='bbox 2970 4912 3287 4965; x_wconf 89' lang='lat' dir='ltr'>sanctitatis</span> <span class='ocrx_word' id='word_1_889' title='bbox 3348 4912 3456 4965; x_wconf 91' lang='lat' dir='ltr'>sibi</span> <span class='ocrx_word' id='word_1_890' title='bbox 3500 4915 3735 4968; x_wconf 72' lang='lat' dir='ltr'>collatae</span> <span class='ocrx_word' id='word_1_891' title='bbox 3793 4932 3824 4969; x_wconf 87' lang='lat' dir='ltr'>a</span> 
     </span>
    </p>
   </div>
   <div class='ocr_carea' id='block_1_123' title="bbox 2103 4982 3823 5053">
    <p class='ocr_par' dir='ltr' id='par_1_123' title="bbox 2103 4982 3823 5053">
     <span class='ocr_line' id='line_1_123' title="bbox 2103 4982 3823 5053; baseline 0 -16"><span class='ocrx_word' id='word_1_892' title='bbox 2103 4985 2352 5049; x_wconf 87' lang='lat' dir='ltr'>Christo,</span> <span class='ocrx_word' id='word_1_893' title='bbox 2385 4983 2573 5038; x_wconf 87' lang='lat' dir='ltr'>evadit</span> <span class='ocrx_word' id='word_1_894' title='bbox 2598 4984 2725 5036; x_wconf 87' lang='lat' dir='ltr'>fons</span> <span class='ocrx_word' id='word_1_895' title='bbox 2770 4988 2826 5037; x_wconf 89' lang='lat' dir='ltr'>et</span> <span class='ocrx_word' id='word_1_896' title='bbox 2852 4984 3141 5053; x_wconf 87' lang='lat' dir='ltr'>scaturigo</span> <span class='ocrx_word' id='word_1_897' title='bbox 3187 4983 3313 5035; x_wconf 72' lang='lat' dir='ltr'>vine</span> <span class='ocrx_word' id='word_1_898' title='bbox 3358 4988 3413 5035; x_wconf 89' lang='lat' dir='ltr'>et</span> <span class='ocrx_word' id='word_1_899' title='bbox 3460 4982 3823 5038; x_wconf 83' lang='lat' dir='ltr'>immortali—</span> 
     </span>
    </p>
   </div>
   <div class='ocr_carea' id='block_1_124' title="bbox 2100 5053 3819 5124">
    <p class='ocr_par' dir='ltr' id='par_1_124' title="bbox 2100 5053 3819 5124">
     <span class='ocr_line' id='line_1_124' title="bbox 2100 5053 3819 5124; baseline 0.001 -16"><span class='ocrx_word' id='word_1_900' title='bbox 2100 5056 2252 5109; x_wconf 87' lang='lat' dir='ltr'>tatis.</span> <span class='ocrx_word' id='word_1_901' title='bbox 2301 5056 2378 5108; x_wconf 82' lang='lat' dir='ltr'>Ex</span> <span class='ocrx_word' id='word_1_902' title='bbox 2430 5055 2518 5109; x_wconf 89' lang='lat' dir='ltr'>liis</span> <span class='ocrx_word' id='word_1_903' title='bbox 2552 5054 2823 5107; x_wconf 91' lang='lat' dir='ltr'>omnibus</span> <span class='ocrx_word' id='word_1_904' title='bbox 2851 5054 2992 5107; x_wconf 89' lang='lat' dir='ltr'>nihil</span> <span class='ocrx_word' id='word_1_905' title='bbox 3029 5059 3213 5123; x_wconf 89' lang='lat' dir='ltr'>potest</span> <span class='ocrx_word' id='word_1_906' title='bbox 3244 5053 3491 5123; x_wconf 85' lang='lat' dir='ltr'>intelligi</span> <span class='ocrx_word' id='word_1_907' title='bbox 3523 5055 3682 5124; x_wconf 91' lang='lat' dir='ltr'>quod</span> <span class='ocrx_word' id='word_1_908' title='bbox 3712 5058 3819 5109; x_wconf 87' lang='lat' dir='ltr'>do-</span> 
     </span>
    </p>
   </div>
   <div class='ocr_carea' id='block_1_125' title="bbox 2100 5125 3824 5193">
    <p class='ocr_par' dir='ltr' id='par_1_125' title="bbox 2100 5125 3824 5193">
     <span class='ocr_line' id='line_1_125' title="bbox 2100 5125 3824 5193; baseline 0.001 -16"><span class='ocrx_word' id='word_1_909' title='bbox 2100 5128 2297 5179; x_wconf 76' lang='lat' dir='ltr'>ctrinae</span> <span class='ocrx_word' id='word_1_910' title='bbox 2329 5126 2587 5179; x_wconf 52' lang='lat' dir='ltr'>Ecclesia),</span> <span class='ocrx_word' id='word_1_911' title='bbox 2631 5125 2925 5177; x_wconf 72' lang='lat' dir='ltr'>catholicae</span> <span class='ocrx_word' id='word_1_912' title='bbox 2962 5140 3076 5177; x_wconf 91' lang='lat' dir='ltr'>non</span> <span class='ocrx_word' id='word_1_913' title='bbox 3109 5139 3427 5193; x_wconf 89' lang='lat' dir='ltr'>congruum</span> <span class='ocrx_word' id='word_1_914' title='bbox 3465 5132 3562 5177; x_wconf 89' lang='lat' dir='ltr'>aut</span> <span class='ocrx_word' id='word_1_915' title='bbox 3599 5142 3824 5179; x_wconf 84' lang='lat' dir='ltr'>conve-</span> 
     </span>
    </p>
   </div>
   <div class='ocr_carea' id='block_1_126' title="bbox 2103 5194 3824 5266">
    <p class='ocr_par' dir='ltr' id='par_1_126' title="bbox 2103 5194 3824 5266">
     <span class='ocr_line' id='line_1_126' title="bbox 2103 5194 3824 5266; baseline 0.001 -17"><span class='ocrx_word' id='word_1_916' title='bbox 2103 5198 2267 5249; x_wconf 87' lang='lat' dir='ltr'>niens</span> <span class='ocrx_word' id='word_1_917' title='bbox 2299 5197 2386 5259; x_wconf 84' lang='lat' dir='ltr'>sit,</span> <span class='ocrx_word' id='word_1_918' title='bbox 2452 5203 2549 5248; x_wconf 91' lang='lat' dir='ltr'>aut</span> <span class='ocrx_word' id='word_1_919' title='bbox 2586 5196 2736 5266; x_wconf 90' lang='lat' dir='ltr'>quod</span> <span class='ocrx_word' id='word_1_920' title='bbox 2781 5196 2899 5248; x_wconf 90' lang='lat' dir='ltr'>ulla</span> <span class='ocrx_word' id='word_1_921' title='bbox 2949 5194 3169 5266; x_wconf 87' lang='lat' dir='ltr'>ratione</span> <span class='ocrx_word' id='word_1_922' title='bbox 3200 5195 3436 5266; x_wconf 87' lang='lat' dir='ltr'>somniis</span> <span class='ocrx_word' id='word_1_923' title='bbox 3487 5196 3824 5251; x_wconf 87' lang='lat' dir='ltr'>Protestan-</span> 
     </span>
    </p>
   </div>
   <div class='ocr_carea' id='block_1_127' title="bbox 2101 5265 3822 5335">
    <p class='ocr_par' dir='ltr' id='par_1_127' title="bbox 2101 5265 3822 5335">
     <span class='ocr_line' id='line_1_127' title="bbox 2101 5265 3822 5335; baseline 0.001 -16"><span class='ocrx_word' id='word_1_924' title='bbox 2101 5268 2245 5319; x_wconf 88' lang='lat' dir='ltr'>tium</span> <span class='ocrx_word' id='word_1_925' title='bbox 2299 5265 2616 5335; x_wconf 85' lang='lat' dir='ltr'>propitium</span> <span class='ocrx_word' id='word_1_926' title='bbox 2660 5266 2843 5318; x_wconf 90' lang='lat' dir='ltr'>videri</span> <span class='ocrx_word' id='word_1_927' title='bbox 2890 5265 3086 5335; x_wconf 91' lang='lat' dir='ltr'>possit.</span> <span class='ocrx_word' id='word_1_928' title='bbox 3142 5266 3330 5335; x_wconf 86' lang='lat' dir='ltr'>anue</span> <span class='ocrx_word' id='word_1_929' title='bbox 3362 5265 3530 5333; x_wconf 83' lang='lat' dir='ltr'>juvat</span> <span class='ocrx_word' id='word_1_930' title='bbox 3563 5269 3822 5321; x_wconf 87' lang='lat' dir='ltr'>maxime</span> 
     </span>
    </p>
   </div>
   <div class='ocr_carea' id='block_1_128' title="bbox 2102 5336 3817 5407">
    <p class='ocr_par' dir='ltr' id='par_1_128' title="bbox 2102 5336 3817 5407">
     <span class='ocr_line' id='line_1_128' title="bbox 2102 5336 3817 5407; baseline 0.001 -18"><span class='ocrx_word' id='word_1_931' title='bbox 2102 5338 2381 5407; x_wconf 87' lang='lat' dir='ltr'>applicata</span> <span class='ocrx_word' id='word_1_932' title='bbox 2430 5336 2737 5389; x_wconf 87' lang='lat' dir='ltr'>transferre</span> <span class='ocrx_word' id='word_1_933' title='bbox 2786 5341 2861 5407; x_wconf 85' lang='lat' dir='ltr'>et</span> <span class='ocrx_word' id='word_1_934' title='bbox 2921 5344 3133 5400; x_wconf 89' lang='lat' dir='ltr'>mente,</span> <span class='ocrx_word' id='word_1_935' title='bbox 3172 5337 3251 5407; x_wconf 12' lang='lat' dir='ltr'>fin</span> <span class='ocrx_word' id='word_1_936' title='bbox 3313 5339 3817 5404; x_wconf 84' lang='lat' dir='ltr'>comparationem</span> 
     </span>
    </p>
   </div>
   <div class='ocr_carea' id='block_1_129' title="bbox 2103 5406 3821 5477">
    <p class='ocr_par' dir='ltr' id='par_1_129' title="bbox 2103 5406 3821 5477">
     <span class='ocr_line' id='line_1_129' title="bbox 2103 5406 3821 5477; baseline 0.002 -18"><span class='ocrx_word' id='word_1_937' title='bbox 2103 5406 2275 5477; x_wconf 79' lang='lat' dir='ltr'>quam</span> <span class='ocrx_word' id='word_1_938' title='bbox 2304 5406 2555 5460; x_wconf 89' lang='lat' dir='ltr'>instituit</span> <span class='ocrx_word' id='word_1_939' title='bbox 2574 5406 3019 5477; x_wconf 82' lang='lat' dir='ltr'>corporishujus</span> <span class='ocrx_word' id='word_1_940' title='bbox 3051 5406 3256 5459; x_wconf 88' lang='lat' dir='ltr'>Christi</span> <span class='ocrx_word' id='word_1_941' title='bbox 3282 5422 3410 5459; x_wconf 88' lang='lat' dir='ltr'>cum</span> <span class='ocrx_word' id='word_1_942' title='bbox 3450 5408 3631 5467; x_wconf 79' lang='lat' dir='ltr'>nube,</span> <span class='ocrx_word' id='word_1_943' title='bbox 3669 5412 3821 5462; x_wconf 87' lang='lat' dir='ltr'>mari</span> 
     </span>
    </p>
   </div>
   <div class='ocr_carea' id='block_1_130' title="bbox 2105 5476 3822 5547">
    <p class='ocr_par' dir='ltr' id='par_1_130' title="bbox 2105 5476 3822 5547">
     <span class='ocr_line' id='line_1_130' title="bbox 2105 5476 3822 5547; baseline 0.002 -15"><span class='ocrx_word' id='word_1_944' title='bbox 2105 5476 2314 5541; x_wconf 75' lang='lat' dir='ltr'>Rubro,</span> <span class='ocrx_word' id='word_1_945' title='bbox 2345 5494 2495 5545; x_wconf 87' lang='lat' dir='ltr'>aqua</span> <span class='ocrx_word' id='word_1_946' title='bbox 2529 5492 2558 5529; x_wconf 89' lang='lat' dir='ltr'>e</span> <span class='ocrx_word' id='word_1_947' title='bbox 2590 5483 2753 5547; x_wconf 85' lang='lat' dir='ltr'>petra</span> <span class='ocrx_word' id='word_1_948' title='bbox 2775 5476 2997 5541; x_wconf 88' lang='lat' dir='ltr'>educta,</span> <span class='ocrx_word' id='word_1_949' title='bbox 3033 5492 3245 5530; x_wconf 89' lang='lat' dir='ltr'>manna</span> <span class='ocrx_word' id='word_1_950' title='bbox 3276 5477 3331 5529; x_wconf 91' lang='lat' dir='ltr'>in</span> <span class='ocrx_word' id='word_1_951' title='bbox 3356 5493 3562 5530; x_wconf 89' lang='lat' dir='ltr'>arenas</span> <span class='ocrx_word' id='word_1_952' title='bbox 3597 5480 3822 5535; x_wconf 81' lang='lat' dir='ltr'>deserti</span> 
     </span>
    </p>
   </div>
   <div class='ocr_carea' id='block_1_131' title="bbox 2103 5548 3437 5614">
    <p class='ocr_par' dir='ltr' id='par_1_131' title="bbox 2103 5548 3437 5614">
     <span class='ocr_line' id='line_1_131' title="bbox 2103 5548 3437 5614; baseline -0.001 -14"><span class='ocrx_word' id='word_1_953' title='bbox 2103 5548 2337 5603; x_wconf 89' lang='lat' dir='ltr'>cadente</span> <span class='ocrx_word' id='word_1_954' title='bbox 2379 5567 2394 5614; x_wconf 91' lang='lat'><strong>;</strong></span> <span class='ocrx_word' id='word_1_955' title='bbox 2430 5563 2661 5600; x_wconf 90' lang='lat' dir='ltr'>—-num.</span> <span class='ocrx_word' id='word_1_956' title='bbox 2694 5548 2784 5612; x_wconf 88' lang='grc'>20,</span> <span class='ocrx_word' id='word_1_957' title='bbox 2807 5549 2898 5612; x_wconf 83' lang='grc'>21,</span> <span class='ocrx_word' id='word_1_958' title='bbox 2929 5549 3018 5611; x_wconf 87' lang='grc'>22,</span> <span class='ocrx_word' id='word_1_959' title='bbox 3052 5548 3138 5608; x_wconf 83' lang='grc'>23,</span> <span class='ocrx_word' id='word_1_960' title='bbox 3170 5548 3238 5600; x_wconf 77' lang='grc'>24</span> <span class='ocrx_word' id='word_1_961' title='bbox 3268 5554 3323 5600; x_wconf 88' lang='lat' dir='ltr'>et</span> <span class='ocrx_word' id='word_1_962' title='bbox 3350 5551 3437 5601; x_wconf 80' lang='grc'>25,</span> 
     </span>
    </p>
   </div>
   <div class='ocr_carea' id='block_1_132' title="bbox 3703 200 3804 255">
    <p class='ocr_par' dir='ltr' id='par_1_132' title="bbox 3703 200 3804 255">
     <span class='ocr_line' id='line_1_132' title="bbox 3703 200 3804 255; baseline -0.079 1"><span class='ocrx_word' id='word_1_963' title='bbox 3703 200 3804 255; x_wconf 70' lang='lat' dir='ltr'>las</span> 
     </span>
    </p>
   </div>
  </div>
