3920 6224
96 379 166 428 137

1119 364 1205 418 DE
1249 363 1574 418 CORPORIS
1631 365 1716 417 ΕΤ
1756 364 2102 420 SANGUINE
2148 365 2408 420 DOlllNl.

3425 371 3518 422 l38

88 501 372 557 sanctificare
433 491 724 564 quiverit?
790 493 901 548 Nec
967 497 1157 546 tamen
1233 494 1571 563 Apostolum
1647 493 1704 546 iu
1737 499 1780 549 Α
1823 495 2002 564 ipsam
2035 511 2205 566 quam
2245 495 2408 549 hodie
2457 499 2702 566 populus
2749 498 3103 553 credentium
3159 499 3219 553 in
3272 501 3520 556 Ecclesia

87 592 264 648 Christo
291 587 520 639 locutum
550 583 830 635 audemus
869 581 1057 634 dicere
1091 581 1245 651 quod
1299 598 1411 634 non
1462 598 1589 634 vere
1624 582 1712 636 di-

85 681 201 734 xerit
226 680 390 747 patres
435 676 664 724 nostros
699 670 753 723 in
799 671 951 724 nube
1013 676 1068 722 et
1101 669 1244 722 mari
1302 669 1471 723 fuisse
1528 670 1711 740 bapti-

86 775 223 822 zatos.
1095 809 1097 811 .

135 853 311 909 XXtEt
330 850 584 923 quamvis
622 848 938 919 baptismus
987 847 1084 900 ille
1125 847 1369 901 formam
1406 847 1714 917 baptisma-

84 947 139 998 tis
158 941 351 1002 Christi,
379 940 527 1010 quod
567 939 736 991 hodie
767 939 987 1005 geritur
1025 937 1078 988 in
1114 938 1380 1004 Ecclesia,
1418 953 1529 990 non
1563 953 1714 1006 pras—

83 1032 252 1094 tulerit,
291 1028 624 1097 baptismum
677 1032 868 1078 tamen
901 1025 1195 1089 exstitisse,
1243 1027 1387 1078 etin
1419 1043 1483 1078 eo
1528 1034 1715 1096 patres

82 1127 262 1174 nostros
290 1117 589 1188 baptizatos
620 1115 812 1180 fuisse,
844 1115 1032 1167 nullus
1073 1131 1282 1182 negare
1314 1130 1485 1167 sanus
1535 1115 1712 1168 aude-

80 1210 160 1273 bit,
188 1208 279 1261 nisi
323 1205 498 1259 verbis
547 1205 802 1274 Apostoli
847 1202 1236 1256 contradicere
1286 1219 1529 1257 vesanus
1578 1219 1719 1272 prin-

82 1296 350 1368 sumpserit.
382 1294 564 1364 Igitur
598 1299 653 1347 et
705 1308 860 1345 mare
911 1297 965 1344 et
1021 1292 1200 1345 nubes
1234 1308 1347 1344 non
1400 1293 1712 1345 secundum

82 1386 166 1438 hoc
193 1384 322 1454 quod
351 1398 555 1451 corpus
582 1381 930 1445 exstiterant,
965 1380 1427 1432 sanctiﬁcationis
1483 1381 1715 1433 mundi—

81 1476 189 1527 tiam
224 1472 525 1542 priebuere,
578 1485 778 1523 verum
829 1469 1140 1522 secundum
1171 1469 1320 1538 quod
1357 1469 1719 1522 invisibiliter

81 1563 219 1614 sancti
271 1560 503 1629 Spiritus
563 1557 1065 1612 sanctiﬁcatiom-m
1128 1557 1516 1610 continebant.
1593 1557 1720 1610 Erat

78 1665 281 1719 namque
311 1649 365 1701 in
413 1649 498 1701 eis
549 1647 789 1700 visibilis
829 1647 1032 1712 forma,
1091 1662 1219 1716 qua).
1250 1645 1551 1716 ﬁcorporeis
1590 1661 1717 1696 sen-

79 1737 198 1790 sibus
232 1741 539 1808 appareret,
584 1752 696 1790 non
747 1736 806 1788 in
836 1734 1109 1804 imagine,
1144 1735 1237 1788 sed
1271 1734 1331 1787 in
1364 1736 1627 1798 veritate;
1665 1737 1718 1785 et

73 1827 268 1878 interius
295 1825 602 1896 spiritualis
635 1823 886 1894 potentia
914 1823 1254 1894 refulgebat,
1289 1838 1416 1893 quin
1447 1839 1559 1875 non
1601 1837 1718 1875 car-

76 1915 142 1967 nis.
168 1915 342 1979 oculis,
369 1913 462 1968 sed
497 1914 705 1967 mentis
745 1912 1058 1966 luminibus
1087 1918 1406 1982 appareret.

125 2003 262 2057 XXII.
296 2002 570 2055 Similiter
601 2017 807 2054 manna
859 2002 1074 2072 populo
1104 2001 1171 2054 de
1219 2001 1359 2053 coelo
1411 2000 1630 2064 datum,
1665 2002 1722 2051 et

74 2109 188 2161 aqua
215 2091 502 2160 profluens
561 2091 629 2143 de
681 2096 860 2160 petra,
916 2091 1241 2159 corporales
1300 2089 1634 2142 exstiterant
1665 2094 1722 2140 et

71 2179 396 2249 corporaliter
424 2178 708 2249 populum
756 2179 842 2232 vel
893 2177 1201 2248 pascebant
1259 2177 1346 2228 vel
1395 2177 1717 2246 potabant:

68 2275 276 2322 attamen
306 2268 611 2338 Apostolus
649 2267 732 2321 vel
762 2267 898 2321 illud
934 2283 1162 2330 manna,
1185 2266 1269 2318 vel
1304 2266 1459 2319 illam
1489 2281 1719 2336 aquam,

69 2357 376 2425 spiritualem
406 2372 597 2410 escam
648 2355 1123 2424 spiritualemque
1182 2361 1381 2423 potum
1444 2354 1714 2424 appellat.

66 2445 155 2497 Cur
176 2444 620 2509 hoc?0uoniam
652 2445 838 2498 inerat
884 2442 1171 2514 corporeis
1222 2443 1333 2495 illis
1391 2441 1722 2495 substantiis

68 2535 337 2601 spiritualis
365 2535 540 2589 Verbi
571 2538 843 2604 potestas,
875 2549 1004 2602 qua:
1037 2537 1254 2586 mentes
1305 2532 1495 2600 potius
1546 2545 1721 2601 quam

61 2639 260 2691 corpora
317 2622 680 2676 credentium
736 2627 993 2691 pasceret
1049 2627 1221 2692 atque
1283 2625 1508 2690 potaret
1557 2619 1723 2688 (Vide

64 2713 300 2780 num.l5).
338 2712 402 2765 Et
454 2727 588 2764 cum
641 2711 796 2764 cibus
828 2711 912 2763 vel
975 2714 1139 2779 potus
1204 2709 1296 2762 ille
1354 2708 1530 2762 futuri
1600 2723 1718 2760 cor-

59 2800 186 2865 poris
213 2799 414 2853 Christi
449 2798 866 2869 sanguinisque
899 2799 1256 2868 mysterium,
1289 2799 1439 2868 quod
1473 2796 1724 2850 celebrat

62 2887 288 2956 Ecclesia,
352 2892 848 2958 praemonstraret,
928 2888 1189 2940 eamdem
1276 2892 1466 2940 tamen
1536 2902 1721 2939 escam

55 2975 372 3042 spiritualem
408 2977 806 3043 manducasse,
841 2976 1105 3029 eumdem
1139 2981 1333 3046 potum
1364 2975 1722 3045 spiritualem

56 3064 228 3115 biirsse
263 3070 460 3134 patres
492 3070 716 3118 nostros
748 3071 975 3117 sanctus
1008 3064 1215 3117 Paulus
1237 3068 1538 3117 asseverat.

108 3154 270 3206 .\'Xlll.
301 3154 528 3217 Quasris
574 3154 811 3207 fortasse
861 3169 1032 3223 quam
1084 3151 1390 3206 eamdem?
1440 3151 1718 3205 Nimirum

106 3310 246 3373 ’Ouo
274 3326 378 3363 non
427 3312 603 3364 solum
644 3309 1052 3373 redimeremur,
1116 3324 1301 3362 verum
1353 3311 1515 3362 etiam
1558 3314 1717 3378 pota-

47 3394 211 3435 remar.
238 3382 378 3435 Cum
412 3383 570 3436 idem
612 3382 706 3445 sit,
743 3381 903 3434 omni
955 3384 1146 3432 amoto
1185 3380 1534 3444 discrimine,
1589 3397 1718 3432 san-

51 3451 150 3516 guis
176 3452 374 3506 Christi
406 3469 526 3522 quo
561 3459 830 3523 potamur
884 3456 938 3504 et
967 3450 1344 3523 _redimimur,
1393 3451 1521 3523 haec
1555 3467 1716 3523 assu-

53 3534 176 3573 mere
219 3521 452 3576 necesse
506 3521 592 3576 est
623 3522 692 3576 ad
746 3521 1200 3576 concludendum
1252 3521 1404 3590 quod
1453 3538 1580 3574 cum
1615 3521 1719 3574 Ra-

48 3597 268 3646 tramnus
297 3594 565 3647 docuerit
600 3601 654 3646 et
681 3593 990 3646 crediderit
1011 3592 1349 3662 sanguinem
1382 3608 1484 3661 pro
1527 3592 1716 3645 homi-

50 3662 184 3713 nibus
237 3664 490 3717 effusum
550 3681 667 3717 non
726 3680 846 3715 esse.
902 3663 1180 3716 duntaxat
1239 3662 1567 3731 figuratum,
1621 3664 1714 3716 sed

53 3747 213 3786 rerum
245 3744 301 3788 et
331 3736 571 3804 proprie
604 3736 818 3788 dictum
849 3735 1185 3803 sanguinem
1214 3734 1422 3786 Christi
1453 3735 1717 3787 eductum

47 3818 70 3852 e
96 3808 203 3856 sinu
234 3806 420 3859 beata:
456 3806 706 3874 Virginis
732 3810 788 3858 et
816 3804 1144 3858 effluentem
1179 3820 1241 3856 ex
1273 3804 1430 3857 venis
1461 3805 1715 3873 corporis

49 3875 170 3944 cruci
202 3877 375 3936 afﬁxi,
413 3893 648 3930 necesse
680 3883 765 3928 est
800 3875 1246 3928 Eucharisticum
1286 3891 1399 3944 quo
1447 3881 1718 3944 petantur

41 3942 183 3998 fuisse
211 3962 241 3998 e
267 3948 402 4000 sinu
443 3949 629 4000 beata:
673 3946 922 4015 Virginis
971 3946 1238 3999 eductum
1277 3942 1333 3998 et
1364 3963 1393 3998 e
1447 3942 1715 3999 crucitixo

45 4028 246 4083 corpore
280 4019 560 4081 effusum,
617 4021 779 4085 cujus
823 4033 953 4069 cum
1007 4016 1367 4086 plenitudine
1421 4017 1488 4070 ad
1547 4018 1718 4070 caelos

47 4091 314 4154 postquam
349 4090 562 4142 revixit
610 4087 884 4152 ascendit,
945 4092 999 4140 et
1058 4087 1124 4140 ad
1194 4088 1482 4140 dexteram
1535 4087 1717 4141 Patris

41 4158 176 4230 sedit,
203 4164 263 4210 ut
295 4159 453 4212 idem
488 4159 680 4230 inquit
710 4160 1054 4230 Hatramnus
1082 4173 1240 4210 num.
1277 4160 1362 4211 30.

96 4229 114 4266 δ
137 4230 262 4295 Ipse,
296 4227 704 4298 numquefetc.
741 4229 895 4282 Adeo
930 4229 988 4281 in
1015 4234 1206 4281 mente
1234 4228 1506 4282 tuendam
1534 4227 1717 4280 liabe-

43 4295 119 4347 bat
146 4295 840 4354 transsubsfantiationem
883 4300 1268 4369 Ratramnus,
1298 4315 1469 4369 quam
1525 4299 1716 4352 Eccle-

1749 1796 1788 1848 B

1825 585 2132 637 manducat
2163 591 2213 637 et
2245 585 2388 638 bibit
2414 586 2575 655 (Vide
2596 601 2741 639 num.
2769 589 2880 654 '25).
2927 589 3046 640 Non
3079 589 3235 643 enim
3281 589 3410 643 licet
3441 592 3521 644 di—

1825 689 2046 727 versam
2081 673 2343 741 intelligi,
2398 674 2671 743 quouiam
2729 691 2874 726 unus
2928 676 3196 747 idemque
3260 680 3519 734 Christus

1827 766 1925 820 est,
1964 763 2061 831 qui
2095 767 2146 815 et.
2181 764 2457 832 populum
2498 763 2555 815 in
2583 763 2824 822 deserto,
2874 765 2929 816 in
2977 766 3128 819 nube
3181 771 3238 821 et
3283 768 3341 821 in
3376 769 3519 823 mari

1824 850 2200 919 baptizatum,
2234 867 2335 904 sua
2364 869 2531 905 carne
2577 852 2750 922 pavit,
2790 870 2892 906 suo
2941 856 3219 923 sanguine
3252 861 3387 911 tunc
3429 876 3520 928 po-

1829 940 1983 1005 tavit,
2025 945 2081 992 et
2123 941 2178 992 in
2230 941 2471 993 Ecclesia
2502 957 2653 994 nunc
2713 943 3068 996 credentium
3098 946 3399 1015 ipopnlum
3433 947 3522 1000 sui

1826 1027 2081 1097 corporis
2103 1044 2270 1097 pane,
2304 1029 2391 1081 sui
2421 1029 2716 1098 sanguinis
2745 1031 2897 1084 unda
2920 1032 3101 1104 pascit
3135 1037 3304 1103 atque
3333 1040 3517 1104 potat.

1894 1117 2070 1172 XXIV.
2105 1117 2264 1180 Quod
2323 1119 2516 1170 volens
2568 1120 2873 1188 Apostolus
2920 1119 3211 1188 intimare,
3271 1138 3400 1176 cum
3433 1124 3519 1177 di-

1825 1205 1994 1258 xisset
2068 1210 2256 1276 patres
2315 1212 2540 1260 nostros
2600 1209 2860 1261 eamlem
2920 1225 3104 1263 escam
3165 1211 3518 1280 spiritualem

1827 1294 2216 1360 manducasse,
2295 1296 2675 1366 cumdemqne
2741 1303 2941 1366 potum
3009 1298 3367 1368 spiritualem
3435 1300 3520 1355 bi-

1827 1382 1995 1448 bisse,
2023 1390 2439 1453 consequenter
2468 1385 2673 1454 adjecit
2705 1402 2718 1438 :
2774 1386 3044 1441 Bibebant
3096 1394 3277 1442 autem
3319 1389 3383 1442 de
3411 1393 3522 1457 spi-

1825 1472 2021 1524 rituali
2048 1475 2389 1541 consequenti
2417 1487 2501 1527 eos
2544 1478 2721 1541 petra.
2778 1476 2934 1527 Petra
2976 1481 3154 1529 autem
3212 1479 3330 1530 erat
3363 1478 3520 1532 Chri-

1826 1565 1942 1612 stus
2009 1559 2050 1627 (1
2111 1561 2230 1613 Cor.
2287 1577 2341 1624 x,
2400 1562 2469 1628 et).
2524 1561 2590 1615 Ut
2643 1561 3122 1632 intelligeremus,
3183 1565 3237 1617 in
3299 1567 3520 1620 deserto

1830 1648 2117 1702 Christum
2149 1650 2204 1701 in
2253 1649 2539 1718 spirituali
2591 1658 2752 1720 petra
2784 1653 3123 1718 constitisse,
3182 1661 3237 1707 et
3267 1655 3352 1707 sui
3386 1672 3520 1708 sau-

1829 1737 2019 1805 guinis
2045 1736 2256 1790 undam
2280 1739 2494 1808 populo
2513 1739 2844 1808 praebuisse,
2871 1741 2969 1810 qui
2994 1747 3190 1810 postea
3213 1759 3422 1813 corpus
3452 1743 3521 1797 de

1829 1825 2058 1895 Virgine
2081 1831 2396 1896 sumptum,
2429 1833 2484 1879 et
2516 1845 2616 1897 pro
2645 1829 2825 1881 salute
2857 1829 3213 1883 credentium
3247 1831 3304 1884 in
3357 1848 3521 1886 cruce

1828 1930 2189 1984 suspensum,
2227 1916 2435 1967 nostris
2491 1916 2711 1968 szcculis
2769 1917 3045 1983 exhibuit,
3100 1925 3154 1970 et
3187 1935 3249 1971 ex
3288 1937 3355 1972 eo
3387 1937 3520 1974 san-

1827 2003 2018 2071 guinis
2047 2003 2257 2056 undam
2289 2003 2491 2057 etfudit
2529 2014 2553 2038 ⁸
2580 2021 2694 2074 quo
2718 2021 2832 2058 non
2865 2007 3050 2059 solum
3081 2008 3518 2075 redimeremur,

1827 2107 2026 2144 verum
2061 2092 2231 2144 etiam
2271 2097 2624 2162 poteremur.

1900 2179 2046 2234 XXV.
2082 2179 2281 2234 Mirum
2333 2185 2506 2244 certe,
2541 2180 2815 2250 quoniam
2851 2180 3436 2251 incomprehensibile
3467 2187 3522 2236 et

1825 2268 2255 2323 inmstimabile!
2292 2269 2557 2322 Nondum
2602 2269 2895 2340 hominem
2931 2276 3335 2340 assumpserat,
3373 2288 3518 2325 non-

1829 2357 1964 2411 dum
1997 2372 2101 2426 pro
2136 2357 2315 2410 salute
2361 2358 2559 2410 mundi
2618 2339 2863 2411 mortem
2908 2358 3330 2428 degustaverat,
3384 2376 3520 2413 non-

1829 2443 1963 2497 dum
1997 2443 2274 2513 sanguine
2304 2461 2406 2497 suo
2432 2461 2532 2496 nos
2572 2445 2911 2513 redemerat,
2946 2451 2999 2499 et
3021 2446 3140 2516 jam
3196 2448 3374 2501 uestri
3426 2465 3522 2518 pa-

1828 2537 1941 2585 tres
1972 2532 2027 2585 in
2056 2532 2279 2585 deserto
2320 2548 2419 2602 per
2446 2549 2630 2586 escam
2677 2533 3034 2602 spiritualem
3089 2541 3406 2606 potumque
3436 2536 3521 2589 iu-

1827 2620 2108 2673 visibilem
2142 2622 2265 2690 ejus
2297 2637 2505 2690 corpus
2537 2621 2956 2676 manducabant
3010 2629 3066 2675 et
3106 2625 3229 2692 ejus
3278 2625 3518 2692 sangui-

1829 2725 1961 2762 nem
1995 2708 2266 2762 bibebant
2299 2724 2310 2762 :
2348 2710 2501 2762 velut
2529 2709 2688 2762 testis
2715 2715 2894 2762 exstat
2940 2712 3243 2780 Apostolus
3272 2713 3524 2766 clamans

1829 2798 2087 2850 eamdem
2143 2813 2325 2850 escam
2383 2797 2744 2866 spiritualem
2797 2799 3191 2866 manducasse,
3250 2802 3514 2855 eumdem

1830 2892 2031 2955 potum
2066 2885 2417 2956 spiritualem
2444 2885 2650 2939 bibisse
2684 2892 2872 2955 patres
2905 2895 3145 2941 nostros.
3187 2889 3307 2943 Non
3352 2882 3520 2944 isthic

1830 2975 1974 3029 ratio
2008 2991 2119 3045 qua
2151 2975 2275 3028 fieri
2308 2977 2576 3045 potuerit,
2611 2975 3012 3046 disquirenda;
3047 2978 3144 3032 sed
3197 2979 3338 3032 ﬁdes
3371 2981 3523 3050 quod

1782 3098 1792 3137 ε
1829 3065 2040 3117 factum
2083 3065 2172 3128 sit,
2229 3063 2573 3117 adhibenda.
2606 3066 2630 3106 ιδ
2662 3066 2786 3133 Ipse
2842 3081 3089 3136 namque
3122 3067 3220 3137 qui
3277 3083 3428 3120 nunc
3468 3067 3522 3120 in

1831 3153 2076 3206 Ecclesia
2113 3152 2494 3222 omnipotenti
2528 3152 2737 3205 virtute
2768 3169 2976 3222 panem
3015 3159 3072 3208 et
3110 3155 3307 3208 vinum
3346 3157 3403 3209 in
3437 3159 3521 3209 sui

1830 3309 2068 3380 confert,
2090 3306 2348 3380 quamvis
2381 3307 2567 3380 prima
2587 3311 2642 3361 et
2665 3308 2959 3379 antiquior
2979 3314 3130 3363 esset
3144 3310 3324 3380 ﬁgura
3341 3327 3528 3365 recen-

1827 3379 1989 3432 tioris
2017 3385 2073 3432 et
2102 3379 2292 3452 imago
2317 3394 2416 3452 seu
2452 3379 2558 3452 sub
2585 3385 2875 3452 aspectum
2898 3380 3176 3449 subjectio
3194 3379 3262 3434 iet
3312 3383 3529 3452 effigies

1829 3466 2110 3520 expressa.
2149 3451 2287 3502 Cum
2313 3449 2491 3517 igitur
2510 3450 2591 3502 ait
2618 3450 2961 3504 Ratramnus
2983 3468 3135 3504 num.
3174 3455 3240 3508 23
3266 3449 3525 3507 eamdem

1828 3537 1948 3574 esse
1981 3536 2208 3573 carnem
2242 3537 2415 3590 quam
2450 3521 2697 3589 populus
2729 3521 3082 3574 credentium
3109 3524 3224 3576 edit
3252 3523 3308 3575 in
3335 3524 3528 3578 Eccle-

1829 3592 1926 3655 sia,
1961 3598 2016 3644 et
2048 3598 2242 3660 potum
2276 3607 2447 3659 quem
2483 3590 2641 3655 bibit,
2678 3607 2792 3644 non
2823 3593 3092 3660 intelligit
3121 3609 3222 3646 nec
3261 3593 3337 3645 ait
3370 3611 3523 3648 eam-

1829 3663 1957 3716 dem
1989 3678 2109 3714 esse
2143 3677 2368 3713 carnem
2402 3667 2458 3713 et
2488 3667 2686 3730 potum
2716 3661 3080 3714 individuum
3113 3668 3170 3715 et
3195 3663 3524 3731 speciticum

1828 3732 1988 3786 omni
2019 3733 2241 3785 delectu
2274 3737 2368 3784 aut
2397 3731 2727 3784 discrimine
2756 3738 3002 3798 remoto,
3034 3733 3132 3786 sed
3158 3735 3527 3788 solummodo

1827 3803 2087 3857 eamdem
2110 3817 2336 3874 carnem
2369 3817 2565 3870 reapse
2585 3802 2915 3874 manducari
2947 3808 3002 3855 et
3029 3803 3293 3856 eumdem
3324 3811 3526 3874 potum

1828 3873 2124 3943 prOpinari
2155 3873 2345 3936 hodie,
2381 3888 2627 3945 quorum
2660 3873 2859 3945 imago,
2882 3874 3069 3926 fuerat
3091 3875 3227 3927 olim
3261 3873 3528 3945 expressa

1827 3952 1884 3998 et
1920 3945 2184 4014 figurata,
2223 3949 2277 3995 et
2326 3943 2810 4014 quemadmodum
2851 3943 2971 3996 haec
3030 3946 3272 4014 ﬁgurata
3305 3943 3436 3999 caro
3468 3954 3528 4000 et

1827 4013 2061 4086 sanguis
2090 4015 2388 4081 figuratus,
2422 4013 2710 4086 habebant
2731 4015 2998 4086 virtutem
3026 4013 3358 4070 interiorem
3382 4017 3532 4070 infu-

1826 4085 2003 4140 sionis
2036 4086 2228 4155 gratiae
2256 4101 2353 4137 seu
2388 4085 2746 4139 conferendtn
2799 4085 3132 4139 hominibus
3187 4089 3528 4154 sanctitatis,

1827 4157 2028 4211 eadem
2059 4172 2188 4208 caro
2219 4171 2349 4208 vera
2382 4156 2729 4224 sanguisque
2761 4172 2930 4208 verus
2990 4157 3104 4210 vim
3157 4164 3213 4210 et
3258 4159 3528 4213 virtutem

1825 4229 1999 4281 habet
2027 4227 2387 4280 conferendae
2417 4227 2542 4279 vita:
2592 4234 2649 4279 et
2679 4226 3147 4282 immortalitatis.
3183 4229 3342 4283 Hunc
3410 4247 3534 4283 esse

1828 4315 2023 4370 verum
2055 4297 2740 4370 sensumconcinnatoris
2786 4298 3081 4351 Ratramni
3134 4315 3199 4352 ex
3233 4316 3453 4370 concep
3492 4303 3542 4354 ti

42 4371 413 4449 s1a-cathplica
445 4371 719 4449 defendit,
755 4375 817 4449 ut
861 4370 1080 4449 liquido
1127 4368 1416 4449 subjicere
1459 4369 1718 4449 videatur
1752 4397 1791 4449 ῃ
1834 4368 2019 4449 verbis
2051 4369 2324 4449 ηψπ-22
2373 4368 2790 4449 intelligimus:
2837 4371 2905 4422 Et
2935 4384 3054 4449 cura
3096 4371 3267 4434 cibus,
3317 4368 3532 4449 ccipe-

43 4437 216 4512 t‘actam
245 4442 430 4495 fuisse
462 4448 721 4512 tempore
768 4437 970 4510 Moysis
1002 4440 1059 4493 in
1107 4456 1317 4512 manna
1369 4445 1426 4494 et
1469 4440 1526 4512 in_
1570 4456 1714 4509 aqua

42 4523 149 4576 quae
182 4511 247 4564 de
299 4519 472 4581 petra
535 4510 696 4581 virga
748 4528 1015 4580 percussa
1072 4511 1400 4573 efﬂuxerat;
1463 4510 1718 4580 adeoque

43 4585 231 4634 tantum
264 4584 436 4636 abest
461 4587 528 4636 ut
565 4599 633 4635 ex
679 4583 782 4635 hac
833 4583 1260 4650 comparatione
1307 4581 1718 4634 assumendum

43 4651 102 4722 sit
128 4660 534 4720 argumentum
569 4653 639 4706 ad
665 4653 1024 4722 probandum
1057 4653 1430 4705 Ratramnum
1456 4652 1720 4704 abnuisse

39 4719 288 4792 doctrinae
315 4725 622 4778 catholicae
654 4719 913 4777 Ecclesiae:
945 4724 1014 4776 de
1041 4723 1526 4775 transmutatione
1559 4722 1722 4792 panis

39 4791 85 4842 in
112 4810 312 4863 corpus
340 4796 558 4848 Christi
593 4811 606 4848 :
645 4795 767 4863 ipsa
800 4793 1151 4864 comparatio
1205 4793 1411 4862 probat
1456 4810 1484 4846 e
1525 4799 1723 4846 contra

43 4864 158 4913 adeo
192 4874 456 4918 mentem
508 4871 846 4935 occupatam
893 4863 1186 4935 habuisse
1219 4863 1483 4917 suasione
1555 4865 1723 4932 hujus

39 4933 705 5001 transsubstaritiationis,
790 4941 854 4988 ut
909 4935 1074 4987 alteri
1132 4933 1380 4987 libenter
1447 4939 1726 4987 annueret

43 5000 193 5068 ipsius
224 5022 466 5059 manna:
498 5008 558 5060 in
595 5000 910 5076 ipsummet
961 5021 1169 5074 corpus
1203 5003 1408 5059 Christi
1467 5005 1723 5058 nondum

43 5075 154 5147 nati.
185 5076 292 5129 Sed
323 5094 462 5130 cum
492 5075 781 5147 ejusmodi
811 5077 1114 5130 sententia:
1141 5091 1350 5147 genus
1387 5091 1508 5147 esse
1561 5076 1726 5128 valde

40 5145 304 5217 singulare
339 5154 403 5200 et
424 5145 698 5209 insolens,
729 5147 990 5217 quamvis
1011 5147 1102 5200 hic
1120 5145 1531 5217 dilucidissime
1561 5162 1728 5215 expo-

45 5216 204 5280 sitam,
239 5226 511 5272 nostrum
545 5216 837 5271 auctorem
870 5218 929 5270 in
961 5217 1103 5270 hanc
1152 5216 1492 5270 sententiam
1555 5217 1726 5269 inisse

43 5293 358 5357 aerumnam
405 5287 922 5343 videturcredibile
949 5303 962 5340 :
985 5289 1200 5357 quippe
1225 5303 1354 5340 cum
1380 5295 1597 5340 certum
1634 5288 1726 5350 sit,

45 5360 170 5409 autut
205 5361 401 5412 dubio
424 5367 664 5425 remoto,
685 5360 974 5412 neminem
1009 5358 1308 5411 hominum
1332 5357 1438 5410 sibi
1473 5373 1726 5427 unquam

47 5431 376 5489 persuasisse
420 5447 481 5484 ac
539 5429 867 5483 defendisse
925 5428 1584 5495 transsubstautiattonem
1631 5445 1726 5480 seu

45 5510 204 5568 teram
231 5501 762 5554 commutationem
797 5515 1018 5553 maxime
1051 5499 1120 5552 de
1153 5499 1295 5552 caelo
1318 5497 1458 5551 fusa!
1491 5504 1546 5551 et
1566 5515 1730 5568 aqua:

46 5567 101 5617 de:
125 5577 285 5635 petra
321 5572 560 5624 ﬂuentis
590 5571 651 5624 in
682 5586 888 5639 corpus
908 5569 1138 5623 Christi.
1172 5569 1278 5623 Sed
1311 5575 1506 5622 noster
1535 5575 1734 5622 auctor

53 5639 332 5694 miriﬁcam
372 5643 748 5696 mutationem
772 5642 828 5693 in
853 5640 1088 5696 alteram
1112 5639 1475 5694 mirabilitate
1502 5639 1730 5708 plenam

365 5739 657 5798 Parnm”
706 5736 931 5798 CXXI.

1834 4446 1918 4493 tus
1948 4441 2039 4492 ille
2067 4440 2250 4503 futuri
2287 4442 2527 4506 corporis
2558 4440 2765 4493 Christi
2794 4443 3185 4508 sanguinisque
3212 4447 3532 4509 mysterium

1829 4510 1974 4578 quod
2003 4511 2233 4563 celebrat
2274 4510 2512 4562 Ecclesia
2555 4515 3016 4577 prmmonstraret,
3053 4512 3289 4565 eumdem
3351 4518 3530 4566 tamen

1828 4596 2004 4634 escam
2036 4580 2381 4648 spiritualem
2422 4580 2618 4633 bibisse
2642 4586 2826 4648 patres
2862 4587 3070 4634 nostros
3115 4589 3334 4636 sanctus
3379 4585 3532 4636 Pau—

1830 4653 1913 4705 lus
1942 4655 2233 4704 asscverat.
2263 4654 2331 4703 At
2361 4666 2490 4703 vero
2512 4666 2642 4703 cum
2670 4652 2813 4703 ratio
2832 4656 3068 4720 propter
3095 4668 3267 4721 quam
3302 4660 3531 4707 sanctus

1831 4723 2042 4776 Paulus
2099 4722 2299 4774 asserit
2346 4726 2535 4789 patres
2602 4727 2828 4774 nostros
2884 4722 3200 4774 comedisse
3269 4724 3529 4778 eamdem

1830 4808 2064 4846 carnem
2095 4798 2151 4845 et
2186 4790 2392 4863 bibisse
2446 4791 2715 4863 eumdem
2763 4796 2970 4863 potum,
3021 4808 3088 4863 ex
3133 4809 3209 4863 eo
3235 4862 3239 4863 ί
3266 4801 3532 4863 erumpat

1832 4864 1983 4934 quod
2015 4861 2350 4932 mysterium
2383 4861 2637 4931 corporis
2668 4868 2726 4914 et
2769 4860 3070 4934 sanguinis
3116 4861 3320 4915 Christi
3353 4860 3535 4918 fut—uri

1832 4931 1892 4987 in
1922 4931 2175 5001 imagine
2205 4947 2433 4985 manum
2467 4947 2799 5003 expressum
2831 4931 3037 4997 fuerat,
3073 4937 3128 4984 et
3158 4948 3320 5002 aquae
3351 4941 3532 5003 petra:

1833 5005 2065 5067 deserti,
2100 5003 2472 5072 consequitur
2502 5001 2749 5055 dilucide
2779 5002 2930 5055 hunc
2952 5001 3247 5056 auctorem
3279 5001 3378 5058 seu
3405 5023 3536 5061 con-

1836 5076 2192 5128 cinnatorem
2224 5072 2332 5125 sibi
2362 5074 2598 5126 suadere
2637 5089 2752 5126 non
2787 5072 3039 5142 potuisse
3084 5073 3189 5126 hoc
3237 5090 3452 5130 manna
3482 5085 3539 5132 et

1834 5161 2045 5216 aquam
2105 5144 2277 5198 fuisse
2331 5143 2695 5216 individuum
2747 5148 2803 5216 et
2850 5143 3178 5216 speciﬁcum
3209 5161 3438 5216 corpus,
3477 5156 3533 5202 et

1835 5213 2175 5284 sanguinem
2219 5229 2389 5283 quem
2442 5215 2499 5267 in
2557 5230 2702 5266 novo
2760 5213 2969 5268 foedere
3027 5213 3375 5284 percipimus
3426 5213 3538 5273 nec

1837 5287 2101 5339 eumdem
2135 5302 2256 5337 esse
2309 5285 2628 5355 simplicem
2679 5286 2923 5354 figuram
2967 5291 3024 5337 et
3079 5285 3391 5355 imaginem
3436 5306 3537 5342 ex-

1857 5370 2361 5427 iressamvacuam
2392 5371 2458 5408 ea
2506 5372 2574 5427 re
2620 5372 2789 5425 quam
2850 5355 3067 5427 inducit
3123 5363 3178 5410 et
3247 5359 3530 5427 exprimit.

1857 5374 2089 5408 iressam
2125 5374 2361 5407 vacuam
2392 5374 2458 5408 ea
2506 5374 2565 5408 re
2620 5374 2789 5425 quam
2850 5374 3067 5409 inuucu.
3123 5374 3178 5410 et
3247 5374 3530 5427 exprimit.

1837 5374 2010 5500 gecus
2037 5425 2189 5500 enim
2234 5441 2446 5500 manna
2497 5425 2941 5500 fuissettigura
3000 5426 3200 5500 ﬁgurae
3241 5435 3297 5480 et
3344 5429 3538 5500 imago

1842 5495 2129 5566 imaginis,
2158 5495 2306 5564 quod
2341 5499 2488 5547 recte
2523 5496 2734 5568 rationi
2777 5498 3133 5568 intolerabile
3191 5514 3418 5568 semper
3447 5495 3536 5552 vi-

1840 5583 1981 5638 sum,
2022 5570 2127 5623 est.
2187 5571 2244 5618 et
2293 5581 2323 5617 a
2365 5580 2540 5638 sensu
2596 5566 2933 5638 Ratramni,
2963 5568 3009 5619 si
3039 5568 3244 5620 mentis
3299 5566 3538 5638 compos

1840 5637 2032 5700 fuerit,
2073 5650 2301 5705 semper
2328 5635 2579 5688 alienum
2614 5637 2862 5706 :quippe
2889 5637 2941 5689 ei
2973 5638 3160 5690 dicere
3193 5639 3326 5691 satis
3364 5635 3537 5694 i'uisse

3182 5755 3218 5791 ὁ)
