3920 6224
423 330 521 381 139

1536 327 1888 382 RATRAMNI
1929 327 2374 383 CORBEIENSIS
2407 328 2734 383 MONACHI.
3808 334 3875 383 till

420 461 674 532 corporis
704 477 931 515 carnem
961 465 1020 514 et
1049 460 1270 532 proprii
1303 460 1522 514 cruoris
1547 461 1760 514 undam
1794 460 2107 531 spirititua-
2142 465 2182 514 A
2226 461 2352 532 guis
2377 461 2498 531 ejus
2542 462 2601 515 in
2651 460 3001 515 ablutionem
3060 464 3316 514 nostram
3375 460 3706 515 fundendus
3747 477 3874 532 supe-

420 551 552 604 liter
581 549 858 603 convertit
890 550 1009 622 ipse
1040 555 1175 604 tunc
1203 565 1429 620 quoque
1472 566 1683 602 manna
1713 549 1782 603 de
1835 550 1975 604 cmlo
2009 551 2112 604 da-

421 643 543 691 tum
584 655 788 708 corpus
847 655 1035 704 suum,
1106 645 1163 691 et
1223 653 1431 707 aquam
1487 638 1556 691 de
1610 643 1769 707 petra
1821 637 2111 706 profusam

419 727 716 798 proprium
749 727 1112 798 sanguinem,
1147 727 1512 780 invisibiliter
1540 732 1810 797 operatus
1840 733 1941 779 est.

491 815 669 870 XXVI.
710 814 870 879 Quod
931 813 1258 883 intelligens
1318 813 1490 867 David
1523 813 1578 866 in
1637 813 1853 883 Spiritu
1896 818 2110 879 sancto,

420 907 766 971 protestatus
796 907 928 954 est:
974 905 1192 966 Panem,
1248 901 1533 971 inquiens,
1597 903 1908 968 angelorum
1966 918 2116 955 man-

422 991 640 1044 ducavit
673 991 824 1043 homo
859 990 1026 1059 (Psal.
1064 1004 1276 1055 Lxxvn,
1328 991 1440 1056 25).
1497 989 1820 1044 Ridiculum
1865 1006 2112 1060 namque

423 1084 509 1132 est
537 1079 757 1149 opinari
788 1079 940 1149 quod
972 1095 1182 1132 manna
1227 1095 1564 1147 corporeum
1602 1079 1859 1148 patribus
1917 1080 2112 1132 datum

423 1167 704 1220 cmlestem
739 1174 931 1238 pascat
956 1167 1288 1231 exercitum,
1317 1172 1416 1219 aut
1466 1167 1564 1220 tali
1624 1173 1922 1221 vescantur
1970 1169 2112 1222 edu-

423 1255 520 1322 lio,
555 1255 654 1320 qui
687 1255 863 1309 divini
895 1256 1051 1310 verbi
1079 1256 1414 1325 saginantur
1443 1256 1644 1326 epulis.
1675 1256 1934 1310 Ostendit
1965 1264 2115 1310 certe

424 1345 744 1409 Psalniista,
804 1346 888 1398 vel
951 1345 1133 1414 magis
1197 1343 1441 1414 Spiritus
1496 1350 1722 1397 sanctus
1777 1345 2017 1416 loquens
2056 1345 2116 1398 in

427 1433 745 1499 Psalmista,
782 1434 862 1486 vel
905 1432 1040 1504 quid
1071 1437 1258 1502 patres
1302 1435 1472 1486 nostri
1526 1433 1582 1485 in
1623 1432 1720 1486 illo
1770 1449 1979 1486 manna
2005 1450 2113 1486 cce-

425 1522 553 1577 ]esti
607 1521 992 1592 perceperint,
1026 1522 1112 1574 vel
1145 1524 1295 1591 quod
1354 1521 1549 1574 fideles
1579 1521 1637 1574 in
1673 1522 1942 1590 mysterio
1991 1539 2114 1576 cor-

425 1610 584 1682 poris
610 1609 816 1663 Christi
889 1609 1118 1663 credere
1181 1609 1442 1662 debeant.
1515 1611 1575 1662 In
1647 1615 1890 1680 utroque
1967 1619 2116 1664 certe

429 1699 682 1754 Christus
713 1699 992 1765 innuitur,
1024 1698 1122 1768 qui
1151 1703 1206 1750 et
1235 1698 1586 1752 credentium
1630 1697 1848 1750 animas
1919 1699 2112 1768 pascit,

429 1795 484 1842 et
514 1789 851 1857 angelorum
884 1788 1043 1841 cibus
1077 1787 1268 1840 existit
1301 1803 1313 1840 :
1347 1791 1659 1857 utrumque
1714 1787 1819 1840 hoc
1849 1803 1963 1840 non
1991 1803 2120 1840 cor--

427 1893 604 1946 porco
627 1881 816 1946 gustu,
852 1891 955 1929 nec
981 1875 1264 1945 corporali
1297 1876 1515 1945 sagina,
1543 1875 1640 1928 sed
1672 1875 1982 1945 spiritualis
2015 1875 2120 1929 vir-

430 1970 548 2017 tute
590 1964 776 2017 Verbi.

500 2053 697 2107 XXVII.
734 2054 816 2119 Et,
850 2052 1197 2123 evangelista
1227 2056 1518 2117 narrante,
1562 2053 1931 2122 cognovimus
1965 2053 2115 2123 quod

430 2142 706 2196 Dominus
735 2146 930 2195 noster
954 2142 1114 2195 Jesus
1153 2139 1411 2196 Christus
1449 2139 1783 2211 priusquam
1803 2146 2116 2211 pateretur,

429 2235 641 2297 accepto
670 2245 828 2297 pane,
882 2231 1094 2296 gratias
1159 2230 1286 2295 egit,
1349 2227 1498 2280 dedit
1543 2227 1830 2294 discipulis
1884 2229 1998 2281 suis
2030 2228 2118 2281 di-

429 2332 547 2370 cens
579 2333 590 2370 :
621 2321 724 2371 Iloc
775 2321 854 2370 est
919 2331 1110 2384 corpus
1176 2331 1349 2368 meum
1407 2315 1552 2384 quod
1586 2331 1687 2384 pro
1716 2315 1865 2369 vobis
1895 2315 2061 2370 datur
2103 2331 2116 2368 :

430 2406 524 2458 hoc
563 2406 730 2470 facite
750 2407 807 2457 in
837 2420 1009 2457 meam
1038 2408 1608 2458 commemorationem.
1652 2405 1921 2458 Similiter
1949 2411 1998 2458 et
2027 2421 2118 2458 ca-

427 2493 598 2557 licem,
629 2501 915 2560 postquam
946 2495 1193 2558 ca'uavit,
1227 2492 1406 2545 dicens
1441 2509 1452 2544 :
1488 2495 1584 2546 Hic
1615 2498 1692 2545 est
1737 2494 1884 2546 calia'
1911 2495 2117 2548 Novum

432 2583 826 2635 Testamentum
859 2584 915 2634 in
970 2583 1234 2647 sanguine
1271 2597 1402 2648 meo,
1434 2584 1529 2650 Qui
1549 2597 1647 2648 pro
1672 2582 1821 2634 vobis
1855 2584 2120 2648 fundatur

428 2669 644 2739 (Matth.
705 2685 853 2736 xxvi,
909 2672 997 2736 26,
1031 2673 1133 2736 27;
1195 2671 1325 2724 Luc.
1379 2685 1486 2733 xxx,
1536 2672 1619 2730 19,
1675 2671 1787 2735 20).
1854 2671 2119 2724 Videmus

425 2757 682 2811 nondum
712 2774 942 2827 passum
976 2775 1098 2812 esse
1131 2758 1435 2820 Christum,
1463 2758 1652 2828 etjam
1679 2763 1873 2812 tamen
1890 2759 2118 2813 suicor-

427 2847 586 2917 poris
615 2852 669 2899 et
699 2846 994 2914 sanguinis
1024 2848 1360 2917 mysterium
1384 2853 1679 2917 operatum
1714 2847 1902 2900 fuisse.

499 2935 727 2988 XXVIII.
764 2935 884 2988 Non
919 2935 1070 2988 enim
1118 2941 1385 3006 putamus
1419 2936 1595 2988 ullum
1652 2936 1908 2988 fidelium
1951 2936 2116 2990 dubi-

427 3028 547 3076 tare
578 3039 786 3092 panem
820 3023 982 3076 illum
1003 3024 1174 3078 fuisse
1200 3023 1406 3079 Christi
1425 3041 1631 3095 corpus
1651 3025 1937 3092 effectum,
1963 3026 2118 3095 quod

429 3111 724 3180 discipulis
754 3112 974 3164 donans
1005 3112 1184 3166 dicit:
1221 3115 1328 3166 Hoc
1382 3117 1458 3166 est
1511 3128 1703 3181 corpus
1754 3129 1926 3167 meum
1974 3115 2118 3183 quod

422 3215 525 3268 pro
553 3200 699 3253 vobis
726 3199 922 3264 datur;
953 3201 1049 3254 sed
1080 3217 1265 3270 neque
1299 3200 1531 3253 calicem
1571 3201 1835 3254 dubitare
1881 3201 2116 3271 sangui-

428 3303 561 3340 nem
594 3287 798 3342 Christi
823 3288 1138 3355 continere,
1175 3290 1243 3342 de
1267 3305 1380 3358 quo
1405 3289 1556 3342 idem
1590 3288 1704 3341 ait:
1739 3291 1840 3342 Hic
1869 3294 1943 3342 est
1969 3291 2118 3343 calia:

430 3378 636 3431 Novum
689 3377 1082 3430 Testamentum
1107 3378 1164 3430 in
1217 3379 1480 3442 sanguine
1510 3392 1640 3442 meo,
1674 3378 1772 3444 qui
1824 3392 1923 3444 pro
1971 3378 2118 3432 vobis

424 3464 707 3530 fundetur.
751 3464 905 3517 Sicut
934 3479 1068 3532 ergo
1101 3465 1270 3534 paulo
1324 3469 1630 3533 antequam
1681 3470 1992 3534 pateretur,
2026 3482 2120 3536 pa-

429 3552 515 3606 nis
541 3551 916 3605 substantiam
951 3557 1005 3605 et
1035 3553 1150 3605 vini
1183 3557 1503 3606 creaturam
1544 3557 1870 3606 convertere
1932 3555 2119 3624 potuit

425 3640 481 3693 in
516 3640 815 3710 proprium
847 3655 1052 3710 corpus
1082 3641 1230 3712 quod
1265 3657 1565 3711 passurum
1597 3645 1738 3707 erat,
1772 3647 1828 3694 et
1859 3640 1917 3694 in
1948 3658 2114 3696 suum

424 3728 762 3798 sanguinem
795 3728 893 3799 qui
917 3729 1392 3798 postifundendus
1425 3729 1698 3795 exstabat;
1727 3739 1748 3765 ⁸
1772 3730 1850 3782 sic
1872 3730 2115 3784 etiamin

425 3816 649 3870 deserto
683 3833 889 3870 manna
921 3823 976 3870 et
1004 3833 1211 3888 aquam
1243 3817 1311 3871 de
1342 3823 1504 3888 petra
1533 3818 1592 3871 in
1625 3835 1784 3871 suam
1809 3835 2036 3872 carnem
2061 3825 2117 3872 et

424 3906 759 3975 sanguinem
794 3913 1120 3960 convertere
1152 3907 1470 3976 prmvaluit,
1494 3907 1755 3977 quamvis
1785 3907 1954 3974 longe
1987 3912 2116 3978 post

424 4000 474 4046 et
515 4010 644 4047 caro
669 3994 820 4048 illius
850 4010 954 4064 pro
1001 3994 1164 4048 nobis
1197 3995 1256 4048 in
1305 4011 1469 4049 cruce
1519 3995 1848 4064 pendenda,
1898 4001 1954 4048 et
1983 4011 2113 4048 san-

423 4149 512 4204 his
542 4149 892 4216 imaginibus
948 4148 1345 4219 praetermissis
1389 4149 1574 4202 intotis
1640 4149 1920 4213 Mosaicae.
1967 4151 2111 4204 nihil

423 4221 556 4274 novi
585 4221 642 4272 iu
671 4221 794 4289 lege
823 4237 966 4274 nova
994 4220 1619 4291 contigisse.niliilque
1657 4221 1780 4274 fieri
1812 4221 1964 4291 quod
1995 4239 2112 4276 non

425 4293 637 4343 factum
665 4292 864 4344 fuisset
895 4293 1052 4359 prius
1083 4292 1143 4343 in
1177 4290 1370 4343 veteri.

492 4371 515 4395 ⁸
544 4363 631 4416 Sic
659 4365 822 4416 etiam
854 4352 912 4416 in
957 4363 1164 4415 deserto
1214 4376 1434 4426 manna,
1470 4365 1574 4414 etc.
1633 4361 1758 4413 Haec
1810 4362 1981 4430 plene
2013 4362 2108 4417 de-
2137 4352 2178 4406 Ῐ)

422 4439 742 4485 monstrant
799 4433 940 4485 nihil
994 4436 1175 4484 visum
1249 4433 1421 4483 fuisse
1474 4431 1863 4484 eoncinnatori
1916 4439 2108 4489 nostro

419 4503 730 4557 Ratramno
761 4500 1017 4554 ἀδύνατον
1038 4503 1090 4554 in
1120 4503 1387 4571 mysterio
1417 4502 2104 4559 transsubstantiationis:

419 4591 548 4628 cum
597 4575 911 4644 praesertim
982 4574 1160 4626 el'lieri
1229 4588 1395 4644 posse
1459 4572 1564 4625 sibi
1635 4575 1983 4644 persuaserit
2043 4593 2106 4629 ex

419 4642 629 4698 manna
661 4653 717 4698 et
739 4661 888 4716 aqua
918 4651 1094 4712 pctree
1124 4643 1334 4716 deserti
1369 4642 1424 4695 in
1475 4659 1682 4710 corpus
1712 4643 1918 4697 Christi
1945 4652 2107 4716 ante-

416 4733 589 4786 quam
624 4712 809 4778 esset;
845 4717 1068 4767 nullum
1119 4712 1596 4786 impedimentum
1647 4716 1858 4768 exoriri
1906 4715 1976 4769 ab
2007 4718 2106 4770 ad-

416 4783 588 4840 ventu
623 4786 832 4841 Christi
871 4786 928 4838 in
959 4787 1108 4838 hunc
1138 4783 1413 4837 mundum
1449 4784 1504 4836 in
1529 4801 1642 4852 quo
1667 4786 1771 4838 hoc
1793 4802 2108 4840 sacramen-

414 4864 535 4911 tum
569 4858 904 4910 instituerat.
943 4856 1046 4909 Sed
1082 4857 1198 4908 hinc
1251 4855 1443 4907 omnia
1495 4854 1634 4907 nihil
1684 4856 1834 4909 aliud
1883 4858 2107 4925 signiti-

415 4935 541 4981 caut
575 4929 680 4981 nisi
714 4943 846 4980 eum
877 4925 1040 4995 cujus
1071 4927 1126 4978 in
1153 4931 1427 4995 potestate
1458 4925 1566 4978 fuit
1596 4927 1780 4994 posita
1808 4929 2105 4982 conversio

415 4999 658 5067 figurata
691 5013 936 5057 maxime,
974 4998 1223 5064 potuisse
1255 4996 1424 5049 etiam
1465 4997 1671 5050 habere
1721 4997 1778 5050 in
1828 5004 2104 5066 potestate

413 5068 657 5138 positam
687 5067 1118 5121 conversionem
1167 5083 1356 5121 veram
1390 5069 1553 5138 panis
1600 5068 1657 5120 in
1708 5085 1912 5138 corpus
1951 5069 2104 5123 Chri-

413 5139 508 5203 sti,
560 5155 692 5192 cum
753 5143 1010 5208 utrasque
1071 5139 1185 5192 sint
1246 5145 1463 5192 mentes
1519 5139 1801 5193 humanas
1876 5145 2104 5194 motura

415 5209 708 5264 miracula.

483 5283 508 5322 b
535 5282 675 5334 Cum
742 5281 946 5346 integri
1002 5283 1240 5350 corporis
1283 5283 1409 5352 sive
1462 5283 1751 5352 sanguinis
1785 5283 1890 5334 mei
1933 5282 2104 5349 pleni-

413 5352 618 5405 tudine.
655 5352 726 5404 Ex
763 5366 830 5404 eo
868 5360 1229 5419 perspectum
1281 5351 1524 5405 habeant
1573 5351 1960 5405 Protestantes
2003 5352 2104 5420 qui

409 5430 670 5476 nostrum
707 5420 1168 5502 concinnatorem
1223 5423 1598 5502 Batramnum
1651 5422 1755 5475 sibi
1791 5422 2102 5502 propitium

409 5499 681 5564 reputant
709 5491 1044 5564 alieniorem
1079 5494 1344 5547 habuisse
1381 5500 1629 5564 mentem
1663 5510 1693 5545 a
1725 5491 1964 5546 somniis
1995 5494 2100 5545 mi-

407 5566 726 5620 nistrorum
758 5563 1042 5618 sodalium
1073 5565 1172 5635 qui
1207 5563 1630 5633 superstitionis
1651 5564 1708 5616 in
1731 5564 1916 5635 Gallia
1941 5580 2101 5632 syna-

406 5652 506 5690 xos
542 5635 850 5698 habebant,
875 5635 973 5705 qui
1007 5633 1112 5689 sibi
1154 5635 1440 5688 tinxerunt
1481 5633 1921 5702 corpus.Christi
1949 5639 2100 5703 post-

2221 551 2402 604 l‘ubat.

2290 639 2458 694 XXIX.
2497 638 2597 692 llic
2627 637 2800 691 etiam
2839 637 3198 692 considerare
3229 637 3505 691 debemus
3533 637 3872 708 quemadmo-

2221 729 2356 781 dum
2398 726 2470 779 sit
2498 727 2894 795 accipiendum
2927 727 3081 796 quod
3133 727 3253 797 ipse
3301 726 3479 779 dicit:
3540 728 3664 782 Nisi
3694 727 3876 778 mandu-

2220 817 2470 869 caveritis
2495 830 2708 868 carnem
2737 815 2874 868 Filii
2913 815 3162 880 hominis,
3189 819 3239 868 et
3268 817 3591 879 sanguinem
3621 816 3736 882 ejus
3764 815 3873 866 bibe-

2221 907 2367 968 ritis,
2391 919 2494 956 non
2526 902 2798 957 habebitis
2826 903 3000 958 vitam
3031 906 3088 956 in
3115 904 3264 956 vobis
3295 905 3468 970 (Joan.
3520 919 3592 967 γι,
3638 904 3743 962 54).
3788 904 3874 955 Non

2223 992 2376 1045 enim
2407 991 2545 1045 dicit
2576 991 2726 1061 quod
2755 1007 2885 1044 caro
2918 991 3098 1061 ipsius
3140 1007 3266 1061 qua:
3301 991 3574 1060 pependit
3615 991 3676 1043 in
3725 1007 3871 1054 cruce,

2223 1080 2602 1151 particulatim
2635 1079 2984 1133 concidenda
3015 1079 3159 1133 foret
3190 1083 3246 1132 et
3270 1095 3302 1132 a
3336 1078 3630 1149 discipulis
3678 1078 3878 1132 mandu-

2223 1169 2541 1234 canda;vel
2588 1171 2823 1237 sanguis
2868 1167 3067 1238 ipsius,
3131 1184 3302 1238 quem
3365 1167 3598 1220 {usurus
3655 1173 3765 1220 erat
3797 1184 3874 1236 pro

2225 1258 2423 1310 mundi
2457 1257 2873 1326 redemptione,
2917 1256 3212 1325 discipulis
3261 1255 3480 1309 dandus
3520 1260 3670 1308 esset
3721 1255 3771 1307 in
3797 1272 3880 1324 po-

2226 1351 2345 1398 tum
2379 1363 2390 1398 :
2434 1346 2539 1399 hoc
2568 1345 2721 1399 enim
2762 1346 2944 1398 scelus
2991 1349 3138 1398 esset
3186 1345 3254 1408 si,
3297 1343 3611 1397 secundum
3647 1343 3786 1412 quod
3815 1343 3878 1394 in-

2227 1434 2416 1488 fideles
2443 1440 2574 1487 tunc
2606 1442 2966 1504 acceperunt.
3001 1449 3034 1486 a
3061 1432 3350 1502 discipulis
3404 1432 3488 1486 vel
3523 1431 3755 1502 sanguis
3783 1431 3879 1501 ejus

2229 1523 2520 1575 biberetur
2551 1523 2632 1576 vel
2663 1539 2792 1575 caro
2824 1521 3239 1575 comederctur.

2298 1612 2438 1664 XXX.
2476 1613 2714 1680 Propter
2746 1610 2901 1680 quod
2934 1611 2991 1663 in
3025 1608 3508 1680 consequentibus
3550 1607 3634 1660 ait
3673 1607 3881 1676 discipu-

2231 1699 2316 1762 lis,
2345 1715 2462 1752 non
2490 1699 2817 1762 infideliter,
2851 1699 2946 1752 sed
2980 1698 3223 1751 fideliter
3256 1697 3424 1750 verba
3473 1696 3685 1750 Christi
3738 1696 3882 1747 susci-

2229 1787 2533 1858 pientibus,
2571 1804 2672 1840 nec
2693 1793 2884 1839 tamen
2901 1786 3192 1856 quomodo
3221 1785 3317 1838 illa
3345 1785 3515 1838 verba
3543 1783 3883 1853 intelligenda

2228 1875 2657 1946 penetrantibus
2680 1875 2857 1945 [add.,
2889 1873 3094 1943 forent]
3130 1891 3142 1927 :
3179 1874 3301 1926 Hoc
3332 1889 3423 1926 vos
3446 1873 3800 1936 scandalizat,
3831 1872 3887 1922 in-

2228 1965 2451 2034 quiens,
2481 1966 2530 2018 si
2561 1980 2685 2031 erqo
2708 1963 2962 2018 videritis
2986 1964 3159 2030 ﬁlium
3185 1964 3415 2015 hominis
3444 1961 3804 2014 ascendentem
3818 1959 3888 2011 ubi

2227 2057 2342 2105 erat
2365 2056 2522 2121 prius
2555 2055 2726 2120 (Joan.
2759 2067 2834 2117 vi,
2869 2055 2957 2115 62,
2991 2052 3108 2117 63.)
3129 2051 3470 2120 ?Tanquani
3503 2049 3718 2102 diceret
3751 2066 3761 2102 :
3796 2050 3887 2101 Non

2228 2157 2361 2211 ergo
2394 2157 2620 2194 carnem
2657 2156 2865 2205 meam,
2897 2139 2983 2192 vel
3017 2139 3354 2209 sanguinem
3391 2154 3604 2199 meum,
3632 2137 3782 2190 vobis
3799 2151 3890 2188 cor-

2228 2229 2502 2300 poraliter
2552 2228 2989 2291 comedendam,
3037 2227 3125 2281 vel
3169 2227 3507 2289 bibendum,
3570 2242 3678 2296 per
3733 2231 3891 2294 partes

2227 2318 2591 2371 distributum
2625 2316 3154 2371 distribuendumve
3197 2316 3440 2385 putetis;
3487 2330 3616 2367 cum
3668 2319 3788 2384 post
3817 2329 3886 2364 re-

2228 2407 2636 2460 surrectionem
2670 2405 2844 2458 visuri
2877 2405 2996 2457 sitis
3027 2421 3117 2457 me
3146 2406 3316 2457 cmlos
3349 2419 3722 2456 ascensurum
3748 2404 3769 2443 δ
3789 2415 3891 2452 cum

2229 2494 2438 2564 in‘.egri
2503 2493 2759 2563 corporis
2826 2492 2940 2546 sive
3001 2492 3295 2560 sanguinis
3350 2491 3463 2544 mei
3534 2490 3890 2559 plenitudine.

2225 2585 2378 2638 Tunc
2401 2582 2732 2652 intelligetis
2771 2581 2922 2651 quod
2960 2597 3093 2648 non,
3131 2580 3276 2633 sicut
3319 2580 3581 2632 infideles
3640 2579 3894 2632 arbitran-

2228 2677 2339 2738 tur,
2370 2686 2595 2725 carnem
2633 2685 2816 2723 meam
2841 2687 2873 2723 a
2920 2669 3286 2723 credentibus
3333 2667 3783 2730 comedendum;
3820 2665 3893 2717 sed

2228 2776 2355 2812 vere
2395 2775 2497 2829 per
2530 2759 2862 2828 mysterium
2894 2774 3102 2827 panem
3135 2762 3189 2810 et
3219 2757 3437 2819 vinum,
3475 2755 3535 2808 in
3575 2754 3830 2824 Corporis
3856 2759 3895 2804 et

2229 2847 2523 2917 sanguinis
2557 2846 2669 2900 mei
2697 2862 2968 2900 conversa
3023 2845 3423 2912 substantiam,
3469 2860 3502 2896 a
3561 2844 3899 2898 credentibus

2228 2935 2521 2989 sumenda.

2297 3025 2465 3078 XXXI.
2497 3024 2557 3078 Et
2611 3027 3067 3093 consequenter:
3127 3021 3366 3090 Spiritus
3421 3024 3520 3088 est,
3566 3019 3784 3091 inquit,
3828 3019 3900 3087 qui

2225 3115 2492 3180 rivi/teat;
2528 3127 2651 3165 caro
2698 3127 2803 3164 non
2841 3111 3060 3180 prodest
3100 3110 3408 3180 quidquam
3457 3110 3653 3180 (Joan.
3699 3125 3772 3172 vi,
3813 3111 3896 3158 Μ’.

2227 3202 2467 3254 Carnem
2499 3199 2638 3254 dicit
2669 3199 2980 3270 quidquam
3011 3215 3125 3252 non
3155 3199 3448 3268 prodesse,
3497 3198 3598 3251 illo
3622 3197 3799 3250 modo
3827 3195 3898 3247 sic-

2227 3294 2289 3342 ut
2353 3288 2614 3341 inlideles
2668 3288 3094 3353 intelligebant;
3154 3286 3412 3356 alioquin
3464 3285 3644 3339 vitam
3697 3285 3898 3355 praebet,

2226 3377 2368 3430 sicut
2424 3393 2454 3430 a
2505 3375 2770 3429 fidelibus
2825 3391 2928 3445 per
2983 3375 3318 3445 mysterium
3370 3373 3641 3427 sumitur.
3710 3374 3778 3426 Et
3822 3372 3898 3425 hot

2227 3465 2443 3535 quare?
2473 3465 2597 3534 Ipse
2630 3463 2955 3517 manifestat
3003 3479 3130 3516 cum
3185 3463 3323 3516 dicit
3357 3479 3372 3516 :
3419 3463 3669 3531 Spiritus
3720 3469 3798 3516 est
3833 3463 3898 3530 qui

2224 3552 2488 3622 viviﬁcat.
2515 3554 2577 3606 In
2610 3553 2715 3606 hoc
2738 3552 2928 3622 itaque
2963 3550 3236 3622 mysterio
3258 3551 3511 3620 corporis
3537 3556 3596 3604 et
3627 3549 3896 3621 sanguinis

2223 3641 2532 3711 spiritualis
2595 3651 2680 3694 est
2733 3639 3016 3710 operatio,
3073 3656 3202 3710 quae
3254 3639 3425 3692 vitam
3478 3644 3752 3708 praestat,
3810 3640 3896 3690 sint

2223 3729 2386 3798 cujus
2415 3729 2746 3799 operatione
2788 3729 3058 3798 mysteria
3115 3728 3212 3781 illa
3266 3727 3410 3780 nihil
3461 3735 3735 3797 prosunt,
3784 3727 3895 3797 {quo

2225 3817 2377 3870 niam
2410 3833 2614 3887 corpus
2643 3817 2872 3887 quidem
2924 3832 3152 3886 pascere
3202 3820 3464 3886 possunt,
3515 3815 3622 3869 sed
3675 3816 3896 3870 animan

2223 3922 2454 3976 pascere
2476 3922 2589 3959 non
2625 3910 2885 3976 possunt.

2294 3995 2491 4049 XXXII.
2526 3993 2768 4064 Ilicjam
2800 3993 2898 4047 illa
2925 3992 3222 4047 suboritur
3265 3991 3528 4064 quaestio,
3581 4008 3772 4064 quam
3809 3992 3894 4062 plu

2221 4166 2392 4220 quam
2463 4149 2685 4214 revixit,
2741 4165 2839 4204 seu
2905 4153 3033 4220 post
3088 4149 3597 4218 resurrectionem,
3675 4151 3894 4204 caruiss

2221 4221 2520 4290 sanguine.
2553 4223 2907 4275 Larroeanus
2951 4221 3082 4291 pagi
3145 4221 3475 4285 Quevilliaci
3526 4222 3586 4273 in
3651 4238 3800 4292 agro
3833 4224 3894 4275 He

2221 4293 2601 4358 thomagensi,
2667 4292 2929 4345 Historiae
2983 4292 3347 4345 Eucharistia:
3397 4292 3495 4345 lib.
3550 4308 3611 4357 ιι,
3690 4291 3821 4362 cap.
3877 4291 3894 4343 ε

2220 4365 2343 4417 275.
2377 4363 2616 4416 Allixius
2649 4364 2721 4433 (a)
2749 4362 3115 4418 Charentonii
3143 4363 3199 4415 in
3241 4379 3378 4428 agro
3421 4363 3782 4416 Parisiensis
3811 4379 3892 4433 po:

2219 4434 2578 4487 Albertinum
2615 4432 2688 4503 (b)
2724 4433 3016 4487 Calvinum
3055 4437 3113 4497 (ε)
3145 4438 3201 4486 et
3247 4434 3595 4486 Osiandrum
3633 4435 3751 4502 (d),
3799 4432 3892 4503 qui

2221 4521 2347 4556 rum
2379 4503 2782 4557 refutationem
2814 4505 3002 4574 legere
3031 4504 3188 4557 facile
3217 4509 3300 4558 est
3333 4505 3386 4556 in
3414 4505 3844 4558 Dissertatione
3865 4503 3892 4556 d

2217 4574 2508 4646 Sanguine
2532 4575 2798 4644 Corporis
2820 4575 3024 4646 Christi
3059 4581 3188 4646 post
3205 4577 3705 4646 resurrectionem
3757 4589 3892 4646 quam

2218 4647 2367 4712 typis
2402 4645 2537 4698 Gab.
2569 4646 2791 4698 Martini
2825 4644 3035 4714 publici
3061 4645 3207 4715 juris
3238 4645 3477 4698 fecimus
3501 4647 3753 4701 Parisiis
3776 4644 3892 4702 aut!

2221 4717 2375 4770 1681.
2409 4717 2470 4769 In
2505 4717 2764 4769 eamdem
2815 4717 3156 4769 sententiam
3210 4723 3469 4770 veterum
3525 4719 3777 4772 Patrum
3833 4720 3890 4772 it!

2217 4802 2343 4839 rum
2383 4803 2441 4838 se
2473 4786 2726 4840 insinuat
2757 4788 3100 4840 Ratramnus
3133 4792 3343 4852 noster,
3376 4803 3538 4840 num.
3575 4790 3672 4854 88,
3704 4803 3890 4844 eorum

2216 4874 2328 4930 que
2355 4857 2698 4930 sententiam
2767 4859 3056 4930 suggillet,
3104 4857 3204 4928 qui
3255 4857 3545 4930 dicebant,
3611 4867 3890 4930 postqual

2215 4927 2436 5001 revixit,
2472 4929 2779 5001 Dominum
2807 4927 3070 5001 habuisse
3109 4927 3532 5001 Corpus_ventis
3580 4927 3890 5001 atque—aet

2213 4997 2396 5051 levius
2419 5003 2474 5051 et
2496 4999 2778 5052 subtilius.
2811 5028 2878 5036 —
2905 4999 3102 5068 Capite
3135 5002 3187 5061 8,
3213 4998 3282 5052 de
3333 4999 3647 5053 Nativitate
3670 4997 3890 5128 ’ϐω-ἰῇ

2214 5069 2369 5128 quod
2421 5069 2668 5122 occurrit
2720 5074 2875 5122 tomo
2917 5070 2935 5122 I
3014 5069 3308 5128 Spicilegii
3362 5069 3601 5123 illustris
3657 5088 3845 5126 mona

2214 5069 2369 5140 quod
2421 5069 2676 5140 occurrit
2720 5074 2875 5122 tomo
2917 5070 2935 5122 I
3014 5069 3308 5140 Spicilegii
3362 5069 3601 5123 illustris
3657 5088 3845 5126 mona

2216 5139 2379 5193 Lucae
2404 5139 2705 5206 d’Acherii,
2730 5156 2859 5210 pag.
2896 5142 3018 5194 336.

2283 5281 2355 5349 (a)
2390 5281 2620 5336 Dissert.
2659 5282 2728 5335 de
2758 5282 3048 5354 Sanguine
3080 5283 3334 5353 corporis
3377 5283 3610 5339 Christi.
3667 5287 3887 5342 Parisii

2217 5354 2502 5496 16(85'Lib.
2541 5423 2652 5496 ide
2681 5423 3055 5496 Eucharistia,
3101 5441 3226 5496 pag
3263 5427 3350 5496 75.

2303 5495 2352 5561 c)
2383 5494 2665 5574 Ci-rardus
2694 5495 2942 5574 Joannes
2975 5494 3217 5562 Vossius,
3266 5495 3476 5549 These:
3521 5497 3888 5574 Theologicl

2211 5579 2346 5634 pag.
2387 5566 2505 5629 188,
2543 5581 2703 5617 num.
2745 5567 2827 5618 14.

2282 5633 2358 5703 (d)
2384 5634 2673 5689 Confessio
2712 5635 2844 5688 fidei
2874 5635 3144 5690 adversus
3179 5637 3506 5693 Morlinum.
