3920 6224
24 287 86 338 lil
1105 285 1194 339 DE
1235 284 1562 340 CORPORE
1598 286 1686 340 ET
1725 286 2070 342 SANGUINE
2117 288 2376 343 DOMINI.

3384 297 3482 349 142

23 413 117 467 rimi
144 419 529 484 proponentes
555 413 896 485 loquontur,
929 423 953 448 ⁸
983 430 1099 468 non
1131 414 1192 468 in
1225 415 1427 485 ﬁgura,
1461 416 1558 469 sed
1615 416 1672 469 in
1703 419 1747 469 A
1789 433 1942 481 nem,
1975 433 2104 470 cum
2133 417 2227 470 ille
2252 423 2383 470 ante
2413 421 2526 471 tam
2560 421 2768 473 multos
2793 437 2973 475 annos
3003 438 3198 493 passus
3253 423 3346 491 sit,
3372 441 3477 480 nec

23 501 220 554 :eritate
249 503 349 554 ista
378 501 525 555 ﬁeri.
559 502 723 566 Quod
755 503 1027 568 dicentes,
1074 508 1404 556 sanctorum
1451 504 1678 574 scriptis

24 594 220 643 Jatrum
248 591 532 643 contraire
563 591 1036 660 comprobantur.

64 680 278 733 XXXIII.
307 678 549 732 Sanctus
579 681 956 749 Augustinus,
1000 681 1198 733 doctor
1239 680 1495 734 Ecclesize
1526 697 1677 750 prce-

24 768 217 836 :ipuus,
251 767 308 819 in
339 767 488 819 libro
527 767 596 820 de
641 767 909 820 Doctrina
962 767 1280 821 Christiana
1333 769 1500 821 tertio
1533 769 1674 838 (cap.

36 861 100 919 li),
147 855 339 908 taliter
394 855 596 908 scribit
663 872 675 909 :
732 876 758 904 α
800 858 922 911 Nisi
952 856 1433 922 manducareritis,
1490 857 1679 926 inquit

23 945 262 1010 Salvator,
285 960 499 997 carnem
523 945 632 1012 ﬁlii
660 945 914 1011 hominis,
975 951 1022 998 el
1057 945 1302 998 biberitis
1358 948 1677 1013 sanguinem

24 1048 119 1102 rjus,
155 1048 263 1087 non
293 1032 564 1087 habebitis
594 1035 764 1086 vitam
817 1035 876 1086 in
906 1033 1054 1087 vobis
1079 1032 1254 1100 (Joan.
1292 1049 1366 1097 VI,
1400 1035 1512 1103 54).
1571 1035 1675 1087 Fa-

23 1125 143 1176 :inus
175 1123 265 1176 vel
299 1122 586 1192 ﬁagitium
616 1123 841 1176 videtur
892 1123 1124 1176 habere.
1183 1123 1393 1192 Figura
1425 1138 1561 1191 ergo
1595 1127 1678 1176 est

24 1211 327 1281 )l'lBClpiEIlS
356 1210 855 1281 passioniDomini
877 1227 997 1264 esse
1025 1211 1586 1275 communicandum,
1621 1215 1678 1264 et

24 1301 232 1354 ideliter
251 1301 678 1354 recondendum
697 1299 883 1370 [Apud
909 1305 1154 1354 sanctum
1175 1301 1565 1367 Augustinum,
1591 1303 1676 1352 at-

23 1407 102 1462 ;ue
123 1389 373 1442 suaviter
397 1394 570 1460 atque
603 1390 822 1442 utiliter
839 1387 1284 1457 recondendum]
1311 1388 1367 1441 in
1398 1387 1679 1441 memoria

23 1479 139 1550 piod
173 1494 277 1547 pro
307 1477 471 1532 nobis
497 1479 623 1547 ejus
644 1494 775 1530 caro
810 1479 1077 1531 cruciﬁxa
1107 1484 1163 1530 et
1193 1477 1490 1530 vulnerata
1518 1477 1607 1530 sit.
1648 1496 1674 1528 »

67 1562 272 1615 XXXIV.
319 1562 622 1616 Cernimus
651 1562 804 1632 quod
867 1562 1062 1615 doctor
1095 1561 1198 1614 iste
1231 1560 1501 1631 mysteria
1561 1576 1678 1614 cor-

24 1651 140 1719 poris
169 1657 226 1703 et
255 1651 575 1720 sanguinis,
609 1652 714 1704 sub
746 1652 930 1720 ﬁgura
987 1650 1120 1704 dicit
1174 1666 1205 1703 a
1235 1649 1500 1703 ﬁdelibus
1529 1651 1676 1704 cele-

1785 505 2019 558 omnino
2053 505 2162 558 nisi
2195 508 2368 560 semel
2416 507 2512 560 illa
2565 509 2748 576 passio
2787 510 2930 564 facta
2962 511 3058 566 sit.
3096 513 3311 583 Nempe
3351 514 3474 585 ipso

1785 593 1874 647 die
1911 594 2204 648 Dominico
2237 595 2479 647 dicimus
2513 611 2526 647 :
2560 597 2738 650 Hodie
2770 598 3042 652 Dominus
3081 603 3471 670 resurrexerit,

1783 697 1911 734 cum
1940 697 2005 734 ex
2038 698 2151 751 quo
2185 683 2495 736 resurrexit
2521 687 2605 736 tot
2630 685 3134 741 annitransierint.
3161 689 3272 743 Cur
3304 707 3471 745 nemo

1784 775 1900 824 tam
1932 770 2161 841 ineptus
2193 777 2294 839 est,
2360 778 2421 825 ut
2464 789 2567 826 nos
2611 774 2690 827 ita
2734 775 3038 844 loquentes
3096 784 3298 846 arguat
3351 796 3474 834 esse

1785 858 2072 926 mentitos,
2109 859 2216 912 nisi
2249 859 2384 930 quia
2415 860 2553 914 istos
2583 861 2704 915 dies
2728 863 3042 917 secundum
3093 865 3322 920 illorum
3349 869 3474 938 qui-

1785 946 1890 999 bus
1922 947 2041 999 haec
2073 951 2232 1016 gesta
2278 953 2409 1000 sunt
2441 947 2879 1003 similitudinem
2931 967 3354 1021 nuncupamus,
3414 961 3478 1009 ut

1785 1032 2005 1086 dicatur
2034 1032 2155 1103 ipse
2185 1034 2325 1100 dies,
2361 1035 2461 1105 qui
2499 1051 2614 1090 non
2673 1043 2760 1090 est
2815 1037 2960 1108 ipse,
2995 1040 3092 1094 sed
3123 1041 3478 1096 revolutione

1785 1122 2060 1192 temporis
2091 1123 2292 1176 similis
2323 1123 2468 1192 ejus,
2497 1130 2554 1178 et
2583 1125 2805 1179 dicatur
2846 1126 2943 1180 illo
2963 1127 3054 1180 die
3085 1129 3210 1184 ﬁeri
3240 1135 3480 1200 propter

1784 1210 2124 1264 sacramenti
2164 1211 2632 1272 celebrationem.
2686 1213 2842 1284 quod
2886 1230 3003 1269 non
3035 1217 3146 1284 die,
3209 1218 3308 1272 sed
3358 1219 3478 1288 jam

1785 1297 2142 1367 olimfactum
2159 1299 2246 1352 sit.
2273 1300 2394 1353 Non
2418 1301 2938 1357 semelimmolatus
2961 1309 3107 1358 esset
3137 1305 3393 1360 Christus
3418 1307 3478 1360 in

1785 1387 1973 1456 seipso
1998 1386 2025 1441 ?
2055 1393 2113 1440 et
2140 1392 2329 1441 tamen
2360 1389 2417 1442 in
2449 1396 2800 1444 sacramento
2846 1407 2960 1445 non
2989 1393 3170 1447 solum
3205 1409 3306 1464 per
3360 1410 3478 1448 om-

1788 1491 1887 1528 nes
1920 1477 2147 1529 Pascha:
2201 1477 2592 1532 solemnitates
2649 1481 2746 1534 sed
2780 1482 2938 1534 omni
2968 1482 3058 1536 die
3117 1484 3347 1554 populis
3387 1485 3475 1537 in-

1790 1563 2038 1616 molatur
2073 1581 2085 1617 :
2119 1580 2221 1617 nec
2251 1566 2450 1634 utique
2488 1565 2764 1620 mentitur
2793 1569 2892 1638 qui
2924 1569 3314 1640 interrogatus
3345 1588 3475 1625 cum

1785 1653 2162 1720 responderet
2200 1653 2508 1707 immolari.
2558 1655 2614 1708 Si
2651 1656 2804 1709 enim
2862 1664 3216 1712 sacramenta
3279 1676 3479 1730 quam-

23 1742 140 1792 orari
177 1742 247 1792 ειν
273 1756 402 1793 nam
433 1756 668 1793 carnem
709 1739 866 1794 illius
913 1739 1371 1809 sanguinemque
1418 1738 1541 1807 ejus
1581 1755 1675 1792 su-
1712 1731 1750 1784 Β
1791 1740 1920 1794 dam
1979 1741 2416 1796 similitudinem
2474 1759 2665 1796 rerum
2739 1760 2937 1798 earum
3000 1762 3244 1815 quarum
3299 1765 3479 1802 sacra-

24 1846 142 1882 iiere
171 1829 478 1882 carnaliter
507 1845 623 1883 non
658 1829 954 1898 religionis
983 1829 1119 1882 dicit
1149 1844 1294 1896 esse,
1327 1827 1422 1881 sed
1460 1827 1675 1881 facino-

23 1918 92 1970 ris.
145 1918 219 1971 De
263 1918 473 1987 quibus
531 1918 758 1971 fuerant
816 1917 900 1971 illi
950 1919 1047 1988 qui
1083 1919 1139 1970 in
1195 1915 1498 1985 Evangelio
1530 1915 1680 1970 dicta

23 2006 214 2059 Domini
247 2023 357 2059 non
384 2006 787 2076 spiritualiter,
820 2006 915 2060 sed
932 2006 1239 2059 carnaliter
1268 2004 1679 2074 intelligentes,

23 2101 341 2149 recesserunt
366 2096 438 2149 ah
492 2112 582 2163 eo,
638 2100 693 2150 et
726 2097 847 2166 jam
879 2112 1010 2149 cum
1035 2096 1132 2149 illo
1163 2111 1282 2149 non
1312 2094 1471 2148 ibant
1499 2094 1676 2162 (Joan.

23 2202 72 2246 n,
102 2188 198 2250 67}.

71 2272 250 2327 XXXV.
289 2273 440 2326 Idem
473 2272 532 2326 in
566 2271 805 2342 epistola
834 2271 902 2325 ad
940 2271 1298 2325 Bonifacium
1348 2271 1680 2342 episcopum

23 2361 238 2414 scribens
303 2363 470 2430 (epist.
530 2365 619 2426 23,
683 2364 796 2415 sive
833 2363 911 2431 8),
963 2361 1112 2415 inter
1168 2360 1364 2430 aliqua
1413 2359 1492 2413 sic
1553 2361 1678 2415 ait:

66 2450 263 2519 Nempe
291 2465 441 2518 saepe
467 2449 547 2502 ita
578 2449 893 2520 loquimur,
914 2454 975 2502 ut
997 2449 1206 2503 Pascha
1233 2449 1676 2520 propinquante,

23 2540 245 2591 dicamus
275 2538 580 2592 crastinam
613 2537 702 2591 vel
763 2537 1136 2608 perendinam
1194 2537 1424 2591 Domini
1473 2537 1683 2608 passio-

76 2708 96 2729 ³
128 2699 234 2751 Non
262 2700 322 2749 in
352 2699 532 2764 ﬁgura
569 2696 664 2750 sed
693 2699 752 2750 in
789 2698 1018 2749 veritate
1063 2697 1170 2748 ista
1199 2695 1336 2762 ﬁeri.
1409 2693 1681 2764 Proposi-

24 2787 112 2823 Lam
131 2770 312 2837 prima
335 2772 522 2821 lronte
553 2767 725 2836 hujus
755 2766 1017 2837 opusculi
1069 2766 1442 2836 quaestionem
1478 2782 1543 2818 eo
1575 2765 1683 2818 loci

23 2836 196 2892 iterum
228 2840 436 2892 format
478 2837 652 2891 rebus
703 2836 964 2890 Ecclesiae
1003 2837 1294 2890 catholicas
1327 2842 1497 2906 atque
1552 2852 1680 2889 sen-

24 2913 180 2963 tentiae
209 2925 412 2980 parum
453 2909 912 2980 conducibilem;
974 2909 1184 2980 quippe
1215 2908 1498 2980 eumipsa
1531 2923 1683 2980 sem-

23 2998 96 3048 per
146 2978 400 3033 docuerit
429 2985 486 3032 et
511 2978 921 3032 existimaverit
941 2979 1296 3048 aliquantam
1332 2979 1573 3047 ﬁguram
1617 2978 1674 3030 in

23 3032 350 3104 ilucharistia:
375 3051 650 3119 mysterio
672 3049 934 3119 reperiri,
986 3032 1357 3119 et‘nuuquam
1375 3032 1669 3102 Udefuisse.
1707 3032 1746 3086 (ἶ

23 3123 77 3174 Ex
101 3123 512 3192 quibusiterum
545 3122 845 3174 observare
886 3120 1334 3192 juvatliuncca
1363 3119 1571 3192 librum
1606 3119 1675 3172 de

23 3190 233 3261 [Συιῇιοτθ
291 3199 347 3246 et
391 3192 681 3262 Sanguine
733 3191 962 3245 Domini
1013 3190 1281 3262 adversus
1310 3190 1674 3262 Paschasium

23 3260 120 3315 non
141 3265 301 3316 fuisse
332 3260 652 3316 exaratum.
712 3263 821 3326 Qui
851 3263 997 3316 libro
1056 3277 1157 3314 suo
1208 3260 1277 3314 de
1313 3261 1563 3330 Corpore
1623 3267 1678 3313 et

23 3334 270 3404 Sanguine
299 3335 553 3399 Domini,
584 3333 832 3404 libenter
886 3332 1092 3385 annuit
1132 3331 1431 3404 sententia:
1477 3331 1679 3404 admit-

23 3401 136 3457 εει)ιί
163 3408 401 3474 ﬁguram
427 3406 684 3475 aliquam
732 3404 792 3456 iu
822 3403 948 3475 hoc,
971 3403 1326 3475 sanctissimo
1382 3401 1675 3472 mysterio,

24 3473 275 3544 speciatim
301 3484 358 3529 et
384 3473 602 3529 allatim
636 3475 822 3544 capite
852 3475 904 3540 4,
939 3474 1022 3526 lit.
1057 3477 1103 3526 A
1132 3490 1144 3526 :
1183 3473 1331 3527 Unde
1386 3477 1517 3540 quia
1557 3488 1676 3540 my-

24 3549 210 3599 sterium
259 3553 356 3607 est.
404 3552 805 3600 sacramentum
869 3560 964 3598 nec
1017 3548 1252 3612 figuram
1291 3544 1431 3597 illud
1480 3557 1679 3611 negare

23 3633 294 3683 possumus;
342 3622 398 3670 et
453 3617 606 3670 infra
655 3617 757 3670 litt.
794 3616 832 3670 C
869 3633 880 3669 :
939 3616 1040 3669 Sed
1072 3615 1119 3668 si
1148 3615 1431 3668 veraciter
1459 3616 1679 3682 inspici-

24 3703 134 3748 mus,
157 3692 274 3755 jure
308 3689 471 3742 simul
495 3690 700 3741 veritas
744 3685 1002 3756 et'ﬁgura
1032 3686 1234 3740 dicitur
1270 3702 1282 3739 :
1315 3687 1526 3739 Veritas
1557 3699 1679 3739 vero

24 3760 259 3826 quidquid
286 3759 349 3812 de
376 3761 470 3812 hoc
491 3761 751 3828 mysterio
788 3760 1016 3811 interius
1045 3762 1184 3810 recte
1224 3757 1554 3824 intelligitur
1584 3760 1681 3809 aut

24 3831 244 3883 cra-ditur.
287 3830 504 3893 Quibus
552 3829 738 3883 verbis
787 3845 885 3881 eos
915 3828 1279 3882 solummodo
1334 3829 1587 3880 cont'utat
1625 3831 1681 3879 et

25 3900 216 3962 refellit,
247 3903 344 3970 qui
364 3907 550 3954 totum
574 3917 696 3954 esse
727 3901 1040 3970 ﬁguratum
1085 3900 1141 3952 in
1179 3898 1528 3970 Eucharistia
1559 3897 1678 3950 cla-

25 3981 240 4039 mabant;
268 3969 344 4024 fut
394 3987 568 4042 supra
609 3973 726 4041 jam
780 3969 1226 4042 observavimus.
1291 3969 1473 4042 Hinc;
1508 3971 1679 4042 etiam

25 4038 315 4094 meminisse
337 4038 499 4111 juvat
543 4038 648 4111 per
670 4046 903 4109 ﬁguram
945 4041 1317 4094 Batramnum
1360 4045 1414 4093 et
1444 4038 1681 4111 Pascha-

27 4111 146 4164 siam
171 4109 391 4181 semper
422 4109 772 4165 intelleXisse
799 4117 1047 4180 tegetem
1076 4118 1132 4165 et
1154 4113 1342 4164 velum
1373 4109 1528 4180 quod
1550 4125 1677 4178 spe-

28 4183 180 4234 ciebus
202 4185 362 4252 panis
389 4191 444 4236 et
473 4182 595 4235 vini
639 4184 940 4236 convenire
967 4198 1138 4235 nemo
1198 4197 1348 4234 unus
1379 4182 1550 4234 homo
1580 4196 1676 4232 ne-

33 4260 119 4318 gat.
149 4256 377 4324 Insuper
436 4254 610 4306 etiam
645 4253 899 4306 oblivisci
943 4254 1175 4306 vetitum
1233 4257 1318 4305 est
1351 4267 1454 4324 per
1484 4253 1680 4324 uerita-

33 4328 109 4375 tem
137 4321 434 4404 utrumque
466 4325 937 4404 concinpatorem
966 4324 1327 4404 praedictum
1361 4322 1678 4404 intelligere
1708 4330 1749 4382 ι)
1793 4322 1917 4401 ejus
1976 4321 2304 4404 societatem
2355 4322 2725 4392 reliquerant.
2761 4321 3097 4404 Atmnegari:
3135 4343 3248 4380 non

31 4410 149 4461 sepe
191 4393 396 4464 saepius
428 4411 519 4448 res
549 4396 610 4447 in
665 4394 1016 4448 Eucharistia
1047 4395 1229 4447 efﬁeri
1264 4410 1330 4446 ea
1360 4393 1568 4462 agendi
1599 4408 1682 4464 ra-

37 4477 154 4517 tione
174 4473 224 4519 et
255 4462 424 4520 modo
458 4481 574 4535 quo
608 4466 660 4518 vi
691 4466 1001 4518 verborum
1037 4469 1172 4517 sunt
1209 4480 1506 4535 expressm,
1538 4462 1685 4535 scili-

32 4538 365 4590 cetsensibus
395 4534 652 4605 subjecto
685 4542 742 4589 et
799 4538 1174 4603 corporaliter,
1238 4535 1322 4587 uti
1382 4534 1689 4587 defendere

34 4609 188 4659 animo
208 4608 574 4662 intenderunt
605 4606 779 4660 abbas
807 4607 1140 4671 Abbaudus,
1175 4610 1231 4658 et
1262 4621 1504 4671 magnus
1535 4605 1694 4673 prior

37 4678 335 4743 Eucherius,
418 4678 662 4731 abbatia’:
778 4677 959 4729 sancti
1043 4675 1279 4730 Victoris
1361 4675 1693 4729 Parisiensis

38 4759 164 4801 atate
194 4749 515 4818 Berengarii
551 4764 563 4801 :
598 4763 740 4817 quos
785 4753 952 4800 testes
1003 4747 1361 4816 prodidimus
1418 4752 1603 4812 antea,
1635 4747 1691 4798 in

40 4819 366 4873 adnotatione
399 4823 595 4872 nostra
631 4819 703 4871 ad
744 4833 969 4871 numer.
1004 4821 1088 4871 ll.

91 4889 238 4944 Porro
270 4890 412 4944 nulli
458 4889 870 4943 concertationi
921 4894 1017 4940 aut
1070 4886 1472 4957 disceptationi
1517 4885 1692 4939 obno-

47 4975 158 5012 Xillﬂ]
183 4968 263 5014 est
294 4966 704 5029 argumentum
735 4973 802 5012 ex
835 4975 947 5028 quo
982 4959 1329 5028 intelligitur
1351 4959 1695 5029 Batramnus

51 5032 174 5082 sei-bo
194 5028 438 5085 veritatis
488 5029 816 5100 signiﬁcare
851 5031 1136 5098 applicata
1165 5030 1456 5100 voluntate
1504 5028 1692 5080 inten-

57 5101 156 5153 isse
187 5104 417 5156 modum
449 5098 716 5154 sensibus
749 5099 1068 5169 subjectum
1102 5098 1437 5153 comedendi
1495 5115 1695 5169 corpo-

54 5186 102 5220 ra
125 5181 168 5224 et
193 5173 547 5242 deglutiendi
579 5168 879 5242 sanguinis
901 5170 1132 5223 Christi.
1162 5169 1462 5242 Enimvero
1489 5169 1542 5222 id
1576 5168 1696 5242 pla-

57 5242 233 5314 nissime
264 5239 418 5314 patet
453 5241 807 5314 testimoniis
837 5247 892 5294 et
934 5241 1288 5311 argumentis
1326 5255 1455 5309 quae
1481 5239 1701 5314 profert

61 5310 388 5368 advers-luscos
419 5313 522 5384 qui
558 5312 839 5365 tuendum
872 5310 1208 5384 receperant
1271 5327 1475 5380 corpus
1501 5381 1515 5384 _
1536 5310 1697 5384 Chri-

62 5385 105 5431 sti
129 5401 298 5438 revera
329 5391 382 5438 et
409 5381 738 5455 postposita
755 5382 913 5455 omni
935 5382 1118 5452 figura
1137 5388 1461 5455 comestum
1483 5381 1698 5455 luisse:

63 5468 159 5519 quos
183 5451 434 5509 Patrihus
467 5451 728 5523 antiquis
785 5453 1052 5505 adversos
1101 5451 1412 5523 clarissime
1463 5452 1700 5505 demon-

65 5532 177 5578 strat.
203 5527 415 5580 Etenim
448 5522 818 5596 quaecunque
862 5522 1188 5596 testimonia
1218 5522 1411 5596 __ex_iis
1441 5523 1699 5596 assumit,

65 5595 204 5659 palam
230 5592 554 5667 designant,
592 5592 825 5647 carnem
858 5593 1065 5667 Christi
1099 5593 1184 5667 ori
1210 5592 1468 5667 ﬁdelium
1505 5592 1702 5667 admo-

74 5677 169 5730 tam,
194 5670 298 5722 sive
328 5662 681 5738 p'orrectam,
717 5663 1053 5734 neutiquam
1108 5663 1279 5716 fuisse
1313 5664 1480 5717 modo
1525 5662 1703 5716 sensi-

1789 1832 1980 1882 menta
2018 1835 2153 1882 sunt
2184 1846 2298 1883 non
2342 1831 2638 1898 haberent,
2674 1833 2910 1886 omnino
2961 1841 3318 1890 sacramenta
3363 1853 3478 1891 non

1788 1922 1994 1970 essent.
2029 1919 2099 1971 Ex
2132 1919 2234 1971 hac
2276 1918 2401 1989 ipsa
2442 1925 2636 1974 autem
2697 1921 3077 1976 similitudine
3133 1924 3480 1994 plerumque

1782 2005 1903 2076 jam
1944 2006 2192 2075 ipsarum
2223 2024 2418 2062 rerum
2478 2010 2714 2063 nomina
2769 2011 3074 2082 accipiunt.
3128 2012 3284 2067 Sicut
3339 2029 3476 2084 ergo

1789 2094 2104 2149 secundum
2144 2097 2453 2166 quemdam
2489 2098 2720 2152 modum
2769 2105 3188 2155 sacramentum
3222 2103 3481 2173 corporis

1788 2182 1996 2237 Christi
2029 2199 2234 2253 corpus
2278 2185 2487 2239 Christi
2531 2193 2630 2252 est,
2714 2194 3134 2242 sacramentum
3184 2191 3480 2261 sanguinis

1787 2271 1993 2324 Christi
2025 2272 2257 2343 sanguis
2321 2273 2528 2328 Christi
2589 2279 2686 2339 est,
2732 2275 2812 2330 ita
2857 2282 3282 2332 sacramentum
3341 2279 3478 2333 ﬁdei

1788 2359 1928 2413 ﬁdes
1959 2365 2061 2414 est.
2101 2380 2128 2410 ))

1858 2449 2076 2503 XXXVI.
2111 2457 2130 2482 ο
2162 2449 2460 2503 Cernimus
2508 2451 2659 2521 quod
2691 2457 2918 2506 sanctus
2946 2455 3303 2524 Augustinus
3347 2456 3481 2510 dicit

1788 2536 1944 2591 aliud
1991 2542 2366 2604 sacramenta,
2430 2543 2485 2592 et
2536 2538 2686 2594 aliud
2719 2556 2810 2594 res
2857 2558 3103 2612 quarum
3133 2549 3268 2599 sunt
3308 2562 3480 2600 sacra-

1789 2696 1894 2750 bus
1923 2694 2203 2770 subjecto,
2236 2710 2410 2766 quem
2449 2696 2962 2770 Cepharnaitarum
3023 2701 3313 2770 appellare
3368 2719 3484 2757 non

1790 2766 2228 2836 pertimescam;
2283 2768 2546 2836 quamvis
2596 2769 2765 2837 hujus
2816 2766 3118 2825 sententiae
3166 2777 3478 2828 sectatores

1791 2853 1905 2890 non
1934 2837 2264 2915 dubitarent
2296 2853 2500 2915 corpus
2528 2838 2735 2915 Christi
2761 2839 3053 2915 integrum
3083 2843 3146 2915 in
3173 2845 3316 2897 caelo
3340 2861 3478 2915 per-

1792 2923 2044 2972 manere,
2107 2907 2333 2961 etiamsi
2391 2909 2450 2961 in
2526 2909 2800 2963 altaribus
2860 2907 3068 2965 nostris
3127 2907 3368 2969 fractum
3417 2932 3481 2969 ac

1791 2978 2117 3048 disruptum
2139 2979 2428 3032 videretur
2461 2995 2472 3031 :
2510 2981 2594 3032 uti
2625 2981 2992 3049 probavimus
3022 2987 3186 3037 antea
3219 2987 3277 3038 in
3307 2987 3480 3040 adno-

1783 3049 2100 3103 tationibus
2126 3049 2402 3126 ad_iiuu_i.
2463 3052 2516 3104 ll
2559 3066 2571 3104 :
2604 3052 2867 3126 _insuper
2905 3058 3125 3126 constat
3180 3055 3394 3126 optime
3428 3061 3484 3111 ct

1785 3137 2022 3173 nervose
2046 3136 2104 3173 se
2136 3119 2482 3186 defendisse,
2515 3129 2572 3174 et
2597 3119 2920 3177 fatuitatem
2973 3119 3278 3180 obscenam
3335 3127 3481 3183 Ster-

1785 3191 2202 3244 coranistarum
2228 3193 2500 3260 ejurasse.

1855 3263 1878 3304 ἒ
1918 3264 2060 3317 Nam
2106 3277 2321 3315 carnem
2353 3261 2471 3316 illis
2517 3265 2940 3332 sanguinemque
2987 3265 3104 3333 ejus
3135 3282 3341 3322 sumere
3367 3284 3482 3322 car-

1785 3333 2003 3398 naliter,
2037 3347 2141 3385 non
2164 3335 2443 3398 religionis
2499 3333 2635 3386 dicit
2666 3349 2793 3401 esse,
2839 3336 2936 3389 sed
2987 3340 3272 3402 facinoris.
3333 3340 3483 3394 Alibi

1787 3403 2068 3479 glossema
2093 3403 2299 3479 legitur
2330 3404 2482 3473 quod
2510 3404 2600 3456 hic
2630 3405 2944 3479 adjungere
2985 3408 3129 3461 nihil
3170 3410 3433 3479 prohibet
3466 3427 3478 3464 :

1787 3475 2102 3545 carnaliter.
2147 3474 2208 3526 id
2260 3479 2336 3527 est
2386 3475 2704 3528 conterenda
2762 3476 3036 3542 dentibus,
3070 3474 3483 3545 aut-frustatim

1787 3543 2136 3611 discerpendo
2165 3545 2412 3614 :quippe
2444 3561 2574 3598 cum
2606 3545 2698 3598 hic
2731 3562 2894 3600 verus
2921 3549 2992 3600 sit
3031 3543 3237 3602 horum
3281 3552 3486 3604 verbo-

1789 3631 1914 3690 rum
1939 3615 2223 3690 prolapsae
2257 3616 2571 3690 Latinitatis
2601 3632 2800 3690 sensus
2845 3619 3147 3690 carnaliter
3193 3626 3242 3673 et
3298 3637 3484 3690 carpo-

1786 3686 1998 3750 raliter,
2022 3686 2174 3737 nulla
2207 3687 2318 3757 sub
2347 3690 2546 3757 ﬁgura,
2587 3687 2739 3739 nulla
2770 3688 2866 3739 sub
2897 3689 3244 3757 obrelationc,
3299 3686 3404 3745 sed.
3427 3695 3487 3745 in

1786 3759 1965 3829 ipsius
1992 3756 2238 3829 veritatis
2286 3755 2436 3829 nuda
2464 3758 2930 3829 muniti-statione;
2976 3759 3056 3811 uti
3114 3755 3484 3829 probavimus

1790 3827 2170 3900 anterioribus
2211 3826 2416 3878 nostris
2444 3826 2960 3900 “adnotationibus.
3010 3826 3248 3900 Insuper
3311 3833 3484 3886 etiam

1788 3896 2116 3968 plenissime
2149 3901 2369 3968 constat
2399 3896 2540 3948 nihil
2573 3897 2723 3949 aliud
2760 3896 3231 3954 Batramnum’eo
3257 3901 3365 3955 loci
3395 3902 3483 3956 in-

1788 3967 2029 4043 digitare
2055 3967 2298 4043 voluisse
2342 3984 2354 4020 :
2394 3967 2630 4043 quippe
2679 3984 2808 4043 cum
2862 3969 3010 4043 ipse
3044 3978 3294 4026 mentem
3351 3990 3487 4043 pro-

1789 4041 1973 4110 priam
2007 4038 2289 4108 applicata
2320 4038 2614 4110 voluntate
2657 4038 2943 4108 explicaris
2999 4041 3108 4095 hoc
3147 4038 3486 4098 vocabulum

1790 4109 2105 4182 carnaliter,
2168 4111 2432 4182 observat
2486 4109 2542 4162 id
2569 4125 2728 4182 _esse
2773 4126 2969 4181 reapse
3003 4114 3179 4182 quod,
3214 4130 3280 4168 ex
3336 4118 3482 4168 rela—

1789 4182 1943 4256 tioue
1974 4181 2282 4256 Evangelii,
2321 4179 2516 4256 animo
2559 4179 3276 4252 ﬁngebantfqufsensum
3311 4187 3484 4256 spiri-

1790 4252 2005 4327 tualem
2031 4253 2161 4327 Jesu
2210 4251 2573 4327 Christiﬂnon
2605 4257 2875 4320 poterant
2915 4251 3180 4326 assequi,
3240 4251 3488 4327 ideoque

3348 4333 3491 4381 otest

1795 4345 1917 4390 BJUS
1976 4345 2304 4375 SUClBlﬂlClll
2355 4345 2725 4392 reuqueram.
2761 4345 2830 4376 Al
2878 4345 3076 4394 negari
3135 4345 3248 4380 ΠΟΙ]
3306 4345 3491 4398 pOIeSL

1795 4393 2078 4462 ejusmodi
2111 4393 2374 4446 homines
2405 4409 2473 4446 ex
2529 4409 2796 4446 sermone
2824 4395 3031 4449 Christi
3081 4396 3426 4451 intellexisse
3457 4416 3491 4451 ει

1803 4480 1861 4517 se
1921 4463 2115 4516 datum
2173 4463 2242 4516 iri
2273 4464 2402 4535 illis
2435 4479 2666 4517 carnem
2709 4469 2762 4517 et
2799 4466 3142 4535 sanguinem
3173 4469 3345 4522 veluti
3386 4469 3489 4521 ali-

1800 4539 1995 4586 menta
2013 4537 2344 4588 communia
2377 4534 2646 4588 dentibus
2686 4534 3037 4591 conterenda
3094 4543 3150 4591 et
3201 4539 3491 4593 frustatim

1803 4604 2198 4673 discerpenda.

1872 4684 1891 4708 ε
1923 4676 2200 4730 Cernimus
2254 4675 2398 4745 quod
2435 4680 2652 4729 sanctus
2707 4675 3048 4741 Augustinus
3096 4677 3274 4731 dicit:
3324 4679 3495 4733 Aliud

1801 4752 2160 4813 sacramenta,
2221 4753 2269 4800 et
2317 4747 2472 4799 aliud
2535 4762 2620 4800 res
2667 4761 2899 4814 quarum
2950 4753 3075 4800 sunt
3119 4755 3483 4803 sacramenta.

1802 4816 1936 4870 Haec
1961 4817 2155 4888 omnia
2177 4817 2472 4888 verissima
2514 4821 2648 4870 sunt
2677 4819 2854 4888 sancti
2895 4819 3197 4887 Augustini
3222 4826 3497 4888 concepta

1802 4888 1993 4941 verba.
2065 4887 2447 4950 Quamobrem
2505 4903 2636 4940 cum
2695 4887 2819 4956 ipsa
2895 4889 3244 4941 Eucliaristia
3310 4887 3494 4942 sacra-

1805 4963 2065 5012 mentum
2116 4956 2371 5027 corporis
2403 4957 2634 5024 Christi,
2667 4959 2822 5027 quod
2852 4957 2958 5012 fuit
2987 4961 3221 5013 aflixum
3253 4961 3407 5013 cruci
3439 4967 3497 5015 et

1806 5033 2116 5102 mactatum
2156 5027 2447 5102 proﬁuviq
2491 5029 2805 5102 sanguinis,
2854 5037 3072 5102 certum
3115 5036 3197 5084 est
3242 5031 3495 5102 aliquam

1807 5100 1875 5152 ab
1907 5115 1974 5171 eo
2033 5095 2723 5171 sustinere_dilferentiani
2777 5107 2835 5152 et
2891 5101 3083 5171 aliqua
3130 5095 3357 5154 ratione
3379 5119 3499 5156 esse

1809 5170 2158 5224 dreiversum
2189 5185 2200 5221 :
2232 5169 2444 5220 scilicet
2495 5167 2554 5220 in
2585 5175 2867 5237 quantum
2929 5167 3239 5225 mactatum
3284 5171 3410 5237 fuit,
3446 5179 3502 5227 et

1809 5240 1961 5293 cruci
1995 5239 2328 5312 agilixum,_et
2354 5238 2590 5312 sanguis
2622 5255 2724 5307 pro
2761 5240 2925 5293 nobis
2955 5243 3234 5295 mundum
3256 5259 3360 5312 per
3383 5259 3500 5296 om-

1808 5327 1940 5364 nem
1962 5309 2201 5362 elﬁuxit.
2242 5307 2589 5381 Eucharistia
2622 5317 2985 5381 nuncupatur
3042 5307 3270 5381 corpus
3295 5314 3503 5368 Christi

1812 5381 2037 5434 mactati
2080 5384 2134 5431 et
2162 5378 2328 5454 cruxi
2378 5378 2553 5443 afﬁxi,
2612 5378 2908 5454 morientis
2959 5387 3016 5434 et
3069 5378 3339 5451 patientis
3366 5385 3502 5454 quia

1811 5455 2164 5504 sacramenta
2194 5448 2516 5522 sortiuntur
2545 5448 2780 5522 nomina
2813 5467 3007 5506 rerum
3037 5448 3283 5522 quarum
3311 5448 3501 5507 sacra-

1813 5526 2006 5574 menta
2037 5525 2187 5573 sunt.
2214 5520 2276 5573 Et
2310 5535 2503 5571 revera
2541 5521 2766 5574 tametsi
2815 5521 2876 5574 in
2928 5520 3281 5576 Eucharistia
3310 5525 3502 5578 consi-

1813 5598 1942 5657 stat,
1995 5607 2098 5644 nec
2153 5588 2520 5658 cruciﬁgitur,
2580 5606 2682 5644 nec
2732 5598 3032 5658 mactatur,
3090 5609 3193 5646 nec
3242 5595 3503 5648 sensibus

1817 5662 2042 5716 dolores
2099 5661 2300 5715 mortis
2361 5661 2644 5714 sustinens
2697 5663 3047 5733 subjicitur:
3109 5663 3265 5732 quod
3323 5665 3500 5719 semel
