3920 6224
407 285 506 338 H3

1537 274 1896 330 RATRAMNI
1941 271 2406 329 CORBEIENSIS
2446 271 2754 326 MONACHI
3811 275 3886 325 ti-i

404 423 619 472 menta.
659 415 876 484 Corpus
905 415 1121 476 autem,
1157 411 1214 464 in
1256 427 1370 481 quo
1403 426 1604 479 passus
1662 415 1747 464 est
1807 409 2084 472 Christus,
2119 409 2162 460 A
2203 409 2584 477 prmstolatur,
2615 406 2929 478 juxtaillud
2967 405 3312 476 Sapientia:
3345 407 3644 462 Accessisti
3673 408 3746 459 ad
3773 424 3893 461 mea.

405 512 461 558 et
486 503 717 574 sanguis
747 503 867 572 ejus
900 501 969 554 de
1005 502 1176 553 latere
1208 499 1304 570 qui
1357 498 1538 563 ﬂuxit,
1572 515 1660 552 res
1694 502 1842 550 sunt.
1886 499 2092 550 [larum

402 610 536 646 vero
571 608 758 646 rerum
789 587 1058 660 mysteria
1097 587 1236 640 dicit
1265 603 1386 640 esse
1435 592 1788 640 sacramenta
1841 585 2097 655 corporis

403 687 458 734 et
483 679 780 750 sanguinis
813 677 1041 741 Christi,
1075 692 1203 747 qum
1235 675 1597 728 celebrantur
1627 675 1699 729 ob
1751 674 2088 728 memoriam

405 769 715 823 Dominicm
741 765 1044 837 passionis,
1103 779 1218 816 non
1264 764 1445 816 solum
1481 778 1584 832 per
1610 777 1807 815 omnes
1857 760 2097 826 {Pascha}

403 858 791 910 solemnitates
823 853 1062 924 singulis
1094 851 1278 918 annis,
1314 867 1512 904 verum
1549 851 1718 903 etiam
1766 849 2010 919 singulis
2039 849 2094 902 in

407 958 558 997 anno
581 943 798 996 diebus.

479 1032 720 1086 XXXVII.
775 1032 840 1085 Et
886 1045 1014 1083 cum
1043 1044 1224 1082 unum
1259 1027 1329 1081 sit
1355 1027 1591 1097 [corpus
1625 1025 2004 1092 Dominicum,
2039 1026 2098 1078 in

406 1137 519 1190 quo
551 1119 724 1172 semel
755 1134 956 1189 passus
984 1123 1097 1181 est;
1123 1121 1176 1169 et
1219 1131 1366 1168 unus
1385 1115 1639 1184 sanguis,
1683 1115 1780 1185 qui
1804 1131 1906 1185 pro
1921 1115 2098 1168 salute

411 1207 608 1262 mundi
642 1208 801 1261 fusus
831 1212 950 1260 est:
997 1211 1249 1259 attamen
1301 1209 1656 1257 sacramenta
1713 1204 1968 1274 ipsarum
2001 1218 2096 1256 re-

407 1311 536 1350 rum
582 1296 1294 1364 voeabulafsumpserunt,
1341 1298 1406 1347 ut
1462 1293 1726 1346 dicantur
1779 1308 1982 1362 corpus
2044 1295 2100 1344 et

409 1384 640 1454 sanguis
692 1383 921 1450 Christi,
977 1398 1105 1436 cum
1163 1387 1398 1451 propter
1429 1380 1858 1434 similitudinem
1904 1395 2097 1434 rerum

411 1490 550 1543 quas
573 1473 844 1538 innuunt,
874 1471 952 1524 sic
997 1470 1364 1541 appellentur
1400 1485 1412 1522 :
1444 1469 1590 1521 sicut
1639 1468 1850 1522 Pascha
1883 1473 1939 1520 et
1991 1469 2098 1522 Re-

409 1563 684 1614 surrectio
734 1560 960 1614 Domini
993 1565 1288 1622 vocantur,
1323 1573 1452 1628 qum
1483 1573 1583 1627 per
1611 1557 1866 1625 singulos
1917 1572 2100 1610 annos

409 1650 788 1714 celebrantur,
841 1663 969 1700 cum
1027 1645 1202 1698 semel
1249 1645 1306 1698 in
1359 1645 1542 1713 seipse
1574 1661 1771 1714 passus
1801 1644 1874 1697 sit
1899 1649 1950 1697 et
2003 1660 2100 1697 re-

413 1736 744 1800 surrexerit,
779 1752 881 1788 nec
913 1734 1031 1786 dies
1081 1733 1166 1786 illi
1216 1733 1332 1801 jam
1367 1733 1584 1802 possint
1639 1732 1912 1796 revocari,
1965 1748 2102 1802 quo-

410 1827 562 1880 niam
611 1825 1032 1894 praeterierunt.
1081 1821 1457 1890 Appellantur
1491 1825 1682 1874 tamen
1717 1821 1948 1874 illorum
1999 1837 2104 1874 vo-

410 1914 609 1968 cabulo
638 1913 757 1966 dies
788 1911 994 1982 quibus
1025 1909 1305 1964 memoria
1339 1909 1645 1962 Dominicre
1678 1909 1954 1980 passionis
1985 1909 2100 1962 sive

411 2000 844 2056 resurrectionis
894 2006 1400 2066 commemoratur,
1452 1998 1660 2052 idcirco
1684 1998 1836 2068 quod
1871 1999 2099 2051 illorum

405 2089 842 2144 similitudinem
903 2088 1152 2142 habeant
1208 2087 1428 2140 dierum
1492 2087 1700 2156 quibus
1728 2086 1984 2140 Salvator
2011 2103 2095 2140 se-

405 2180 514 2233 mel
549 2194 747 2248 passus
778 2181 862 2230 est
888 2181 944 2230 et
965 2175 1138 2229 semel
1173 2175 1496 2228 resurrexit.

475 2267 742 2322 XXXVIII.
778 2265 936 2320 Unde
993 2264 1234 2318 dicimus
1267 2280 1278 2317 :
1314 2263 1510 2329 Hodie,
1565 2262 1652 2316 vel
1693 2278 1838 2326 cras,
1871 2263 1959 2316 vel
1991 2280 2098 2332 pe-

401 2356 619 2422 rendie,
679 2353 908 2408 Domini
967 2352 1180 2406 Pascha
1229 2355 1332 2416 est,
1367 2351 1454 2404 vel
1509 2350 1903 2416 Resurrectio;
1966 2365 2096 2402 cum

404 2445 522 2498 dies
555 2443 660 2508 illi,
693 2442 902 2512 quibus
948 2441 1068 2494 haec
1115 2445 1276 2509 gesta
1325 2445 1480 2506 sunt,
1539 2438 1882 2508 multisjam
1933 2439 2096 2492 annis

403 2531 805 2603 pi'wterierint.
866 2529 956 2582 Sic
1007 2529 1180 2582 etiam
1230 2527 1487 2580 dicamus
1546 2525 1850 2580 Dominum
1896 2526 2097 2580 immo-

405 2620 506 2672 lari
565 2617 796 2688 quando
847 2615 1130 2686 passionis
1178 2615 1300 2683 ejus
1329 2620 1682 2666 sacramenta
1711 2615 2090 2682 celebrantur,

403 2722 529 2760 cum
565 2705 738 2758 semel
776 2720 876 2775 pro
907 2704 1088 2756 salute
1107 2702 1308 2756 mundi
1341 2703 1412 2755 sit
1435 2702 1767 2754 immolatus
1797 2702 1853 2754 in
1887 2706 2094 2755 semet-

403 2797 550 2866 ipso,
622 2793 770 2847 sicut
825 2792 1127 2862 Apostolus
1169 2791 1282 2844 ait:
1347 2791 1592 2846 Christus
1645 2804 1841 2858 passus
1890 2797 1968 2846 est
1995 2806 2095 2860 pro

401 2883 574 2948 nobis,
607 2883 755 2936 vobis
785 2881 1096 2948 relinquens
1119 2879 1419 2948 exemplum
1439 2884 1498 2932 ut
1537 2881 1841 2946 sequamini
1867 2880 2096 2946 vestigia

404 2973 519 3040 ejus
572 2973 619 3038 (1
674 2973 817 3024 I’rtr.
884 2986 944 3037 11,
995 2971 1106 3034 21).
1159 2968 1279 3022 Non
1337 2966 1490 3020 enim
1551 2967 1702 3036 quod
1753 2966 2007 3036 quotidie
2033 2967 2092 3020 in
2127 3005 2164 3059 ϐ

404 3062 586 3130 seipse
617 3058 870 3129 patiatur
907 3057 1056 3126 quod
1091 3056 1265 3108 semel
1323 3055 1471 3108 fecit.
1507 3055 1840 3124 Exemplum
1889 3057 2097 3122 {autem

405 3147 567 3203 nobis
597 3145 831 3216 reliquit
883 3143 1033 3214 quod
1084 3144 1140 3196 in
1175 3143 1446 3212 mysterio
1481 3141 1708 3196 Domini
1757 3143 2014 3212 corporis
2044 3148 2098 3196 et

404 3235 701 3306 sanguinis
717 3233 974 3304 quotidie
1004 3231 1364 3285 credentibus
1398 3235 1795 3301 praesentalur,
1846 3235 1908 3284 ut
1948 3231 2100 3301 quis-

405 3324 532 3394 quis
562 3323 632 3376 ad
667 3321 806 3375 illud
839 3320 1156 3386 accesserit,
1187 3319 1426 3384 noverit,
1461 3327 1538 3370 se‘
1569 3317 1930 3388 passiombus
1976 3319 2098 3388 ejus

403 3411 602 3467 sociari
633 3410 859 3476 debere,
904 3422 1148 3489 quarum
1176 3406 1486 3477 imaginem
1511 3405 1569 3459 in
1600 3405 1773 3460 sacris
1813 3407 2098 3478 mysteriis

401 3569 638 3640 contigit
662 3567 753 3640 die
789 3583 902 3640 quo
933 3582 990 3619 se
1023 3565 1225 3619 mortis
1257 3564 1614 3618 exactoribus
1646 3562 1920 3640 permisit
1958 3579 2094 3634 sup-

400 3635 584 3711 plicid
605 3635 846 3711 crucisfi
869 3639 995 3692 Haec
1037 3643 1123 3691 est
1171 3653 1305 3711 vera
1336 3641 1391 3689 et
1419 3641 1686 3711 constans
1720 3635 1976 3711 Ecclesiae
2004 3652 2094 3688 ca-

401 3707 627 3766 tholicae
669 3710 961 3775 doctrina;
993 3724 1164 3778 quam
1201 3707 1544 3761 Ratramnus
1577 3707 1945 3778 singulariter
1987 3721 2092 3778 ex:

399 3783 560 3852 ponit
580 3788 634 3835 et
665 3782 926 3834 enucleat
975 3776 1154 3832 verbis
1191 3778 1446 3852 epist-ohe
1471 3779 1651 3852 sancti
1698 3776 2096 3852 Aug_ustini_ad

401 3847 772 3916 Donifacium,
818 3851 1114 3920 Utcunque
1175 3847 1262 3902 res
1301 3849 1435 3909 sint.
1478 3847 1770 3920 abnuente
1800 3847 1956 3902 Sixto
1997 3847 2093 3920 5e-

397 3924 563 3977 nensi
609 3925 682 3991 (a)
741 3921 986 3974 intendit
1021 3917 1242 3991 animo
1281 3921 1672 3972 demonstrare
1723 3917 2092 3991 aliqua_m__in

397 3987 748 4047 Eucharistia
797 3993 1040 4060 ligurum
1092 3989 1420 4060 consistere.
1488 3991 1616 4043 lltec
1669 3987 1931 4060 ampliori
1958 3987 2094 4060 pdis-

397 4065 715 4133 captatione
745 4058 864 4133 non
886 4061 1144 4133 indigent
1169 4075 1186 4133 ;_
1211 4059 1378 4133 verba
1409 4061 1586 4112 sancti
1618 4059 1921 4133 Augustini
1953 4058 2094 4133 invi:

398 4128 649 4186 ctissime
703 4132 950 4200 probant
978 4130 1123 4182 hanc
1163 4129 1334 4182 fuisse
1401 4131 1740 4182 sententiam
1770 4199 1773 4200 ν
1801 4128 2094 4200 llatramni

399 4210 453 4256 et
483 4199 764 4257 Paschasii
790 4217 938 4251 nono
970 4203 1196 4264 saeculo,
1215 4205 1270 4250 et
1297 4205 1601 4268 utrumque
1633 4201 1740 4252 hoc
1765 4199 1888 4252 loco
1914 4199 2092 4252 sancti

399 4272 696 4336 Augustini
765 4270 1079 4323 vindicasse
1133 4271 1280 4322 hanc
1335 4271 1651 4330 veritatem.
1728 4269 2090 4323 Paschasium

397 4339 610 4397 scilicet
663 4346 906 4394 tractatu
945 4339 1012 4392 de
1079 4341 1328 4410 Corpore
1381 4347 1436 4392 et
1504 4340 1794 4410 Sanguine
1861 4341 2088 4404 Christi,

397 4431 528 4484 pag.
563 4412 804 4484 623,_lil..
829 4413 954 4484 Cet
977 4411 1038 4463 l).
1079 4409 1340 4484 Etl'lictim
1376 4410 1551 4484 igitur
1583 4409 1769 4462 caveat
1804 4410 2093 4484 studiosus

395 4481 572 4540 lector
603 4481 869 4536 utriusvis
899 4483 1126 4550 opneuli
1158 4487 1256 4532 aut
1303 4483 1598 4550 utriusque
1633 4497 1702 4533 ne
1733 4497 1765 4533 a
1811 4481 2086 4535 memoria

396 4557 618 4610 excidat
650 4568 902 4622 unquam
935 4543 1354 4604 sacramentum
1387 4543 1776 4614 Eucharistim,
1804 4559 2085 4621 quatenus

396 4630 814 4681 sacramentum
844 4639 963 4674 esse
997 4622 1357 4687 memoriam,
1391 4637 1716 4689 eXprcssam
1755 4623 2083 4692 imaginem,

393 4697 832 4751 similitudinem
854 4699 909 4747 et
936 4693 1177 4762 tignram
1199 4693 1450 4761 corporis
1469 4692 1672 4745 Christi
1705 4693 1997 4746 morientis
2029 4703 2086 4747 et

394 4769 665 4832 crucitixi,
701 4771 756 4818 et
777 4765 1113 4830 sanguinem
1147 4762 1490 4815 etfundentis
1510 4763 1564 4814 in
1590 4764 1828 4832 gratiam
1858 4771 1912 4816 et
1937 4762 2083 4816 salu-

393 4849 504 4894 tem
541 4838 836 4892 hominum
866 4841 948 4901 ;et
982 4833 1630 4903 proptereaimpositum
1665 4833 1871 4888 habere
1893 4851 2086 4903 corpo-

396 4915 691 4964 risnomen
709 4912 762 4960 et
776 4905 1206 4974 sanguinisiesu
1239 4903 1460 4975 Christi
1483 4921 1495 4968 ;
1516 4905 1942 4975 uecquidquam
1962 4921 2081 4958 esse

393 4998 563 5050 quam
603 4981 760 5032 Jesus
793 4979 1049 5050 Christus
1079 4975 1200 5044 ipse
1233 4974 1292 5026 in
1335 4975 1767 5050 arbore_cru_cis
1793 4974 2083 5050 anhelans

393 5045 450 5106 et
487 5050 783 5104 etiundens
821 5047 1157 5114 sanguinem
1191 5061 1293 5114 pro
1329 5047 1510 5098 nobis.
1541 5045 1696 5108 Quod
1731 5047 1960 5116 quidem
1995 5047 2083 5099 his

391 5119 808 5175 conditionibus
855 5133 1048 5169 revera
1103 5117 1158 5168 in
1221 5115 1570 5169 Eucharistia
1637 5115 1763 5170 noni
1808 5118 2078 5176 consistit,

392 5195 484 5246 sed
521 5189 876 5244 solummodo
910 5189 966 5239 in
1010 5187 1345 5239 memoriam
1397 5193 1448 5239 el
1480 5187 1933 5252 similitudinem,
1964 5205 2080 5241 non

391 5279 550 5316 secus
609 5277 670 5312 ac
721 5259 840 5311 dies
897 5259 1181 5311 Paschatis
1215 5258 1333 5310 dies
1385 5259 1815 5312 rerurrectionis
1870 5275 2081 5312 nuncu-

391 5341 560 5404 patur
593 5329 816 5404 tametsi
851 5329 1107 5404 pluribus
1138 5329 1538 5404 abhinc-annis
1565 5329 2074 5404 e_t__saecnlis_Chr_i-

389 5399 507 5458 stus
541 5401 817 5456 Dominus
877 5399 1050 5452 semel
1084 5399 1280 5452 eadem
1317 5399 1433 5451 sive
1476 5399 1647 5452 simili
1673 5401 1764 5453 die
1792 5401 2073 5468 revixerit,

389 5483 444 5528 et
475 5476 596 5528 dies
623 5472 823 5524 mortis
861 5470 1226 5540 etpassionis
1263 5471 1404 5523 feria
1443 5477 1616 5526 sexta.
1679 5487 1809 5540 quae
1843 5478 2078 5524 vocatur

388 5550 600 5610 sancta,
635 5542 766 5596 licet
786 5539 1046 5612 pluribus
1071 5540 1279 5594 abhinc
1299 5539 1464 5594 annis
1486 5541 1658 5594 semel
1676 5539 1904 5596 dolores
1927 5557 2076 5594 mor-

561 5663 895 5718 Bibliotheca
930 5667 1145 5722 sanctis,
1181 5662 1272 5712 lib.
1299 5676 1370 5722 vi,
1393 5662 1596 5711 observ.
1627 5665 1732 5711 196.

2206 513 2322 550 sum
2349 499 2612 565 potentis;
2669 496 2960 563 diligenter
3010 495 3230 549 attende
3283 510 3406 565 qua:
3465 496 3569 548 tibi
3599 503 3730 548 sunt
3760 495 3908 564 amt-«fni

2206 588 2331 644 sita,
2379 587 2550 638 sciens
2603 586 2734 652 quia
2803 585 2938 636 talia
2998 588 3046 635 te
3088 589 3296 650 Oportet
3359 598 3680 651 piarpararc
3731 583 3892 646 (l’rcr.

2207 690 2360 738 xxm,
2405 676 2474 736 1).
2536 673 2818 725 Accedere
2855 671 2930 723 ad
2995 686 3250 724 mensam
3307 672 3579 739 potentis,
3615 676 3704 724 est
3744 671 3909 722 divini!

2207 761 2546 832 particime
2581 761 2870 814 libaminis
2901 759 3025 812 tieri
3065 775 3078 812 :
3113 759 3483 812 consideratis
3517 775 3652 812 vero
3685 759 3868 829 apposi
3908 783 3909 786 η

2205 857 2420 916 torum,
2447 849 2674 903 Domini
2703 847 2955 918 corporis
2977 852 3032 900 et
3057 847 3358 917 sanguinis
3389 855 3476 901 est
3503 848 3909 918 intelligentiae

2207 939 2424 1003 Quibus
2481 938 2742 1008 quisquis
2801 935 3125 1007 participat,
3159 936 3420 989 advertat
3449 953 3508 989 se
3537 937 3675 990 talia
3709 937 3892 990 debere

2203 1041 2548 1097 praeparare,
2591 1029 2654 1078 ut
2707 1025 2830 1094 ejus
2882 1023 3140 1076 imitator
3197 1023 3402 1077 existat
3453 1025 3890 1082 commoriendo.

2208 1115 2368 1183 cujus
2420 1112 2758 1166 memoriam
2821 1111 3044 1177 mortis,
3109 1127 3224 1165 non
3259 1113 3445 1166 solum
3477 1113 3782 1174 credendo,
3818 1129 3892 1166 ve-

2207 1218 2334 1256 rum
2362 1201 2532 1254 etiam
2564 1200 2848 1270 gustando
2874 1200 3200 1252 conﬁtetur.

2277 1291 2497 1345 XXXIX.
2551 1291 2690 1343 Item
2741 1288 2941 1342 beatus
3001 1289 3306 1358 Apostolus
3339 1288 3406 1342 ad
3457 1289 3774 1342 Hebraeos:
3817 1291 3898 1342 Ta-

2209 1381 2276 1434 lis
2304 1381 2452 1433 enim
2483 1377 2698 1432 decebat
2738 1382 2798 1430 ut
2829 1377 2980 1430 nobis
3011 1381 3142 1430 esset
3169 1379 3446 1444 ponti/“em,
3487 1383 3736 1442 sanctus,
3767 1380 3898 1430 innu-

2208 1482 2343 1527 cens,
2370 1468 2704 1536 impollutus,
2759 1470 3070 1531 segregatus
3101 1482 3134 1517 (ι
3163 1465 3554 1533 peccatoribus,
3625 1472 3678 1519 et
3737 1469 3909 1534 επεὶ-ι

2207 1560 2319 1610 sior
2365 1558 2506 1609 caelis
2559 1558 2759 1620 factus.
2825 1555 2927 1619 Qui
2956 1570 3059 1607 non
3105 1554 3261 1606 habet
3291 1557 3689 1608 necessitatem.
3739 1537 3909 1623 quem:

2209 1645 2498 1698 admodum
2519 1644 2835 1704 sacerdotes,
2879 1643 3122 1712 quotidie
3161 1644 3365 1696 hostias
3395 1643 3592 1711 offerre
3621 1645 3778 1712 prius
3815 1660 3899 1711 pro

2209 1737 2321 1787 suis
2351 1734 2582 1796 delictis,
2638 1732 2830 1785 deinde
2855 1747 2957 1800 pro
2985 1733 3176 1800 populi
3211 1747 3223 1784 :
3262 1733 3355 1784 hoc
3387 1735 3526 1784 enim
3553 1736 3694 1797 fecit
3733 1735 3897 1786 semei.

2209 1838 2264 1876 se
2295 1822 2564 1890 offerendo
2605 1823 2860 1874 Dominus
2889 1823 3040 1874 Jesus
3073 1821 3320 1875 Christus
3345 1820 3500 1890 (ch.
3537 1837 3642 1888 vn,
3677 1823 3770 1886 26,
3801 1825 3897 1884 2ῖ).

2210 1911 2369 1974 Quod
2404 1911 2574 1963 semel
2600 1909 2774 1978 ,fecit,
2825 1924 2978 1961 nunc
3029 1910 3284 1978 quotidie
3310 1908 3684 1979 frequentat:
3739 1909 3898 1960 semel

2208 1999 2361 2052 enim
2394 2014 2496 2068 pro
2529 1997 2772 2067 peccatis
2827 1997 3028 2066 populi
3079 2012 3136 2048 se
3183 1997 3409 2062 obtulit,
3443 1997 3780 2050 celebratur
3825 2005 3898 2050 ta-

2209 2103 2340 2139 men
2386 2087 2506 2140 baac
2537 2086 2734 2138 eadem
2791 2086 3002 2138 oblatio
3034 2085 3275 2154 singulis
3309 2101 3409 2154 per
3441 2085 3646 2138 ﬁdeles
3673 2086 3896 2154 _diebus,

2209 2175 2305 2228 sed
2339 2174 2394 2227 in
2429 2174 2718 2245 mysterio,
2785 2178 2848 2226 ut
2905 2173 3053 2242 quod
3111 2173 3383 2226 Dominus
3439 2174 3604 2228 Jesus
3659 2174 3902 2227 Christus

2207 2263 2380 2316 semel
2414 2279 2472 2315 se
2505 2261 2750 2316 offerens
2804 2261 3158 2331 adimplevit,
3219 2263 3326 2315 hoc
3369 2266 3428 2315 in
3459 2263 3584 2332 ejus
3621 2265 3900 2332 passionis

2207 2351 2546 2405 memoriam
2595 2351 2848 2422 quotidie
2894 2356 3126 2420 geratur
3169 2367 3271 2420 per
3329 2351 3747 2421 mysteriorum
3781 2353 3906 2406 cele-

2205 2439 2550 2493 hrationem.

2277 2527 2360 2581 XL
2409 2529 2522 2582 Nec
2549 2532 2739 2582 tamen
2773 2527 2916 2580 falso
2957 2526 3166 2581 dicitur
3199 2527 3352 2598 quod
3385 2527 3444 2581 in
3505 2529 3810 2598 mysteriis
3861 2531 3906 2582 il-

2205 2615 2274 2669 lis
2301 2616 2577 2669 Dominus
2616 2616 2701 2668 vel
2729 2615 3059 2667 immoletur
3100 2615 3184 2667 vel
3215 2615 3466 2684 patiatur
3520 2617 3814 2686 q'ioniam
3845 2619 3906 2670 il-

2205 2704 2315 2757 lius
2370 2705 2570 2757 mortis
2621 2709 2790 2773 atque
2847 2703 3130 2773 passionis
3188 2701 3408 2756 habens
3439 2703 3904 2770 similitudinem,

2204 2809 2448 2864 quarum
2476 2793 2723 2846 existunt
2746 2791 3301 2861 reprzesentationes.
3335 2793 3489 2846 Unde
3541 2793 3909 2866 Dominicuml

2203 2896 2410 2952 corpus
2441 2885 2495 2934 et
2527 2880 2757 2950 sanguis
2811 2879 3138 2934 Dominicus
3195 2881 3577 2950 appellantur,
3629 2885 3906 2953 quoniam

2204 2969 2330 3039 ejus
2390 2975 2626 3022 sumunt
2679 2969 3148 3039 appellationem,
3207 2970 3372 3039 cujus
3425 2971 3688 3024 existunt
3731 2989 3909 3026 sacra-

2205 3063 2482 3111 mentum.
2521 3059 2659 3111 Ilinc
2689 3058 2886 3111 beatus
2908 3058 3160 3111 Isidorus
3189 3057 3248 3110 in
3303 3058 3462 3111 libris
3509 3058 3906 3130 Etymologia-

2204 3163 2330 3200 rum
2363 3147 2479 3217 (lib.
2520 3163 2595 3212 γι,
2629 3161 2746 3214 cap.
2804 3147 2889 3217 l9)
2927 3146 3006 3198 sic
3035 3145 3152 3200 ait:
3189 3165 3214 3197 (ι
3248 3145 3607 3200 Sacriﬁcium
3666 3147 3906 3210 dictum,

2204 3235 2364 3306 quasi
2393 3251 2613 3288 sacrum
2657 3233 2893 3299 factum,
2939 3234 3074 3304 quia
3115 3251 3282 3304 prece
3325 3235 3560 3304 mystica
3592 3252 3904 3290 consecra-

2203 3331 2297 3378 tur
2317 3325 2375 3377 in
2395 3323 2734 3377 memoriam
2749 3339 2852 3394 pro
2869 3323 3032 3376 nobis
3065 3322 3376 3377 Dominicas
3399 3324 3714 3392 passionis.
3758 3327 3909 3379 [Inde

2203 3413 2330 3480 hoc,
2366 3429 2432 3466 eo
2467 3411 2726 3483 jnbente,
2774 3427 2980 3482 corpus
3025 3411 3232 3465 Christi
3286 3417 3344 3465 et
3386 3412 3748 3482 sanguinem
3783 3413 3910 3468 dici~

2201 3569 2275 3623 tis
2315 3567 2669 3621 sustinuerit.
2731 3567 2942 3621 Verum
3003 3567 3126 3622 hrec
3172 3567 3362 3620 omnia
3416 3583 3532 3620 non
3575 3567 3910 3638 impediunt

2203 3639 2342 3711 quin
2379 3655 2585 3708 corpus
2612 3638 2816 3711 Christi
2845 3639 2964 3708 jam
3001 3638 3317 3711 gloriosum
3350 3639 3408 3711 in
3441 3639 3585 3711 casto
3629 3640 3910 3694 Euchari-n

2203 3709 2310 3763 stia
2339 3709 2802 3779 permansionem
2838 3711 3042 3763 habeat
3093 3709 3267 3763 modo
3323 3709 3613 3780 spirituali
3645 3713 3910 3764 sensibus

2201 3797 2316 3834 non
2340 3781 2593 3850 subjecto
2627 3785 2680 3832 et
2703 3781 3007 3849 corporali,
3045 3781 3130 3832 uti
3187 3780 3550 3850 recognoscit
3599 3782 3740 3850 ipse
3809 3784 3910 3836 Ra-

2202 3851 2538 3905 tramnusin
2565 3851 2826 3920 pluribus
2869 3851 2952 3902 sui
2982 3851 3244 3920 opusculi
3293 3851 3450 3916 locis,
3513 3855 3569 3903 et
3601 3855 3910 3921 Spectatim

2203 3938 2340 3994 num
2373 3923 2440 3994 28
2496 3927 2550 3994 et
2581 3925 2648 3976 30
2679 3928 2850 3974 antea
2877 3921 3081 3988 citatis,
3110 3927 3173 3994 et
3197 3937 3356 3994 num.
3394 3923 3455 3975 16
3477 3927 3534 3974 et
3563 3924 3662 3986 99,
3697 3924 3764 3976 in
3789 3925 3910 3994 qni-

2201 3993 2308 4046 hus
2364 3993 2444 4046 ait
2495 3993 2652 4045 fusus
2683 3994 2999 4060 theologus,
3031 3991 3175 4060 quod
3205 3993 3306 4044 iste
3339 3995 3499 4060 panis
3531 3998 3580 4044 et
3613 3995 3785 4047 catis:
3809 3991 3910 4062 ’φη

2201 4078 2393 4129 corpus
2450 4068 2500 4116 ct
2555 4065 2779 4128 sanguis
2830 4063 3034 4118 Christi
3093 4065 3409 4116 nominatur
3463 4067 3512 4115 et
3564 4067 3800 4118 existit.
3859 4067 3910 4119 [It

2199 4133 2586 4202 intelligamus
2632 4151 2696 4186 ex
2727 4133 2797 4186 iis
2825 4134 2930 4186 hoc
2960 4138 3379 4186 sacramentum
3435 4149 3546 4186 non
3579 4136 3804 4189 solum
3841 4153 3910 4188 as.

2201 4220 2426 4257 sumere
2459 4220 2668 4257 nomen
2703 4205 2784 4257 rei
2817 4203 2978 4273 cujus
3015 4209 3098 4256 est
3127 4209 3569 4265 sacramentum,
3617 4207 3726 4258 sed
3801 4223 3910 4260 rem

2202 4274 2386 4344 ipsam
2413 4291 2532 4328 esse
2563 4280 2618 4328 et
2644 4274 2903 4328 existere.
2943 4275 3116 4328 Porro
3159 4291 3224 4327 ex
3258 4275 3345 4328 his
3377 4275 3602 4326 videtur
3657 4277 3910 4330 dilucidl

2202 4347 2483 4416 applicata
2547 4347 2838 4399 voluntate
2902 4345 3210 4398 intendisse
3278 4345 3536 4416 eamdem
3597 4349 3910 4402 veritatem

2201 4414 2540 4469 contirmare
2571 4432 2744 4486 quam
2785 4417 3050 4484 exposuit
3088 4431 3254 4486 num.
3297 4419 3381 4478 lli,
3437 4414 3494 4467 in
3535 4431 3658 4485 quo
3719 4421 3814 4472 ait
3859 4421 3910 4472 dt

2197 4486 2493 4556 speciebus
2550 4485 2712 4555 panis
2761 4491 2818 4540 et
2869 4486 2984 4538 vini
3026 4485 3132 4538 sub
3161 4485 3372 4556 quibus
3419 4501 3635 4554 corpus
3705 4491 3909 4543 Christ.

2197 4557 2493 4620 delitescit,
2521 4573 2626 4609 non
2658 4557 2802 4625 quod
2839 4556 3072 4610 diturum
3105 4559 3217 4610 sint
3249 4560 3552 4610 emistentiae
3601 4573 3812 4614 rerum
3843 4565 3910 4612 in.

2197 4632 2275 4680 ter
2303 4643 2356 4680 se
2375 4627 2714 4681 diversarum
2747 4644 2759 4680 :
2798 4631 2854 4680 et
2883 4643 3041 4681 num.
3076 4628 3164 4692 24,
3201 4627 3256 4680 in
3292 4643 3404 4697 quo
3431 4630 3742 4696 conceptis
3773 4634 3910 4684 veri.

2193 4697 2280 4751 bis
2310 4699 2475 4751 docet
2505 4699 2681 4771 quod,
2715 4701 2810 4771 qui
2831 4704 3018 4766 postea
3047 4713 3240 4766 corpus
3267 4699 3333 4750 de
3365 4699 3593 4765 Virgine
3615 4707 3909 4771 sumptum

2191 4775 2242 4821 ct
2297 4785 2396 4836 pro
2450 4770 2623 4821 salute
2657 4769 2988 4821 credentium
3038 4771 3094 4820 in
3155 4785 3308 4822 cruce
3337 4783 3662 4836 suSpensum
3705 4769 3910 4828 nostri:

2191 4841 2400 4893 saeculis
2426 4839 2690 4910 emhibuit,
2724 4845 2772 4890 ct
2802 4855 2869 4891 ea:
2889 4855 2945 4892 eo
2984 4843 3272 4906 sanguinis
3303 4841 3506 4892 undam
3537 4841 3780 4910 effudit,
3819 4859 3909 4898 nos

2191 4910 2360 4962 solum
2405 4925 2512 4977 qua
2541 4909 2941 4971 redime-mentun
2997 4926 3180 4963 verum
3210 4913 3370 4962 etiam
3415 4909 3777 4978 poteremur;
3865 4919 3909 4968 l-j‘

2192 4996 2351 5032 num.
2385 4982 2452 5032 25
2494 4985 2548 5032 et
2569 4982 2636 5033 28
2669 4996 2682 5032 :
2725 4981 2841 5047 IpSc
2873 4995 3107 5048 namque
3137 4983 3234 5048 qui
3262 4995 3402 5034 nunc
3431 4983 3488 5033 in
3519 4983 3784 5037 Ecclesia
3817 5003 3909 5039 enat

2189 5052 2456 5118 nipotenti
2475 5052 2676 5104 virtute
2705 5065 2898 5118 panem
2949 5056 2998 5104 et
3035 5053 3222 5104 vinum
3273 5053 3333 5103 in
3365 5053 3452 5103 sui
3495 5059 3760 5120 corporis
3795 5073 3910 5108 car.

2189 5137 2307 5173 nem
2337 5127 2388 5174 et
2416 5123 2634 5189 prOprii
2662 5123 2871 5174 cruoris
2915 5121 3118 5173 undam
3172 5122 3543 5189 spiritualiter
3608 5129 3902 5180 convertit

2190 5191 2350 5254 Quod
2409 5193 2638 5260 quidem
2673 5207 2979 5244 asermone
3013 5198 3067 5244 et
3097 5192 3416 5244 elocutione
3453 5193 3757 5248 Paschasii
3809 5213 3910 5250 nor.

2187 5261 2396 5328 ditfert,
2424 5279 2594 5330 quem
2629 5278 2799 5314 nemo
2851 5263 3024 5315 homo
3082 5262 3285 5314 litteris
3342 5268 3608 5316 assuetus
3673 5266 3910 5322 dubita‘

2187 5333 2358 5408 tidem
2392 5347 2564 5408 quam
2589 5331 2958 5408 defendimus
2998 5333 3259 5408 eamdem
3293 5335 3570 5386 tuendam
3617 5341 3910 5408 recepisst

2185 5403 2243 5455 in
2268 5399 2504 5472 epistola
2537 5403 2603 5455 ad
2657 5403 3063 5470 Frudgardum
3101 5405 3218 5456 :Et
3260 5408 3430 5456 totum
3499 5399 3782 5473 Spiritale'
3843 5399 3909 5464 es.

2185 5473 2667 5546 quodrcelebratur
2695 5476 2752 5527 in
2807 5475 2903 5528 hoc
2943 5480 3302 5541 sacramento,
3355 5477 3488 5544 quia
3541 5477 3798 5546 spiritus
3845 5497 3910 5536 (Si

2185 5545 2282 5612 qui
2307 5545 2568 5610 viviﬁcat.
