3920 6224
16 379 78 430 li.)

1068 380 1155 436 DE
1207 379 1535 438 CORI’ORE
1586 383 1674 438 ΕΤ
1713 383 2054 438 SANGUINE
2109 383 2370 438 DOMINI.

3371 387 3466 442 ita

7 523 99 562 mus
125 507 424 577 quoddum
448 508 604 561 tite:
629 507 1726 575 fructibusterrae,sanctiticaturcttitA
1771 512 2020 566 inebriat
2081 513 2395 580 hominem,
2445 513 2524 566 ita
2575 514 2817 568 Verbum
2882 515 2999 582 Dei,
3067 517 3165 587 qui
3228 521 3314 570 est
3370 533 3460 587 pa-

7 600 397 660 iacrimentum,
425 601 708 666 operante
733 595 1322 666 invisibiliterSpiritu
1350 598 1468 652 Dei.
1490 599 1660 669 Cujus

5 684 128 756 sanis
151 689 201 736 et
229 684 422 738 calicis
453 691 880 738 sacramentum
915 685 1092 739 (ἐπ’ωεί
1133 689 1540 741 Eucharistium
1574 689 1658 741 di-

6 779 99 829 :unt
130 773 271 843 quod
305 773 502 827 Latine
536 775 675 827 bona
705 777 892 840 gratia
918 773 1330 843 interpretatur
1372 791 1384 828 :
1419 781 1476 828 et
1522 776 1658 846 quid

8 864 167 916 nelius
215 862 498 930 sanguine
555 868 612 915 et
678 879 916 932 corpore
940 863 1195 917 Christi?
1229 863 1415 931 (Panis
1448 880 1580 917 vero
1604 870 1660 918 et

7 953 154 1004 unum
185 949 312 1003 ideo
345 949 574 1020 corpori
619 955 675 1003 et
730 950 998 1020 sanguini
1044 957 1470 1019 comparantur,
1523 953 1658 1022 quia

7 1040 104 1093 sicut
134 1039 306 1107 hujus
332 1037 574 1092 visibilis
611 1038 772 1108 panis
805 1038 1034 1108 vinique
1067 1039 1384 1092 substantia
1415 1040 1654 1093 exterio-

5 1146 85 1183 rem
115 1127 290 1180 nutrit
320 1132 375 1179 et
407 1127 653 1181 inebriat
687 1126 998 1192 hominem,
1024 1128 1102 1180 ita
1129 1127 1375 1181 Verbum
1405 1128 1525 1194 Dei,
1556 1129 1656 1199 qui

7 1223 58 1271 ast
85 1215 239 1284 panis
291 1215 476 1283 vivus,
535 1216 976 1286 participatione
1029 1215 1118 1269 sui
1173 1215 1371 1270 ﬁdeles
1439 1223 1657 1272 recreat

7 1307 180 1359 nentes
210 1305 284 1370 ⁸.)
315 1325 344 1352 ››

43 1393 154 1448 XLI.
188 1393 260 1445 Et
289 1392 394 1444 iste
422 1391 622 1444 doctor
651 1391 964 1445 catholicus
1009 1408 1232 1445 sacrum
1279 1391 1417 1446 illud
1457 1393 1653 1446 Domi-

5 1484 103 1535 iicaz
129 1480 408 1550 passionis
442 1481 800 1550 mysterium,
832 1480 891 1532 in
950 1481 1290 1534 memoriam
1340 1497 1442 1551 pro
1490 1481 1653 1535 nobis

7 1569 267 1624 )ominicze
330 1569 609 1638 passionis
667 1569 832 1621 docet
899 1569 1206 1638 agendum.
1267 1571 1377 1623 Hoc
1459 1569 1652 1623 dicens

5 1659 199 1711 stendit
263 1657 622 1710 Dominicam
682 1656 1003 1727 passionem
1047 1659 1220 1711 semel
1253 1674 1372 1711 esse
1422 1657 1648 1725 factam,

15 1750 84 1817 ius
101 1763 224 1798 vero
243 1745 652 1798 memoriamin
667 1744 838 1798 sacris
859 1745 1210 1800 solemnibus
1229 1747 1645 1816 repraesentari.

1770 601 1858 654 nis
1891 601 2068 668 vivus,
2104 601 2539 672 participatione
2597 603 2688 655 sui
2728 602 2984 658 fidelium
3041 609 3257 658 recreat
3308 621 3462 660 men-

1769 695 1870 742 tes.
1898 712 1923 738 ››

1838 778 2016 831 XLIV.
2074 779 2184 831 Ista
2239 777 2478 831 dicendo
2532 779 2876 831 conﬁtemur
2933 780 3084 849 quod
3155 781 3214 834 in
3271 798 3456 835 sacra-

1769 871 1960 919 mento
1987 866 2240 936 corporis
2268 873 2324 920 et
2363 865 2663 936 sanguinis
2695 867 2944 930 Domini,
2997 868 3276 939 quidquid
3308 878 3459 923 exte-

1767 954 1884 1007 rius
1941 955 2205 1018 sumitur,
2266 954 2336 1008 ad
2394 955 2648 1024 corporis
2703 955 3074 1008 refectionem
3128 960 3451 1026 aptaturb:

1767 1041 2008 1096 Verbum
2043 1049 2232 1096 autem
2266 1043 2379 1108 Dei,
2405 1043 2502 1113 qui
2535 1049 2620 1096 est
2649 1042 2811 1112 panis
2861 1042 3226 1097 invisibiliter
3257 1044 3314 1098 in
3359 1045 3455 1098 illo

1765 1130 2013 1184 existens
2056 1138 2433 1198 sacramento,
2485 1131 2848 1185 invisibiliter
2897 1132 3332 1203 participatione
3366 1133 3455 1186 sui

1763 1216 2018 1272 ﬁdelium
2056 1225 2272 1272 mentes
2305 1220 2636 1273 viviticandu
2668 1220 2860 1290 pascit.

1832 1308 1980 1361 XLV.
2019 1307 2155 1360 Hinc
2201 1308 2367 1361 etiam
2405 1308 2557 1361 idem
2606 1309 2805 1362 doctor
2858 1307 2995 1362 dicit
3029 1308 3205 1378 (Orig.
3245 1308 3343 1362 lib.
3376 1325 3450 1374 vx,

1762 1411 1882 1465 cap.
1928 1398 2006 1462 l9)
2043 1411 2056 1449 :
2094 1415 2119 1445 α
2146 1396 2576 1450 Sacramentum
2605 1404 2686 1449 est
2719 1396 2778 1449 in
2807 1397 2999 1466 aliqua
3042 1397 3447 1464 celebratione,

1761 1500 1888 1536 cum
1919 1500 2006 1536 res
2037 1491 2192 1553 gesta
2221 1485 2298 1536 ita
2331 1485 2394 1537 tit
2426 1489 2484 1536 ut
2537 1485 2753 1555 aliquid
2803 1485 3125 1552 signiﬁcare
3161 1485 3450 1554 intelliga-

1763 1577 1856 1625 tur
1885 1573 2033 1642 quod
2086 1579 2276 1625 sancte
2329 1572 2725 1642 accipiendum
2758 1579 2841 1626 est
2869 1582 2906 1626 θ.
2945 1595 2963 1620 ι
3029 1575 3154 1626 [hec
3211 1574 3446 1626 dicendo

1761 1661 2004 1714 ostendit
2032 1676 2203 1714 omne
2251 1667 2669 1713 sacramentum
2710 1661 2770 1714 in
2799 1660 3006 1714 divinis
3033 1663 3200 1715 rebus
3230 1662 3446 1732 aliquid

1760 1748 1960 1802 secreti
2013 1749 2332 1814 continere;
2410 1753 2467 1802 et
2531 1748 2690 1802 aliud
2757 1765 2877 1801 esse
2945 1749 3098 1818 quod
3153 1748 3450 1803 visibititer

42 1835 172 1888 XLII.
240 1834 401 1886 [Inde
455 1839 512 1886 et
569 1832 734 1903 panis
780 1833 880 1904 qui
937 1834 1194 1897 otfertur,
1258 1815 1321 1887 es
1373 1835 1646 1888 tractibus
1684 1815 1721 1868 Β
1757 1842 2048 1907 appareat,
2080 1837 2234 1890 aliud
2269 1852 2397 1889 veru
2439 1838 2589 1906 quod
2634 1815 2994 1890 invisibiliter
3041 1837 3114 1890 sit
3162 1836 3444 1907 accipien-

7 1940 120 1977 erm
146 1938 279 1976 cum
311 1923 384 1974 sit
411 1927 756 1991 assumptus,
789 1922 848 1974 in
879 1921 1088 1976 Christi
1119 1939 1324 1992 corpus
1364 1922 1500 1977 dum
1525 1940 1649 1976 san-

14 2014 252 2077 tilicatur,
288 2010 688 2079 transponitur
723 2025 735 2062 :
773 2010 916 2063 sicut
941 2010 1235 2076 etvinum,
1269 2026 1396 2064 cum
1430 2027 1494 2064 ex
1536 2011 1648 2064 vite

15 2103 276 2162 alluserit,
357 2097 537 2151 divini
603 2102 797 2152 tamen
870 2099 1316 2153 sanctiﬁcatione
1392 2098 1648 2169 mysterii

13 2190 199 2242 iticitur
228 2187 466 2256 sanguis
496 2185 732 2250 Christi;
766 2202 881 2239 non
915 2185 1146 2256 quidem
1180 2185 1498 2254 visibiliter,
1526 2188 1646 2253 sed,

7 2280 103 2329 icut
131 2277 204 2328 ait
233 2292 489 2345 praesens
538 2276 756 2341 doctor,
797 2280 1068 2345 operante
1113 2275 1477 2329 invisibiliter
1523 2275 1647 2346 Spi-

10 2367 80 2416 itu
103 2364 192 2417 Dei
226 2365 362 2434 [ut.,
397 2363 640 2432 sancto].

35 2452 206 2506 XLIII.
235 2453 398 2506 Unde
421 2451 656 2520 sanguis
677 2455 950 2522 etlcorpus
973 2450 1180 2504 Christi
1204 2450 1489 2517 dicuntur,
1515 2451 1649 2522 quia

12 2557 75 2592 on
105 2540 248 2611 quod
282 2539 538 2593 exterius
560 2539 846 2602 videntur,
875 2539 972 2592 sed
996 2539 1148 2610 quod
1172 2539 1431 2604 interius,
1455 2539 1648 2593 divino

9 2630 478 2698 pirituuperante,
502 2627 648 2681 facta
673 2633 820 2694 sunt,
847 2627 1222 2698 accipiuntur.
1241 2627 1307 2679 Et
1327 2628 1648 2700 quialonge

8 2717 106 2770 liud
136 2735 232 2788 per
250 2716 574 2786 potentiam
609 2715 951 2770 invisibilem
983 2715 1234 2769 existunt
1261 2732 1435 2786 quam
1468 2716 1652 2770 visibi-

15 2813 86 2858 ter
109 2805 763 2875 appareantgdiscernit,
793 2805 928 2857 dum
952 2803 1110 2870 dicit,
1137 2820 1345 2874 panem
1375 2809 1430 2857 et
1451 2805 1648 2859 vinum

6 2910 60 2945 eo
104 2893 330 2963 corpori
358 2892 628 2962 sanguini
665 2893 889 2946 Domini
920 2892 1261 2962 comparari,
1289 2914 1316 2940 ι(
1343 2894 1472 2964 quia
1506 2893 1649 2947 sicut

10 2981 187 3034 isibilis
212 2983 383 3053 panis
417 2987 478 3034 et
516 2980 634 3034 vini
666 2981 984 3034 substantia
1013 2981 1357 3035 exteriorem
1391 2981 1572 3035 nutrit
1593 2985 1649 3036 et

6 3149 46 3209 g'
75 3138 188 3190 Haec
220 3136 635 3209 ultimaverba
684 3136 1011 3207 parenthesi
1060 3137 1269 3203 clausa,
1321 3154 1433 3191 non
1481 3155 1644 3208 repe-
1677 3115 1716 3168 (λ

6 3214 171 3261 untur
198 3210 358 3278 apud
392 3208 699 3268 Isidorum.
735 3209 830 3261 lib.
866 3209 1215 3276 Etymulog.;
1253 3210 1348 3262 sed
1382 3209 1478 3263 lib.
1517 3227 1550 3274 I,
1576 3210 1645 3262 de

2 3281 171 3344 πῃπῶς,
208 3295 340 3349 cap.
383 3281 471 3336 18.
503 3279 622 3332 haec
657 3279 940 3332 habentur
985 3296 998 3332 :
1039 3279 1227 3342 Panis,
1279 3283 1411 3347 quia
1459 3281 1646 3346 con/ir-

2 3355 58 3399 .ut
93 3365 304 3416 corpus,
341 3351 466 3402 ideo
499 3365 693 3417 corpus
742 3351 956 3403 Christi
1012 3355 1360 3418 nuncupatur
1391 3367 1404 3404 :
1461 3353 1644 3404 vinum

2 3427 131 3485 item,
162 3424 299 3487 quia
332 3423 662 3485 sanguinem
691 3427 947 3489 Operatur
976 3423 1037 3474 in
1059 3437 1237 3487 carne,
1271 3421 1388 3474 ideo
1414 3423 1488 3474 ad
1515 3437 1646 3475 san-

0 3494 148 3542 uinem
175 3493 395 3547 Christi
413 3496 678 3554 refertur.

23 3563 38 3596 ξι
75 3563 297 3614 Verbum
334 3567 526 3614 autem
573 3563 674 3616 Dei
723 3564 821 3630 qui
865 3567 941 3615 est
987 3564 1151 3631 panis
1191 3562 1500 3624 invisibilis,
1534 3566 1639 3616 etc.

0 3633 218 3685 antentia
254 3633 572 3686 Hatramni
612 3639 699 3685 est
739 3633 976 3686 verbum
1018 3632 1274 3685 divinum
1313 3633 1553 3686 existere
1586 3633 1643 3685 in

0 3711 284 3755 ieramento
321 3704 507 3756 modo
541 3703 832 3768 invisibili,
868 3702 922 3755 id
954 3709 1038 3756 est
1069 3704 1334 3768 inirilico,
1364 3703 1642 3773 singulari

2 3775 226 3826 :direrso
257 3775 336 3827 ab
373 3791 446 3826 eo
483 3789 599 3842 quo
632 3789 734 3842 per
765 3790 926 3826 suam
963 3775 1402 3827 immensitatem
1453 3775 1646 3827 omnia

0 3846 130 3910 ipiet.
160 3846 341 3898 Secus
386 3845 551 3897 enim
597 3847 668 3897 ab
717 3844 841 3897 aliis
886 3845 1166 3898 creaturis
1224 3851 1644 3898 sacramentum

0 3917 88 3964 illo
118 3916 468 3967 discrimine
500 3915 779 3968 ditferret.
811 3919 882 3967 At
930 3931 1064 3968 vero
1107 3915 1310 3969 modus
1340 3915 1645 3985 singularis

0 3988 263 4039 ieranlenti
328 3985 582 4038 aliunde
631 4001 744 4038 non
803 3986 1054 4055 erumpit
1100 4002 1272 4056 quam
1314 4002 1378 4039 ex
1430 3987 1645 4040 unione

0 4059 274 4121 rpostatica
308 4057 499 4109 Verbi
531 4073 660 4109 cum
706 4073 944 4125 corpore
999 4057 1274 4123 humano,
1325 4073 1427 4127 per
1472 4074 1645 4127 quam

0 4141 116 4178 εμπ-υ
148 4137 231 4179 est
267 4128 499 4190 dicere,
539 4132 590 4179 et
628 4127 856 4180 Verbum
903 4143 1026 4181 caro
1066 4129 1274 4193 factum
1305 4129 1499 4181 est.Ex
1531 4144 1646 4197 quo

0 4200 242 4266 itelligere
275 4205 372 4251 est
407 4198 692 4263 Verbum,
720 4198 826 4250 hoc
850 4197 1093 4251 Verbum
1126 4199 1404 4251 eXstitisse
1428 4199 1486 4251 in
1517 4199 1643 4250 sinu

0 4268 112 4320 aria
145 4273 196 4320 et
237 4271 296 4321 in
358 4285 546 4320 cruce
578 4269 689 4321 alia
737 4267 960 4320 ratione
1014 4269 1264 4322 etmodo
1318 4285 1491 4338 quam
1547 4285 1649 4338 per

0 4341 386 4393 umensitatem
425 4340 489 4392 in
527 4340 796 4391 universo
823 4339 1036 4392 mundo
1059 4346 1114 4391 et
1136 4340 1192 4392 in
1219 4341 1649 4393 omnibuscrea-

3 4433 36 4456 ς.
73 4410 134 4462 Ex
161 4412 382 4478 quibus
419 4409 681 4463 dilucide
712 4410 1082 4479 consequitur
1110 4411 1260 4480 quod
1291 4427 1418 4463 cum
1445 4427 1651 4478 corpus
1677 4412 1716 4464 I)

3 4483 132 4532 ureti
166 4498 373 4534 verum
432 4487 500 4532 et
535 4496 665 4532 vere
695 4480 752 4532 in
784 4480 913 4533 sinu
946 4480 1137 4533 Marias
1191 4481 1471 4534 ex~titerit
1502 4487 1556 4533 et
1587 4482 1645 4533 in

0 4564 116 4608 rure.
160 4554 358 4605 nullus
414 4550 732 4604 dubitandi
783 4550 937 4602 locus
979 4551 1226 4621 relinqui
1277 4556 1464 4619 potest
1505 4552 1643 4620 quin

0 4632 266 4676 Latrainnus
296 4623 420 4676 sibi
461 4621 822 4690 persuaserit
852 4621 1002 4674 idem
1035 4639 1242 4690 corpus
1274 4623 1329 4674 in
1376 4622 1646 4676 Euchari-

0 4694 558 4757 .iapermansionem
611 4693 840 4751 habere,
893 4698 1128 4760 propter
1158 4692 1419 4745 intimam
1474 4708 1647 4762 quam

3 4763 98 4814 stet
124 4781 244 4817 cum
281 4767 494 4817 Verbo
556 4762 751 4815 divino
785 4764 1057 4815 unionem
1088 4778 1101 4815 :
1136 4779 1264 4814 cum
1317 4769 1399 4816 tot
1427 4763 1483 4816 in
1517 4763 1649 4816 locis

2 4843 157 4894 serat,
190 4851 456 4888 numero
502 4835 574 4886 15
628 4831 968 4900 praisertim,
1001 4835 1156 4899 nefas
1180 4849 1290 4886 esse
1325 4849 1430 4887 non
1479 4839 1651 4887 solum

7 4917 121 4960 μένγε.
149 4923 331 4960 rerum
361 4908 556 4959 etiam
598 4906 837 4969 cogitare
867 4919 1058 4971 corpus
1093 4902 1307 4957 Christi
1337 4907 1394 4956 in
1429 4905 1648 4958 Eucha-

6 4976 91 5026 ἥδέ]
115 4994 207 5031 non
226 4994 345 5031 esse
374 4992 486 5030 seu
523 4990 745 5040 negare.
784 4974 846 5026 Et
875 4974 1101 5040 repetit,
1135 4991 1295 5027 num.
1330 4977 1420 5038 30,
1457 4991 1652 5044 panem

4 5051 173 5099 timum
226 5051 284 5101 in
334 5047 614 5115 corporis
648 5050 698 5098 et
742 5046 1028 5109 sanguinis
1075 5048 1181 5097 mei
1221 5060 1474 5099 conversa
1519 5046 1648 5099 sub-

8 5119 197 5173 tmtm.
229 5119 415 5174 Addit
465 5118 722 5182 insuper
754 5130 914 5167 nam.
953 5119 1024 5170 30
1063 5121 1120 5168 et
1152 5117 1218 5170 49
1253 5116 1404 5185 quod
1450 5131 1653 5184 corpus

13 5193 234 5258 tsauguis
265 5188 502 5245 Christi
557 5188 754 5258 ﬁgurae
811 5190 938 5258 sunt
987 5186 1286 5258 secundum
1330 5189 1558 5258 speciem
1578 5189 1653 5258 vi:

10 5257 152 5323 sua,
180 5269 235 5313 at
265 5277 401 5315 vero
457 5257 775 5312 secundum
809 5257 1136 5310 inuisibilem
1181 5257 1565 5322 substantiam,
1597 5257 1655 5310 id

15 5334 46 5402 ξι
87 5334 237 5386 dit-ini
280 5331 632 5402 potentium
665 5329 895 5402 _Verbi,_
926 5343 1045 5402 vere
1084 5343 1284 5402 corpus
1318 5333 1369 5402 et
1419 5329 1654 5402 sanguis

16 5396 428 5458 ivistiemstunt.
480 5401 573 5454 Ex
617 5397 711 5450 his
742 5397 929 5449 verbis
961 5398 1297 5466 intelligitur
1329 5398 1489 5451 facile
1520 5398 1653 5451 sub-

18 5477 193 5527 mitam
245 5472 632 5529 invisibilem
700 5467 1065 5522 Eucharistiie
1115 5484 1236 5521 esse
1295 5484 1424 5521 vere
1469 5468 1655 5538 ipsum

20 5552 142 5610 mas
174 5546 400 5602 Christi.
429 5548 497 5597 et
531 5541 696 5610 hanc
727 5538 1102 5593 substantiam
1133 5538 1490 5603 spiritualem
1537 5554 1658 5591 esse

20 5609 238 5670 Merulam
270 5614 474 5681 Verbi,
536 5609 814 5678 adeoque
844 5625 971 5662 cum
1013 5610 1091 5662 ait
1144 5611 1485 5664 Ratramnus
1524 5610 1657 5681 Ver:

22 5689 96 5735 tum
119 5687 333 5743 existere
367 5687 432 5741 in
461 5680 862 5738 Sacramenta
893 5681 1104 5734 sentire
1137 5687 1194 5733 et
1250 5680 1571 5733 existimare
1605 5680 1657 5732 id

24 5751 92 5806 ian
121 5761 159 5811 vi
197 5761 421 5816 unionis
475 5761 546 5810 et
600 5749 991 5821 colligationis
1021 5767 1149 5805 cum
1194 5767 1364 5805 carne
1408 5753 1662 5806 humana

1757 1925 1910 1979 dum.

1825 2013 1999 2067 XLVI.
2043 2013 2178 2076 Quae
2209 2016 2342 2066 sunt
2366 2018 2556 2067 autem
2607 2018 2962 2066 sacramenta
2999 2013 3263 2067 tidelibus
3295 2013 3443 2066 cele-

1755 2101 1972 2155 branda
2001 2105 2416 2172 consequenter
2463 2101 2790 2167 ostendens,
2823 2101 2902 2154 ait
2949 2101 3148 2170 (Ibid)
3183 2117 3197 2154 :
3233 2121 3260 2151 α
3300 2102 3445 2156 Sunt

1757 2195 1945 2242 autem
1970 2194 2323 2242 sacramenta
2376 2189 2692 2260 baptismus
2740 2194 2795 2242 et
2832 2189 3104 2254 chrisma,
3155 2205 3360 2258 corpus
3392 2193 3447 2242 et

1757 2277 2008 2347 sanguis.
2079 2274 2274 2347 [Apud
2331 2277 2602 2331 Isidorum
2654 2277 2851 2331 ibidem
2898 2277 3151 2341 additur,
3194 2277 3443 2345 Christi]

1756 2365 1891 2429 Quae
1923 2365 1994 2418 ob
2026 2365 2081 2418 id
2121 2369 2460 2418 sacramenta
2491 2365 2779 2431 dicuntur,
2813 2365 2949 2436 quia
2976 2365 3081 2419 sub
3114 2369 3445 2434 tegumento

1756 2452 2137 2522 corporalium
2171 2469 2363 2506 rerum
2415 2452 2594 2507 virtus
2642 2453 2837 2507 divina
2896 2453 3166 2507 secretius
3203 2453 3446 2506 salutem

1757 2542 2090 2595 eorumdem
2123 2548 2608 2594 sacramentorum
2662 2547 2952 2610 operatur.
3009 2541 3162 2594 Unde
3192 2547 3250 2593 et
3303 2557 3334 2592 a
3365 2557 3446 2593 se-

1756 2629 1925 2684 cretis
1979 2629 2284 2682 virtutibus
2339 2629 2422 2682 vcl
2467 2631 2639 2690 sacris
2693 2634 3036 2683 sacramenta
3093 2629 3443 2682 dicuntur.»

1761 2720 1823 2772 Et
1850 2717 1911 2771 in
1962 2716 2332 2788 sequentibus
2381 2717 2462 2770 ait
2513 2717 2748 2787 (Ibid):
2806 2740 2832 2767 ‹‹
2889 2719 3080 2772 Graece
3133 2718 3446 2784 mysterium

1756 2806 1964 2860 dicitur
1994 2806 2146 2876 quod
2174 2811 2446 2859 secretam
2479 2810 2536 2858 et
2582 2805 2934 2859 reconditam
2970 2806 3172 2858 habeat
3205 2803 3445 2874 disposi-

1759 2895 1994 2947 tionem.
2029 2915 2055 2941 n

1828 2982 2026 3036 XLVII.
2057 2981 2204 3045 Quid
2231 2981 2434 3035 isthinc
2464 2982 2856 3052 perducemur,
2894 2981 3002 3035 nisi
3051 2980 3202 3052 quod
3236 2996 3448 3049 corpus

1757 3140 1934 3192 velata
1965 3144 2019 3192 et
2051 3138 2363 3205 recondita,
2397 3140 2565 3192 modo
2598 3139 2777 3193 oculis
2813 3155 2927 3192 non
2972 3138 3227 3208 subjecto
3261 3141 3317 3193 in
3350 3158 3446 3195 eo-

1754 3211 1884 3265 dem
1921 3217 2296 3262 sacramento.

1826 3281 2024 3344 δοκιοά
2077 3286 2259 3333 sancte
2315 3280 2686 3349 accipiendum
2733 3284 2828 3334 est.
2883 3281 2946 3333 Et
2979 3280 3124 3334 infra
3181 3279 3443 3335 ibidem:

1757 3352 1912 3414 Quod
1940 3351 2292 3404 invisibiliter
2339 3353 2413 3404 sit
2441 3351 2832 3419 accipiendum,
2884 3351 3169 3420 lnterpres
3199 3352 3445 3406 Gallicus

1757 3422 1924 3491 hujus
1949 3422 2079 3475 libri
2117 3421 2412 3476 Ratramni
2451 3422 2588 3474 anni
2629 3425 2776 3487 1672,
2811 3422 3056 3475 intendit
3104 3423 3297 3475 animo
3341 3423 3448 3476 hoc

1755 3493 2121 3563 participium
2151 3492 2520 3561 accipiendum
2549 3508 2661 3545 non
2713 3493 3034 3561 signiticare
3063 3493 3446 3561 recipiendum,

1755 3564 1851 3617 sed
1883 3563 2264 3617 assumendum
2291 3569 2348 3616 et
2391 3563 2818 3628 intelligendum.
2874 3563 3146 3632 Adeoque
3197 3564 3447 3616 traduxit

1755 3633 1963 3688 Gallice
1991 3633 2242 3686 deterius
2273 3634 2416 3700 quod
2453 3639 2635 3686 sancte
2664 3633 3036 3701 accipiendum
3067 3639 3115 3685 et
3149 3634 3442 3686 invisibili-

1755 3710 1835 3758 ter
1859 3708 1932 3758 sit
1961 3704 2354 3771 accipiendum.
2407 3703 2562 3767 Quod
2599 3709 2779 3757 sancte
2819 3703 3201 3756 assumendum
3241 3709 3290 3757 et
3333 3707 3445 3770 spi-

1753 3777 2031 3828 ritualiter
2091 3775 2516 3841 intelligendum.
2577 3773 2716 3838 Qu’it
2781 3777 2906 3838 faui
2955 3773 3190 3841 prendre
3239 3776 3440 3826 sainte-

1753 3850 1914 3910 ment,
1943 3851 1992 3898 et
2021 3843 2154 3913 qu’il
2181 3848 2305 3907 faut
2327 3844 2578 3898 entendre
2608 3845 3070 3910 spirituetlement,
3105 3843 3267 3911 quasi
3300 3844 3444 3911 quod

1754 3922 1937 3970 sancte
1973 3914 2405 3968 subaudiendum
2435 3919 2486 3966 et
2514 3915 2884 3982 spirituadter
2915 3913 3280 3978 coyctandum.
3334 3914 3442 3967 Sed

1755 4003 1823 4040 ex
1854 3987 1939 4040 his
1972 3986 2332 4039 abundanter
2359 3989 2511 4054 patet
2555 3987 2658 4038 hac
2687 3984 2972 4037 scribendi
3019 3984 3234 4037 ratione
3276 4000 3443 4038 usum

1755 4073 1876 4112 esse
1906 4057 2280 4126 interpretem
2312 4056 2586 4110 Gallicum
2617 4055 2853 4109 diversa:
2885 4055 3060 4124 partis
3106 4055 3443 4124 scriptorem

1755 4134 1819 4183 ut
1848 4125 2142 4196 auspicato
2204 4133 2260 4180 et
2318 4142 2587 4196 prospere
2642 4125 3051 4196 snt’t‘ragaretur
3113 4125 3293 4179 errori
3330 4142 3444 4196 quo

1756 4215 1888 4251 suos
1921 4199 2224 4252 fascinaret
2253 4203 2558 4250 sectatores
2583 4196 2828 4259 facilius,
2862 4196 3068 4265 quibus
3101 4197 3443 4265 persuadere

1757 4269 1939 4322 voluit
1968 4285 2112 4338 opus
2144 4284 2264 4321 esse
2295 4267 2604 4322 subaudire
2644 4273 2699 4320 et
2726 4267 3045 4337 intelligere
3076 4270 3257 4321 totum
3288 4269 3440 4337 quod

1758 4340 1816 4393 in
1849 4337 2198 4393 Eucharistia
2224 4341 2360 4392 solet
2395 4338 2575 4393 eftieri
2618 4354 2738 4392 esse
2779 4339 3088 4408 ﬁguratum
3137 4343 3194 4392 et
3232 4337 3440 4408 imagi-

1757 4426 1999 4475 nosum;
2039 4425 2170 4464 cum
2219 4415 2448 4462 econtra
2498 4410 2842 4466 Ratramnus
2880 4409 3110 4462 adnotet
3155 4414 3280 4479 post
3321 4426 3445 4462 san-

1755 4487 1908 4534 ctum
1945 4480 2222 4534 Isidoruin
2267 4481 2653 4550 Hispalensem
2698 4485 3116 4533 sacramentum
3150 4496 3269 4532 rem
3324 4496 3443 4532 esse

1756 4567 1883 4621 quae
1909 4557 2118 4615 sancte,
2153 4551 2260 4604 huc
2289 4559 2374 4604 est
2413 4552 2503 4620 pie
2535 4550 2921 4604 administrari
2953 4555 3007 4604 et
3039 4550 3254 4621 percipi
3278 4550 3444 4603 debet

1754 4620 1884 4674 cum
1916 4622 2285 4691 apparatione
2317 4629 2506 4675 sancta
2537 4639 2549 4675 :
2579 4621 2796 4692 quippe
2835 4638 2964 4675 cum
2995 4620 3147 4692 aliud
3178 4621 3251 4672 sit
3288 4621 3444 4692 quod

1757 4694 1816 4746 in
1845 4710 1911 4745 eo
1939 4689 2178 4761 apparet
2198 4699 2254 4744 et
2282 4693 2437 4746 aliud
2485 4689 2634 4763 quod
2674 4689 2933 4746 Sensibus
2973 4691 3223 4758 subjecto
3271 4689 3442 4763 modo

1758 4760 2122 4833 percipimus.
2157 4765 2333 4816 Porro
2362 4760 2728 4817 haec'oinnia
2785 4763 2942 4815 valde
2988 4764 3322 4833 congruu_nt_
3375 4760 3443 4812 iis

1759 4829 1886 4903 quas
1913 4829 2050 4888 dicit
2069 4840 2294 4888 sanctus
2327 4834 2763 4904 Chrysostomus
2793 4833 3031 4886 humilia
3051 4836 3093 4904 A7
3126 4832 3182 4882 in
3227 4829 3446 4904 Episto-

1760 4901 1868 4957 lam
1898 4905 2141 4969 primam
2170 4905 2241 4958 ad
2284 4901 2627 4966 Corinthios,
2662 4920 2791 4972 pug.
2835 4905 2938 4956 3l8
2968 4918 2980 4954 :
3038 4901 3443 4972 Sacramentum

1759 4977 2117 5043 appellamus,
2151 4978 2407 5043 quoniam
2436 4974 2592 5027 aliud
2622 4969 2895 5027 intuemur
2919 4975 2974 5025 in
3003 4987 3060 5024 eo
3094 4969 3444 5043 quamvide-

1759 5039 1896 5111 mus,
1933 5052 1982 5100 et
2008 5039 2192 5100 revera
2212 5061 2295 5099 res
2325 5046 2468 5098 alias
2496 5044 2782 5108 credimus,
2816 5058 2978 5110 quam
3006 5056 3141 5108 quas
3181 5039 3443 5094 videmus.

1762 5117 2056 5180 Ejusmodi
2083 5119 2220 5170 enim
2251 5121 2328 5168 est
2374 5121 2578 5168 natura
2622 5117 3078 5166 sacramentorum
3115 5116 3443 5164 nostrorum.

1761 5185 1960 5246 ’Ἄλλώς
2025 5183 2082 5238 δὲ
2135 5191 2420 5257 μυστήριον
2467 5183 2730 5248 καλεῖται,
2777 5187 2857 5234 ὅτι
2903 5181 2995 5233 οὐκ
3051 5182 3177 5254 οἱπερ
3230 5183 3444 5252 ὁρῶμεν,

1765 5255 2035 5329 βλέπομεν·
2093 5239 2204 5307 ait?
2266 5239 2411 5326 ἒέερα
2466 5257 2688 5326 ὁρῶμεν,
2756 5258 2842 5304 καὶ
2914 5253 3059 5327 ἔτερα
3117 5239 3444 5324 τέιστέύοξιιεν.

1763 5326 1985 5384 Τοιαύὲή
2034 5326 2132 5399 λὰρ
2161 5331 2246 5375 καὶ
2293 5334 2391 5376 τῶν
2438 5329 2739 5397 μυστηρίων
2799 5326 2943 5396 ἡμῶν
3010 5327 3184 5394 φύσις.
3241 5328 3451 5377 Auctor

1767 5397 2041 5452 versionis
2065 5394 2286 5451 Gallicas
2327 5394 2460 5449 anni
2498 5394 2651 5459 t67'2,
2685 5394 2936 5450 cum'sui
2963 5394 3174 5449 erroris
3215 5409 3304 5447 res
3336 5410 3451 5447 non

1765 5475 2032 5538 ageretur
2083 5482 2298 5536 suaque
2353 5483 2468 5519 non
2529 5467 2766 5521 ulterius
2815 5466 3088 5519 interesse
3139 5464 3447 5538 videretur,

1767 5535 2129 5609 participium
2160 5535 2540 5605 accipientium
2586 5538 2642 5591 in
2689 5540 3091 5609 recipientium,
3140 5535 3453 5609 transtulit,

1766 5607 2083 5664 continenti
2114 5624 2378 5661 sermone
2413 5625 2568 5662 num.
2603 5611 2671 5662 48
2706 5625 2720 5661 :
2765 5611 2950 5661 Virtus
2981 5607 3172 5661 divina
3199 5608 3452 5659 secretius

1766 5683 1995 5735 salutem
2023 5681 2400 5748 accipientium
2434 5680 2670 5748 ﬁdeliter
2693 5680 2992 5748 dispensat.
