3920 6224
468 363 564 417 147

472 501 528 550 et
591 491 822 562 sanguis
888 490 1115 545 Domini
1181 493 1486 559 propterea
1541 489 1802 555 mysteria
1867 487 2224 551 dicuntur,A

470 582 623 654 quod
653 585 929 635 secretam
971 583 1026 633 et
1057 577 1412 632 reconditam
1441 575 1690 631 habeant
1715 575 2156 644 dispoaitionem

468 671 526 726 id
559 674 662 733 est,
713 669 872 722 aliud
922 668 1035 720 sint
1092 666 1244 736 quod
1295 666 1541 719 exterius
1594 665 1858 726 innuaut,
1891 669 1948 718 et
2002 665 2158 718 aliud

470 760 620 831 quod
644 757 886 811 interius
915 754 1278 808 invisibiliter
1308 757 1620 822 operentur
1635 753 1661 805 τ

540 847 768 902 XLVIII.
806 845 946 899 Hinc
984 843 1155 896 etiam
1188 848 1243 894 et
1271 847 1609 896 sacramenta
1648 840 1991 906 vocitantur,
2027 841 2162 911 quia

469 939 804 1005 tegumento
828 931 1214 1002 corporalium
1244 946 1436 984 rerum
1468 930 1648 982 virtus
1675 929 1869 983 divina
1892 930 2162 984 secretius

472 1025 715 1078 salutem
739 1020 1137 1091 accipientium
1170 1018 1736 1086 tideliterdispensat.

544 1111 721 1167 XLIX.
761 1110 833 1163 Ex
863 1109 950 1162 bis
1005 1107 1271 1161 omnibus
1319 1122 1443 1176 quas
1498 1110 1631 1158 sunt
1692 1106 1968 1159 hactenus
2016 1105 2165 1160 dicta

474 1203 857 1253 monstratum
890 1202 972 1251 est
1003 1197 1154 1266 quod
1195 1211 1402 1264 corpus
1433 1199 1490 1248 et
1510 1194 1742 1263 sanguis
1769 1194 1997 1260 Christi,
2035 1199 2163 1264 quae

474 1288 731 1342 ﬁdelium
764 1302 862 1338 ore
895 1285 954 1338 in
1004 1284 1250 1338 Ecclesia
1300 1283 1718 1352 percipiuntur,
1774 1284 1975 1352 ﬁguras
2033 1288 2168 1336 sunt

475 1376 787 1430 secundum
819 1374 1068 1444 speciem
1099 1372 1413 1437 visibilem;
1449 1377 1506 1424 at
1554 1387 1688 1424 vero
1729 1373 2040 1425 secundum
2073 1372 2163 1424 in-

474 1463 754 1517 visibilem
797 1461 1195 1527 substantiam,
1233 1460 1289 1514 id
1319 1465 1404 1514 est
1437 1460 1616 1514 divini
1650 1461 1964 1530 potentiam
2000 1460 2168 1513 Verbi

474 1569 604 1604 vere
646 1568 853 1621 corpus
911 1556 967 1603 et
1032 1549 1269 1618 sanguis
1331 1548 1541 1603 Christi
1577 1549 1843 1602 existunt.
1899 1549 2054 1602 Unde
2088 1566 2168 1600 se-

475 1641 723 1694 cundum
760 1639 1041 1692 visibilem
1074 1642 1657 1705 creaturam,'corpus
1693 1642 1935 1706 pascunt
1968 1652 1980 1700 ;
2008 1637 2169 1706 juxta

479 1745 608 1782 vero
642 1727 976 1798 potentioris
1005 1726 1271 1778 virtutem
1305 1725 1652 1790 substantiae,
1704 1724 1957 1778 tidelium
2010 1741 2168 1778 men-

1617 355 1971 410 RATRAMNI
2003 353 2466 410 FORBEIENSIS
2506 353 2814 408 MONACHI
3834 359 3888 405 με

2339 486 2448 540 LII.
2519 485 2656 540 Vide
2725 485 3041 539 secundum
3122 486 3275 556 quod
3335 487 3536 541 doctor
3590 487 3690 540 iste
3746 503 3901 557 corpuq

2339 517 2448 540 Lall.
2530 517 2656 540 VIUU
2725 517 3041 539 δῦυυυυυιιι
3122 517 3275 556 quuu
3335 517 3534 541 υυιῑιυι
3591 517 3690 540 Ιδιῦ
3746 517 3895 557 υυιμιν

2271 575 2476 630 Christi
2516 575 2666 628 dicat
2698 590 2821 628 esse
2863 590 3048 628 escam
3083 591 3252 644 quam
3316 575 3514 628 fideles
3570 575 3826 646 accipiunt
3861 517 3902 686 iii

2274 664 2511 686 Π--Ι---Ξ..
2582 663 2658 686 Ain
2695 679 2940 686 -..μ---Α
2978 679 2990 686 .
3035 683 3056 686 ,A
3088 664 3194 686 I'._A.-
3227 665 3388 686 --_..:_
3416 665 3575 686 _-1--.._
3608 666 3692 686 -..ζ
3729 666 3776 686 J-
3810 667 3894 686 ___L

2273 664 2534 717 Ecclesia.
2568 663 2662 718 Ait
2694 679 2942 733 namque
2978 679 2990 716 :
3029 683 3056 710 ‹‹
3088 664 3196 717 Iste
3227 665 3391 732 panis
3416 665 3578 717 vivus
3600 666 3694 735 qui
3721 666 3779 718 de
3803 663 3901 722 cali

2271 752 2578 819 descendit,
2612 753 2742 804 vitm
2777 759 3003 805 aiterna:
3051 752 3422 806 substantiam
3485 754 3857 806 subministrat.

2275 843 2418 895 Num
2447 841 2757 894 secundum
2794 841 2899 893 huc
2929 840 3080 910 quod
3115 840 3359 906 videtur,
3391 842 3545 911 quod
3595 842 3901 911 corporaliter

2273 931 2540 996 sumitur,
2575 930 2729 1000 quod
2761 931 2929 982 dente
2965 929 3262 994 premitur,
3301 930 3455 1000 quod
3504 930 3666 984 fauce
3702 927 3902 1000 glutitur,

2273 1021 2426 1091 quod
2484 1019 2840 1088 receptaculo
2896 1019 3108 1071 ventris
3160 1019 3488 1090 suscipitur,
3554 1026 3772 1074 aeterna:
3814 1021 3902 1073 vita

2275 1108 2652 1162 substantiam
2704 1105 3131 1162 subministrat?
3167 1109 3274 1161 Isto
3324 1124 3575 1180 namque
3636 1110 3788 1163 modo
3823 1126 3902 1161 car-

2274 1214 2409 1251 nem
2467 1197 2648 1268 pascit
2687 1197 3044 1261 morituram,
3102 1213 3205 1250 nec
3262 1197 3518 1268 aliquam
3572 1198 3902 1252 subministrat

2277 1286 2798 1356 incorruptionem;
2834 1301 3017 1356 neque
3047 1285 3156 1339 dici
3202 1302 3331 1339 vere
3361 1291 3545 1355 potest
3577 1293 3639 1340 ut
3668 1291 3902 1356 quicunqut.

2276 1376 2415 1430 hunc
2460 1375 2888 1440 manducauerit,
2921 1390 3027 1428 non
3081 1378 3340 1428 morietur
3377 1378 3436 1429 in
3477 1380 3731 1429 aeternum
3773 1375 3901 1442 (Joan.

2278 1481 2352 1532 γι,
2385 1465 2492 1528 52).
2528 1465 2591 1518 Et
2630 1464 2736 1516 hoc
2767 1463 2918 1516 enim
2953 1462 3104 1532 quod
3127 1463 3302 1515 sumit
3333 1479 3560 1533 corpus,
3604 1465 3902 1532 corruptibilt

2279 1557 2363 1606 est
2395 1569 2408 1619 ;
2445 1569 2546 1605 nec
2580 1552 2686 1623 ipsi
2712 1552 2940 1620 corpori
2972 1556 3156 1621 potest
3188 1559 3456 1621 praestare
3494 1568 3562 1605 ne
3599 1554 3848 1605 moriatur
3877 1553 3902 1605 in

2280 1649 2560 1696 aeternum
2595 1658 2606 1695 :
2641 1641 2912 1712 quoniam
2945 1639 3096 1710 quod
3122 1641 3476 1709 corruptioni
3508 1641 3772 1710 subjacet,
3801 1647 3902 1693 teter

2279 1731 2517 1784 nitatem
2551 1736 2818 1800 prmstare
2866 1745 2985 1782 non
3033 1729 3194 1782 valet.
3251 1730 3342 1782 Est
3387 1745 3524 1798 ergo
3573 1730 3635 1782 in
3690 1730 3778 1783 illo
3811 1743 3902 1799 paul

479 1823 565 1871 tes
599 1789 656 1870 et
681 1821 922 1887 pascunt
970 1820 1026 1868 et
1077 1813 1450 1868 sanctiﬁcaut.
1505 1813 1671 1882 (Vide
1725 1830 1928 1869 numm.
1961 1815 2050 1881 44,
2079 1818 2165 1881 91,
2201 1789 2240 1842 Β
2284 1820 2418 1886 vita,
2451 1789 2578 1889 quae
2633 1835 2744 1872 non
2799 1817 2975 1870 oculis
3033 1822 3271 1887 apparet
3324 1789 3639 1888 corporeis,
3689 1818 3776 1871 sed
3812 1789 3901 1871 lida

481 1911 531 1959 et
557 1908 665 1967 66.)

555 1995 611 2047 L.
644 1995 767 2047 tam
801 2009 954 2046 nunc
985 1992 1250 2046 secundae
1296 1989 1632 2062 quaestionis
1686 1991 2047 2060 propositum
2094 1998 2176 2047 est

480 2083 922 2152 inspiciendum,
982 2087 1038 2135 et
1085 2081 1395 2135 videndum
1464 2085 1660 2133 utrum
1714 2079 1902 2151 ipsum
1972 2099 2178 2152 corpus

483 2172 632 2242 quod
667 2172 736 2225 de
768 2171 941 2225 Maria
971 2178 1166 2225 natum
1200 2175 1302 2235 est,
1347 2173 1400 2223 et
1449 2185 1702 2239 passum,
1757 2175 1814 2222 et
1860 2175 2174 2236 mortuum,

481 2265 532 2313 et
563 2261 871 2329 sepultum,
905 2259 1172 2329 quodque
1209 2257 1279 2310 ad
1308 2257 1596 2310 dexteram
1641 2257 1823 2310 Patris
1865 2259 2176 2324 consideat,

480 2347 552 2401 sit
581 2347 736 2418 quod
763 2364 858 2401 ore
888 2347 1146 2402 ﬁdelium
1180 2363 1284 2416 per
1314 2350 1805 2400 sacramentorum
1840 2349 2178 2417 mysterium

483 2439 542 2491 in
577 2438 819 2492 Ecclesia
857 2438 1111 2508 quotidie
1144 2437 1410 2488 sumitur.

559 2526 642 2579 LI.
679 2528 1088 2580 Percontemur
1119 2524 1255 2594 quid
1308 2540 1370 2576 ex
1405 2523 1513 2576 hoc
1560 2526 1788 2576 sanctus
1845 2525 2180 2581 Ambrosius

487 2615 695 2667 sentiat
728 2630 740 2667 :
776 2615 856 2666 ait
884 2629 1136 2682 namque
1167 2613 1224 2665 in
1247 2613 1430 2681 primo
1487 2611 1985 2667 Sacramentorum
2037 2616 2180 2671 libro

486 2702 609 2766 (lib.
644 2705 717 2756 De
747 2705 815 2755 iis
843 2703 939 2770 qui
971 2703 1253 2771 mysteriis
1283 2703 1596 2766 initiantur,
1625 2717 1748 2771 cap.
1783 2705 1838 2768 8)
1865 2719 1876 2756 :
1907 2723 1932 2753 α
1969 2705 2183 2759 Revera

489 2789 752 2843 mirabile
787 2795 871 2842 est
899 2789 1050 2860 quod
1102 2804 1314 2842 manna
1357 2790 1505 2841 Deus
1553 2790 1777 2858 plueret
1815 2793 2094 2862 patribus,
2128 2801 2183 2848 et

490 2879 823 2949 quotidiana
854 2878 978 2932 cmli
1018 2877 1396 2948 pascebantur
1434 2878 1738 2945 alimento;
1780 2881 1931 2934 unde
1967 2882 2181 2937 dictum

490 2971 620 3021 est:
685 2969 880 3020 Panem
963 2968 1278 3035 angelorum
1371 2967 1721 3022 manducavit
1789 2970 1941 3023 homo
2016 2972 2180 3041 (Psal.

491 3057 837 3122 Lxxvu,25).
880 3054 986 3109 Sed
1047 3063 1240 3108 tamen
1296 3071 1502 3125 panem
1565 3056 1728 3109 illum
1782 3058 1879 3128 qui
1936 3060 2182 3113 mandu-
2215 3089 2254 3141 ρ

493 3147 783 3209 caverunt,
819 3159 1018 3196 omnes
1045 3143 1103 3196 in
1134 3144 1355 3196 deserto
1389 3145 1600 3196 mortui
1634 3151 1784 3200 sunt.
1829 3147 1940 3200 Ista
1989 3154 2180 3202 autem

495 3247 619 3284 esca
651 3247 823 3301 quam
859 3231 1087 3301 accipis,
1121 3231 1224 3284 iste
1271 3231 1432 3300 panis
1468 3233 1623 3286 vivus
1646 3235 1745 3304 qui
1796 3235 2088 3290 descendit
2117 3237 2183 3291 de

495 3321 655 3384 caelo,
722 3320 849 3373 vitae
905 3325 1137 3373 aeternas
1192 3319 1567 3375 substantiam
1631 3323 2058 3392 subministrat;
2131 3331 2187 3380 et

496 3407 825 3478 quicunque
885 3409 1036 3461 hunc
1088 3409 1517 3462 manducaverit
1585 3425 1694 3462 non
1787 3412 2065 3467 morietur
2127 3415 2184 3468 in

496 3501 801 3562 aeternum;
834 3505 858 3529 α
879 3501 934 3550 et
971 3512 1175 3566 corpus
1206 3497 1414 3552 Christi
1445 3503 1545 3553 est.
1591 3520 1617 3547 ››

565 3704 586 3727 ⁸
620 3695 689 3747 Et
719 3707 911 3762 corpus
936 3693 1142 3748 Christi
1169 3695 1267 3747 est.
1304 3695 1366 3748 Et
1388 3696 1485 3763 qui
1515 3700 1593 3749 est
1633 3710 1825 3765 corpus
1873 3697 2097 3758 Christi,
2131 3696 2188 3750 id

497 3769 581 3818 est
610 3766 739 3832 quia
769 3769 846 3818 est
872 3778 1066 3832 corpus
1092 3765 1326 3831 Christi,
1357 3781 1423 3818 ex
1472 3772 1665 3820 sancto
1714 3768 2034 3821 Ambrosio.
2093 3767 2185 3820 Di-

499 3851 672 3888 versa:
705 3836 882 3904 partis
935 3835 1220 3904 interpres
1259 3852 1410 3889 anno
1468 3840 1602 3892 1672
1669 3838 1803 3892 huic
1849 3838 2102 3891 versioni
2133 3843 2191 3891 et

499 3906 863 3975 explicationi
895 3922 1012 3959 non
1043 3907 1260 3973 abnuit,
1292 3923 1418 3960 nam
1441 3914 1518 3961 est
1549 3925 1741 3977 corpus
1795 3911 1919 3962 Jesu
1963 3911 2186 3964 Christi.

571 3980 595 4018 ιι
625 3978 808 4030 Nonne
845 3977 1024 4043 majus
1046 3983 1308 4031 cstnovas
1347 3994 1432 4031 res
1465 3979 1597 4032 dare
1640 3995 1803 4047 quam
1850 3986 2060 4033 mutare
2089 3996 2188 4032 na-

501 4052 674 4099 turas.
703 4047 907 4119 Eccum
939 4047 1170 4119 citatum
1203 4047 1376 4102 sancti
1411 4051 1717 4114 Ambrosii,
1759 4066 1874 4118 quo
1923 4066 2190 4119 expresse

503 4122 559 4169 et
586 4117 872 4184 conceptis
903 4116 1088 4169 verbis
1117 4117 1322 4170 format
1362 4121 1742 4172 mutationem
1766 4116 2100 4173 naturarum
2130 4121 2189 4174 in

504 4186 882 4260 Eucharistia.
950 4187 1474 4260 verumenimvero,
1561 4206 1678 4242 non
1753 4197 1996 4260 possunt
2069 4208 2188 4244 esse

503 4256 784 4330 ejusmodi
818 4257 1043 4324 generis
1073 4263 1293 4330 naturae
1342 4259 1449 4311 nisi
1499 4260 1664 4328 panis
1695 4256 1771 4313 et'
1807 4261 1923 4314 vini
1972 4278 2099 4330 quin
2131 4264 2189 4315 in

504 4325 1056 4402 Christicaruemet
1084 4328 1423 4402 sanguinem
1454 4325 1893 4402 transferuntur,
1945 4325 2188 4402 ideoque

503 4396 563 4448 in
590 4397 845 4449 versione
878 4397 1087 4450 Gallica
1116 4385 1374 4452 additum
1407 4405 1507 4465 est,
1537 4401 1598 4453 id
1639 4410 1716 4455 est
1753 4385 2070 4457 substantiae
2095 4385 2186 4456 i'é-
2217 4385 2259 4439 D

505 4483 644 4542 rum,
671 4483 812 4542 quas
838 4467 1162 4542 signiticarc
1193 4470 1371 4522 voluit
1402 4477 1631 4524 sanctus
1650 4473 1979 4526 Ambrosius
2008 4476 2192 4542 capite

504 4542 535 4590 9
561 4538 692 4592 libri
726 4541 794 4591 De
826 4540 895 4592 iis
943 4542 1040 4608 qui
1086 4543 1359 4607 mysteriis
1392 4544 1717 4596 initiantur:
1771 4546 1954 4597 Nonne
1992 4538 2212 4599 vatebit'

506 4609 716 4684 Christi
744 4625 932 4684 sermo,
959 4617 1020 4664 ut
1066 4614 1267 4684 species
1323 4617 1490 4684 mutet
1532 4615 2194 4684 eteme:1to-rum?{Quan1-

505 4681 703 4763 obrem
770 4681 1579 4763 Rabanus,_archiepiscopus
1633 4681 2018 4763 Moguntinus,
2091 4687 2194 4740 Ra-

502 4757 728 4805 tramno
762 4753 1019 4827 (aqualis,
1071 4752 1158 4806 his
1191 4753 1373 4806 verbis
1432 4752 1574 4827 nihil
1634 4752 1955 4825 significare
2005 4758 2196 4827 potuit

503 4829 717 4892 praeter
743 4823 1086 4876 sententiam
1126 4839 1254 4892 quae
1295 4825 1568 4893 exprimit
1609 4823 1880 4892 castigate
1941 4823 2192 4883 et'terse

502 4895 807 4968 reatitatem
837 4899 888 4947 et
904 4895 1588 4968 transsubstantiatiunem,
1615 4913 1742 4968 quae.
1774 4898 2075 4952 incurrunt
2127 4900 2192 4952 li-

503 4963 607 5039 bro
637 4980 732 5039 vn,
762 4965 977 5039 _capite
1039 4967 1120 5028 l0,
1182 4965 1250 5018 de
1313 4967 1485 5019 sacris
1539 4963 1844 5021 Ordinibus
1904 4986 2075 5039 quem
2116 4970 2194 5023 iu-

505 5033 732 5109 scripsit
761 5035 1148 5089 Theotmaro:
1191 5039 1324 5106 (luis
1347 5053 1588 5106 unquam
1631 5039 1867 5093 crederet
1909 5033 2051 5109 quod
2093 5057 2193 5109 pa-

503 5106 589 5178 nis
607 5107 676 5178 Ain
701 5121 912 5158 carnem
937 5109 1112 5174 potuit
1142 5111 1396 5174 converti,
1428 5111 1511 5162 vet
1537 5111 1723 5163 vinum
1757 5113 1814 5162 in
1852 5106 2189 5178 sanguinem,

504 5176 614 5227 nisi
643 5177 760 5248 ipse
792 5177 1044 5230 Salvator
1074 5178 1291 5240 diceret,
1315 5182 1411 5245 qui
1434 5195 1630 5248 panem
1664 5186 1715 5234 et
1755 5176 1972 5234 vinum_
1991 5185 2193 5236 creavit

503 5249 551 5321 et
577 5247 756 5298 omnia
802 5261 868 5298 ea:
898 5250 1071 5301 nihilo
1097 5249 1269 5321 fecit?
1308 5247 1551 5306 Facilius
1582 5256 1660 5306 est
1711 5252 1928 5321 aliquid
1969 5269 2035 5307 ea:
2083 5254 2192 5308 alio

501 5318 702 5383 facere,
734 5333 899 5383 quam
927 5333 994 5371 ea:
1021 5320 1199 5374 nihilo
1226 5336 1424 5375 creare.

519 5458 541 5462 __
575 5395 594 5420 ο
649 5389 791 5441 Nam
848 5389 1138 5462 secundum
1199 5397 1574 5447 creaturarum
1630 5395 2016 5459 substantiam,
2074 5399 2180 5448 etc.

505 5459 645 5511 Cum
677 5459 952 5511 anteriori
985 5475 1224 5514 numero
1273 5469 1472 5517 auctor
1502 5465 1816 5519 instituerit
1857 5465 2192 5520 auctoritate

502 5528 682 5581 sancti
709 5529 995 5583 Ambrosii
1025 5531 1149 5585 fieri
1179 5532 1238 5586 in
1268 5534 1619 5588 Eucharistia
1668 5542 2000 5590 naturarum
2035 5552 2190 5590 com-

504 5599 904 5664 mutationem,
939 5618 1055 5655 non
1094 5608 1179 5656 est
1208 5604 1476 5658 credibile
1516 5607 1869 5660 contrarium
1927 5607 1986 5660 in
2019 5608 2192 5660 hocce

499 5685 743 5726 numero
774 5673 842 5726 54
881 5673 1124 5728 voluisse
1159 5673 1366 5728 dicere.
1405 5677 1469 5729 Et
1497 5693 1627 5730 cum
1654 5677 1911 5732 numeris
1937 5678 2190 5732 anterio-

499 5743 657 5798 ribus
685 5743 948 5800 docuerit
975 5744 1031 5798 in
1071 5745 1422 5801 Eucharistia
1453 5747 1530 5802 rei
1584 5748 1755 5802 unius
1793 5749 2190 5803 commutatio-

2285 1914 2588 1961 contuetur
2618 1911 2892 1976 aspectu:
2933 1906 3034 1976 qui
3089 1906 3257 1960 etiam
3312 1907 3476 1976 panis
3537 1907 3696 1959 vivus
3745 1909 3829 1976 qui
3852 1906 3900 1958 de

2285 1995 2504 2049 scendit
2532 1995 2602 2048 de
2663 1995 2802 2048 caelo
2856 1995 3062 2056 existit,
3124 1999 3180 2048 et
3240 1994 3309 2048 de
3365 2011 3479 2064 quo
3536 2010 3669 2048 vere
3722 1994 3888 2048 dicitur

2288 2085 2603 2153 Quicunque
2633 2084 2771 2136 hunc
2819 2082 3250 2148 manducauerit,
3285 2098 3388 2136 non
3441 2084 3706 2137 morietur
3732 2085 3785 2136 in
3808 2089 3901 2134 κίεν

2286 2189 2442 2237 num;
2478 2176 2533 2226 et
2565 2172 2663 2241 qui
2696 2177 2779 2225 est
2809 2187 3013 2242 corpus
3045 2171 3270 2226 Christi.
3321 2192 3348 2218 ››

2363 2261 2502 2314 LlII.
2538 2261 2676 2314 Item
2716 2260 2774 2312 in
2826 2259 3304 2330 consequentibus
3353 2259 3533 2328 (ibid.,
3563 2276 3686 2330 cap.
3722 2262 3786 2327 9),
3835 2274 3902 2313 cui

2290 2350 2358 2404 de
2386 2349 2778 2419 omnipotente
2809 2347 3017 2400 virtute
3050 2347 3255 2401 Christi
3308 2347 3662 2417 loqueretur,
3725 2349 3793 2398 sit
3839 2346 3894 2397 ait

2295 2438 2547 2493 «Sermo
2579 2453 2714 2507 ergo
2761 2434 2988 2501 Christi,
3052 2435 3151 2505 qui
3204 2436 3392 2505 potuit
3429 2450 3498 2489 ex
3555 2435 3738 2489 nihilo
3792 2435 3902 2488 tam

2291 2526 2444 2597 quod
2486 2542 2602 2579 non
2633 2530 2771 2590 erat,
2807 2541 2919 2578 non
2947 2529 3137 2594 potest
3163 2541 3230 2578 ea
3261 2541 3387 2594 quae
3417 2531 3554 2577 sunt
3584 2523 3646 2576 in
3679 2524 3902 2588 idmutar

2292 2615 2445 2686 quod
2476 2630 2593 2668 non
2623 2613 2822 2667 erant?
2855 2616 2880 2656 b
2909 2614 3105 2667 Nonne
3155 2613 3338 2682 majus
3370 2618 3455 2667 est
3489 2629 3668 2666 novas
3721 2630 3804 2666 res
3837 2613 3902 2664 dat

2291 2720 2464 2775 quam
2497 2707 2717 2757 mutare
2767 2701 3038 2756 naturas?
3075 2721 3100 2751 ι)
3128 2701 3250 2773 [at.,
3297 2718 3412 2755 non
3461 2701 3620 2755 enim
3677 2702 3850 2755 minus
3879 2717 3901 2752 ε

2293 2808 2467 2846 novas
2498 2791 2667 2844 rebus
2711 2789 2895 2861 dare]

2366 2881 2494 2935 LIV.
2559 2879 2704 2934 Dicit
2757 2885 2984 2932 sanctus
3035 2878 3380 2946 {Ambrosius
3436 2877 3498 2932 in
3563 2879 3666 2932 illo
3716 2877 3902 2948 mysteri

2294 2968 2590 3038 sanguinis
2648 2973 2704 3021 et
2754 2967 3009 3036 corporis
3064 2967 3271 3021 Christi
3319 2970 3829 3022 commutationem
3853 2983 3902 3020 es:

2295 3059 2523 3122 factam,
2559 3059 2614 3111 et
2645 3057 2997 3123 mirabiliter,
3032 3057 3167 3127 quia
3217 3057 3429 3121 divine,
3483 3062 3539 3110 et
3600 3058 3902 3112 ineffabilite

2294 3147 2430 3218 quia
2458 3145 3060 3215 incomprehensibile.
3100 3146 3296 3198 Dicant
3326 3145 3426 3217 qui
3476 3146 3622 3199 nihil
3657 3147 3748 3200 hic
3786 3147 3902 3197 volui

2296 3235 2608 3289 secundum
2641 3234 2882 3288 interius
2921 3235 3187 3287 latentem
3227 3233 3498 3288 virtutem
3556 3235 3834 3305 accipere,
3874 3246 3902 3283 St

2295 3331 2476 3380 totum
2501 3323 2656 3395 quod
2688 3328 2928 3394 apparet
2965 3323 3267 3376 visibiliter
3312 3324 3624 3391 aestimare,
3681 3322 3901 3377 secunde

2295 3413 2430 3485 quid
2483 3412 2571 3466 his
2626 3412 2699 3465 sit
2757 3410 3131 3465 commutatio
3191 3410 3354 3465 facta.
3391 3421 3412 3446 ε
3479 3413 3624 3467 Nam
3679 3412 3902 3466 secundu

2296 3507 2688 3556 creaturarum
2721 3498 3116 3567 substantiam,
3150 3499 3305 3570 quod
3344 3499 3579 3554 fuerunt
3630 3505 3764 3554 ante
3796 3514 3902 3554 cons

2297 3708 2428 3746 nem
2455 3692 2512 3745 in
2543 3693 2780 3745 alteram
2832 3690 3141 3757 incurrere,
3173 3707 3238 3744 ac
3291 3691 3506 3760 species
3563 3693 3741 3762 panis
3792 3699 3843 3746 et
3867 3691 3902 3744 vi

2298 3769 2350 3817 et
2390 3764 2577 3833 ipsum
2611 3779 2815 3831 corpus
2851 3763 3055 3816 Christi
3082 3778 3194 3816 non
3222 3762 3430 3816 habere
3474 3760 3619 3833 duas
3673 3760 3902 3818 existenli

2298 3832 2579 3892 diversas:
2646 3833 3012 3904 incogitabile
3061 3837 3144 3885 est
3202 3833 3276 3904 in
3336 3851 3402 3887 ea
3461 3832 3642 3887 fuisse
3714 3842 3901 3888 sentem

2297 3922 2502 3976 corpus
2560 3903 2882 3958 scilicet’et
2935 3903 3310 3976 substantiam
3371 3905 3532 3973 panis
3579 3921 3822 3959 manere
3866 3921 3902 3972 μα

2298 3974 2783 4030 consecrationem
2817 3991 2884 4026 eo
2912 3974 3085 4028 modo
3125 3991 3240 4043 quo
3269 3980 3431 4028 erant
3459 3982 3614 4030 ante.
3650 3978 3821 4030 Aliud
3860 3991 3902 4028 er

2299 4063 2365 4101 ex
2430 4064 2560 4100 voce
2625 4046 2944 4100 substantize
2993 4045 3336 4117 intellexisse
3394 4063 3627 4099 necesse
3696 4055 3786 4101 est
3827 4063 3902 4117 qui

2300 4119 2452 4190 quod
2502 4119 2674 4190 vulgo
2709 4118 2768 4169 in
2819 4117 3009 4170 schola
3061 4116 3374 4190 Aristotelis
3405 4116 3902 4188 philosophieajnl

2301 4188 2513 4259 ligitur.
2547 4188 2772 4242 Scilicet
2794 4191 2922 4258 post
2967 4189 3452 4241 consecrationem
3483 4204 3703 4256 panem
3726 4199 3783 4241 et
3812 4204 3902 4241 vim

2299 4277 2421 4313 esse
2453 4275 2542 4311 res
2573 4275 2700 4328 qum
2732 4275 2834 4329 per
2865 4275 2922 4311 se
2946 4259 3319 4312 subsisterent
3373 4260 3528 4312 nulla
3584 4261 3841 4312 admissa
3869 4273 3902 4311 nl

2298 4330 2531 4383 tatione.
2567 4330 2674 4382 Hac
2707 4329 2913 4398 agendi
2939 4331 3160 4382 ratione
3207 4330 3426 4382 decrevi
3470 4329 3843 4384 substantiam
3883 4345 3902 4382 η

2299 4417 2404 4472 per
2434 4399 2808 4453 substantiam
2837 4401 3138 4524 explicare,
3168 4401 3264 4453 sed
3295 4400 3383 4453 his
3423 4401 3609 4453 verbis
3661 4409 3728 4456 ut
3784 4417 3901 4468 res;

2299 4475 2575 4524 seferunt.
2620 4487 2748 4524 una:
2781 4471 2899 4523 nihi
2956 4471 3108 4524 aliud
3159 4471 3470 4524 indiaitant
3521 4488 3619 4523 seu
3673 4474 3901 4524 sicnitie

2299 4471 2575 4538 Seferunt,
2620 4487 2748 4543 quas
2781 4471 2926 4543 nihil
2956 4471 3108 4524 aliud
3159 4471 3470 4543 indigitant
3521 4488 3619 4523 seu
3673 4474 3902 4543 signitic;

2301 4559 2586 4612 expresse,
2622 4541 2732 4594 nisi
2762 4542 3065 4612 qualitates
3097 4541 3351 4594 sensibus
3383 4542 3684 4604 obnoxias,
3738 4541 3838 4597 seu
3869 4557 3902 4596 SI

2294 4613 2471 4682 jectas
2520 4618 2688 4666 antea
2720 4613 2888 4681 panis
2935 4618 2990 4665 et
3031 4613 3147 4665 vini
3189 4613 3414 4667 easdem
3457 4619 3582 4683 post
3621 4621 3902 4668 consecrat

2299 4701 2432 4738 nem
2489 4683 3289 4756 remanere.“Calvinistarum
3340 4684 3589 4756 ministri
3647 4694 3896 4756 prmstan

2300 4756 2429 4808 simi
2478 4757 2733 4809 fatentur
2788 4754 3051 4818 libenter,
3111 4756 3301 4808 Patres
3357 4754 3667 4824 antiquos'
3697 4774 3836 4810 usos
3881 4773 3902 4808 ε

2299 4827 2468 4881 verbo
2497 4825 2830 4898 substantiae
2879 4825 2945 4898 ad
2992 4825 3392 4898 signiticandas
3444 4841 3639 4880 rerum
3693 4829 3902 4898 qualita

2301 4913 2402 4951 seu
2429 4899 2578 4968 quod
2615 4896 2786 4968 alicui
2817 4897 2900 4949 rei
2920 4897 3165 4968 maxime
3191 4895 3492 4966 proprium
3514 4905 3621 4964 est,
3658 4895 3901 4968 néutiqu

2300 4967 2868 5021 vero’substantiam
2926 4967 3217 5036 propriam
3278 4983 3464 5019 veram
3535 4972 3594 5020 et
3649 4967 3902 5022 naturale

2303 5040 2426 5092 Haec
2456 5039 2775 5109 intelligere
2796 5038 2958 5092 facile
2987 5045 3072 5090 est
3101 5054 3167 5091 ex
3197 5038 3568 5106 responsione
3617 5040 3691 5092 ad
3723 5041 3895 5109 {Ottici

2299 5111 2641 5163 sacramenti
2674 5109 2887 5175 altaris,
2927 5109 3152 5162 Parisiis
3182 5109 3331 5178 typis
3360 5109 3592 5178 vulgata
3641 5127 3805 5164 anno
3850 5115 3902 5165 tti

2300 5197 2430 5248 pag.
2457 5182 2561 5234 264
2609 5185 2665 5233 et
2703 5182 2841 5245 432;
2890 5181 3049 5249 cujus
3100 5181 3568 5232 concinnatorem
3614 5181 3803 5236 fuisse
3845 5185 3898 5235 in

2299 5251 2536 5320 ligimus
2567 5268 2630 5306 ex
2682 5250 3056 5320 Ephemeride
3105 5251 3404 5304 ductorum
3459 5250 3520 5302 in
3567 5251 3832 5317 Batavia,
3867 5253 3902 5307 lt!

2299 5324 2517 5395 tbaeum
2537 5330 2965 5395 Larroquanum
2996 5321 3417 5395 Quevillanum,
3442 5321 3784 5395 ministrum
3809 5340 3902 5395 sur

2299 5394 2502 5448 stionis
2532 5395 2878 5449 Calvinianm
2935 5393 2994 5446 in
3054 5408 3190 5462 agro
3246 5393 3724 5461 Rothomagensi.
3792 5393 3902 5450 Rev

2301 5466 2544 5536 legimus
2575 5482 2698 5535 cap.
2733 5466 2801 5518 46
2834 5463 2965 5536 libri
2999 5479 3058 5536 ni
3091 5465 3160 5517 de
3193 5463 3740 5536 VitaConstantini,
3777 5475 3902 5520 auct

2301 5533 2540 5591 Eusebio
2572 5533 2903 5589 Caesariensi
2935 5533 3222 5604 episcopo,
3252 5535 3504 5588 animam
3533 5541 3755 5592 sancta:
3777 5540 3902 5593 Heli

2299 5612 2741 5660 transmutatam
2775 5606 2965 5670 fuisse,
3010 5611 3312 5674 postquam
3344 5605 3572 5671 devixit,
3623 5607 3679 5660 in
3735 5612 3901 5662 subst

2298 5678 2433 5750 tiam
2481 5677 2797 5746 angelicam
2830 5693 2847 5750 :7
2877 5677 3318 5750 'Avwroizeiouro
3347 5684 3469 5746 γοῦν
3500 5676 3633 5750 αὑτῇ
3688 5678 3876 5750 ψυχῇ,

2299 5748 2385 5799 τὸν
2433 5743 2712 5821 deﬂuant-ev,
2762 5749 2848 5797 καί
2892 5743 3167 5818 ἀγγελίκῆν
3211 5743 3410 5799 eximar.
3462 5743 3902 5819 Anima‘ig—itur
