3920 6224
117 345 184 396 litt

1149 335 1234 389 DE
1276 335 1605 391 CORPORE
1652 337 1739 391 ET
1778 334 2128 392 SANGUINE
2171 337 2438 392 DOSIINI.

3438 343 3539 397 150

105 473 370 532 cratiouem,
411 468 509 522 hoc
534 472 590 521 et
621 473 820 539 postea
857 468 1192 522 consistunt.
1245 467 1410 521 Panis
1439 470 1494 521 et
1525 467 1718 522 vinum
1749 469 1793 521 Α
1836 472 1948 522 tem
1978 469 2114 539 quia
2142 468 2282 524 ﬁdes
2309 473 2496 523 totum
2543 469 2824 542 quidquid
2850 471 2989 527 illud
3024 475 3206 530 totum
3251 477 3355 540 est,
3388 476 3538 546 aspi-

107 562 228 632 prius
265 558 530 621 exstitere;
565 566 591 591 ⁸
644 557 704 611 in
759 573 872 628 qua
918 557 1091 610 etiam
1140 557 1327 627 specie
1364 557 1485 626 jam
1531 573 1725 610 conse-

101 655 220 703 crata
247 660 552 717 permanere
601 645 891 699 videntur.
953 647 1045 699 Est
1098 661 1234 714 ergo
1291 645 1530 698 interius
1573 661 1726 698 com-

102 742 325 791 mutatum
360 733 595 803 Spiritus
647 734 824 787 sancti
864 733 1085 803 potenti
1125 734 1350 797 virtute,
1401 733 1552 802 quod
1587 733 1726 786 tides

100 825 272 896 aspicit,
327 823 565 875 animam
621 826 824 892 pascit,
877 826 1106 874 aeternae
1162 822 1292 874 vitae
1346 821 1722 874 substantiam

100 912 446 966 subministrat.

152 1001 233 1054 LV.
297 1001 419 1054 Item
483 998 544 1052 in
626 997 996 1068 sequentibus
1058 998 1277 1068 (Ibid.):
1346 1017 1373 1049 ί(
1440 999 1582 1062 Quid
1636 999 1726 1052 hic

100 1090 262 1161 quieris
304 1093 502 1142 natura":
578 1088 839 1141 ordinem
900 1086 958 1140 in
1021 1086 1228 1141 Christi
1277 1102 1535 1156 corpore,
1594 1103 1723 1140 cum

100 1185 262 1249 prater
309 1181 560 1230 naturam
610 1175 682 1229 sit
728 1176 849 1246 ipse
897 1175 1167 1229 Dominus
1224 1176 1384 1228 Iesus
1434 1182 1627 1246 partus
1659 1192 1723 1229 ex

99 1266 311 1334 Virgine?
340 1286 364 1312 ››

153 1355 255 1408 LVI.
304 1353 389 1407 Hic
437 1352 558 1423 jam
614 1351 798 1423 surgit
848 1352 1095 1418 auditor,
1158 1355 1183 1394 b
1226 1356 1281 1406 et
1337 1351 1472 1406 dicit
1519 1368 1723 1423 corpus

97 1460 187 1495 esse
227 1441 406 1496 Christi
449 1440 607 1511 quod
638 1441 917 1505 cernitur,
970 1445 1026 1494 et
1054 1440 1394 1510 sanguinem
1445 1441 1541 1510 qui
1581 1441 1723 1494 bibi-

98 1539 186 1591 tur;
230 1545 317 1581 nec
355 1528 727 1599 quaerendum
780 1529 1068 1598 quomodo
1102 1529 1335 1592 factum,
1389 1529 1484 1582 sed
1522 1535 1719 1582 tenen-

96 1618 200 1671 dum
243 1618 375 1687 quod
406 1617 480 1670 sic
510 1616 724 1670 factum
777 1617 865 1670 sit.
931 1618 1078 1670 Bene
1111 1616 1344 1688 quidem
1385 1617 1595 1670 sentire
1636 1618 1718 1671 vi.

96 1707 226 1759 deris.
277 1705 371 1760 Sed
417 1705 462 1759 si
509 1706 628 1760 vim
673 1705 974 1760 verborum
1020 1705 1328 1775 diligenter
1383 1705 1716 1776 inspexeris,

96 1805 293 1864 ccorpus
329 1794 546 1866 quidem
584 1793 791 1849 Christi
835 1794 1291 1865 sanguinemque
1322 1793 1569 1848 ﬁdeliter
1597 1811 1715 1848 cre-

96 1884 173 1938 dis.
197 1883 288 1938 Sed
315 1884 358 1936 si
393 1883 744 1953 perspiceres
775 1883 909 1954 quia
939 1884 1092 1954 quod
1123 1884 1302 1937 credis
1353 1883 1609 1937 nondum
1637 1884 1714 1937 vi-

95 1973 188 2036 des;
229 1988 342 2026 nam
383 1973 425 2025 si
473 1971 716 2037 videres,
766 1972 1014 2026 diceres:
1068 1972 1268 2025 Video:
1305 1988 1418 2026 non
1459 1972 1713 2027 diceres:

94 2061 232 2115 Credo
259 2077 444 2132 corpus
489 2061 948 2132 sanguinemque
988 2076 1109 2115 esse
1141 2061 1379 2116 Christi:
1413 2077 1566 2115 nunc
1615 2077 1713 2114 au-

1751 1766 1789 1820 Β

94 2216 172 2267 lia:
188 2218 231 2267 in
255 2217 698 2285 incorruptibilem
724 2222 775 2270 et
802 2220 1101 2286 angelicam
1130 2219 1498 2274 substantiam
1540 2222 1714 2286 refor-

93 2287 305 2339 mabatur.
336 2288 490 2360 Apud
537 2289 974 2352 Tertullianum,
1029 2291 1172 2343 libro
1221 2291 1289 2344 de
1335 2292 1711 2360 Monogamia,

93 2372 190 2425 pag.
216 2360 318 2423 887,
349 2359 452 2412 litt.
490 2360 547 2412 Β.
587 2375 602 2412 :
634 2362 924 2427 Resurgere
961 2363 1016 2414 in
1056 2376 1218 2428 opera
1240 2364 1421 2414 carnis
1451 2359 1521 2414 de
1541 2364 1710 2415 conti-

91 2431 238 2500 uentis:
271 2432 385 2494 otio,
449 2435 525 2482 est
578 2432 889 2484 substantia
937 2433 1200 2484 laterum:
1260 2434 1325 2484 ad
1381 2433 1710 2500 signiﬁcan-

95 2499 189 2548 dam
215 2500 306 2551 vim
348 2505 401 2552 et
426 2501 679 2570 vigorrm
735 2502 996 2554 laterum.
1055 2503 1222 2555 Libro
1260 2518 1294 2556 ιι
1326 2503 1394 2556 de
1426 2499 1594 2556 Cultu
1624 2503 1712 2556 fe-

94 2569 500 2638 minarum.pag.
548 2572 675 2635 175,
730 2573 835 2625 litt.
891 2574 947 2624 Β.
997 2588 1010 2625 :
1064 2574 1325 2627 Debemus
1377 2574 1594 2642 quidem
1633 2576 1714 2628 ita

91 2646 289 2692 sanctect
332 2646 440 2694 tota
479 2643 610 2709 fidei
655 2644 967 2696 substantia
1007 2644 1284 2709 incedere;
1341 2651 1397 2696 et
1449 2644 1592 2698 libro
1643 2645 1710 2698 de

94 2709 420 2764 Exhortatione
464 2714 752 2777 castitatis,
787 2729 918 2782 pag.
969 2716 1090 2778 670,
1135 2714 1241 2767 litt.
1278 2715 1316 2767 C
1344 2729 1358 2767 :
1391 2717 1491 2768 Per
1536 2718 1712 2769 conti—

90 2784 273 2834 m-utiam
319 2784 668 2849 negotia-teris
711 2800 963 2849 magnam
1007 2785 1368 2838 substantiam
1417 2788 1707 2839 castitatis.

88 2853 205 2924 apud
229 2862 462 2906 sanctum
491 2855 870 2923 Augustinum
897 2856 953 2907 in
977 2857 1257 2924 psalmum
1279 2871 1464 2919 vaui,
1497 2857 1604 2910 litt.
1637 2859 1706 2911 B:

90 2923 159 2972 Pa-
201 2924 515 2990 iniquitatem
548 2927 700 2978 homo
730 2926 915 2993 lapsus
959 2931 1036 2978 est
1064 2927 1375 2979 substantia
1406 2929 1460 2979 in
1488 2942 1596 2994 qua
1619 2932 1704 2992 fa-

87 2994 430 3066 ctusrst.Apiid
455 3001 714 3047 sanctum
741 2997 968 3051 Petrum
991 2995 1424 3066 Chrysologum,
1449 3013 1709 3050 sermone

89 3065 150 3124 81,
174 3064 219 3115 iu
247 3065 362 3130 line,
393 3065 460 3117 de
501 3066 715 3119 Christi
754 3063 1172 3120 resurrectione
1220 3063 1341 3121 haec
1371 3073 1703 3122 occurrunt:
1741 3063 1779 3117 C

87 3133 166 3186 Sed
192 3140 402 3187 mutatur
429 3138 635 3204 efﬁgies
667 3137 796 3190 dum
832 3140 1070 3203 efﬁcitur
1095 3154 1161 3191 em
1184 3140 1402 3192 mortali
1426 3142 1704 3192 immorta-

87 3205 133 3254 lis
162 3211 200 3256 et
237 3221 293 3258 ea:
327 3207 667 3274 corruptibili
711 3207 1180 3276 incorruptibilis;
1232 3215 1292 3262 ut
1331 3210 1424 3263 hoc
1468 3213 1540 3263 sit
1581 3226 1704 3262 ηια-

90 3280 190 3327 tisse
211 3278 549 3330 substantiam
591 3294 698 3331 non
726 3285 962 3332 mutasse
987 3294 1273 3347 personam
1327 3280 1457 3334 Haec
1489 3283 1701 3347 omnia,

88 3360 131 3420 ex
170 3347 384 3416 antiquis
425 3348 688 3402 Patribus
735 3351 1028 3420 exscripta,
1081 3349 1302 3419 liquido
1355 3351 1707 3419 patefaciunt

87 3415 227 3491 Patres
251 3415 366 3491 usos
395 3434 516 3471 esse
553 3421 733 3472 instar
774 3415 1067 3474 Batramui
1113 3415 1248 3473 voce
1289 3415 1605 3475 substantiae
1634 3422 1704 3474 ad

89 3487 417 3561 signiﬁcandas
476 3491 786 3561 qualitates
846 3507 946 3544 seu
1005 3491 1381 3561 preprietates
1443 3492 1705 3544 sensibus

87 3558 331 3625 subjectas:
389 3558 877 3630 quemadmodum
946 3558 1166 3629 psalmo
1231 3577 1422 3615 vaui:
1494 3565 1704 3626 Inﬁa-us

88 3641 166 3704 tum
206 3631 254 3704 in
296 3631 412 3704 limo
455 3632 728 3698 profundi
776 3637 827 3685 et
855 3648 959 3685 non
997 3638 1074 3685 est
1103 3633 1442 3686 substantia:
1479 3637 1577 3683 Kal
1612 3633 1704 3683 οὐκ

87 3699 184 3745 ἐςτιν
220 3699 508 3765 ὑποστάσις,
548 3709 606 3754 et
653 3705 868 3771 psalmo
919 3719 1133 3760 cxxmx.
1192 3719 1336 3754 vers.
1376 3707 1466 3757 lt:
1510 3706 1571 3758 In
1602 3707 1701 3756 mi-

85 3785 192 3844 nus
241 3787 332 3824 non
395 3775 720 3825 subsistent:
797 3777 893 3824 Καὶ
954 3773 1012 3824 οὐ
1067 3779 1137 3844 μὴ
1198 3775 1513 3827 ὑποστῶσιν.
1576 3775 1704 3828 Haec

85 3841 190 3890 enim
216 3857 314 3894 non
358 3843 683 3911 signiﬁcant
727 3841 1076 3897 substantias
1109 3845 1444 3912 carentiam,
1489 3845 1584 3898 sed
1617 3846 1700 3898 di-

85 3924 263 3964 scrimen
289 3914 621 3983 qualitatum
673 3920 730 3968 et
772 3915 1189 3984 proprietatum
1225 3917 1482 3968 sensibus
1513 3915 1700 3984 subje-

85 3987 274 4053 clarum:
325 3984 390 4036 ad
449 3993 703 4038 mentem
761 3986 1076 4050 Batramni,
1135 3987 1270 4038 dum
1329 3989 1435 4039 ait:
1498 3988 1701 4053 Corpus

87 4050 230 4104 Christi
246 4058 533 4123 susceptum
566 4059 625 4108 in
672 4056 1028 4110 Eucharistia
1056 4062 1267 4110 aeterna:
1295 4060 1422 4112 vitae
1449 4050 1699 4110 substan-

85 4123 172 4196 βαίη
203 4125 578 4192 subministrat,
615 4126 672 4178 id
705 4132 789 4178 est
827 4127 1067 4196 gratiam
1101 4127 1271 4195 digne
1301 4127 1699 4180 manducanti-

85 4187 155 4268 bas
177 4211 366 4268 carnem
394 4203 449 4249 et
472 4187 807 4250 bibentibus
827 4187 1199 4266 sanguinein,
1232 4214 1438 4268 corpus
1475 4197 1700 4251 Domini

88 4260 468 4326 dijudicautibus.

132 4336 211 4406 {In
257 4352 353 4402 qua
406 4341 576 4390 etiam
631 4341 804 4406 specie
849 4354 970 4406 jam
1027 4343 1334 4392 consecrata
1385 4354 1699 4406 permanere

87 4403 280 4458 ridentur.
323 4403 713 4460 Concinnator
757 4403 982 4462 Gallica!
1038 4410 1310 4461 versionis
1367 4403 1485 4462 litec
1528 4410 1697 4463 verba
1725 4412 1766 4464 D

89 4487 437 4546 3152?.SZ’J’TKZ'B;
488 4479 572 4531 sic
614 4481 908 4547 explanat:
946 4483 1013 4534 Et
1057 4481 1310 4532 ridentur
1356 4485 1475 4548 post
1517 4495 1695 4534 conse-

91 4549 302 4601 rmtiumm
372 4551 698 4603 substantia
769 4554 960 4604 creatae
1027 4565 1340 4617 permanere
1395 4555 1453 4604 in
1517 4552 1699 4605 eadem

88 4618 222 4677 ipsis.
255 4619 366 4672 lliec
394 4623 591 4680 verba.
633 4620 950 4675 substantiae
991 4627 1182 4675 creatae
1212 4621 1270 4674 in
1323 4625 1472 4674 textu
1504 4621 1699 4676 Latino

90 4690 357 4762 autographo
389 4706 505 4745 non
555 4692 877 4762 incurrunt.
919 4691 1079 4755 Quod
1099 4695 1330 4762 spectat
1359 4691 1628 4761 speciem,
1656 4692 1702 4746 si

91 4756 357 4832 admentem
407 4761 713 4817 Ratramni
761 4778 863 4832 pro
911 4756 1271 4832 apparitione
1306 4756 1405 4815 aut.
1432 4756 1702 4815 similitu-

91 4825 175 4877 dine
197 4838 423 4885 sumatur
453 4825 778 4902 (nusquam
803 4825 1070 4902 vero-pro
1100 4832 1222 4903 ipsa
1262 4833 1426 4900 panis
1457 4839 1556 4886 aut
1584 4833 1702 4886 vini

91 4909 230 4973 natura
277 4903 350 4973 uti
379 4903 742 4957 ostendimus
790 4904 858 4957 ad
902 4919 1208 4957 numerum
1243 4905 1347 4971 12),
1377 4904 1498 4957 haec
1527 4920 1699 4973 para-

92 4971 503 5044 phrasisdefendi
557 4978 770 5044 posset,
823 4975 922 5027 sed
964 4973 1264 5028 dubitandi
1309 4974 1464 5029 locus
1509 4971 1702 5028 nullus

94 5039 349 5110 rriinquitur
393 5039 575 5098 hunc'
601 5045 975 5113 interpretem
1035 5046 1405 5098 vernaculum
1471 5044 1702 5098 intelle-

93 5121 182 5160 υνδε
217 5129 301 5181 per
323 5117 576 5184 speciem
612 5122 878 5168 naturam
907 5120 961 5168 et
1001 5115 1382 5168 substantiam
1414 5115 1596 5184 panis,
1630 5115 1700 5170 ad

94 5186 266 5256 mentem
316 5186 659 5248 Aristotelis,
709 5186 964 5256 adeoque
1012 5186 1196 5240 versio
1226 5187 1434 5241 Gallica
1463 5202 1496 5239 a
1532 5202 1700 5240 sensu

95 5254 262 5307 iaculi-is
300 5258 485 5310 aliena
510 5256 778 5310 videatur
807 5254 1032 5310 necesse
1063 5262 1167 5310 est.

135 5323 218 5376 δεῖ
247 5327 365 5379 dicit
407 5342 609 5396 corpus
647 5342 758 5380 esse
795 5329 1001 5382 Christi
1038 5328 1184 5397 quod
1212 5329 1454 5380 cemitur
1481 5330 1702 5396 sangui-

99 5399 252 5460 ’ἕπεταί
274 5400 485 5451 bibitur.
523 5399 688 5452 Hanc
719 5398 1176 5451 adversariorum
1197 5414 1428 5452 suorum
1462 5415 1701 5468 respon-

99 5473 238 5535 Eienem
284 5484 423 5539 saepe
485 5468 759 5538 recoquit
809 5485 875 5521 ac
932 5470 1152 5522 revellit
1208 5470 1582 5523 Ratramnus:
1641 5475 1704 5522 ut

97 5543 274 5610 scuntse
299 5555 597 5610 nunquam
633 5555 749 5610 non
779 5539 1006 5609 assequi
1046 5540 1250 5593 mentis
1275 5540 1393 5593 acie
1424 5544 1699 5608 punctum

119 5607 349 5681 nationis,
380 5607 449 5664 et'
465 5627 528 5663 se
579 5609 740 5662 nulla
783 5607 1207 5663 concertatione
1241 5607 1564 5681 digladiari,
1606 5615 1703 5664 aut

100 5679 344 5753 fifl'lirliari,
391 5687 492 5753 aut
545 5696 757 5753 maniis
789 5697 1084 5734 conserere
1114 5679 1348 5753 cumdie
1377 5681 1475 5752 qui
1499 5697 1703 5753 corpus

102 5741 233 5799 tibi-isti
265 5741 725 5806 in'Eucbai-istia
783 5767 1120 5822 permanere
1163 5751 1270 5806 sibi
1315 5741 1699 5823 persuadent:

1836 557 1930 622 cit,
1963 563 2016 612 et
2048 559 2245 612 oculus
2268 559 2452 612 carnis
2485 558 2625 612 nihil
2659 560 3056 630 apprehendit.
3090 561 3346 632 intellige
3370 562 3539 634 {quod

1837 663 1951 699 non
2006 647 2064 699 in
2115 646 2323 717 specie,
2386 647 2483 700 sed
2541 647 2599 699 in
2651 647 2856 701 virtute
2914 665 3122 720 corpus
3190 655 3244 704 et
3305 652 3539 721 sanguis

1837 734 2045 788 Christi
2068 735 2314 788 existant
2363 751 2492 805 quas
2530 741 2862 789 cernuntur.
2917 737 3070 790 Unde
3124 738 3258 791 dicit
3307 739 3531 809 (Ibid.):

1838 823 2164 878 «Ordinem
2206 830 2428 877 natura:
2483 840 2596 877 non
2637 824 2727 877 hic
2775 824 3139 890 intuendum,
3188 827 3287 880 sed
3328 829 3534 882 Christi

1835 912 2149 983 potentiam
2169 913 2572 980 venerandam,
2602 929 2730 982 quae
2758 912 3033 984 quidquid
3068 916 3204 980 vult,
3247 916 3534 986 quomodo

1834 1003 1972 1066 vult,
2029 1002 2411 1072 quodcunque
2468 1002 2590 1054 vult
2628 999 2684 1054 e't
2725 1007 2879 1055 creat
2923 1001 3073 1071 quod
3120 1018 3236 1057 non
3291 1009 3430 1068 erat,
3479 1011 3536 1059 et

1833 1094 2086 1143 creatum
2145 1095 2431 1160 permutat
2474 1089 2532 1143 in
2583 1090 2636 1143 id
2685 1090 2842 1160 quod
2900 1095 3068 1144 antea
3113 1107 3224 1144 non
3278 1092 3531 1146 fuerat.»

1833 1178 2138 1248 Subjungit
2187 1179 2338 1232 idem
2390 1183 2589 1232 auctor
2629 1178 2817 1249 (Ibid.)
2849 1197 2864 1231 :
2892 1197 2918 1229 ‹‹
2953 1179 3092 1232 Vera
3133 1179 3332 1250 utique
3380 1197 3531 1248 caro,

1834 1282 1960 1336 quae
2010 1253 2278 1319 crucitixa
2340 1270 2444 1332 est,
2500 1282 2627 1336 qua:
2677 1266 2896 1336 sepulta
2949 1270 3070 1330 est;
3131 1267 3158 1308 ἀ
3209 1284 3339 1321 vere
3397 1285 3531 1339 ergo

1832 1354 2018 1407 carnis
2051 1354 2201 1407 illius
2261 1359 2678 1408 sacramentum
2731 1361 2843 1420 est;
2901 1353 3022 1424 ipse
3070 1356 3277 1410 clamat
3337 1357 3527 1411 Domi-

1832 1460 1939 1496 nus
1970 1445 2129 1496 Jesus
2162 1459 2174 1496 :
2204 1445 2310 1497 Hoc
2335 1449 2413 1497 est
2443 1458 2633 1512 corpus
2662 1458 2854 1496 meum.
2890 1464 2909 1490 ι

1905 1533 2057 1586 LVII.
2091 1531 2271 1596 Quam
2325 1531 2648 1602 diligenter,
2696 1547 2868 1601 quam
2915 1532 3229 1602 prudenter
3272 1534 3417 1588 facta
3447 1534 3526 1588 di-

1830 1619 2085 1674 stinctio!
2145 1622 2217 1673 De
2263 1636 2431 1672 carne
2485 1620 2711 1686 Christi,
2767 1637 2895 1691 quas
2938 1622 3203 1675 crucilixa
3253 1630 3357 1686 est,
3394 1639 3521 1694 quin

1830 1709 2049 1777 sepulta
2081 1708 2268 1777 est,§id
2311 1712 2412 1773 est,
2455 1710 2768 1762 secundum
2816 1725 2987 1779 quam
3021 1709 3272 1764 Christus
3303 1710 3521 1781 etlcru-

1829 1797 2028 1850 citixus
2063 1799 2149 1850 est
2177 1801 2233 1850 et
2264 1797 2540 1866 sepultus,
2575 1795 2680 1850 ait:
2735 1797 2876 1849 Vera
2906 1797 3101 1867 itaque
3131 1815 3261 1852 caro
3292 1799 3518 1852 Christi.

1826 1889 1897 1938 At
1925 1885 1994 1938 de
2033 1885 2129 1938 illa
2177 1901 2307 1955 quas
2357 1885 2604 1938 sumitur
2634 1884 2692 1938 in
2732 1885 3117 1952 Sacramento,
3167 1886 3329 1940 dicit:
3383 1888 3522 1941 Vere

1827 1988 1963 2041 ergo
2012 1972 2198 2025 carnis
2242 1973 2398 2026 illius
2447 1980 2871 2026 sacramentum
2927 1979 3031 2040 est,
3088 1984 3110 2009 ο
3164 1975 3521 2045 distinguens

1825 2065 2246 2114 sacramentum
2287 2059 2471 2114 carnis
2516 2077 2548 2114 θ.
2590 2061 2826 2115 veritate
2882 2060 3099 2116 carnis:
3147 2068 3427 2133 quatenus
3461 2064 3520 2118 in

1824 2221 1920 2272 sed
1951 2219 2216 2272 adversus
2254 2234 2365 2290 eos
2405 2218 2505 2288 qui
2561 2219 2801 2273 credunt
2852 2235 3048 2272 verum
3103 2222 3160 2273 et
3219 2219 3516 2290 proprium

1824 2306 2030 2360 corpus
2058 2289 2266 2343 Christi
2295 2290 2353 2342 in
2412 2306 2476 2342 ea
2507 2290 2766 2343 sensibus
2811 2289 3036 2358 subjici,
3079 2290 3274 2360 ibique
3305 2293 3515 2344 contri-

1824 2366 1945 2414 tum
1977 2366 2034 2413 et
2078 2363 2319 2414 tractum
2369 2360 2540 2413 nullis
2589 2362 2724 2414 velis
2754 2366 2853 2414 aut
2895 2361 3097 2430 tiguris
3127 2361 3512 2428 reconditum,

1822 2433 1908 2484 ssd
1943 2431 2194 2501 propriis
2225 2432 2406 2484 oculis
2434 2431 2669 2500 percipi.

1892 2511 1913 2536 θ
1963 2504 2164 2567 Corpus
2233 2502 2450 2569 quidem
2508 2503 2711 2557 Christi
2778 2504 3200 2569 sanguinemqne
3283 2503 3516 2569 ﬁdeliter

1821 2573 2014 2637 credis,
2040 2574 2095 2626 id
2129 2578 2233 2636 est,
2265 2573 2422 2625 omni
2451 2573 2622 2625 dubio
2654 2575 3006 2642 postposito;
3044 2574 3256 2642 quippe
3289 2589 3414 2626 cum
3449 2580 3513 2642 fi-

1821 2644 2014 2696 deliter
2061 2644 2288 2706 credere,
2357 2645 2669 2696 secundum
2734 2644 3135 2712 theologorum
3193 2643 3414 2697 dicendi
3461 2650 3516 2697 et

1822 2714 2104 2768 scribendi
2132 2715 2414 2766 rationem
2447 2720 2707 2767 accurate
2739 2719 2794 2767 et
2824 2730 2926 2783 per
2953 2713 3151 2781 tidem,
3189 2713 3329 2766 nihil
3359 2715 3512 2768 aliud

1821 2784 2102 2853 signiticet
2131 2801 2301 2854 quam
2325 2786 2525 2854 procul
2552 2785 2724 2838 dubio
2750 2791 2804 2836 et
2822 2801 2888 2837 eo
2912 2784 3246 2854 postposito,
3296 2785 3394 2854 qui
3431 2791 3515 2838 est

1819 2856 2085 2909 credendi
2118 2856 2378 2908 omnium
2419 2855 2554 2908 tidei
2585 2856 2956 2908 articulorum
2992 2856 3213 2908 modus.
3252 2885 3316 2894 —
3349 2857 3510 2909 Intel-

1821 2927 1926 2992 lige
1956 2926 2098 2993 quod
2127 2943 2231 2980 non
2263 2929 2318 2980 in
2340 2928 2524 2993 specie,
2553 2926 2643 2978 sed
2670 2930 2727 2977 in
2749 2928 2950 2978 virtute
2980 2941 3175 2993 corpus
3207 2931 3257 2979 et
3285 2929 3509 2990 sanguis

1819 2998 2023 3052 Christi
2049 3000 2291 3051 existant
2339 3012 2456 3064 qua
2498 3001 2809 3050 cernuntur.
2862 2997 2973 3049 Vox
3023 2998 3243 3065 species,
3290 2998 3336 3048 si
3368 2997 3508 3049 ratio

1817 3067 2096 3120 habeatur
2136 3068 2287 3120 modi
2319 3067 2540 3120 dicendi
2574 3074 2629 3120 et
2663 3066 2945 3120 scribendi
2985 3067 3301 3131 Ratramni,
3336 3067 3509 3121 dubio

1820 3139 2014 3207 procul
2038 3138 2321 3208 signiﬁcat
2340 3140 2738 3205 apparitionem
2763 3138 2903 3190 visui
2929 3138 3263 3206 subjectam.
3293 3138 3349 3191 Id
3375 3154 3506 3190 vero

1815 3224 1932 3261 non
1966 3209 2076 3261 alia
2124 3209 2344 3277 indiget
2389 3208 2723 3276 probatione
2776 3224 2947 3278 quam
3001 3225 3064 3261 ex
3114 3209 3299 3261 verbis
3329 3208 3510 3261 sancti

1816 3279 2098 3333 Ambrosii
2149 3295 2277 3349 quae
2309 3279 2546 3348 profert,
2593 3279 2798 3348 quibus
2838 3279 3038 3331 asserit
3065 3279 3270 3332 virtute
3312 3294 3375 3331 ac
3404 3295 3507 3347 po-

1814 3355 2016 3402 testate
2068 3351 2198 3403 Jesu
2248 3349 2453 3404 Christi
2508 3365 2597 3402 res
2627 3350 2933 3419 productas
2988 3365 3107 3402 esse
3143 3349 3199 3402 in
3239 3349 3378 3402 alias
3417 3366 3507 3402 res

1814 3437 1940 3490 quas
1989 3426 2154 3474 erant
2192 3427 2359 3476 antea
2408 3425 2809 3474 commutatus:
2864 3423 2932 3474 Et
2971 3425 3209 3474 creatum
3231 3425 3508 3489 permutat

1811 3494 1870 3544 in
1900 3492 1960 3544 id
1984 3491 2127 3558 quod
2156 3497 2315 3544 antea
2344 3506 2447 3543 non
2468 3494 2670 3556 fuerat.

1881 3562 1908 3604 d
1956 3563 2100 3615 Vane
2144 3577 2267 3626 ergo
2317 3563 2497 3615 carnis
2545 3564 2692 3616 illius
2741 3566 3134 3614 sacramentum
3179 3565 3276 3614 est.
3324 3561 3502 3613 Inter-

1811 3648 1942 3702 pres
1973 3632 2333 3685 Calvinianus
2363 3632 2498 3684 anni
2533 3635 2685 3699 1672,
2730 3648 2796 3684 ex
2829 3631 2920 3702 bis
2955 3632 3338 3702 conjecturam
3373 3632 3504 3683 facit

1811 3701 1935 3756 loco
1967 3703 2135 3771 hujus
2170 3703 2320 3755 vocis
2365 3718 2504 3766 vere,
2537 3718 2665 3771 quae
2697 3701 3028 3754 adverbium
3055 3707 3156 3766 est,
3202 3701 3502 3768 legendam

1811 3789 1930 3826 esse
1962 3770 2295 3842 adjectivam
2325 3788 2480 3831 verae.
2515 3770 2728 3825 scilicet
2756 3787 2893 3825 verae
2922 3773 3101 3825 carnis
3133 3770 3284 3842 illius
3313 3786 3499 3842 sacra-

1811 3841 2043 3897 mentum
2070 3848 2146 3896 est
2200 3844 2327 3896 Haec
2359 3843 2639 3895 restitutio
2675 3843 2731 3894 in
2767 3844 2869 3894 hac
2909 3858 3074 3894 causa
3108 3841 3247 3894 mihi
3277 3841 3501 3894 videtur

1809 3914 2123 3984 mquilibris
2148 3921 2203 3966 et
2233 3929 2580 3983 magnopere
2610 3912 2956 3984 iuditl'erens.
2990 3913 3094 3984 sed
3120 3928 3248 3964 cum
3282 3919 3499 3984 veteres

1809 3983 2030 4039 codices
2062 3984 2434 4052 manuscripti
2456 3983 2632 4036 sancti
2651 3983 2934 4037 Ambrosii
2955 3988 3009 4034 et
3038 3983 3328 4036 Ratramni
3353 3983 3498 4035 lianc

1808 4072 2000 4109 vocem
2051 4055 2388 4125 adjectivam
2450 4071 2566 4108 non
2618 4055 2885 4118 referant,
2936 4053 3227 4107 communi
3271 4055 3496 4107 lectioni

1809 4128 2102 4181 adhaerere
2150 4143 2266 4179 non
2315 4126 2658 4179 destitimus.
2693 4126 2932 4193 Insuper
2986 4140 3118 4177 eum
3153 4125 3496 4179 Ratramnus

1807 4214 1873 4251 ex
1909 4198 2080 4251 verbo
2113 4199 2440 4252 sacramenti
2468 4203 2566 4249 aut
2593 4198 2844 4264 mysterii
2870 4196 3153 4265 intelligat
3173 4197 3326 4265 quod
3359 4212 3492 4249 cou-

1808 4269 1950 4321 tinet
1981 4268 2231 4338 aliquam
2266 4283 2386 4320 rem
2437 4270 2712 4320 occultam
2747 4273 2802 4320 et
2853 4268 3204 4320 reconditam
3236 4267 3496 4319 sensibus

1807 4337 2095 4392 humanis
2127 4338 2363 4390 minime
2411 4337 2746 4407 subjectum,
2790 4343 2849 4390 ut
2896 4338 2977 4390 ait
3021 4353 3262 4390 numero
3296 4340 3346 4403 9,
3383 4354 3493 4390 non

1807 4411 2024 4463 alienus
2063 4427 2096 4462 a
2149 4409 2471 4475 Paschasio,
2508 4408 2792 4479 conceptis
2842 4408 3028 4461 verbis
3056 4408 3282 4479 dicente?
3314 4409 3496 4477 capite

1810 4484 1840 4535 3
1901 4481 1989 4534 sui
2038 4485 2311 4533 tractatus
2367 4479 2436 4533 de
2490 4478 2740 4548 Corpore
2797 4484 2854 4531 et
2911 4479 3201 4549 Sanguine
3258 4478 3491 4532 Christi:

1813 4551 1962 4606 Unde
2009 4553 2328 4621 mysterium
2374 4551 2458 4604 vel
2501 4555 2920 4613 sacramentum,
2972 4550 3116 4621 quod
3165 4551 3297 4603 Deus
3346 4551 3495 4604 homo

1807 4625 1989 4687 factus
2020 4619 2115 4687 est,
2160 4623 2288 4689 jure
2327 4621 2559 4687 dicitur;
2590 4621 2684 4674 sed
2723 4623 3038 4686 mysterium
3082 4619 3285 4672 dictum
3322 4626 3400 4673 est
3438 4637 3495 4674 eo

1810 4692 1954 4759 quod
1991 4697 2266 4754 secretam
2293 4697 2343 4745 et
2388 4691 2720 4746 reconditam
2764 4694 2821 4745 in
2864 4707 2918 4744 se
2956 4690 3149 4744 habent
3181 4691 3492 4756 dispositio-

1809 4779 1947 4816 nem.
1985 4763 2169 4817 Nimio
2201 4778 2372 4832 opere
2410 4768 2631 4816 constat
2665 4763 2753 4815 his
2785 4763 3157 4815 Ratramuum
3180 4761 3272 4832 _vel
3300 4761 3494 4832 potius

1809 4838 2068 4886 sanctum
2092 4830 2455 4887 Ambrosium
2474 4833 2564 4886 hic
2586 4849 2653 4886 ex
2682 4849 2810 4885 voce
2829 4833 3155 4885 sacramenti
3177 4830 3493 4897 intelligere

1809 4905 2103 4978 carbasum
2129 4905 2446 4978 et_tiguram
2475 4920 2602 4978 qum
2619 4903 2774 4955 intus
2793 4902 3001 4954 occulit
3023 4916 3227 4978 corpus
3248 4899 3453 4978 Christi
3479 4919 3492 4970 ;

1809 4975 1924 5028 sive
1963 4991 2091 5028 vere
2122 4975 2310 5028 velum
2341 4975 2526 5026 carnis
2577 4989 2676 5025 seu
2721 4988 2868 5024 veras
2917 4975 3119 5034 carnis,
3177 4977 3237 5021 ut
3269 4975 3346 5020 ait.
3388 4987 3495 5023 uu-

1812 5061 1970 5099 mero
2022 5045 2311 5114 sequenti:
2353 5045 2502 5098 Vera?
2548 5042 2698 5095 illius
2745 5043 2926 5094 carnis
2960 5043 3015 5092 in
3065 5055 3173 5107 qua
3205 5043 3495 5107 cruci/imus

1809 5123 1886 5170 est
1915 5117 2112 5170 diceret
2127 5131 2237 5169 esse
2264 5117 2677 5168 sacramentum.

1881 5197 1903 5222 ε
1942 5189 2284 5253 Distinguens
2327 5187 2721 5238 sacramentum
2765 5183 2948 5235 carnis
2999 5198 3031 5234 Α
3080 5196 3336 5235 νειιιἸἈτε
3375 5197 3495 5235 car-

1809 5259 1915 5312 nis.
1962 5258 2339 5320 Quzestionem
2371 5255 2644 5322 disceptat
2684 5253 3028 5307 ilatramnus
3074 5267 3146 5304 an
3199 5268 3394 5305 revera
3424 5255 3500 5308 sit

1811 5344 1940 5381 caro
1971 5326 2175 5380 Christi
2224 5341 2351 5394 qua:
2409 5324 2670 5378 sensibus
2723 5323 3057 5394 percipitur,
3107 5323 3392 5392 frangitur
3444 5330 3499 5377 et

1811 5397 2095 5452 frustatim
2138 5393 2426 5450 dividitur.
2481 5395 2643 5458 Quod
2685 5394 2895 5448 scilicet
2936 5393 3044 5447 sibi
3076 5394 3498 5463 persuadebunt

1811 5468 1993 5522 intutis
2021 5483 2138 5520 suae
2169 5467 2272 5518 viri
2295 5467 2576 5531 catholici,
2614 5466 2929 5536 postposito
2964 5464 3228 5536 examine
3261 5464 3497 5516 rationis

1811 5556 1910 5592 seu
1950 5537 2105 5608 modi
2135 5552 2251 5608 quo
2291 5552 2380 5588 res
2421 5535 2756 5607 mysterium
2796 5540 2856 5589 in
2899 5535 3250 5590 Eucliaristia
3278 5539 3500 5608 poterat

1811 5609 2026 5663 efﬁeri:
2066 5605 2213 5661 sicut
2239 5623 2344 5660 nec
2371 5624 2444 5661 an
2479 5605 2666 5661 velum
2697 5614 2753 5659 et
2791 5621 3161 5676 couopasum,
3187 5620 3282 5676 seu
3315 5605 3498 5672 tigura

1811 5681 2025 5760 aliqua,
2055 5679 2114 5760 in
2139 5684 2496 5760 sacramentq
2524 5678 2905 5748 contingeret,
2942 5674 3094 5747 quod
3130 5674 3300 5728 iidem
3335 5676 3496 5728 theo-

1814 5749 1926 5822 logi
1957 5751 2200 5805 ﬁrmiter
2229 5749 2640 5821 peruegabant.
