3920 6224
333 226 421 276 liii

1507 225 1734 280 RATIIA
1749 226 1784 277 \l
1799 224 1864 279 Nl
1904 222 2361 280 CORBEIENSIS
2413 219 2722 276 MONACHI

3747 227 3836 276 lli‘.’

331 355 568 409 veritate
623 355 809 408 carnis
862 370 1034 426 quam
1086 359 1410 424 sumpserat
1435 353 1503 408 de
1537 355 1788 424 Virgine,
1816 353 2100 409 diceretA
2139 358 2259 407 tum
2307 369 2514 424 corpus
2589 369 2710 406 esse
2770 351 2976 408 Christi
3047 354 3368 408 conﬁtetur.
3443 353 3554 410 Sed
3613 352 3836 408 attende

332 460 464 499 eum
512 447 569 496 et
615 442 967 508 crucifixum,
1019 446 1075 496 et
1119 443 1438 512 sepultum,
1486 444 1640 514 quod
1691 459 1822 496 vero
1872 459 2026 497 nunc

332 534 521 604 agitur
551 532 608 585 in
658 531 902 585 Ecclesia
948 531 1310 602 mysterium,
1353 548 1500 585 veras
1545 532 1698 586 illius
1727 532 1932 598 carnis,
1967 533 2024 585 in

335 639 445 692 qua
501 621 804 674 cruciﬁxus
851 624 956 687 est,
1012 619 1199 673 dicere
1247 637 1366 673 esse
1415 627 1871 675 sacramentum:
1926 639 2022 692 pa—

334 717 519 765 tenter
565 709 762 763 ﬁdeles
809 709 1135 773 instituens,
1186 710 1340 779 quod
1374 710 1472 763 illa
1515 725 1670 775 caro,
1713 710 2028 764 secundum

334 815 508 867 quau:
557 805 614 852 et
653 797 955 852 cruciﬁxus
997 803 1080 850 est
1125 798 1376 851 Christus
1405 804 1460 851 et
1492 799 1766 868 sepultus,
1812 815 1923 852 non
1960 799 2033 851 sit

339 887 699 958 mysterium,
729 887 824 939 sed
859 886 1064 938 veritas
1097 891 1343 950 naturai;
1379 887 1499 939 lnec
1533 903 1684 952 vero,
1719 903 1870 948 caro,
1905 903 2031 957 quas

339 993 492 1033 nunc
522 975 963 1029 similitudinem
994 974 1148 1026 illius
1169 975 1225 1026 in
1251 975 1521 1044 mysterio
1552 977 1821 1038 continet,
1863 985 1887 1009 ιι
1917 992 2034 1028 non

342 1066 413 1118 sit
441 1064 628 1135 specie
674 1079 824 1128 caro,
868 1063 964 1115 sed
998 1068 1380 1115 sacramento:
1412 1062 1460 1116 si
1494 1062 1724 1132 quidem
1758 1062 1816 1116 in
1847 1065 2034 1132 specie

343 1153 507 1224 panis
538 1156 642 1216 est,
686 1152 743 1204 iu
776 1155 1134 1204 sacramento
1181 1166 1376 1203 verum
1431 1151 1635 1205 Christi
1673 1169 1900 1221 corpus,
1930 1153 2034 1204 sic-

345 1245 407 1294 ut
468 1243 588 1310 ipse
649 1241 854 1293 clamat
919 1239 1194 1293 Dominus
1258 1240 1477 1293 Jesus:
1549 1243 1657 1294 Hoc
1715 1247 1793 1294 cst
1844 1257 2036 1309 corpus

342 1345 535 1382 meum.

418 1418 595 1471 LVIII.
661 1418 800 1470 Item
871 1417 932 1472 iu
998 1418 1479 1488 consequentibus
1528 1418 1755 1487 (Ibid):
1821 1440 1842 1464 ι
1894 1417 2036 1482 Quid

345 1507 730 1570 comedamus,
764 1505 901 1576 quid
941 1505 1225 1572 bibamus,
1260 1505 1398 1560 alibi
1430 1507 1532 1559 tibi
1567 1522 1667 1574 per
1700 1507 2040 1576 l’rophetam

345 1595 587 1663 Spiritus
621 1601 847 1646 sanctus
891 1594 1188 1664 expressit,
1235 1594 1458 1648 dicens:
1497 1596 1748 1662 Gustata,
1793 1601 1842 1648 et
1871 1595 2044 1648 videte

2133 441 2618 514 quemadmodum

2707 441 3032 512 subjungit:
3123 442 3241 495 Non
3314 458 3449 512 ergo
3525 442 3836 512 corporalis

2135 548 2280 596 esca,
2309 531 2405 586 sed
2449 530 2761 601 spiritualis
2805 536 2906 584 est.
2947 551 2967 577 ι
3005 531 3127 584 Non
3173 531 3350 600 igitur
3381 548 3618 586 sensum
3653 531 3835 586 carnis

2137 621 2426 686 adhibeas,
2464 620 2601 672 nihil
2638 620 2788 672 eiiim
2831 619 3144 673 secundum
3175 636 3306 673 eum
3351 620 3443 673 hic
3483 621 3830 674 decernitur.

2136 722 2156 746 ε
2191 711 2280 764 Est
2310 710 2544 780 quidem
2590 726 2796 778 cei-pos
2829 708 3035 762 tl‘iristi
3063 725 3075 774 ;
3110 710 3208 763 sed
3247 726 3359 762 non
3388 711 3714 779 corporale,
3747 711 3836 763 sed

2140 799 2470 869 spirituale:
2518 803 2603 851 est
2645 798 2877 867 sanguis
2932 797 3168 863 Christi;
3206 799 3304 852 sed
3341 815 3457 852 non
3505 799 3836 868 corporalis,

2141 888 2239 941 sed
2277 886 2606 957 spiritualis.
2657 886 2804 940 Nihil
2841 886 3013 954 igitur
3041 885 3133 940 hic
3158 887 3554 956 corporaliter,
3585 887 3684 940 sed
3723 888 3836 958 spi-

2141 976 2426 1030 ritualiter
2471 975 2864 1028 sentiendum:
2917 991 3124 1043 corpus
3171 975 3378 1030 Christi
3428 980 3536 1034 est.
3582 976 3682 1029 sed
3731 991 3838 1028 non

2143 1065 2548 1133 corporaliter:
2603 1071 2658 1118 et
2705 1064 2937 1134 sanguis
2971 1065 3178 1118 Christi
3227 1069 3331 1130 est,
3365 1065 3460 1118 sed
3491 1082 3610 1119 non
3641 1082 3838 1134 corpo-

2144 1154 2358 1208 raliter.

2218 1242 2343 1295 LXI.
2408 1240 2546 1294 Item
2601 1244 3014 1310 consequenter
3064 1241 3289 1307 (Ibid.):
3339 1259 3366 1291 α
3419 1241 3576 1294 Unde
3624 1247 3683 1295 et
3720 1258 3844 1312 apo-

2146 1331 2343 1396 stolus,
2399 1328 2604 1398 inquit,
2655 1329 2723 1381 de
2755 1334 2890 1399 typo
2937 1330 3062 1396 ejus
3097 1331 3203 1382 ait:
3248 1330 3386 1395 Quia
3439 1335 3628 1400 patres
3679 1335 3845 1384 nostri

2147 1433 2320 1472 escam
2353 1418 2696 1482 spiritualem
2745 1417 3228 1480 manducaverant,
3263 1425 3311 1472 et
3343 1425 3528 1486 potum
3577 1422 3840 1486 spiritua-

2150 1507 2249 1560 lcm
2297 1505 2542 1558 biberunt
2573 1506 2622 1570 (1
2657 1506 2773 1560 Cor.
2817 1521 2869 1567 Χ,
2906 1509 2956 1572 3,
2991 1505 3066 1575 4).
3109 1509 3324 1578 Corpus
3356 1509 3510 1560 enim
3549 1509 3648 1561 Dei
3683 1507 3842 1576 spiri-

2154 1595 2305 1647 tuale
2337 1599 2452 1658 est;
2499 1610 2705 1663 corpus
2735 1593 2964 1660 Christi,
2993 1611 3199 1664 corpus
3229 1601 3316 1650 est
3345 1596 3522 1650 divini
3565 1597 3843 1666 Spiritus:

347 1688 606 1752 quoniam
653 1687 836 1737 suavis
888 1689 964 1736 ist
1010 1686 1304 1736 Dominus:
1350 1684 1533 1736 beatas
1577 1685 1665 1736 air
1721 1685 1816 1752 qui
1857 1689 2040 1751 sperat
2077 1655 2116 1707 Β
2155 1684 2288 1752 quia
2319 1681 2554 1752 spiritus
2602 1681 2877 1750 Christus,
2931 1689 2994 1736 ut
3045 1685 3286 1754 legimus
3317 1685 3374 1738 in
3404 1685 3687 1740 Threnis:
3728 1687 3844 1754 Spi-

348 1776 407 1825 in
439 1789 494 1826 eo
525 1774 691 1838 (Psal.
739 1787 940 1832 xxxiii,
983 1776 1056 1836 9).
1097 1794 1118 1818 υ
1165 1773 1308 1825 Num
1359 1774 1732 1842 corporaliter
1779 1777 2039 1842 gustatus

353 1861 447 1912 ille
479 1860 660 1929 panis,
695 1867 788 1912 aut
835 1861 974 1913 illud
1025 1860 1218 1913 vinum
1265 1861 1532 1928 lubitum,
1583 1860 1828 1913 ostendit
1867 1876 2037 1930 quam

351 1949 423 2001 sit
453 1948 640 2000 suavis
677 1949 995 2001 Dominus?
1031 1948 1314 2018 Quidquid
1357 1948 1509 2002 enim
1540 1949 1708 2018 sapit,
1743 1949 2040 2018 corporale

352 2041 436 2089 est
475 2043 530 2090 et
567 2037 756 2090 fauces
802 2037 1060 2090 delectat.
1107 2036 1376 2106 Nunquid
1428 2038 1738 2090 Dominum
1789 2042 2040 2107 gustare,

353 2141 688 2195 corporequ
722 2131 806 2178 est
835 2125 1049 2196 aliquid
1082 2125 1333 2180 sentire?
1369 2127 1575 2179 Invitat
1605 2142 1740 2194 ergo
1769 2126 2044 2196 Spiritua-

357 2217 423 2268 lis
482 2215 632 2284 gusti
663 2213 902 2284 [gustus]
948 2230 1212 2282 saporem
1261 2214 1524 2284 experiri.
1583 2220 1640 2267 et
1699 2215 1756 2267 in
1817 2215 1914 2267 illo
1957 2215 2042 2266 vel

355 2310 513 2373 potu,
549 2303 636 2357 vel
685 2319 852 2373 pane,
887 2303 1030 2356 nihil
1083 2303 1456 2372 corporaliter
1487 2303 1731 2371 opinari,
1762 2303 1915 2372 δίερά
1959 2306 2045 2354 to-

355 2398 478 2445 tum
514 2390 891 2462 spiritualiter
920 2391 1154 2454 sentire,
1197 2391 1470 2460 quoniam
1511 2391 1783 2443 Dominus
1815 2389 2050 2458 spiritus

358 2486 462 2543 est,
494 2485 550 2532 et
581 2479 765 2533 beatus
795 2481 1197 2549 virquisyerat
1225 2481 1375 2532 ineo.

433 2567 560 2622 LIX.
611 2568 751 2620 Item
798 2573 1214 2637 consequenter
1260 2565 1448 2636 (lbid.)
1500 2583 1512 2620 :
1568 2589 1594 2614 α
1630 2567 1692 2620 In
1739 2567 1836 2621 illo
1867 2583 2050 2621 sacra-

364 2661 556 2710 mento
607 2655 860 2710 Christus
911 2659 1013 2720 est,
1074 2657 1208 2725 quia
1251 2671 1457 2724 corpus
1506 2655 1712 2711 Christi
1757 2661 1880 2710 est:
1937 2673 2050 2709 non

363 2760 499 2814 ergo
571 2743 880 2813 corporalis
942 2759 1088 2803 esca.
1147 2743 1242 2796 sed
1291 2743 1606 2812 spiritualis
1653 2750 1752 2798 est.
1823 2767 1848 2792 η
1909 2746 2050 2809 Quid

366 2831 618 2902 apertius
637 2839 660 2884 Ρ
679 2831 814 2900 quid
840 2831 1193 2884 manifestius
1215 2831 1242 2885 ‘2
1269 2832 1404 2903 quid
1429 2832 1678 2886 divinius
1695 2833 1721 2886 '?
1745 2833 1838 2887 Ait
1864 2834 2051 2888 enim:

2147 1775 2288 1824 ritas
2342 1777 2466 1823 ante
2502 1770 2702 1838 faciem
2744 1775 2984 1825 nostram
3027 1774 3274 1827 Christus
3313 1776 3575 1828 Dominus
3629 1776 3840 1844 (Three.

2150 1877 2226 1928 ιγ,
2246 1859 2354 1926 20).
2381 1881 2407 1908 ››

2225 1949 2376 2002 LXII.
2426 1947 2890 2002 Luculentissime
2930 1948 3228 2020 sanguinis
3259 1955 3316 2004 et
3343 1951 3602 2020 corporis
3648 1951 3846 2006 Christi

2153 2037 2484 2106 mysterium
2527 2037 3015 2106 quemadmodum
3063 2038 3372 2092 debeamus
3401 2040 3733 2110 intelligere
3765 2041 3849 2094 do-

2153 2125 2288 2179 cuit.
2338 2125 2478 2178 Cum
2519 2125 2672 2178 enim
2724 2125 2956 2180 dixisset
3005 2129 3194 2195 patres
3237 2132 3462 2180 nostros
3504 2145 3696 2182 escam
3748 2130 3848 2198 spi-

2157 2214 2421 2267 ritualem
2449 2215 2842 2281 manducasse,
2877 2220 2932 2268 et
2971 2221 3172 2284 potum
3209 2215 3565 2286 spiritualem
3603 2217 3848 2278 bibisse;

2155 2317 2285 2354 cum
2319 2307 2512 2356 tamen
2537 2318 2745 2356 manna
2767 2303 2908 2356 illud
2941 2303 3097 2373 quod
3131 2305 3524 2374 comederunt,
3555 2310 3616 2359 et
3649 2323 3852 2376 aquam

2158 2407 2330 2462 quam
2377 2389 2666 2458 biberunt,
2714 2407 2990 2462 corporea
3041 2391 3216 2446 fuisse
3260 2409 3429 2447 nemo
3474 2394 3574 2465 qui
3609 2395 3851 2458 dubitet,

2162 2479 2510 2548 adjungitde
2561 2480 2828 2550 mysterio
2871 2481 3022 2550 quod
3073 2480 3133 2534 in
3177 2481 3416 2534 Ecclesia
3459 2499 3616 2536 nunc
3647 2485 3854 2552 agitur,

2161 2568 2440 2622 deﬁniens
2487 2569 2799 2622 secundum
2849 2569 2983 2640 quid
3028 2586 3234 2640 corpus
3285 2569 3357 2623 sit
3385 2571 3627 2626 Christi:
3667 2593 3699 2622 ‹‹
3731 2573 3852 2626 Cor-

2165 2671 2269 2726 pus
2298 2656 2448 2708 enim
2479 2656 2595 2720 Dei,
2629 2656 2919 2726 inquiens,
2942 2673 3146 2726 corpus
3177 2661 3262 2710 est
3291 2659 3608 2729 spirituale.
3647 2681 3676 2710 »
3721 2661 3856 2713 Deus

2162 2743 2360 2812 utique
2407 2743 2699 2798 Christus:
2751 2749 2807 2799 et
2853 2762 3057 2815 corpus
3088 2747 3240 2816 quod
3285 2749 3532 2818 sumpsit
3578 2750 3654 2803 de
3695 2749 3858 2803 Maria

2165 2831 2416 2900 Virgine,
2452 2833 2604 2902 quod
2637 2850 2886 2903 passum,
2927 2835 3082 2904 quod
3122 2835 3410 2903 sepultum
3443 2841 3542 2897 est.
3589 2837 3753 2906 quod
3789 2855 3858 2890 re-

368 2941 392 2970 «
437 2923 500 2974 In
535 2921 634 2974 illo
675 2927 1030 2973 sacramento
1073 2919 1329 2974 Christus
1369 2925 1472 2974 est.
1517 2941 1543 2972 ι)
1585 2923 1706 2976 Νοη
1745 2923 1898 2975 enim
1940 2922 2048 2976 ait:
2086 2953 2126 3006 Ο
2164 2921 2430 2985 surrexit,
2471 2937 2674 2991 corpus
2706 2922 2901 2993 utique
2945 2939 3142 2976 verum
3175 2923 3301 2990 fuit,
3339 2924 3394 2976 id
3425 2929 3510 2976 est
3540 2925 3702 2995 quod
3737 2925 3855 2978 visi-

366 3010 462 3063 ltle
492 3009 672 3079 panis,
710 3013 764 3061 et
795 3009 932 3062 illud
984 3009 1199 3072 vinum,
1235 3009 1490 3063 Christus
1539 3016 1642 3063 est.
1692 3010 1852 3074 Quod
1883 3011 1928 3064 si
1971 3010 2056 3065 di-

368 3103 542 3162 ceret,
577 3095 862 3150 Christum
911 3096 1344 3166 corruptibilem
1377 3097 1554 3166 (quod
1595 3097 1760 3168 absit)
1815 3102 1870 3151 et
1913 3115 2059 3151 mor-

371 3185 574 3240 talitati
620 3183 940 3253 subjectum
969 3184 1338 3254 praedicaret:
1373 3185 1652 3256 quidquid
1684 3187 1834 3240 enim
1875 3187 1935 3240 in
1965 3187 2060 3240 illa

371 3291 494 3328 esca
533 3272 914 3327 vel.cernitur
959 3274 1044 3326 vel
1083 3279 1342 3343 gustatur
1389 3275 1784 3344 corporaliter,
1827 3291 2059 3346 corrup-

371 3362 624 3418 tibilitati
655 3366 872 3415 constat
901 3361 1212 3416 obnoxium
1239 3379 1378 3417 esse.

444 3453 548 3507 LX.
582 3451 789 3507 Addit:
821 3471 848 3501 (ι
877 3451 1020 3515 Quia
1065 3465 1269 3520 corpus
1318 3451 1528 3506 Christi
1577 3458 1681 3506 est.
1736 3475 1762 3503 ››
1810 3453 2066 3525 lnsurgis

375 3548 432 3596 et
463 3541 636 3595 dicis:
687 3541 824 3594 Ecce
873 3540 1172 3594 manifeste
1213 3540 1372 3594 illum
1425 3557 1634 3611 panem
1669 3546 1725 3596 et
1765 3542 1928 3596 illum
1959 3559 2064 3613 po-

445 3711 470 3736 ι
501 3702 618 3756 Non
655 3703 730 3755 sit
775 3703 949 3768 specie
996 3715 1122 3754 caro
1167 3699 1263 3754 sed
1308 3706 1660 3755 sacramento.
1713 3701 1784 3755 Ex
1842 3701 2068 3771 integro

375 3777 618 3826 tractatu
669 3771 964 3826 Hatramni
1009 3771 1382 3840 intelligimus
1436 3789 1538 3842 per
1585 3773 1832 3842 speciem
1873 3773 2068 3826 neuti-

377 3859 549 3914 quam
581 3843 898 3912 signiﬁcarc
924 3843 1068 3914 velle
1103 3847 1316 3896 natura:
1343 3847 1643 3907 ceritatem,
1673 3859 1770 3898 seu
1803 3849 2068 3897 naturam

377 3913 585 3983 ipsam,
619 3929 790 3983 quam
831 3913 1080 3982 speciem
1127 3919 1334 3966 vocant
1373 3914 1723 3983 philosophi,
1763 3930 1828 3967 ex
1859 3930 2069 3982 genere

381 3989 436 4038 et
465 3983 795 4053 diﬁ'erentia
835 3988 1313 4051 coagmentatam,
1365 3985 1459 4036 sed
1509 3985 1872 4038 solummodo
1901 4001 2073 4053 appa-

381 4055 649 4124 ritionem
689 4058 744 4107 et
783 4052 1096 4124 imaginem
1143 4069 1468 4124 expressam
1517 4055 1778 4108 sensibus
1807 4052 2072 4108 humanis

383 4123 732 4196 subjectam;
766 4122 882 4176 sive
915 4122 1232 4176 accidentia
1276 4125 1538 4178 sensibus
1580 4131 1832 4196 accepta,
1867 4131 1930 4179 ut
1950 4127 2070 4196 jam

381 4194 742 4248 observatum
771 4197 854 4246 est
883 4209 1124 4246 numero
1160 4197 1242 4248 l2.

2165 3009 2277 3062 bile
2329 3014 2496 3079 atque
2544 3011 2825 3080 palpabile
2863 3012 3144 3065 manebat.
3197 3014 3266 3065 At
3297 3029 3428 3066 vero
3469 3029 3686 3082 corpus
3717 3015 3860 3085 quod

2167 3097 2502 3166 mysterium
2547 3097 2646 3150 Dei
2687 3099 2914 3163 dicitur,
2947 3116 3060 3153 non
3099 3105 3180 3153 est
3209 3101 3524 3170 corporale,
3557 3102 3658 3155 sed
3697 3104 3860 3174 spiri-

2168 3186 2358 3239 tualc:
2402 3185 2554 3256 quod
2605 3186 2650 3239 si
2698 3188 3014 3256 spirituale,
3062 3189 3180 3258 jam
3237 3205 3356 3242 non
3401 3189 3628 3242 visibile
3685 3208 3862 3262 neque

2169 3274 2476 3344 palpabile.
2511 3274 2649 3328 Hinc
2691 3274 2891 3329 beatus
2921 3276 3254 3330 Ambrosius
3286 3277 3618 3347 subjungit:
3678 3303 3700 3328 ε
3739 3280 3864 3332 Cor-

2171 3379 2298 3432 pus,
2347 3361 2636 3432 iuquieus,
2679 3363 2906 3431 Christi,
2957 3382 3162 3434 corpus
3205 3371 3288 3418 est
3327 3365 3503 3418 divini
3533 3366 3810 3435 Spiritus.
3845 3390 3860 3415 ι

2178 3451 2408 3504 Diviuus
2437 3456 2630 3504 autem
2671 3451 2914 3522 Spiritus
2961 3453 3106 3506 nihil
3149 3468 3510 3523 corporeum,
3551 3455 3710 3508 nihil
3753 3471 3859 3508 cor-

2173 3538 2465 3610 ruptibile,
2517 3539 2657 3594 nihil
2701 3541 2986 3610 palpabile
3045 3541 3197 3612 quod
3251 3543 3342 3608 sit,
3372 3541 3584 3596 existit.
3649 3547 3729 3597 At
3779 3545 3870 3597 hoc

2175 3698 2552 3751 necessariam
2599 3703 2656 3752 et
2701 3699 3117 3752 conducibilem
3156 3699 3224 3752 ad
3265 3701 3714 3768 expungendam
3763 3717 3871 3754 am-

2177 3768 2493 3838 phiboliam
2541 3770 2713 3840 hujus
2761 3771 2908 3824 vocis
2955 3773 3325 3839 corporaliter.
3359 3787 3488 3840 quae
3529 3772 3716 3824 videri
3753 3789 3870 3840 pos-

2177 3845 2263 3892 set
2309 3840 2654 3909 quibusdam
2692 3841 3001 3912 excludere
3051 3847 3108 3894 et
3157 3843 3381 3912 tollere
3411 3842 3874 3912 qualemcunque

2178 3911 2545 3980 praesentiam
2587 3911 2702 3964 veri
2743 3912 2998 3976 corporis
3021 3913 3152 3965 Jesu
3185 3911 3409 3964 Christi.
3435 3911 3558 3966 Sed
3599 3930 3736 3966 cum
3765 3911 3874 3966 sin-

2180 3998 2305 4034 cere
2359 3987 2720 4050 recognoscat
2765 3983 3106 4036 Ratramuus
3161 3999 3358 4035 verum
3399 3998 3610 4048 corpus
3671 3984 3874 4038 Christi

2181 4068 2376 4106 revera
2419 4053 2727 4105 consistere
2795 4069 2894 4106 seu
2969 4069 3306 4121 permanere
3355 4053 3412 4106 in
3482 4055 3876 4118 Eucharistia;

2181 4139 2422 4194 eamque
2462 4128 2880 4177 sacramentum
2920 4140 3040 4176 esse
3081 4139 3228 4176 verte
3267 4123 3472 4186 carnis,
3519 4125 3748 4179 scilicet
3789 4143 3880 4194 pa-

2181 4194 2436 4262 ropidem
2477 4211 2590 4263 qua
2633 4194 3004 4264 prteciugitur
3049 4201 3103 4247 et
3141 4195 3438 4256 occulitur,
3485 4196 3625 4264 quia
3657 4198 3880 4250 nullum

453 4264 606 4336 bSen
626 4267 814 4336 totum
851 4265 1222 4336 spiritualiter
1262 4267 1477 4336 sentire.
1506 4265 1736 4336 Scilicet
1785 4265 1935 4336 quod
1969 4282 2072 4319 no-
2099 4251 2142 4304 Ῑ)
2184 4251 2270 4336 est
2313 4251 2650 4336 mysterium
2697 4265 2796 4318 ubi
2845 4251 2990 4318 nihil
3047 4251 3438 4332 reconditum,
3473 4251 3714 4336 oportet.
3757 4283 3880 4319 eum

383 4334 470 4389 bis
508 4335 566 4388 in
623 4335 991 4389 Eucharistim
1039 4335 1310 4404 mysterio
1359 4335 1696 4404 porrigitur.
1746 4334 1876 4391 llaec
1919 4337 2074 4391 enim

387 4422 502 4458 non
527 4405 852 4477 signiﬁcant
881 4407 1066 4477 solum
1107 4422 1228 4459 esse
1272 4407 1518 4477 ﬁguram
1552 4411 1607 4460 et
1637 4407 1903 4477 spiritum
1925 4407 1984 4460 in
2007 4409 2076 4461 iis

386 4493 514 4546 quas
549 4475 878 4545 recipimus,
927 4476 1042 4530 sive
1106 4475 1344 4546 corpore
1399 4476 1624 4542 Christi,
1666 4475 1787 4532 'sed
1843 4485 2077 4532 econtra

385 4562 582 4620 verum
611 4546 823 4600 Christi
859 4547 1083 4620 Domini
1113 4564 1319 4620 corpus
1349 4547 1514 4620 nobis
1543 4548 1758 4620 porrigi
1787 4553 1838 4603 et
1874 4549 2072 4603 admo-

385 4618 502 4672 veri
531 4634 660 4672 cum
693 4634 796 4689 suo
828 4619 1129 4688 sanguine,
1158 4619 1328 4672 modo
1360 4618 1618 4673 sensibus
1647 4618 1765 4674 non
1795 4621 2074 4689 subjecto,

385 4690 480 4744 sed
511 4687 813 4760 Spirituali.
861 4687 1014 4743 Mens
1063 4689 1216 4760 enim
1251 4689 1547 4742 Ratramni
1574 4707 1685 4742 non
1717 4697 1803 4743 est
1833 4687 2076 4760 probare

385 4759 568 4832 solani
607 4776 727 4814 esse
771 4761 1018 4832 ﬁguram
1065 4759 1123 4812 in
1166 4768 1541 4832 sacramento,
1593 4761 1686 4814 sed
1739 4759 1988 4832 aliquam
2022 4767 2079 4815 et

384 4831 758 4902 aliquantam.
808 4831 988 4895 Quam
1025 4831 1365 4902 sententiam
1399 4832 1691 4902 amplexus
1731 4837 1816 4884 est
1838 4831 2080 4886 Pascha-

385 4901 522 4974 sius,
581 4918 754 4974 quem
815 4918 1009 4974 nemo”
1047 4901 1306 4974 eruditus
1355 4901 1643 4974 inﬁciatur
1685 4903 1826 4974 quin
1878 4919 2075 4956 verum

386 4971 618 5026 Christi
631 4988 839 5042 corpus
869 4973 929 5026 in
976 4971 1326 5032 Eucharistia
1357 4973 1718 5025 reconditum
1751 4973 1924 5026 latere
1954 4989 2073 5026 cre-

385 5043 592 5097 diderit
621 5059 749 5096 cum
781 5044 1048 5097 universa
1084 5043 1343 5109 Ecclesia,
1379 5049 1440 5096 ut
1479 5059 1653 5112 supra
1682 5045 2072 5097 ostendimus:

386 5114 601 5184 quippe
641 5130 772 5168 cum
817 5113 1017 5167 eadem
1065 5114 1290 5168 dicendi
1328 5113 1512 5167 forma
1547 5114 1626 5167 uti
1669 5130 1784 5168 non
1815 5115 2076 5168 abnuerit

385 5185 446 5237 in
490 5185 728 5254 epistola
775 5185 843 5236 ad
899 5185 1324 5254 Frudgardum:
1355 5185 1433 5238 Et
1463 5190 1632 5239 totum
1673 5187 1962 5254 spirituale
1999 5191 2079 5240 est

387 5257 531 5325 quod
559 5255 859 5309 celebratur
879 5258 936 5309 in
960 5257 1054 5310 hoc
1082 5261 1436 5311 sacramento.

457 5336 480 5361 ⁵
505 5328 710 5396 Corpus
756 5327 971 5380 Christi
1011 5331 1106 5389 est,
1156 5327 1250 5382 sed
1281 5343 1387 5382 non
1427 5327 1816 5396 corporaliter;
1862 5330 1914 5380 et
1948 5340 2076 5380 san-

387 5399 508 5464 guis
541 5399 746 5453 Christi
775 5402 874 5459 est,
913 5397 1008 5450 sed
1041 5413 1148 5451 non
1193 5397 1568 5466 corporaliter.
1617 5397 1676 5450 Id
1711 5401 1796 5450 est
1819 5397 2077 5450 sensibus

387 5468 724 5538 subjectum,
767 5469 940 5538 quod,
973 5470 1256 5522 frustatim
1307 5475 1495 5537 potest
1531 5467 1775 5538 discerpi
1805 5473 1860 5520 et
1891 5467 2077 5522 deuti-

387 5538 492 5592 bus
515 5539 699 5592 atteri.
751 5539 1201 5609 Explicationem
1248 5540 1550 5610 adjicimus
1583 5539 1869 5608 ejusmodi
1913 5539 2074 5592 valde

2185 4334 2508 4404 intelligere
2537 4351 2608 4389 ex
2631 4336 2734 4389 hoc
2761 4336 3028 4389 adverbio
3061 4337 3412 4404 corporaliter
3443 4334 3689 4390 modum
3725 4344 3880 4390 natu-

2183 4405 2364 4458 ralem
2387 4411 2444 4458 et
2461 4422 2824 4459 communem
2844 4406 3116 4459 existeudi
3133 4407 3414 4470 omnium,
3441 4407 3598 4460 nullo
3623 4409 3880 4473 dempto.

2184 4492 2514 4544 corporum,
2542 4477 2596 4530 id
2639 4483 2724 4530 est
2752 4477 3012 4529 sensibus
3039 4478 3424 4546 subjectorum
3465 4484 3518 4530 et
3561 4478 3882 4532 friabiliuui

2186 4563 2314 4620 quas
2347 4552 2588 4620 possunt.
2630 4547 2922 4620 frustatim
2955 4547 3217 4620 discerpi.
3271 4549 3382 4600 Hoc
3414 4564 3596 4617 genus
3629 4551 3884 4620 corporis

2182 4618 2314 4671 Jesu
2345 4619 2556 4672 Christi
2593 4634 2798 4686 corpus
2841 4617 3420 4686 spirituale’appellat.
3451 4617 3798 4674 Paschasius
3835 4621 3884 4672 in

2185 4687 2428 4760 epistola
2479 4689 2548 4742 ad
2603 4689 3037 4758 Frudgardum;
3091 4695 3146 4742 et
3197 4690 3542 4744 Ratramnus
3594 4693 3886 4760 conceptis

2183 4759 2371 4812 verbis
2399 4763 2456 4812 et
2483 4775 2745 4828 expresse
2777 4760 2856 4812 ait
2896 4775 3106 4828 corpus
3141 4766 3198 4814 et
3227 4761 3565 4829 sanguinem
3617 4759 3886 4816 Enthari-

2185 4829 2389 4882 sticum
2451 4831 2762 4883 secundum
2829 4830 3076 4898 speciem
3129 4836 3185 4884 et
3237 4831 3658 4900 apparitionem
3719 4841 3886 4901 atque

2185 4901 2362 4954 oculis
2391 4901 2804 4970 subjectionem
2839 4917 2961 4953 esse
2994 4901 3229 4970 ﬁguras,
3267 4903 3361 4954 sed
3395 4903 3718 4956 secundum
3757 4905 3882 4955 sub-

2186 4971 2455 5024 stantiam
2503 4971 2681 5025 oculis
2729 4988 2844 5025 non
2894 4972 3226 5040 subjectam,
3279 4972 3510 5036 scilicet,
3567 4977 3882 5041 potentiam

2187 5042 2519 5115 Verbigesse
2543 5059 2674 5096 vere
2712 5058 2916 5115 corpus
2937 5049 2993 5094 et
3025 5043 3625 5115 sanguinemChristi.
3667 5045 3886 5115 Figura!

2183 5118 2330 5172 sunt,
2363 5113 2570 5178 inquit,
2613 5114 2902 5166 secundum
2947 5116 3174 5180 speciem
3203 5113 3487 5172 visibilem,
3539 5121 3600 5167 at
3643 5113 3772 5168 vero
3810 5131 3886 5167 se—

2184 5183 2418 5235 cundum
2444 5183 2770 5237 inuisibilem
2789 5184 3171 5248 substantiam,
3197 5185 3256 5236 id
3277 5189 3352 5236 est
3383 5185 3562 5236 divini
3590 5191 3882 5254 potentiam

2191 5253 2373 5317 Verbi,
2407 5269 2528 5307 aere
2557 5269 2748 5322 corpus
2791 5260 2846 5308 et
2870 5259 3094 5322 sanguis
3126 5257 3337 5308 Christi
3365 5261 3510 5308 sunt.
3545 5253 3688 5318 Quis
3731 5273 3882 5310 men-

2184 5323 2258 5376 tis
2309 5341 2542 5394 compos
2596 5326 2770 5378 homo
2817 5341 3028 5392 negare
3080 5331 3268 5393 potest
3319 5343 3383 5378 co
3429 5325 3536 5378 loci
3591 5343 3756 5381 num.
3823 5329 3882 5380 49

2183 5395 2520 5468 vocabulum
2551 5411 2672 5468 vere
2719 5396 3042 5462 signiﬁcare
3082 5411 3289 5464 reapse,
3322 5411 3530 5460 revera,
3573 5403 3634 5450 et
3665 5415 3733 5451 ex
3769 5415 3886 5468 pro-

2183 5465 2358 5535 lapsae
2379 5465 2698 5519 Latinitatis
2731 5484 2834 5520 usu
2865 5482 3144 5520 κεεκιιτειι.
