3920 6224
102 306 180 355 ιξίίι
1210 303 1300 359 DE
1340 304 1664 360 CORPOBE
1707 305 1724 359 1

1973 306 2174 360 BUINE
2217 305 2475 358 DIMIINI.
3499 307 3592 359 liii

92 454 293 510 corpus
325 438 482 511 quod
537 437 598 492 in
638 435 886 492 Ecclesia
915 437 1254 504 celebratur,
1288 438 1604 492 secundum
1651 437 1780 492 visi-
1815 442 1858 494 A
1896 437 2025 505 ista,
2075 436 2217 491 nihil
2249 436 2308 490 in
2339 440 2476 507 potu
2516 435 2624 490 isto
2673 435 3050 506 corporaliter
3076 435 3459 503 sentiendum,
3493 435 3588 489 sed

95 528 258 584 bilem
293 528 542 599 speciem
560 531 617 581 et
648 525 1021 598 corruptibile
1053 532 1137 581 est
1179 532 1234 580 et
1265 527 1568 597 palpabile.

154 617 342 672 LXIII.
375 615 680 680 Quomodo
721 632 859 683 ergo
921 615 1098 670 divini
1146 615 1394 686 Spiritus
1425 632 1634 687 corpus
1663 631 1785 670 esse

95 705 338 760 dicitur?
363 706 688 760 Secundum
723 705 829 759 hoc
852 705 1050 775 utique
1080 705 1228 775 quod
1262 704 1556 776 spirituale
1587 711 1690 772 est,
1728 703 1782 757 id

93 804 189 862 est,
228 795 548 848 secundum
594 795 747 865 quod
782 793 1065 848 invisibile
1110 793 1369 847 consistit
1397 799 1455 848 et
1507 793 1785 863 impalpa-

90 882 217 944 bile,
251 897 318 934 ac
345 897 451 951 per
483 883 591 935 hoc
621 880 1072 951 incorruptibile.

154 969 335 1022 LXIV.
406 969 548 1024 Hinc
595 970 654 1022 in
683 968 1166 1039 consequentibus
1207 968 1404 1036 (Ιόἰά.)
1469 985 1480 1023 :
1543 990 1564 1018 ι
1643 969 1787 1033 Quia

93 1057 332 1126 Spiritus
386 1058 664 1121 Christus,
710 1063 772 1112 ut
805 1059 1045 1128 legimus
1079 1074 1090 1111 :
1151 1060 1397 1127 Spiritus
1434 1063 1557 1111 ante
1589 1060 1786 1124 faciem

93 1149 326 1200 nostram
373 1149 624 1202 Christus
697 1150 975 1201 Dominus.
1043 1168 1070 1195 ιι
1122 1157 1146 1180 ιλ
1209 1149 1474 1200 I’atenter
1539 1148 1787 1200 ostendit

93 1235 405 1288 secundum
475 1235 630 1306 quod
688 1235 965 1289 habeatur
1013 1252 1222 1306 corpus
1255 1235 1482 1302 Christi,
1531 1236 1789 1289 videlicet

95 1324 404 1378 secundum
449 1323 508 1378 id
566 1325 717 1396 quod
756 1326 824 1378 sit
858 1325 916 1378 in
947 1341 1014 1379 eo
1067 1325 1310 1396 Spiritus
1343 1324 1573 1389 Christi,
1612 1325 1669 1378 id
1703 1329 1789 1378 est

96 1412 266 1465 divini
299 1414 558 1482 potentia
587 1414 772 1479 Verbi,
835 1430 963 1484 quas
997 1429 1114 1468 non
1167 1414 1353 1468 solum
1385 1413 1638 1467 animam
1679 1430 1788 1484 pa-

96 1502 212 1565 scit,
259 1519 456 1555 verum
497 1502 669 1556 etiam
696 1509 916 1572 purgat.

160 1592 307 1644 LXV.
341 1593 582 1662 Propter
610 1592 762 1662 quod
791 1593 913 1662 ipse
943 1592 1080 1646 dicit
1134 1597 1332 1647 auctor
1374 1601 1791 1663 consequenter

97 1679 326 1746 (Ibid):
363 1701 388 1727 α
428 1679 686 1750 Denique
733 1696 824 1734 cor
880 1686 1124 1734 nostrum
1178 1697 1298 1736 esca
1327 1685 1432 1735 ista
1483 1685 1785 1750 conﬁrmat,

1043 1168 1070 1195 κ
1122 1157 1146 1180 ll

99 1774 141 1822 et
192 1745 354 1837 potus
393 1745 633 1833 lzti/icdt
683 1785 772 1823 cor
828 1769 1061 1824 hominis
1118 1771 1284 1840 (Psal.
1359 1787 1471 1835 cui,
1561 1745 1664 1835 1⁷5),
1730 1745 1860 1824 utB

103 1858 380 1927 Propheta
403 1861 895 1912 commemoravit.
939 1881 966 1908 ››
1005 1860 1150 1913 Num
1191 1876 1314 1913 esca
1343 1861 1654 1930 corporalis
1696 1876 1794 1914 cor

101 1945 348 1999 hominis
377 1948 702 2013 conlirmat,
744 1953 801 2002 et
838 1953 1004 2018 potus
1049 1964 1356 2018 corporeus
1406 1949 1656 2003 laetificat
1697 1965 1794 2004 cor

104 2033 390 2087 hominis?
439 2035 548 2088 Sed
583 2041 644 2088 ut
682 2036 1006 2089 ostenderet
1041 2053 1170 2107 qua:
1203 2054 1328 2090 esca
1371 2039 1455 2091 vel
1487 2038 1583 2108 qui
1631 2043 1795 2108 potus

106 2123 210 2174 sint
249 2121 320 2175 de
349 2123 560 2192 quibus
607 2124 881 2193 loquitur,
924 2125 1141 2178 addidit
1170 2125 1484 2196 signanter,
1530 2142 1648 2181 esca
1688 2130 1794 2182 ista

106 2211 206 2266 vel.
238 2215 400 2278 potus
431 2214 552 2265 iste.
590 2233 614 2260 τι
645 2213 780 2276 Quae
811 2216 960 2267 ista?
1014 2216 1096 2267 vel
1133 2215 1231 2285 qui
1287 2218 1426 2270 iste?
1459 2217 1676 2286 Corpus
1709 2217 1794 2271 ni-

107 2299 312 2352 mirum
343 2300 575 2365 Christi,
599 2318 804 2371 corpus
819 2302 996 2355 divini
1031 2303 1306 2373 Spiritus;
1359 2310 1414 2357 et
1455 2309 1515 2356 ut
1545 2304 1797 2373 apertius

103 2386 438 2455 inculcetur,
518 2389 753 2459 spiritus
833 2390 1108 2453 Christus,
1169 2391 1236 2444 de
1296 2408 1409 2461 quo
1494 2392 1794 2460 loquitur:

105 2476 341 2542 Spiritus
387 2481 514 2530 ante
567 2479 767 2544 faciem
822 2484 1063 2533 nostram
1124 2480 1370 2535 Christus
1436 2483 1715 2534 Dominus.
1770 2503 1796 2527 η

107 2564 315 2626 Quibus
347 2565 618 2618 omnibus
667 2566 960 2620 evidenter
1009 2568 1326 2622 ostenditur
1371 2569 1515 2624 nihil
1565 2570 1625 2623 in
1673 2587 1800 2623 esca

179 2733 200 2757 ⁸
232 2726 486 2777 Patenter
517 2724 750 2796 ostendit
798 2725 1087 2778 secundum
1116 2726 1260 2795 quod
1311 2725 1575 2780 habeatur
1608 2742 1801 2796 corpus

112 2798 334 2858 Christi,
371 2802 478 2847 etc.
515 2795 854 2849 Ratramnus
876 2799 1117 2865 explicat
1145 2814 1257 2866 qua
1295 2797 1515 2851 ratione
1547 2803 1602 2850 et
1634 2795 1802 2851 modo

114 2867 388 2918 habemus
422 2883 631 2934 corpus
664 2867 873 2920 Christi
908 2869 962 2919 in
1004 2869 1220 2921 ratione
1287 2884 1428 2921 esca:
1460 2875 1514 2921 et
1543 2869 1803 2922 alimenti

112 2937 312 2990 animus
345 2943 574 2990 nostrae.
613 2937 676 2989 Iit
705 2953 831 2990 cum
860 2944 1076 2990 certum
1110 2940 1182 2990 sit
1229 2939 1511 3006 ejusmodi
1544 2939 1804 2994 aliment-

111 3014 219 3059 tui;-
248 3008 508 3086 animam
553 3025 665 3059 non
691 3007 922 3100 .iJiultrire
953 3009 1134 3062 instar
1164 3010 1423 3090 alimenti
1454 3011 1729 3064 ordinarii
1751 3016 1804 3064 et
1835 3045 1874 3100 Ο

111 3081 358 3131 consueti
393 3095 621 3147 corpus,
651 3079 909 3132 videlicet
961 3096 1063 3148 per
1094 3080 1522 3134 conversionem
1563 3088 1804 3134 natura—

114 3149 217 3202 lem
276 3149 613 3202 substantiae
670 3150 729 3202 in
779 3151 1015 3205 alterum
1070 3151 1466 3215 subslanliam,
1511 3169 1614 3205 nos
1643 3154 1807 3206 docet

113 3236 448 3288 permanere
493 3237 702 3288 corpus
754 3221 959 3274 Christi
1019 3221 1075 3273 in
1110 3222 1414 3274 animabus
1459 3223 1685 3288 nostris,
1745 3223 1802 3276 in

114 3298 387 3359 quantum
426 3291 594 3364 nobis
616 3299 938 3364 porrectum
972 3297 1054 3344 est
1085 3291 1140 3344 in
1177 3291 1545 3358 Eucliaristia,
1598 3295 1802 3364 praedi-

115 3367 226 3415 tum
258 3361 522 3434 potentia
553 3362 739 3426 Verbi,
773 3378 900 3433 quae
932 3379 1048 3415 nou
1087 3363 1267 3416 solum
1301 3363 1498 3430 nutrit,
1533 3361 1627 3417 sed
1665 3381 1803 3434 pur-

115 3441 206 3498 gat
238 3439 292 3485 et
333 3433 542 3485 liberat
599 3437 840 3500 peccatis
885 3435 1135 3487 animam
1199 3444 1465 3496 nostram,
1514 3433 1805 3489 secundum

115 3503 171 3577 id
194 3504 336 3577 quod
368 3506 535 3577 sit_in
564 3519 621 3557 eo
653 3504 895 3577 Spiritus
921 3505 1145 3577 Christi,
1179 3503 1231 3577 id
1275 3510 1358 3558 est
1389 3506 1566 3577 divini
1601 3514 1805 3577 poten-

116 3576 189 3624 tia
218 3575 402 3626 Verbi.
449 3575 627 3646 Porro
660 3576 717 3627 in
749 3574 836 3626 his
873 3576 1144 3628 omnibus
1179 3576 1318 3628 nihil
1379 3574 1614 3630 videtur
1634 3594 1802 3646 repu-

116 3660 283 3712 gnare
337 3645 642 3697 sententia».
701 3661 891 3697 veram
956 3645 1072 3698 veri
1131 3647 1388 3716 corporis
1438 3645 1804 3716 praesentiam

118 3716 484 3787 constituenti
517 3716 634 3768 sive
672 3717 999 3782 realitatem,
1049 3733 1222 3786 quam
1257 3725 1460 3771 vocant
1505 3719 1758 3787 theologi
1788 3735 1801 3773 :

118 3785 174 3836 in
203 3802 312 3856 qua
373 3787 658 3839 sententia
711 3793 769 3840 et
819 3785 1082 3840 suasione
1137 3805 1247 3840 non
1293 3787 1621 3842 dubitamus
1662 3785 1804 3842 reci-

121 3856 316 3924 piendo
352 3873 484 3908 vere
535 3873 726 3909 veram
766 3873 994 3911 carnem
1056 3859 1261 3911 Christi
1330 3863 1500 3912 modo
1546 3860 1808 3914 sensibus

121 3927 366 3993 corporis
425 3943 544 3980 non
605 3927 882 3995 subjecto,
936 3927 1308 3982 nutritionem
1359 3932 1562 3984 animae
1601 3937 1806 3985 nostra:

124 3999 297 4050 elfieri
323 4015 436 4072 non
471 3998 832 4072 alitequuia
863 4000 1118 4072 potentia
1145 4000 1308 4053 Verbi
1348 4000 1546 4067 divini,
1579 4001 1807 4072 corpori

123 4077 277 4142 unita
302 4077 357 4120 et
389 4068 748 4138 hypostatice
779 4069 1064 4139 colligata,
1098 4070 1155 4142 in
1184 4072 1346 4142 nobis
1370 4073 1566 4142 gratim
1599 4068 1807 4126 munus

123 4146 179 4190 et
203 4139 412 4192 donum
454 4144 609 4192 I'oVet
663 4145 717 4191 et
748 4142 980 4209 patratis
1011 4141 1320 4194 sceleribus
1353 4139 1406 4194 e't
1443 4144 1806 4196 contamina-

124 4210 369 4282 tionihus
395 4227 501 4282 nos
529 4217 825 4282 expurget.
854 4211 982 4264 Haec
1012 4217 1142 4264 sunt
1167 4220 1437 4282 concepta
1489 4215 1656 4268 verba
1690 4216 1806 4268 Ha-

125 4282 326 4333 tramui
354 4281 411 4333 in
443 4281 560 4334 Iine
601 4281 827 4334 numeri
858 4285 925 4335 65
960 4298 973 4334 :
1008 4283 1112 4338 Sed
1141 4289 1199 4336 ut
1219 4281 1515 4339 ostenderet
1545 4301 1660 4353 quae
1689 4301 1808 4339 esca

1894 531 2076 580 totum
2104 525 2486 595 spiritualiter
2516 525 2949 579 attendendum.

1964 616 2139 670 LXVI.
2179 617 2302 669 Non
2337 615 2492 668 enim
2545 614 2760 678 anima,
2802 629 2931 684 qua:
2963 612 3130 666 corde
3163 611 3414 666 hominis
3445 627 3587 682 prie-

1895 705 2040 758 senti
2099 706 2220 759 loco
2252 704 2627 775 signiﬁcatur,
2681 704 2764 756 vel
2808 719 2934 756 esca
2973 719 3264 772 corporea,
3309 703 3392 755 vel
3454 707 3589 773 potu

1894 810 2174 863 corporeo
2217 793 2486 864 pascitur,
2520 792 2615 845 sed
2650 792 2821 845 verbo
2850 791 2944 845 Dei
2978 791 3227 844 nutritur
3256 807 3320 844 ac
3357 795 3589 861 vegeta-

1895 887 2033 936 tur:
2086 883 2238 953 quod
2298 883 2555 952 apertius
2613 881 2672 934 in
2771 881 2920 934 libro
2995 896 3024 932 v
3089 880 3588 934 Sacramentorum

1896 970 2036 1042 (cap.
2067 972 2122 1041 4)
2157 971 2358 1025 doctor
2399 971 2548 1024 idem
2579 970 2827 1023 afﬁrmat
2860 985 2871 1022 :
2917 991 2943 1015 «
2980 969 3103 1022 Non
3136 967 3240 1019 iste
3291 967 3452 1036 panis
3483 971 3586 1031 est,

1896 1058 2185 1130 inquiens,
2233 1059 2332 1130 qui
2372 1059 2528 1112 vadit
2582 1058 2641 1111 in
2693 1073 2927 1128 corpus;
2975 1056 3073 1109 sed
3121 1055 3216 1108 ille
3266 1054 3429 1125 panis
3460 1054 3592 1106 vitae

1896 1154 2147 1212 internas,
2199 1149 2298 1219 qui
2351 1149 2560 1202 animae
2622 1154 2829 1201 nostra:
2871 1145 3246 1200 substantiam
3307 1143 3592 1197 submini-

1895 1241 2050 1290 strat.
2085 1259 2112 1285 ››

1970 1327 2168 1381 LXVII.
2206 1327 2268 1379 Et
2295 1325 2431 1396 quia
2474 1341 2590 1378 non
2647 1324 2715 1378 de
2745 1323 3037 1378 communi
3075 1338 3222 1394 pane
3254 1320 3461 1376 dixerit
3491 1321 3596 1374 hoc

1895 1423 2122 1468 sanctus
2153 1415 2507 1479 Ambrosius,
2555 1430 2749 1467 verum
2777 1412 2845 1466 de
2875 1429 3022 1482 pane
3069 1412 3324 1482 corporis
3363 1409 3590 1474 Christi,

1897 1504 2196 1574 sequentia
2215 1503 2476 1558 lectionis
2507 1501 2962 1555 manifestissime
3011 1500 3300 1554 declarant
3333 1514 3345 1552 :
3403 1497 3594 1568 loqui-

1897 1598 1991 1646 tur
2039 1593 2192 1645 enim
2251 1593 2319 1646 de
2356 1608 2500 1663 pane
2532 1591 2887 1662 quotidiana,
2922 1606 3093 1661 quem
3142 1589 3436 1642 credentes
3477 1585 3593 1655 sibi

1897 1681 2191 1752 postulant
2227 1681 2372 1734 dari.

1977 1771 2202 1826 LXVIII.
2239 1770 2302 1824 Et
2333 1769 2540 1824 idcirco
2563 1766 2857 1837 subjungit
2891 1783 2903 1820 :
2937 1785 2962 1816 et
2995 1765 3054 1820 Si
3104 1763 3472 1836 quotidianus
3512 1764 3595 1814 est

1903 1861 2088 1930 panis,
2115 1876 2214 1914 cur
2244 1863 2371 1930 post
2401 1873 2616 1912 annum
2659 1857 2820 1911 illum
2857 1854 3077 1926 l5umis;
3111 1851 3593 1925 quemadmodum

1902 1949 2082 2004 Graeci
2136 1949 2193 2003 in
2250 1948 2478 2002 Oriente
2517 1947 2701 2002 facere
2750 1943 3134 1999 consuerunt?
3199 1940 3400 2011 Accipe
3458 1955 3594 2009 ergo

1905 2036 2162 2110 quotidie
2193 2037 2344 2108 quod
2379 2035 2632 2107 quotidie
2663 2034 2767 2088 tibi
2796 2033 2976 2102 prosit
3006 2047 3019 2085 :
3059 2031 3139 2084 sic
3169 2031 3313 2096 vive,
3352 2033 3412 2082 ut
3451 2045 3591 2098 quo-

1905 2127 2042 2180 tidie
2103 2125 2375 2179 merearis
2429 2124 2703 2194 recipere.
2762 2123 2910 2192 Ergo
2969 2119 3333 2174 manifestum
3382 2117 3451 2171 de
3484 2132 3597 2186 quo

1906 2231 2050 2286 pane
2104 2215 2372 2286 loquitur,
2421 2213 2490 2268 de
2552 2227 2700 2282 pane
2757 2210 3015 2264 videlicet
3071 2207 3325 2277 corporis
3364 2204 3596 2268 Christi,

1907 2304 2006 2375 qui
2040 2321 2150 2357 non
2177 2319 2243 2356 ex
2283 2319 2349 2356 eo
2380 2301 2532 2372 quod
2569 2299 2718 2354 vadit
2757 2299 2812 2352 in
2853 2314 3076 2368 corpus,
3113 2296 3210 2349 sed
3241 2311 3304 2349 ex
3339 2312 3405 2348 eo
3433 2293 3595 2364 [quod

1907 2393 2071 2464 panis
2103 2391 2176 2446 sit
2229 2391 2359 2444 vitae
2394 2395 2643 2457 aeternae,
2702 2387 2910 2442 animos
2963 2389 3168 2440 nostra:
3224 2382 3598 2438 substantiam

1907 2481 2083 2537 fulcit.

1984 2571 2150 2626 LXIX.
2187 2571 2212 2612 b
2262 2569 2438 2639 Hujus
2494 2565 2800 2622 doctissimi
2839 2565 2942 2619 viri
3006 2563 3340 2618 auctoritate
3397 2560 3599 2633 perdo-

1911 2726 2226 2791 catholica',
2259 2742 2386 2796 quae
2421 2725 2488 2779 de
2537 2725 2650 2779 ﬁde
2680 2723 3000 2796 Christiana
3052 2739 3172 2796 esse
3203 2738 3324 2796 non
3380 2719 3607 2796 dubitat

1914 2801 2053 2868 quin
2088 2791 2444 2868 recipiamus
2482 2797 2539 2850 in
2574 2795 2844 2865 mysterio
2876 2811 3057 2868 sacro,
3092 2791 3476 2868 Eucharistias.
3501 2791 3603 2868 sub

1913 2862 2600 2933 velamina-reconditam
2633 2862 2842 2934 corpus
2874 2865 3022 2919 idem
3055 2865 3290 2918 aflixum
3328 2862 3510 2934 cruci,
3553 2867 3606 2915 et

1913 2941 2178 2994 bibamus
2206 2940 2470 2993 eumdem
2503 2933 2839 3005 sanguinem
2870 2952 2967 3006 pro
2981 2936 3248 2989 omnibus
3267 2936 3399 3006 hom
3419 2933 3605 3006 iniibus

1915 3013 2178 3064 ell'usum.
2213 3010 2318 3064 Sed
2360 3008 2496 3062 nihil
2534 3009 2722 3060 minus
2766 3007 2852 3060 his
2873 3005 3075 3077 eloqui
3133 3005 3378 3059 intendit
3415 3005 3605 3077 animo

1916 3083 2276 3136 Batramnus.
2312 3080 2438 3135 Sive
2495 3079 2670 3149 igitur
2718 3094 2947 3131 necesse
2987 3075 3070 3149 est
3101 3083 3263 3130 aetate
3310 3075 3607 3149 Bratramui

1917 3169 2030 3206 non
2064 3169 2225 3206 secus
2255 3168 2318 3204 ac
2349 3148 2541 3204 nostra
2574 3150 2826 3219 corporis
2859 3148 3066 3203 Christi
3109 3164 3318 3201 nomen
3348 3148 3604 3219 impone-

1916 3224 2086 3278 batur
2125 3223 2259 3292 pani
2315 3217 2688 3292 cansecrato,'
2727 3219 2992 3292 videlicet
3035 3219 3117 3272 rei
3159 3219 3343 3292 oculis
3398 3217 3608 3292 nostris

1917 3289 2185 3363 subject—ae
2213 3299 2340 3362 post
2365 3291 2841 3354 conscrationem,
2867 3291 3090 3363 scilicet
3119 3291 3283 3363 albae,
3319 3289 3605 3363 rotundae,

1916 3360 2164 3418 extensae
2214 3360 2478 3418 inanibus
2521 3363 2663 3416 sacri
2722 3362 2988 3426 tlaminis,
3048 3367 3110 3414 nt
3169 3360 3360 3430 inquit
3413 3365 3611 3413 auctor

1916 3436 2191 3489 librorum
2221 3435 2290 3488 de
2324 3433 2704 3490 Sacramenlis
2735 3433 2853 3498 (lib.
2881 3449 2950 3498 Iv,
2980 3447 3101 3500 cap.
3142 3432 3192 3495 4)
3231 3430 3609 3498 ascriptorum

1915 3514 2109 3560 sancto
2142 3506 2446 3561 Ambrosio
2481 3521 2492 3558 :
2529 3504 2640 3561 Sed
2676 3506 2836 3572 panis
2864 3506 2980 3566 iste,
3005 3505 3166 3570 panis
3187 3508 3263 3556 est
3293 3506 3418 3555 ante
3445 3502 3609 3555 verba

1915 3584 2408 3640 sacramentorum;
2447 3577 2539 3630 ubi
2568 3590 2757 3629 access!
2773 3577 2846 3629 rit
2875 3577 3219 3638 consecratio,
3246 3573 3312 3625 de
3364 3588 3504 3640 pane
3548 3575 3609 3640 ﬁt

1916 3664 2040 3702 caro
2068 3649 2302 3701 Christi.
2336 3648 2400 3700 Et
2430 3648 2577 3700 infra
2618 3661 2630 3698 :
2663 3647 2778 3700 Non
2835 3651 2952 3697 erat
2979 3647 3216 3711 carparis
3247 3645 3453 3699 Christi
3487 3650 3611 3696 ante

1916 3721 2360 3772 consecrationem
2395 3733 2407 3770 :
2451 3722 2644 3785 etpost
2684 3717 3138 3770 consecrationem
3179 3715 3294 3768 dico
3331 3714 3432 3766 tibi
3455 3713 3610 3785 quod

1905 3790 2027 3859 jam
2059 3805 2248 3858 corpus
2287 3789 2493 3859 Christi
2521 3783 2612 3840 Est.
2650 3785 2877 3859 Etiamsi
2930 3785 3211 3859 ejusmodi
3259 3783 3606 3859 rotundatio,

1917 3855 2120 3914 albedo
2146 3855 2209 3912 et
2254 3858 2504 3911 extensio
2541 3873 2654 3910 non
2700 3857 2816 3909 sint
2865 3855 3092 3926 proprie
3141 3872 3345 3926 corpus
3379 3855 3610 3922 Christi,

1917 3932 2009 3985 sed
2045 3932 2232 3983 velum
2263 3934 2358 3982 aut
2384 3928 2682 3982 inductum
2717 3926 3006 3998 syparium
3037 3926 3248 3997 quibus
3284 3927 3612 3979 reconditur

1919 4007 1977 4056 et
1997 4020 2028 4054 a
2054 4006 2357 4070 conspectu
2392 4001 2691 4054 oculorum
2725 4005 2782 4051 et
2809 3997 2928 4050 acie
2959 4013 3228 4070 sensuum
3283 4001 3609 4050 nostrorum

1917 4068 2329 4142 eripiturfNon
2361 4069 2504 4138 quod
2559 4086 2784 4142 mortue
2813 4084 3003 4142 corpus
3033 4068 3150 4136 ejus
3207 4070 3282 4121 sit
3318 4070 3501 4137 panis,
3563 4071 3612 4142 et

1914 4140 2163 4212 poculum
2218 4145 2469 4208 sanguis;
2515 4141 2608 4194 sed
2637 4141 2781 4208 quod
2820 4141 2882 4212 in
2923 4155 2977 4192 se
3010 4142 3323 4212 mysterium
3368 4140 3613 4209 corporis

1916 4210 2032 4282 Ejus
2065 4215 2455 4281 sanguinisque
2492 4213 2816 4272 contineant,
2869 4210 3166 4282 inquiebat
3196 4210 3332 4282 olim
3393 4211 3610 4265 Facun-

1917 4281 2024 4338 dus
2056 4284 2171 4354 (tib.
2209 4301 2283 4350 1x,
2306 4299 2408 4354 pro
2429 4283 2736 4354 defensione
2773 4284 2937 4335 trium
2969 4281 3263 4354 (,‘apitul.),
3314 4281 3611 4354 episcopus

125 4353 202 4400 ret
225 4355 320 4417 qui
344 4360 504 4418 potus
531 4353 720 4405 sintde
740 4354 935 4420 quibus
949 4355 1210 4422 loquitur,
1230 4354 1449 4408 addidit
1484 4345 1799 4422 sig'nauter:
1837 4345 1879 4398 υ
1921 4345 2346 4411 Ilermianensis
2378 4354 2434 4406 in
2465 4345 2669 4418 Africa,
2695 4364 2851 4406 sexto
2876 4345 3082 4406 szeculo
3113 4345 3365 4405 ineunte:
3403 4345 3612 4406 Eodem

129 4423 256 4473 Βία
290 4424 409 4484 i.~te,
446 4424 531 4474 vel
552 4430 712 4491 potus
743 4426 859 4476 istc.
899 4427 1028 4488 Qum
1056 4425 1202 4478 ista?
1241 4426 1322 4478 vel
1344 4427 1438 4491 qui
1479 4428 1616 4480 istc?
1684 4429 1809 4482 Cor-

123 4508 221 4557 pus
267 4495 527 4545 nimirum
589 4495 811 4552 Christi,
855 4509 1048 4562 corpus
1104 4495 1284 4548 divini
1336 4497 1615 4564 Spiritus;
1664 4501 1713 4550 et
1751 4502 1808 4550 ut

123 4566 358 4636 apertius
403 4564 724 4636 inculcetur,
779 4566 1024 4633 Spiritus
1057 4567 1324 4626 Christus,
1377 4567 1442 4620 de
1486 4583 1589 4634 quo
1638 4569 1810 4636 tequi-

128 4638 235 4694 τως
266 4634 508 4701 Spiritus
531 4641 664 4686 ante
703 4637 906 4688 faciem
944 4641 1193 4689 nostram
1223 4637 1477 4691 Christus
1511 4634 1803 4692 Dominus.

128 4702 327 4768 Quibus
366 4707 613 4758 omnibus
634 4705 908 4759 evidenter
937 4707 1243 4762 ostenditur
1270 4709 1410 4761 nihil
1434 4710 1488 4762 in
1527 4724 1647 4764 esca
1676 4712 1805 4772 ista,

127 4777 258 4828 nihil
311 4778 365 4827 in
430 4783 563 4843 potu
619 4779 722 4829 isto
751 4779 1104 4845 corporaliter
1134 4779 1490 4840 sentiendum,
1516 4779 1610 4832 Sed
1642 4785 1808 4832 totum

121 4847 902 4920 qiirituarlitn-attendendum.
930 4847 1136 4902 Eadem
1165 4851 1279 4901 fere
1301 4849 1440 4902 dixit
1464 4851 1522 4902 in
1564 4852 1808 4920 epistola

126 4917 194 4966 ad
224 4917 612 4984 l-‘rudgardum
646 4917 1007 4981 Paschasius;
1044 4920 1143 4988 qui
1175 4927 1461 4972 annuente
1511 4917 1808 4974 Alliertino

126 4993 179 5036 et
205 4988 312 5040 fere
355 4988 626 5040 omnibus
674 4989 844 5041 hodie
898 4990 1371 5055 Protestantibus,
1422 4993 1726 5045 ieatitatem
1759 4997 1808 5045 et

128 5059 779 5130 transsubstantiutionem
802 5059 924 5114 sine
945 5060 1270 5130 suspicione
1299 5068 1400 5115 aut
1427 5062 1601 5116 dubio
1643 5069 1808 5117 tuen-

123 5129 245 5179 dam
279 5145 542 5197 expresse
578 5130 809 5199 recepit.

197 5201 216 5239 b
240 5199 426 5268 Hujus
458 5200 764 5253 doctissimi
799 5203 908 5254 riri
936 5205 1258 5256 auctoritate
1298 5203 1664 5271 pel-docemur,
1698 5209 1803 5257 etc.

129 5269 200 5344 Ii:
246 5271 328 5322 his
357 5271 706 5344 quibusdam
759 5271 1043 5344 videbitur
1071 5269 1415 5327 Hatramnus
1464 5291 1576 5327 non
1635 5275 1806 5329 fuisse

127 5342 183 5389 in
213 5343 487 5393 sententia
503 5357 705 5394 eorum
735 5342 831 5410 qui
862 5343 970 5396 sibi
1001 5344 1347 5412 persuadent
1369 5361 1574 5412 corpus
1602 5346 1807 5400 Christi

129 5416 309 5463 natum
342 5414 411 5464 de
433 5413 704 5485 Virgine,
729 5413 958 5466 altixum
985 5415 1170 5485 cruci,
1206 5421 1495 5469 mortuum
1532 5421 1588 5468 et
1618 5419 1805 5485 sepul-

131 5491 260 5534 tum.
290 5499 400 5536 non
427 5483 681 5556 “ipsum
707 5499 824 5535 esse
846 5483 998 5553 quod
1022 5486 1076 5537 in
1101 5484 1446 5540 Eucharistia
1471 5483 1802 5556 percipi—tur,

135 5561 367 5627 adeoque
401 5554 717 5606 secundam
766 5563 978 5627 partem
1019 5557 1346 5627 quaestionis
1379 5554 1683 5627 proposita:
1717 5558 1807 5610 hic

136 5623 362 5698 ﬁnivisse
393 5626 737 5698 decretorie,
766 5623 1055 5698 scribendi
1085 5623 1610 5698 etagendi'genere
1653 5645 1807 5696 pror-

143 5707 226 5742 sus
249 5696 482 5748 adverso
518 5695 807 5763 opinionis
845 5697 1127 5752 Paschasii
1155 5695 1216 5752 et
1259 5695 1515 5752 suasioni
1548 5695 1806 5752 Ecclesiae

1921 4427 2152 4480 nomine
2203 4425 2454 4496 corporis
2502 4432 2557 4478 et
2579 4423 2873 4496 sanguinis
2915 4423 3149 4496 Christi
3176 4424 3614 4496 nuncupabatur

1921 4513 2116 4550 verum
2131 4493 2334 4566 corpus
2365 4501 2420 4549 et
2453 4511 2616 4548 verus
2657 4494 2890 4566 sanguis
2917 4495 3048 4548 Jesu
3093 4493 3303 4566 Christi
3333 4493 3611 4566 reconditi

1918 4569 2023 4622 sub
2057 4564 2351 4639 speciebus
2397 4568 2568 4639 modo
2601 4564 2882 4639 spirituali
2932 4568 2989 4618 et
3018 4565 3280 4639 sensibus
3330 4564 3614 4639 non_su_b-

1911 4634 2222 4706 jectofnec
2255 4638 2559 4705 corporali,
2602 4634 2705 4690 nec
2737 4635 3246 4706 rircumscriptivo,
3301 4640 3359 4688 ut
3402 4634 3612 4687 schola).

1916 4705 2251 4770 loquuntur.
2314 4710 2422 4762 Hoc
2454 4709 2795 4762 Ratramnus
2858 4710 3016 4758 vocat
3075 4706 3134 4759 in
3191 4705 3298 4759 hoc
3371 4709 3612 4758 tractatu

1917 4773 2212 4851 proprium
2266 4795 2472 4848 corpus
2536 4777 2778 4851 Christi,
2828 4791 3292 4851 veram_carne_rn
3352 4775 3456 4828 sub
3507 4775 3611 4851 hoc

1918 4845 2188 4922 mysterio
2217 4845 2454 4904 celat-am
2489 4855 2543 4902 et
2593 4847 2958 4922 indusiatam.
2991 4846 3159 4922 _E_cce
3201 4846 3392 4922 vid_es,_
3430 4845 3611 4922 amice

1916 4916 2112 4984 lector,
2197 4922 2310 4975 duo
2405 4936 2641 4989 corpora
2694 4919 2824 4972 Jesu
2876 4916 3079 4969 Christi
3141 4916 3198 4989 in
3264 4916 3608 4989 Eucharistia

1918 4993 2374 5047 consideratione
2419 4995 2474 5045 et
2509 4987 2888 5043 meditatione
2929 4989 3122 5056 digna.
3162 4988 3343 5042 Unum
3378 4987 3610 5040 nomine

1916 5070 2081 5117 tenus
2146 5063 2204 5116 in
2275 5063 2411 5116 solis
2485 5060 2780 5130 speciebus
2832 5059 3142 5130 consistens
3205 5065 3262 5112 et
3332 5057 3612 5130 expressis

1917 5134 2267 5204 imaginibus
2321 5150 2448 5204 quae
2517 5128 2579 5184 ex
2643 5128 2960 5204 substantia
3014 5128 3176 5198 panis
3213 5134 3270 5181 et
3324 5129 3441 5182 vini
3484 5134 3613 5198 post

1916 5201 2402 5258 consecrationem
2461 5207 2798 5274 supersunt;
2850 5201 3092 5253 alterum
3153 5216 3348 5254 verum
3390 5206 3445 5253 et
3475 5216 3609 5274 pro-_

1916 5276 2130 5349 prium,
2166 5276 2221 5349 in
2251 5276 2411 5349 Aquod
2443 5270 2604 5342 panis
2647 5275 2934 5349 etrvinum
2981 5277 3425 5336 commutantur,
3459 5270 3612 5349 quod

1915 5343 1992 5399 ibi
2033 5343 2293 5398 consistit
2342 5351 2398 5397 et
2437 5348 2735 5412 permanet
2792 5343 2961 5396 modo
2993 5349 3050 5394 et
3097 5357 3304 5409 genere
3350 5343 3614 5395 sensibus

1916 5415 2170 5483 corporis
2202 5432 2317 5468 non
2359 5415 2634 5480 subjecto,
2675 5415 2779 5465 sub
2803 5414 2941 5466 velis
2973 5419 3027 5464 et
3075 5412 3353 5481 eXpressis
3404 5412 3610 5480 imagi-

1917 5486 2083 5541 nibus
2139 5502 2236 5538 seu
2292 5484 2799 5565 speciebus‘pattis
2855 5491 2910 5536 et
2958 5483 3096 5535 vini.
3153 5484 3264 5560 lIoc
3302 5483 3489 5565 ipsum
3529 5489 3615 5534 est

1914 5574 2120 5623 corpus
2155 5555 2482 5608 cruciﬁxum
2517 5560 2571 5606 et
2609 5553 2700 5606 hic
2732 5553 2972 5622 ipsemet
3003 5554 3232 5620 sanguis
3264 5553 3474 5606 ell'usus
3509 5569 3611 5620 pro

1915 5628 2109 5692 nobis;
2146 5644 2246 5680 nec
2289 5627 2520 5680 eITatum
2583 5625 2836 5676 incurret
2869 5623 3077 5677 alicubi
3117 5641 3229 5693 quo
3259 5626 3610 5677 contrarium

1915 5699 2122 5752 dixisse
2153 5698 2493 5752 Ratramnus
2533 5695 2810 5748 videatur.
2855 5696 2962 5747 Nec
3000 5693 3393 5764 pertimescam
3427 5695 3612 5748 dicere
