3920 6224
303 302 398 352 155

1464 293 1817 349 ΒΑΤΒΑΜΝΙ
1858 294 2318 352 CORBEIENSIS
2359 294 2666 349 MONACHI

2252 296 2318 351 lS
2359 294 2666 349 MONACHI
3712 299 3800 350 156

287 450 484 490 cemur
513 434 666 507 quod
720 433 900 488 multa
932 431 1256 486 differentia
1300 435 1598 502 separatur
1665 446 1874 502 corpus
1932 431 1993 484 in
2025 429 2066 478 A
2105 431 2259 502 quod
2299 430 2626 497 comedunt,
2675 429 2832 485 aliud
2883 434 3018 484 sunt
3072 429 3131 484 in
3171 430 3357 502 specie
3405 434 3463 485 et
3528 430 3696 486 aliud
3745 431 3801 485 in

289 541 403 596 quo
435 540 632 595 passus
662 527 746 576 est
775 521 1050 588 Christus,
1086 527 1142 574 et
1171 521 1404 591 sanguis
1438 536 1614 591 quem
1649 520 1902 590 pendens
1929 519 1990 572 in

285 629 449 667 cruce
479 613 545 668 de
578 614 752 666 latere
811 627 914 664 suo
946 609 1221 680 profudit,
1255 615 1312 662 et.
1363 609 1467 662 hoc
1498 625 1703 678 corpus
1730 609 1883 680 quod
1928 611 1989 664 in

286 701 556 772 mysterio
589 699 867 771 passionis
920 698 1126 753 Christi
1160 698 1414 768 quotidie
1449 715 1482 752 a
1529 697 1795 753 fidelibus
1835 699 1989 753 cele-

285 789 504 854 bratur,
529 794 586 843 et
620 789 714 842 ille
768 803 998 858 quoque
1043 787 1277 857 sanguis
1308 787 1407 858 qui
1453 788 1711 843 fidelium
1745 804 1844 841 ore
1886 805 1990 842 su—

283 877 479 944 mitur,
520 881 585 931 ut
627 876 963 946 mysterium
1013 875 1086 929 sit
1135 875 1288 929 illius
1321 876 1618 946 sanguinis
1675 893 1788 947 quo
1834 881 1988 930 totus

285 967 619 1038 redemptus
670 970 754 1019 est
808 965 1075 1019 mundus.
1127 967 1237 1019 Iste
1291 981 1540 1035 namque
1573 966 1739 1036 panis
1779 969 1835 1020 et
1881 965 1989 1019 iste

286 1060 454 1124 potus
475 1069 587 1107 non
619 1052 937 1107 secundum
967 1051 1121 1123 quod
1147 1051 1414 1106 videntur
1454 1068 1659 1123 corpus
1707 1051 1824 1106 sive
1858 1069 1986 1106 san-

286 1139 415 1210 guis
444 1140 693 1194 existunt
727 1141 953 1207 Christi,
989 1141 1087 1194 sed
1121 1141 1437 1194 secundum
1477 1141 1631 1211 quod
1677 1140 1986 1212 spirituali-

287 1233 374 1282 ter
400 1229 528 1284 vitae
558 1230 932 1284 substantiam
973 1230 1434 1284 subministrant.
1478 1229 1621 1284 Illud
1673 1246 1802 1284 vero
1857 1246 1989 1284 cor-

285 1333 394 1388 pus
448 1317 507 1372 in
538 1335 653 1389 quo
706 1319 880 1372 semel
929 1334 1130 1388 passus
1189 1323 1273 1372 est
1326 1317 1601 1384 Christus,
1656 1335 1776 1372 non
1817 1318 1988 1372 aliam

287 1407 533 1478 speciem
562 1407 900 1478 praeferebat
945 1423 1119 1476 quam
1173 1406 1234 1460 in
1283 1422 1396 1477 qua
1447 1407 1820 1473 consistebat;
1881 1407 1990 1462 hoc

286 1496 442 1550 enim
491 1501 612 1550 erat
669 1497 821 1566 quod
872 1511 1004 1549 vere
1068 1495 1381 1560 videbatur,
1425 1496 1578 1565 quod
1624 1495 1984 1565 tangebatur,

286 1585 438 1657 quod
499 1585 958 1656 crucitigebatur,
1010 1584 1164 1655 quod
1229 1584 1632 1654 sepeliebatur.
1699 1584 1990 1652 [Similiter

286 1673 517 1742 sanguis
546 1673 698 1728 illius
729 1674 798 1728 de
829 1675 1002 1727 latere
1035 1688 1296 1738 manans,
1333 1688 1446 1726 non
1480 1672 1635 1727 aliud
1678 1673 1991 1743 apparebat

287 1763 534 1816 exterius
569 1768 624 1817 et
681 1762 837 1816 aliud
894 1761 1134 1816 interius
1192 1761 1523 1828 obvelabat;
1574 1771 1598 1796 ι
1655 1778 1822 1816 verus
1881 1763 2057 1839 ita-C

289 1865 401 1922 que
444 1851 676 1920 sanguis
725 1851 793 1904 de
838 1866 972 1904 vero
1024 1865 1265 1920 corpore
1317 1849 1663 1920 proﬂuebat.
1714 1853 1784 1905 At
1843 1867 1992 1905 nunc

288 1940 522 2012 sanguis
551 1941 759 1996 Christi
790 1955 964 2010 quem
1024 1940 1320 1994 credentes
1364 1940 1624 2009 ebibunt,
1681 1945 1736 1995 et
1784 1957 1990 2013 corpus

288 2099 379 2156 his
410 2099 658 2153 libenter
683 2096 901 2152 affatim
933 2100 988 2150 et
1026 2095 1238 2168 passim
1283 2113 1538 2151 annuere
1587 2098 1987 2163 Ratramnum,

286 2168 611 2241 praesertim
645 2184 886 2222 numero
917 2170 1004 2234 24,
1031 2167 1120 2241 ίὶῃ
1153 2184 1268 2241 quo
1320 2169 1400 2222 sic
1429 2168 1598 2223 fatur.
1621 2170 1990 2241 Consequene

292 2239 371 2296 ter
399 2241 602 2309 adjecit
644 2242 932 2308 Apostolus
968 2256 980 2293 :
1037 2239 1314 2293 Bibebant
1361 2247 1554 2293 autem
1603 2239 1671 2293 de
1703 2239 1990 2309 spirituali

291 2311 662 2382 consequenti
693 2327 791 2364 eos
848 2316 1054 2382 petra;
1109 2315 1269 2380 petra
1301 2315 1490 2363 autem
1547 2316 1667 2365 erat
1711 2311 1985 2365 Christus.

293 2386 360 2438 Ut
412 2381 863 2451 intelligeremus’
900 2385 958 2435 in
1015 2381 1222 2436 deserto
1273 2382 1557 2435 Christum
1596 2385 1655 2435 in
1703 2384 1992 2448 spirituali

289 2459 448 2521 petra
494 2456 796 2508 constitisse
837 2458 887 2506 et
938 2455 1026 2506 sui
1055 2454 1338 2516 sanguinis
1369 2453 1572 2505 undam
1606 2454 1802 2520 populo
1849 2469 1991 2520 prae-

292 2525 490 2592 buisse,
531 2526 628 2591 qui
658 2530 842 2592 postea
880 2537 1072 2590 corpus
1121 2523 1186 2576 de
1245 2524 1463 2588 Virgine
1487 2529 1762 2591 sumptum
1799 2528 1848 2576 et
1891 2539 1990 2592 pro

289 2596 463 2648 salute
507 2594 838 2647 credentium
895 2596 952 2646 in
1008 2608 1161 2646 cruce
1188 2608 1505 2660 suspensum
1535 2597 1734 2647 nostris
1779 2596 1988 2648 seculis

291 2665 541 2718 exhibuit
568 2670 618 2717 et
651 2680 718 2717 ea:
756 2679 812 2717 eo
851 2666 1137 2731 sanguinis
1181 2665 1384 2716 undam
1439 2664 1657 2732 effudit,
1709 2679 1812 2732 quo
1884 2681 1990 2718 non

291 2737 462 2790 solum
513 2735 919 2799 redimeremur,
982 2749 1166 2787 verum
1220 2736 1383 2787 etiam
1437 2743 1773 2803 potaremur.
1832 2736 1986 2790 Idem

289 2811 524 2877 praestat
554 2807 896 2876 plerumque
931 2805 989 2877 in
1047 2804 1173 2857 aliis
1205 2805 1344 2858 locis
1399 2807 1606 2876 quibus
1635 2807 1991 2876 recognoscit

292 2876 575 2949 expresse
624 2876 1124 2949 commutationem
1177 2877 1342 2945 panis
1399 2877 1457 2930 in
1527 2892 1721 2949 verum
1781 2893 1989 2949 corpus

289 2946 422 3002 Jesu
451 2947 657 3002 Christi
690 2951 748 3000 et
792 2947 906 3000 vini
962 2946 1022 2999 in
1055 2948 1393 3018 sanguinem
1461 2947 1781 3018 proprium.
1827 2946 1988 3011 Quod

291 3022 509 3088 spectat
538 3019 782 3070 alterum
824 3018 976 3088 quod
1002 3017 1230 3089 nomine
1261 3024 1428 3089 tenus
1472 3024 1558 3071 est
1577 3017 1800 3089 corpus
1824 3019 1985 3074 Chri-

292 3090 364 3143 sti
406 3094 824 3159 nuncupatnm,
856 3088 1140 3159 sensibus
1189 3088 1506 3155 subjectum
1558 3095 1615 3143 et
1677 3088 1898 3144 friabile
1929 3091 1987 3143 in

292 3158 666 3220 Eucharistia,
696 3175 811 3212 non
851 3158 1001 3212 idem
1033 3164 1138 3225 est,
1194 3160 1385 3229 aliqua
1416 3158 1658 3225 ratione,
1694 3161 1846 3230 quod
1882 3160 1989 3214 fuit

292 3231 444 3283 cruci
476 3231 730 3283 afﬁxum.
788 3231 1190 3302 Verumtamen
1249 3232 1549 3283 observare
1588 3231 1796 3302 iterum
1822 3232 1988 3302 juvat

290 3302 445 3355 hunc
485 3317 692 3370 panem
723 3300 906 3354 ethoc
928 3300 1798 3372 viuumposticonsecrationem
1828 3300 1987 3372 ique:

291 3377 513 3425 tantum
557 3373 679 3424 vela
712 3378 843 3424 sunt
873 3376 928 3424 et
958 3370 1204 3441 syparia,
1247 3371 1302 3423 id
1344 3376 1432 3424 est
1479 3373 1699 3436 albedo,
1734 3370 1989 3426 rotundi-

292 3447 378 3496 tas
404 3449 460 3496 et
497 3442 774 3507 extensio,
809 3458 936 3513 quas
993 3443 1290 3494 oculorum
1325 3441 1500 3494 aciem
1555 3444 1984 3514 perstringunt;

291 3515 401 3567 hoc
432 3514 660 3566 nomine
687 3529 802 3566 non
849 3517 983 3566 sunt
1012 3521 1356 3584 nuncupata
1389 3514 1669 3566 collectim
1704 3515 1814 3567 nisi
1854 3516 1987 3584 quia

293 3589 428 3637 sunt
464 3585 658 3654 aliqua
687 3584 893 3653 agendi
924 3583 1146 3636 ratione
1183 3583 1420 3637 mirifica
1451 3599 1662 3653 corpus
1689 3583 1986 3654 spirituale

293 3660 349 3708 et
379 3655 634 3708 divinum
655 3656 778 3709 Jesu
806 3654 1036 3719 Christi,
1061 3654 1294 3722 scilicet,
1320 3655 1378 3707 in
1404 3663 1678 3724 quantum
1708 3656 1871 3709 nobis
1893 3672 1986 3709 ex-

292 3725 626 3795 primuntet
658 3726 982 3779 formantiu
1003 3727 1278 3778 memoria
1309 3733 1504 3780 nostra
1529 3743 1719 3780 veram
1755 3743 1984 3780 carnem

293 3803 349 3850 et
378 3798 670 3867 proprium
696 3797 1033 3867 sanguinem
1061 3797 1191 3850 Jesu
1221 3797 1449 3862 Christi,
1475 3814 1602 3867 quas
1620 3800 1676 3850 in
1694 3814 1752 3850 se
1774 3799 1988 3852 habent

294 3868 557 3920 virtutem
587 3873 642 3920 et
673 3869 984 3938 potentiam
1023 3868 1183 3920 Verbi
1219 3869 1287 3920 ad
1323 3869 1659 3921 nutriendas
1691 3870 1912 3922 animas
1933 3874 1990 3922 et

293 3937 418 3991 labe
442 3937 805 4008 peccatorum
834 3939 1247 3991 contaminatas
1274 3939 1689 4008 expurgandus,
1725 3946 1786 3992 lit
1815 3955 1989 4008 supra

294 4009 740 4072 observavimus,
775 4014 829 4061 et
872 4009 1112 4076 gratiam
1150 4008 1316 4061 nobis
1343 4010 1612 4070 dandam,
1647 4016 1866 4063 servata
1898 4011 1984 4063 iu-

297 4080 559 4131 nucentia
586 4087 642 4131 et
682 4079 1082 4147 redemptione
1143 4083 1527 4147 peccatorum.
1558 4080 1694 4144 Quae
1747 4096 1875 4132 cum
1909 4081 1985 4133 ita

295 4149 429 4214 sint,
455 4149 542 4202 hi9
572 4149 734 4217 panis
761 4154 818 4202 et
854 4149 972 4201 vini
1028 4148 1244 4217 species
1298 4156 1424 4218 post
1475 4152 1982 4217 consecrationem,

293 4219 356 4291 in
385 4225 662 4291 quantum
691 4220 815 4291 vela
849 4225 982 4271 sunt
1017 4235 1161 4291 vera:
1192 4220 1379 4291 carnis
1400 4221 1472 4272 'et
1502 4221 1718 4289 proprii
1748 4221 1982 4291 sangui-

295 4289 384 4342 nis
414 4291 546 4342 Jesu
580 4289 785 4342 Christi
819 4305 920 4358 pro
963 4289 1143 4341 salute
1191 4290 1444 4342 fidelium
1478 4291 1659 4358 effusi,
1695 4299 1826 4344 sunt
1859 4289 1983 4344 cor-

295 4376 404 4430 pus
453 4360 755 4431 spirituale
799 4365 854 4431 et
885 4360 1198 4431 ﬁguratum
1264 4361 1323 4412 in
1365 4361 1616 4431 imagine
1653 4377 1983 4430 expressum

297 4429 494 4483 mortis
523 4438 580 4484 et
610 4429 890 4502 passionis
919 4431 1044 4502 Jesu
1077 4430 1316 4502 Christi,
1339 4429 1510 4502 quod'
1542 4429 1738 4486 revera
1794 4433 1982 4487 ditfert

2098 520 2564 587 signiﬁcatione:
2627 519 2803 586 aliud,
2867 519 3023 590 quod
3077 523 3319 589 pascunt
3373 535 3586 591 corpus
3681 536 3800 573 esca

2103 624 2414 679 corporea;
2446 614 2502 662 et
2551 608 2730 676 aliud,
2776 609 2932 679 quod
2995 608 3262 679 saginant
3309 614 3530 663 mentes
3576 612 3799 662 aeterna:

2097 698 2225 751 vitae
2257 697 2602 751 substantia.

2172 788 2312 840 LXX.
2367 787 2442 840 De
2475 803 2586 856 qua
2617 801 2678 839 re
2729 785 2926 839 beatus
2979 785 3358 856 Hieronymus
3409 785 3469 840 in
3519 801 3800 839 commen-

2097 875 2244 930 tario
2272 875 2534 945 Epistolas
2568 874 2729 928 Pauli
2764 874 2835 928 ad
2872 873 3144 944 Ephesios
3175 877 3218 934 δ.
3245 874 3320 927 ita
3350 874 3549 928 scribit
3580 891 3594 928 :
3633 896 3660 923 ‹‹
3693 875 3799 928 Du-

2099 964 2322 1034 pliciter
2350 964 2577 1034 sanguis
2612 963 2820 1019 Christi
2851 967 2906 1017 et
2931 979 3061 1017 caro
3087 963 3435 1033 intelligitur
3468 981 3480 1017 :
3521 964 3611 1016 vel
3639 963 3798 1033 spiri-

2098 1053 2266 1107 tualis
2289 1054 2386 1106 illa
2415 1060 2586 1123 atque
2623 1053 2836 1116 divina,
2867 1053 2936 1106 de
2969 1069 3082 1123 qua
3112 1053 3234 1122 ipse
3266 1051 3403 1106 dicit
3437 1068 3449 1105 :
3497 1053 3638 1108 Caro
3688 1068 3798 1105 mea

2096 1156 2215 1194 vere
2239 1145 2316 1194 est
2345 1141 2516 1207 cibus,
2559 1145 2610 1194 et
2660 1142 2885 1207 sanguis
2923 1155 3068 1194 meus
3118 1155 3234 1195 vere
3275 1145 3354 1194 est
3403 1144 3566 1209 potus
3611 1141 3797 1210 (Joan.

2098 1244 2172 1294 γι,
2207 1231 2320 1298 56);
2381 1230 2466 1282 vel
2521 1245 2675 1294 caro,
2710 1244 2834 1299 quae
2866 1228 3134 1282 crucifixa
3161 1234 3267 1298 est,
3300 1233 3358 1284 et
3405 1229 3645 1300 sanguis
3701 1229 3796 1300 qui

2099 1315 2297 1370 militis
2337 1316 2550 1371 effusus
2581 1324 2666 1370 est
2688 1318 2905 1371 lancea.
2940 1339 2967 1366 ››

2169 1405 2336 1460 LXXI.
2373 1406 2494 1459 Non
2555 1421 2728 1476 parva
2763 1406 2963 1460 doctor
3005 1405 3108 1459 iste
3168 1405 3492 1460 differentia
3543 1406 3797 1478 corporis

2097 1499 2154 1547 et
2207 1493 2503 1564 sanguinis
2547 1493 2758 1548 Christi
2840 1493 2974 1547 fecit
3032 1493 3477 1548 distinctionem.
3536 1495 3794 1565 Namque

2095 1581 2230 1635 dum
2261 1597 2490 1635 carnem
2513 1581 2597 1634 vel
2631 1580 2972 1651 sanguinem
3012 1597 3140 1651 quas
3173 1581 3429 1651 quotidie
3485 1587 3796 1634 sumuntur

2096 1686 2128 1724 a
2161 1671 2444 1736 ﬁdelibus,
2483 1669 2800 1740 spiritualia
2833 1669 2969 1724 dicit
3015 1686 3164 1736 esse;
3213 1675 3271 1723 at
3315 1685 3449 1723 vero
3494 1686 3631 1724 caro
3671 1687 3796 1740 quas

2096 1758 2364 1812 cruciﬁxa
2394 1763 2496 1824 est,
2531 1762 2587 1812 et
2615 1757 2845 1828 sanguis
2877 1758 2975 1828 qui
3003 1757 3200 1811 militis
3228 1757 3438 1812 effusus
3460 1764 3548 1812 est
3574 1759 3795 1822 lancea,

2097 1862 2216 1900 non
2261 1847 2580 1918 spiritualia
2611 1863 2730 1900 esse
2757 1847 3024 1900 dicuntur
3054 1862 3242 1918 neque
3288 1847 3479 1901 divina
3509 1856 3549 1914 ο,
3596 1852 3800 1917 paten-

2099 1937 2187 1990 ter
2215 1935 2485 2001 insinuat,
2521 1935 2676 2006 quod
2698 1940 2924 1989 tantum
2955 1934 3106 1990 inter
3131 1951 3189 1989 se
3210 1935 3482 1990 dilferunt
3511 1941 3800 2007 quantum

2098 2099 2368 2165 cupative,
2404 2111 2460 2151 eo
2491 2096 2771 2150 locutionis
2796 2095 2978 2150 .'modo
3020 2111 3124 2164 quo
3175 2110 3260 2149 res
3316 2096 3645 2163 signiﬁcans
3664 2101 3801 2153 solet

2097 2168 2421 2235 signiﬁcata:
2438 2167 2691 2221 uocabulo
2724 2170 3050 2235 nuncupari.
3101 2166 3255 2222 Nihil
3286 2166 3438 2220 aliud
3461 2167 3665 2220 animo
3708 2169 3799 2224 in-

2097 2239 2342 2292 tendisse
2400 2239 2646 2292 dilucide
2679 2237 2836 2290 vobis
2869 2238 3155 2307 significat
3206 2239 3547 2291 ltatramnus
3587 2255 3802 2295 conce-

2096 2310 2210 2378 ptis
2229 2309 2416 2363 Verbis
2458 2309 2545 2362 his
2576 2325 2641 2362 ex
2684 2325 2923 2361 numero
2971 2311 3036 2361 69
3088 2309 3444 2361 continenter
3465 2311 3798 2376 exscriptis:

2097 2383 2207 2436 Iste
2232 2396 2464 2448 namque
2483 2382 2646 2448 panis
2679 2386 2728 2432 et
2759 2381 2857 2433 iste
2898 2386 3056 2448 potus
3081 2395 3185 2432 non
3212 2379 3500 2433 secundum
3527 2382 3680 2448 quod
3717 2400 3800 2436 υι-

2097 2453 2294 2505 dentur
2313 2453 2628 2518 corpussioe
2655 2453 2878 2517 sanguis
2904 2452 3148 2503 existunt
3189 2452 3414 2515 Christi,
3465 2451 3561 2504 sed
3614 2467 3796 2507 secun.

2097 2523 2222 2576 dum
2248 2522 2392 2592 quod
2416 2523 2782 2590 spiritualiter
2802 2525 2926 2575 vita
2955 2521 3320 2575 substantiam
3349 2522 3798 2578 subministrant.

2096 2593 2251 2646 Illud
2301 2608 2422 2646 vero
2451 2595 2508 2644 in
2540 2608 2644 2660 quo
2671 2593 2828 2646 semel
2847 2607 3042 2660 passus
3069 2599 3146 2645 est
3177 2593 3423 2647 Christus
3463 2607 3567 2644 non
3628 2597 3803 2649 aliam

2096 2668 2320 2732 speciem
2369 2665 2693 2731 praeferebat
2735 2679 2897 2730 quam
2964 2665 3021 2715 in
3073 2678 3182 2730 qua
3237 2663 3556 2716 consistebat
3616 2682 3629 2718 :
3711 2668 3802 2720 hoc

2097 2737 2238 2788 enim
2278 2740 2393 2786 erat
2420 2734 2568 2802 quod
2594 2751 2714 2787 vere
2742 2734 3046 2800 videbatur,
3082 2733 3226 2802 quod
3263 2735 3608 2800 tangebatur,
3658 2738 3804 2804 quod

2097 2805 2530 2873 cruciﬁgebatur,
2565 2806 2708 2872 quod
2746 2805 3117 2871 sepeliebatur.
3159 2805 3425 2858 Similiter
3451 2809 3685 2873 sanguis
3737 2811 3804 2862 il-

2097 2877 2202 2930 lius
2237 2876 2302 2929 de
2333 2877 2497 2929 latere
2533 2890 2761 2928 manans
2821 2890 2926 2928 non
2956 2874 3112 2928 aliud
3141 2875 3442 2943 apparebat
3479 2880 3730 2932 earterius
3758 2884 3807 2932 et

2096 2947 2250 3000 aliud
2269 2949 2497 3000 interius
2527 2947 2807 3000 obvelabat
2849 2961 2861 2998 :
2896 2961 3050 2998 verus
3081 2950 3265 3014 itaque
3295 2949 3518 3012 snaguis
3569 2947 3638 3002 de
3686 2965 3804 3002 vero

2096 3033 2314 3086 corpore
2369 3018 2689 3086 proﬂuebat.
2755 3021 2834 3070 At
2886 3032 3025 3070 nunc
3069 3018 3291 3082 sanguis
3345 3017 3570 3082 Christi,
3645 3035 3804 3086 quem

2097 3089 2365 3142 credentes
2413 3104 2554 3142 nunc
2607 3088 2846 3153 ebibunt,
2915 3093 2965 3141 et
3019 3103 3210 3156 corpus
3276 3087 3420 3154 quod
3490 3091 3802 3152 comedunt,

2097 3160 2250 3212 aliud
2292 3164 2419 3212 sunt
2469 3163 2526 3211 in
2559 3161 2751 3227 specie,
2792 3162 2842 3211 et
2897 3158 3053 3211 aliud
3084 3161 3140 3212 in
3170 3161 3587 3225 signiﬁcatione,
3645 3161 3807 3214 aliud

2091 3237 2324 3299 pascunt
2376 3244 2568 3299 corpus
2643 3245 2761 3283 esca
2801 3244 3075 3297 corporea,
3119 3233 3168 3282 et
3214 3229 3370 3282 aliud
3426 3231 3574 3296 quod
3644 3237 3803 3299 sagi-

2095 3307 2231 3355 nant
2259 3307 2457 3354 mentes
2485 3307 2694 3354 aeternae
2732 3301 2854 3353 vitae
2883 3300 3209 3353 substantia.
3250 3301 3360 3353 Hoc
3387 3307 3471 3354 est
3510 3307 3805 3370 quatenus

2097 3377 2229 3424 sunt
2259 3372 2442 3437 ﬁgura
2468 3379 2524 3424 et
2574 3372 2755 3424 velum
2786 3371 2904 3423 veri
2935 3370 3187 3439 corporis
3236 3371 3462 3431 Christi,
3514 3373 3608 3424 cui
3661 3375 3803 3427 Ver-

2095 3442 2232 3496 bum
2262 3442 2518 3496 divinum
2548 3441 2873 3495 admirabili
2907 3443 3119 3494 unione
3151 3441 3502 3513 hypostatica
3544 3447 3806 3513 conjun-

2097 3519 2249 3566 ctum
2305 3519 2409 3578 est,
2457 3519 2512 3566 et
2543 3512 2800 3582 potentia
2831 3527 2931 3565 sua
2962 3513 3134 3567 efficit
3161 3512 3222 3566 in
3247 3512 3412 3566 nobis
3440 3512 3698 3584 gratiam
3752 3522 3808 3569 et

2097 3584 2494 3638 remissionem
2523 3591 2904 3653 peccatorum.

2167 3664 2191 3688 α
2228 3657 2392 3708 Verus
2439 3651 2623 3724 itaque
2673 3656 2897 3722 sanguis
2922 3653 2987 3707 de
3014 3669 3138 3708 vero
3192 3651 3412 3722 corpore
3466 3657 3804 3724 pro/luebat.

2096 3727 2220 3780 Non
2244 3727 2350 3778 hnc
2389 3726 2526 3778 dicit
2567 3732 2625 3778 ut
2664 3725 2902 3778 obsistat
2940 3731 3039 3778 aut
3078 3724 3268 3778 veniat
3315 3731 3514 3779 contra
3561 3735 3808 3781 senten-

2095 3796 2236 3849 tiam
2261 3797 2667 3850 catholicorum
2725 3795 3047 3858 hominum,
3081 3795 3179 3866 qui
3231 3797 3499 3849 tuendam
3552 3797 3613 3850 in
3691 3801 3810 3853 Eu-

2095 3867 2363 3920 charistia
2394 3869 2687 3920 veritatem
2720 3867 2906 3919 carnis
2938 3871 2995 3919 et
3023 3866 3318 3936 sanguinis
3376 3867 3581 3920 Christi
3638 3885 3806 3923 rece-

2095 3944 2317 4006 perant,
2345 3945 2402 3991 et
2427 3938 2654 3991 vocibus
2681 3939 3013 4010 veritatiset
3040 3940 3156 3990 veri
3203 3937 3289 3990 nsi
3321 3945 3456 3990 sunt
3486 3939 3552 3990 ad
3615 3941 3806 4010 signi-

2095 4009 2379 4062 ﬁcandum
2441 4009 2592 4079 quod
2627 4024 2822 4061 revera
2861 4009 3054 4061 existit
3110 4013 3165 4061 et
3225 4024 3478 4076 praesens
3532 4009 3810 4075 estfsed

2094 4080 2435 4133 assumenda
2487 4081 2554 4133 ad
2605 4079 3040 4148 exprimendum
3100 4083 3252 4148 quod
3282 4079 3555 4151 sensibus
3605 4083 3807 4151 subje-

2095 4155 2248 4203 ctum
2283 4155 2443 4203 estet
2471 4151 2539 4203 de
2577 4166 2689 4221 quo
2721 4166 2920 4202 sensus
2953 4151 3213 4219 corporei
3263 4149 3586 4203 discernere
3669 4149 3810 4221 pos-

2093 4227 2245 4274 sunt.
2283 4222 2411 4274 Haec
2439 4228 2559 4274 erat
2623 4237 2806 4290 prima
2838 4237 2965 4290 pars
3012 4221 3342 4289 quaestionis
3391 4238 3564 4290 quam
3601 4222 3807 4276 discu-

2094 4292 2164 4344 tit
2193 4298 2250 4344 et
2279 4294 2541 4345 euucleat
2573 4293 2936 4356 Ratramnus,
2979 4295 3044 4363 ad
3080 4292 3523 4345 discernendum
3557 4299 3615 4344 et
3646 4294 3807 4363 diju-

2091 4363 2396 4417 dicandnm
2471 4379 2543 4415 an
2627 4369 2810 4415 totum
2885 4362 3039 4430 quod
3111 4363 3334 4416 videtur
3417 4363 3474 4415 in
3529 4362 3811 4418 Euchari-

2092 4433 2198 4487 stia
2236 4439 2318 4486 est
2359 4433 2416 4486 in
2449 4433 2683 4486 veritate
2715 4439 2778 4485 ut
2823 4434 3002 4485 oculis
3049 4434 3259 4487 nostris
3303 4449 3638 4503 expressum
3663 4449 3666 4452 '
3693 4442 3806 4499 est,

295 4517 476 4575 avero
507 4488 744 4575 corpore
770 4501 898 4554 Jesu
924 4501 1133 4575 Christi
1171 4488 1322 4571 quod
1357 4488 1574 4575 loculos
1621 4509 1850 4575 nostros
1892 4521 1980 4558 ce-
2009 4488 2053 4542 Ῑ)
2092 4504 2181 4558 vel
2240 4504 2424 4573 ﬁgura
2476 4504 2548 4556 sit
2599 4509 2656 4556 et
2707 4503 2978 4575 aliquod“
3006 4506 3191 4556 velum
3259 4488 3415 4575 quod
3499 4488 3813 4560 abscondit

295 4573 416 4625 lant
445 4576 500 4624 et
530 4571 866 4625 reetinduut.
917 4572 1022 4626 Sed
1081 4571 1203 4625 haec
1259 4573 1453 4626 omnia
1485 4574 1826 4642 significant,
1882 4591 1986 4628 nec

295 4649 587 4713 utcunque
617 4643 772 4696 aliud
805 4643 1121 4695 consistunt
1153 4659 1327 4710 quam
1359 4645 1508 4712 quod
1539 4645 1789 4710 theologi
1819 4646 1983 4698 scho-

295 4715 471 4768 lastici
507 4731 606 4766 seu
638 4713 1031 4784 quaestiouarii
1087 4714 1295 4766 elocuti
1328 4719 1461 4767 sunt
1500 4715 1570 4767 ab
1618 4732 1684 4767 eo
1725 4721 1984 4784 tempore

297 4801 412 4853 quo
468 4785 764 4838 ratiocinia
814 4784 1170 4839 Aristotelica
1227 4791 1283 4837 et
1346 4785 1722 4854 peripatetica
1765 4787 1985 4840 scholas

295 4855 643 4909 Christianas
675 4860 1026 4925 occuparunt
1057 4854 1308 4907 :scilicet
1346 4871 1516 4908 omne
1543 4857 1698 4925 quod
1732 4861 1984 4911 exterius

295 4926 548 4997 cernitur
574 4927 630 4978 in
675 4927 940 4996 mysterio
975 4925 1363 4992 Eucharistiae,
1389 4927 1504 4978 sive
1541 4943 1669 4997 quae.
1717 4936 1988 4981 vocantur

297 4996 611 5049 accidentia
643 5002 697 5049 et
737 4997 970 5066 species,
1006 5012 1122 5049 non
1177 5003 1311 5048 sunt
1366 4996 1569 5050 verum
1595 5013 1800 5067 corpus
1855 5000 1984 5052 Jesu

299 5067 504 5120 Christi
533 5071 731 5120 uatum
763 5067 832 5120 de
866 5067 1096 5137 Virgine
1129 5071 1185 5120 et
1209 5067 1362 5120 cruci
1401 5068 1656 5132 affixum,
1693 5074 1985 5122 mortuum

298 5142 354 5210 et
377 5139 686 5207 sepultum,
723 5137 820 5190 sed
852 5139 974 5208 ejus
1001 5153 1120 5210 esse
1163 5138 1370 5206 velum,
1419 5140 1776 5210 paropidem,
1836 5145 1984 5208 tege-

299 5209 433 5274 lem,
494 5223 848 5278 conopaaum,
929 5209 1199 5278 speciem,
1265 5209 1622 5272 memoriam,
1674 5211 1984 5278 imaginem

296 5295 645 5351 expressam,
679 5295 794 5332 uno
829 5279 999 5333 verbo
1028 5295 1235 5333 nomen
1270 5297 1282 5334 :
1319 5282 1453 5351 quia
1511 5281 1749 5335 nomina
1789 5299 1980 5336 rerum

299 5365 442 5422 quas
485 5349 780 5422 continent
834 5357 890 5403 et
927 5350 1308 5422 adumbrant.
1340 5349 1717 5407 sacramentis
1765 5353 1987 5422 imponi

297 5421 534 5474 soleant.
556 5421 645 5474 Sic
677 5421 890 5491 quippe
924 5421 1145 5474 locutus
1172 5427 1256 5474 est
1285 5421 1985 5488 Berengariiadversarius

299 5492 501 5545 beatus
531 5492 790 5561 Algerus,
825 5493 1128 5561 theologus
1170 5492 1518 5560 Leodiensis,
1553 5495 1698 5547 libro
1727 5512 1742 5547 ι
1775 5495 1844 5548 de
1889 5495 1987 5548 Sa-

298 5563 627 5627 cramentis,
657 5563 841 5632 capite
881 5565 939 5616 l7
976 5579 988 5616 :
1042 5565 1312 5628 Quantum
1341 5564 1414 5617 ad
1442 5565 1658 5620 uisibile
1686 5580 1990 5620 sacramen-

301 5638 433 5698 tum,
467 5636 667 5702 speeies
711 5639 762 5687 et
803 5635 1104 5688 similitudo
1130 5635 1348 5688 illarum
1399 5651 1576 5689 rerum
1606 5641 1734 5690 sunt
1773 5639 1992 5691 nomina

301 5719 420 5771 qua
450 5709 574 5757 ante
603 5706 844 5771 fuerant,
895 5707 1054 5772 punis
1109 5707 1308 5758 scilicet
1338 5709 1386 5757 et
1430 5709 1565 5772 vini,
1596 5722 1698 5760 non
1751 5710 1990 5775 corporis

304 5776 546 5830 Christi:
579 5791 776 5844 corpus
804 5793 925 5830 vero
950 5782 998 5829 cl
1047 5778 1273 5842 sanguis
1319 5778 1524 5831 Chr-isti
1555 5783 1814 5832 vocantur
1852 5795 1988 5830 nun-

2093 4581 2149 4628 et
2178 4578 2325 4628 celat
2364 4575 2598 4626 interius
2629 4574 2843 4644 aliquid
2880 4573 3015 4626 solis
3064 4575 3196 4628 ﬁdei
3226 4573 3405 4628 oculis
3453 4578 3803 4644 percipitur.

2163 4648 2188 4688 Ι)
2239 4645 2321 4699 Ad
2373 4645 2492 4725 haec
2541 4647 2754 4725 verba:
2810 4647 2877 4700 In
2933 4660 3037 4713 quo
3067 4646 3321 4700 habemus
3371 4647 3809 4716 redemptionem

2089 4732 2188 4786 per
2217 4731 2533 4781 sanguinem
2581 4730 2715 4782 ejus.

2164 4796 2184 4820 °
2220 4789 2477 4858 Pateuter
2533 4789 2796 4858 insinuat,
2865 4791 2971 4839 etc.
3044 4787 3118 4840 Ex
3175 4791 3401 4858 sancto,
3447 4786 3810 4858 Hieronymo

2094 4857 2405 4911 clarissime
2445 4857 2819 4924 intelligimus
2872 4861 3092 4909 tantum
3154 4856 3501 4912 discriminis
3550 4856 3808 4913 interire-

2094 4929 2228 4982 dere
2258 4927 2407 4981 inter
2435 4927 2541 4980 hoc
2583 4943 2788 4998 corpus
2823 4931 2878 4980 et
2923 4927 3070 4981 istud
3103 4943 3331 4997 corpus.
3363 4929 3513 4980 hunc
3565 4932 3809 4997 sangui-

2093 5015 2225 5052 nem
2259 5003 2314 5051 et
2343 4999 2514 5052 istum
2545 4999 2905 5067 sanguinem,
2957 4999 3012 5052 id
3046 5005 3131 5053 est
3183 5015 3388 5069 corpus
3449 4999 3811 5055 Eucharisti-

2093 5086 2221 5123 cum
2256 5075 2312 5122 et
2339 5069 2493 5122 cruci
2519 5070 2776 5136 affixam,
2808 5075 3088 5138 quantum
3138 5070 3289 5122 inter
3343 5085 3433 5121 res
3467 5075 3810 5138 corporales

2093 5149 2151 5194 et
2180 5140 2521 5210 spirituales.
2550 5141 2691 5194 Cum
2720 5156 2850 5193 vero
2879 5141 3121 5210 quaestio
3145 5141 3502 5194 aRatramno
3546 5141 3812 5195 discussa

2094 5211 2161 5264 ad
2188 5209 2338 5264 istud
2366 5216 2536 5279 caput
2566 5210 2863 5280 potissima
2889 5209 3239 5275 devolvatur,
3265 5227 3347 5282 an
3379 5211 3595 5264 scilicet
3645 5216 3811 5282 quod

2095 5284 2274 5336 oculis
2321 5282 2530 5334 nostris
2587 5282 2909 5352 subjicitur
2944 5288 3002 5334 et
3059 5281 3373 5352 percipitur
3430 5297 3463 5333 a
3528 5281 3810 5337 sensibus

2097 5353 2346 5407 exterius
2387 5353 2442 5405 in
2479 5353 2826 5406 Eucharistia
2871 5351 2944 5404 sit
2989 5353 3174 5422 ipsum
3223 5351 3430 5422 eorpus
3489 5352 3708 5407 Christi
3752 5364 3810 5408 et

2096 5423 2726 5477 constitueritdilucido
2758 5423 3010 5492 aliquam
3035 5424 3310 5476 interesse
3342 5424 3623 5491 ﬁguram;
3670 5441 3806 5478 cum

2097 5494 2415 5564 praesertim
2450 5495 2732 5548 exteriora
2792 5495 2954 5563 panis
3002 5499 3059 5548 et
3097 5494 3213 5547 vini
3242 5495 3356 5547 sint
3385 5499 3614 5564 tantum
3678 5499 3809 5550 vela

2100 5563 2152 5619 et
2176 5565 2492 5646 paropides,
2547 5581 2676 5646 quae
2709 5569 3022 5646 contegunt
3061 5580 3268 5646 corpus
3290 5563 3502 5646 Christi
3550 5570 3611 5646 et
3670 5584 3806 5646 san-

2101 5635 2336 5704 guinem
2366 5652 2470 5705 pro
2507 5637 2687 5690 salute
2719 5635 2946 5706 generis
2982 5635 3218 5689 humani
3252 5635 3516 5699 effusum,
3550 5635 3648 5689 hic
3682 5639 3807 5691 evi-

2099 5707 2302 5760 denter
2355 5706 2704 5773 probathtec
2756 5706 3015 5774 symbola
3051 5707 3330 5760 exteriora
3382 5722 3510 5760 cum
3560 5716 3809 5763 careant

2101 5777 2474 5848 qualitatibus
2503 5777 2761 5830 sensibus
2793 5778 3060 5830 humanis
3089 5778 3375 5848 subjectis,
3411 5775 3626 5847 quibus
3661 5781 3806 5834 atl‘e-
