3920 6224
191 320 284 370 ιὸῖ
1191 313 1204 320 ’
1301 320 1390 376 DE
1433 320 1757 379 CORPORE
1799 323 1890 378 ET
1929 324 2278 380 SANGUINE
2321 325 2582 382 DUMlNl.
3597 327 3693 376 L38

183 453 463 509 differunt
492 453 820 526 corporalia
844 459 900 510 et
929 453 1271 525 spiritualia,
1307 456 1548 513 visibilia
1590 464 1646 513 et
1691 459 1892 514 invisi-
1921 462 1966 514 Α
2007 460 2073 513 lis
2106 461 2204 531 qui
2251 462 2506 532 quotidie
2563 463 2925 518 credentibus
2983 462 3268 534 potandus
3311 460 3628 525 exhibetur,
3661 477 3692 512 a

182 541 350 609 bilia,
385 543 586 599 divina
610 548 785 616 atque
813 544 1066 599 humana
1095 565 1106 600 :
1143 550 1200 600 et
1231 547 1382 618 quod
1413 564 1446 601 a
1498 564 1556 602 se
1595 549 1886 616 differunt,

187 647 306 686 non
372 633 532 688 idem
595 639 749 688 sunt.
824 633 1100 688 Differunt
1155 644 1348 690 autem
1415 653 1544 691 caro
1621 638 1890 708 spiritua-

186 721 255 774 lis
286 738 418 792 quae
449 723 710 777 fidelium
763 739 860 777 ore
899 723 1165 790 sumitur,
1221 729 1278 779 et
1324 726 1558 796 sanguis
1613 726 1889 797 spiritua-

188 883 347 931 ctum
380 879 568 931 fuerat
597 895 806 950 corpus
839 879 1047 934 Christi
1078 879 1229 933 cruci
1262 881 1519 944 affixam,
1577 883 1728 937 aliud
1770 900 1889 939 esse

187 956 491 1024 nequeunt
522 966 694 1024 quam
728 967 934 1020 corpus
973 951 1285 1024 spirituale,
1315 952 1370 1006 id
1404 959 1489 1006 est
1519 953 1577 1007 in
1599 956 1886 1024 mysterio,

189 1021 249 1072 in
279 1022 493 1088 specie,
559 1027 613 1074 et
664 1022 878 1095 figura,
932 1028 988 1075 et
1036 1022 1502 1095 significatione:
1560 1021 1818 1095 adeoque
1859 1045 1891 1080 a

186 1107 325 1168 vero
351 1107 593 1168 corpore.
624 1099 740 1168 tam
774 1093 1002 1168 differre
1033 1108 1232 1168 quam_
1257 1094 1578 1168 spiritualia
1627 1114 1660 1150 a
1687 1093 1890 1168 corpo-

188 1163 428 1236 ralibus.
470 1164 902 1236 lnvietissimatn
952 1165 1237 1236 ejusmodi
1292 1163 1630 1219 differentiae
1679 1163 1889 1236 proba-

189 1233 413 1305 tionem
449 1233 613 1286 affert
642 1251 882 1288 numero
912 1235 1194 1304 sequenti,
1220 1240 1276 1289 et
1300 1239 1486 1304 palam
1515 1233 1890 1305 demonstrat,

191 1303 324 1380 hac
355 1306 512 1380 bene
547 1305 806 1358 instituta
861 1303 1184 1380 differentia
1241 1303 1390 1360 inter
1421 1307 1628 1380 Christi
1666 1303 1891 1380 corpus

195 1374 650 1447 Eucharisticum
699 1381 753 1428 et
794 1377 947 1429 cruci
977 1377 1233 1443 altixum,
1285 1393 1386 1447 per
1442 1374 1892 1433 Eucharisticum

194 1446 251 1498 id
285 1446 613 1520 intellzgere
643 1447 915 1520 duntaxat
943 1447 1032 1500 cui
1066 1449 1172 1501 hoc
1220 1446 1428 1502 nomen
1472 1452 1729 1520 corporis
1779 1451 1889 1505 im-

197 1517 450 1589 positum
487 1523 592 1579 est,
625 1518 760 1586 quia
791 1524 1160 1584 sacramenta,
1195 1520 1310 1572 sive
1340 1521 1435 1574 illa
1466 1517 1594 1589 pars
1647 1523 1894 1575 exterior

198 1588 464 1639 sensibus
492 1589 765 1656 subjecta,
806 1604 997 1642 rerum
1034 1606 1175 1659 quas
1223 1588 1518 1645 continent
1565 1593 1893 1646 nominibus

200 1659 525 1730 nuncupari
559 1660 762 1711 solent.
796 1661 930 1730 illoc
962 1676 1095 1712 vero
1128 1661 1353 1730 integro
1401 1667 1641 1715 tractatu
1698 1664 1891 1716 animo

198 1729 444 1804 probare
494 1730 743 1804 intendit
790 1729 1129 1804 ltatramnus
1159 1739 1217 1804 ut
1259 1729 1610 1786 demonstret
1653 1733 1709 1787 id
1740 1735 1891 1804 quod

200 1801 259 1852 in
288 1800 649 1853 Eucharistia
675 1801 932 1854 sensibus
966 1803 1275 1872 percipitur
1313 1809 1368 1856 et
1399 1805 1624 1857 videtur
1673 1800 1892 1872 alb—um,
1923 1817 1961 1868 Β

203 1873 513 1945 rotundam
555 1878 641 1945 get
689 1879 1007 1945 extensum,
1081 1889 1195 1926 non
1251 1890 1372 1927 esse
1443 1891 1641 1944 reapse
1689 1892 1894 1945 corpus

201 1941 392 2009 ipsum
435 1941 661 2002 Christi,
713 1944 817 2016 sed
869 1948 1112 2016 tegetem
1163 1950 1238 2016 et
1277 1946 1464 1998 velum
1523 1941 1678 2013 quod
1708 1941 1894 2016 ipsum

202 2028 412 2081 corpus
436 2029 633 2066 verum
675 2013 972 2068 abscondit
1007 2019 1065 2068 et
1095 2014 1272 2066 oculis
1327 2017 1654 2070 mortalium
1715 2013 1897 2072 homi-

203 2098 342 2136 num
400 2083 592 2152 eripit.
661 2084 788 2137 Haec
842 2093 1031 2138 autem
1088 2085 1332 2139 dilucide
1381 2089 1667 2141 contraria
1723 2089 1896 2143 friant

202 2154 777 2229 opinionem__eorum
810 2157 1076 2229 adversus
1126 2172 1266 2229 quos
1299 2159 1596 2223 scribebat,
1639 2160 1736 2229 qui
1769 2176 1896 2213 om-

206 2241 335 2300 nem
368 2232 467 2278 aut
514 2225 874 2300 aliquantam
914 2225 1158 2300 figuram
1190 2227 1247 2280 iu
1293 2225 1896 2300 Eucharistia'perne-

205 2296 439 2370 gabant,
477 2300 534 2349 et
567 2297 707 2370 nihil
744 2297 1058 2370 quidquam
1087 2297 1158 2370 Ain
1192 2303 1350 2352 tanto
1394 2301 1666 2370 mysterio
1693 2296 1898 2355 recon-

203 2368 382 2419 ditum
412 2373 513 2420 aut
533 2369 815 2420 occultum
843 2368 1239 2433 defendebant,
1265 2375 1321 2422 et
1339 2368 1617 2425 tuendum
1644 2373 1896 2427 efflictim

207 2437 610 2501 admittebant,
645 2454 814 2492 omne
843 2439 994 2509 quod
1028 2446 1148 2492 erat
1179 2441 1437 2494 sensibus
1468 2443 1786 2508 subjectum
1837 2450 1893 2497 et

206 2509 963 2583 oculisperceptumiipsum
1015 2526 1212 2580 reapse
1257 2528 1455 2565 verum
1511 2529 1630 2566 esse
1695 2530 1898 2583 corpus

208 2580 452 2655 Christi.‘
470 2580 906 2655 Observavimus
928 2582 1109 2655 lapsu
1122 2584 1398 2652 temporis
1421 2584 1566 2637 hanc
1597 2580 1898 2655 adoptasse

207 2650 553 2703 sententiam
588 2651 849 2705 abbatem
879 2651 1217 2706 Abbaudum
1245 2650 1306 2707 et
1350 2650 1727 2720 Gualterium,
1773 2673 1898 2709 ma-

208 2737 381 2790 gnum
415 2721 668 2789 priorem
699 2722 877 2775 sancti
911 2723 1145 2776 Victoris
1179 2724 1528 2778 Parisiensis.
1563 2727 1738 2780 Porro
1766 2743 1898 2779 con-

208 2792 382 2860 ceptis
416 2793 603 2844 verbis
634 2793 712 2844 sic
762 2794 914 2846 fatur
967 2795 1309 2848 Hatramnas
1359 2812 1598 2849 numero
1629 2801 1695 2849 7‘2
1733 2814 1744 2851 :
1799 2799 1900 2852 Illa

203 2878 438 2931 namque
459 2879 583 2916 caro
613 2879 731 2932 qua?
758 2867 1021 2932 cruci/ima
1057 2873 1153 2930 est.
1189 2866 1254 2919 de
1289 2868 1528 2932 Virginis
1559 2883 1719 2920 carne
1746 2872 1900 2933 facta

201 2940 301 2995 est,
337 2937 549 2987 ossibus
579 2941 630 2987 et
678 2938 856 2988 mrvis
890 2944 1188 3004 compacta,
1234 2942 1284 2990 et
1329 2939 1686 2992 humanorum
1729 2955 1896 2992 mem-

202 3005 420 3057 brorum
453 3007 790 3058 lineamentis
819 3005 1100 3069 distincta,
1135 3010 1421 3062 rationalis
1451 3012 1644 3063 animm
1699 3013 1900 3077 spiritu

200 3077 480 3142 viviﬁcuta
533 3079 589 3128 in
645 3080 927 3144 praprinm
982 3080 1153 3131 vitam
1205 3084 1255 3132 et
1312 3086 1656 3146 congruentes
1699 3087 1892 3135 motus.

1997 565 2164 604 carne
2197 567 2324 622 qua:
2357 552 2626 606 crucifixa
2672 557 2772 615 est,
2807 557 2863 606 et
2892 568 2926 606 a
2988 552 3269 622 sanguine
3328 551 3428 623 qui
3485 549 3688 605 militis

1999 639 2212 693 effusus
2266 644 2350 694 est
2396 641 2619 706 lancea;
2668 640 2814 694 sicut
2860 640 3172 695 auctoritas
3227 639 3528 712 praesentis
3583 637 3691 692 viri

1997 728 2337 783 testificatur
2368 745 2381 784 :
2416 745 2529 784 non
2568 729 2750 800 igitur
2774 729 2924 783 idem
2955 734 3108 783 sunt.

1999 883 2243 955 speciem
2279 885 2638 951 exteriorem,
2695 901 2824 956 quos
2864 887 2922 939 in
2971 902 3036 938 eo
3067 884 3536 956 consistitgquod
3590 901 3688 954 ap-

1999 960 2162 1026 paret
2191 972 2255 1008 ex
2283 972 2430 1026 aqua
2463 956 2518 1008 in
2553 955 2728 1034 calice
2759 957 2888 1009 vino
2924 956 3298 1034 m_ista,_s.i_cut
3347 955 3406 1034 in
3437 956 3690 1034 ecquod

1999 1029 2239 1096 apparet
2267 1043 2333 1080 ex
2367 1043 2512 1097 pane
2562 1033 2615 1080 et
2647 1029 2800 1095 vino,
2852 1027 3018 1081 nobis
3062 1027 3293 1080 exhibet
3341 1031 3396 1080 et
3443 1027 3686 1078 ostendit

1997 1098 2058 1150 in
2078 1098 2262 1166 figura
2283 1099 2558 1167 populum
2583 1098 2988 1164 Christianum,
3015 1097 3502 1168 quemadmodum
3527 1097 3689 1167 panis

2001 1175 2058 1222 et
2092 1170 2282 1240 vinum
2317 1185 2522 1238 corpus
2551 1171 2680 1222 Jesu
2713 1170 2921 1223 Christi
2955 1186 3057 1240 pro
3092 1169 3332 1239 peccatis
3358 1174 3686 1240 mactatum.

2001 1241 2062 1292 Et
2092 1255 2221 1292 cum
2255 1239 2554 1294 dubitandi
2590 1241 2742 1294 locus
2773 1238 2968 1294 nullus
2993 1238 3224 1294 relictus
3251 1240 3344 1303 sit,
3395 1238 3687 1292 neminem

2001 1310 2334 1379 theologum
2371 1311 2428 1363 in
2486 1316 2672 1364 mente
2726 1311 2991 1365 habuisse
3041 1312 3227 1364 dicere
3286 1315 3386 1362 aut
3441 1311 3688 1379 cogitire

1999 1380 2146 1434 hanc
2176 1397 2382 1448 aquam
2441 1387 2883 1458 transmutatam
2952 1381 3021 1458 iri
3054 1382 3113 1434 in
3169 1380 3688 1458 mysterio,__m_od_o

2001 1467 2277 1523 corporeo
2307 1461 2362 1504 et
2391 1454 2649 1506 sensibus
2679 1453 2951 1522 subjecto,
2987 1454 3044 1506 in
3071 1469 3273 1522 corpus
3304 1451 3502 1523 populi
3535 1451 3690 1505 Chri-

2003 1522 2191 1587 stiani,
2225 1528 2441 1576 certum
2473 1523 2642 1576 etiam
2684 1523 2758 1576 sit
2821 1539 3050 1577 necesse
3100 1522 3357 1576 esthunc
3401 1538 3603 1592 panem
3634 1526 3691 1574 et

2003 1593 2333 1672 lioc'vinum
2369 1594 2425 1646 in
2457 1595 2638 1663 specie
2667 1610 2780 1664 qua
2814 1595 2994 1672 pculis
3017 1601 3298 1672 apparent
3327 1599 3456 1672 pOst
3489 1609 3690 1672 ροηδε-ς

2002 1663 2314 1717 crationem
2355 1681 2470 1717 non
2510 1663 2830 1734 nuncupari
2885 1663 3104 1734 corpus
3133 1665 3341 1718 Christi
3387 1680 3559 1734 quam
3592 1663 3691 1734 qui

2003 1740 2137 1787 sunt
2168 1735 2336 1788 modo
2369 1740 2424 1788 et
2453 1751 2661 1804 genere
2704 1735 3008 1804 spirituali,
3049 1736 3164 1788 sive
3220 1736 3344 1804 ejus
3391 1739 3605 1804 tegetes
3637 1737 3692 1786 et

2003 1806 2124 1858 vela
2153 1805 2494 1872 consistunt,
2527 1812 2582 1859 et
2630 1805 2686 1859 in
2744 1807 2889 1860 hanc
2947 1822 3178 1860 carnem
3238 1810 3294 1858 et
3346 1806 3691 1874 sanguinem

2008 1877 2178 1953 modo
2208 1878 2487 1946 corporali
2508 1883 2565 1930 et
2594 1878 2856 1953 sensibus
2884 1877 3186 1953 subjecto:
3208 1876 3373 1953 quod
3406 1875 3690 1953 vindicare

2006 1948 2363 2000 conabantur
2394 1964 2492 2000 seu
2520 1948 2698 2001 animi
2719 1947 2934 2002 viribus
2967 1947 3419 2001 intendebanthi
3444 1947 3693 2013 theologi

2008 2019 2276 2072 adversus
2309 2035 2452 2089 quos
2488 2019 2833 2072 Ratramnus
2889 2024 3191 2072 tractatum
3241 2034 3408 2089 suum
3458 2017 3692 2070 concin—

2007 2097 2258 2166 naverat,
2291 2088 2392 2159 qui
2424 2089 2808 2166 defendebant
2839 2091 3050 2166 nullam
3079 2088 3530 2166 in_Euchari_sti_te
3565 2103 3694 2166 my-

2007 2159 2178 2238 sterio
2209 2161 2452 2238 figuram
2494 2160 2842 2238 con_sistere,_
2873 2161 2971 2238 sed
3005 2161 3211 2238 omnia
3254 2159 3590 2238 simpliciter
3636 2159 3693 2210 in

2007 2231 2264 2295 veritate,
2304 2231 2388 2284 uti
2439 2231 2698 2284 sensibus
2757 2231 3012 2300 subjecta
3070 2231 3424 2284 videbantur.
3470 2230 3693 2298 Quippe

2007 2318 2074 2355 eo
2102 2306 2360 2370 tempore
2390 2303 2614 2356 nullum
2643 2302 2880 2356 dubium
2915 2302 3211 2356 subolebat
3243 2301 3382 2370 quin
3434 2302 3598 2369 panis
3637 2303 3694 2352 et

2005 2373 2201 2426 vinum
2234 2379 2421 2426 essent
2460 2373 2518 2425 iu
2559 2389 2766 2440 corpus
2798 2378 2854 2426 et
2891 2372 3230 2442 sanguinem
3275 2371 3483 2425 Christi
3535 2386 3689 2423 com-

2008 2449 2256 2508 mutata;
2293 2443 2387 2496 sed
2421 2448 2536 2496 tota
2567 2443 2869 2496 difficultas
2897 2444 2967 2497 ad
3020 2443 3126 2496 hoc
3169 2450 3339 2512 caput
3379 2447 3500 2494 erat
3537 2442 3694 2494 devo-

2008 2515 2129 2567 luta
2160 2530 2229 2567 an
2271 2517 2620 2567 commutata
2651 2520 2839 2567 essent
2869 2515 3035 2567 modo
3065 2529 3338 2584 corporeo
3361 2518 3416 2564 et
3435 2512 3695 2564 sensibus

2007 2584 2284 2653 subjecto.
2321 2585 2393 2638 Ea
2415 2586 2484 2637 de
2514 2601 2683 2638 causa
2737 2585 2926 2654 inquit
2973 2591 3163 2638 noster
3213 2585 3557 2638 Batramnus
3595 2598 3695 2634 nu-

2009 2671 2168 2709 mero
2197 2657 2264 2708 73
2301 2671 2312 2708 :
2351 2654 2545 2722 Igitur,
2581 2658 2630 2709 si
2657 2657 2843 2709 vinum
2874 2656 3014 2708 illud
3045 2657 3441 2722 sanctiﬁcatum
3470 2669 3565 2721 per
3593 2655 3692 2706 mi-

2007 2729 2309 2780 nistrorum
2359 2729 2598 2794 ofﬁcium
2631 2730 2688 2779 in
2733 2728 2947 2780 Christi
2975 2729 3296 2792 sanguinem
3343 2725 3696 2792 Corporatitcr

2009 2802 2359 2862 convertitur,
2411 2813 2557 2865 aqua
2599 2813 2828 2866 quoque,
2887 2813 3005 2865 quae
3050 2800 3259 2865 pariter
3303 2796 3540 2848 admista
3596 2799 3692 2858 est,

2007 2870 2065 2921 in
2090 2871 2408 2935 sanguinem
2433 2868 2628 2938 populi
2657 2868 2920 2922 credentis
2966 2883 3170 2922 necesse
3207 2872 3285 2921 est
3341 2866 3697 2934 corporaliter

2008 2945 2371 2993 convertatur.

2079 3009 2183 3062 Sed
2213 3009 2450 3062 fortasse
2489 3009 2679 3062 dicent
2728 3007 2910 3071 nobis,
2971 3007 3180 3079 quibus
3241 3011 3433 3079 nostra
3479 3007 3694 3079 glosse-

2009 3086 2160 3133 mata
2193 3096 2302 3133 non
2335 3081 2575 3150 placent,
2609 3080 2744 3150 quid
2778 3077 3004 3133 necesse
3036 3079 3208 3132 fuerit
3239 3077 3695 3150 hancinstituere

202 3150 278 3198 At
308 3162 436 3221 vero
467 3162 591 3200 caro
619 3149 946 3221 Spiritualis,
985 3164 1102 3221 qua:
1147 3151 1407 3218 populum
1455 3152 1750 3205 credentem
1778 3156 1891 3221 spi-
1926 3165 1966 3220 (ζ
2005 3147 2490 3221 comparationem
2525 3147 2818 3220 sanguinis
2874 3150 3072 3220 populi
3123 3155 3180 3204 et
3205 3149 3504 3219 sanguinis
3537 3147 3694 3202 Chri—

201 3218 485 3270 ritualiter
549 3220 746 3284 pascit,
815 3220 1109 3272 seeimdum
1169 3224 1395 3286 speciem
1445 3237 1607 3287 quam
1659 3218 1897 3276 exterius

200 3288 458 3353 ostendit,
507 3290 774 3354 frumenti
848 3293 1038 3357 granis
1101 3306 1266 3344 manu
1327 3294 1563 3358 artiﬁcis
1630 3295 1894 3357 consistit,

201 3360 364 3412 nullis
397 3361 580 3412 nervis
627 3360 940 3428 ossibusilue
988 3366 1285 3428 compacta,
1330 3364 1483 3415 nulla
1541 3365 1897 3418 membrorum

202 3432 464 3482 varietate
510 3429 791 3494 distincta,
847 3432 999 3484 nulla
1045 3433 1364 3485 rationabili
1392 3435 1699 3487 substantia
1753 3451 1900 3500 vege-

206 3505 338 3564 tata,
363 3501 541 3553 nutlos
572 3504 820 3568 proprios
861 3507 1036 3554 motus
1076 3509 1260 3570 potens
1309 3519 1568 3557 ea-ercere.
1620 3506 1899 3573 Quidquid

205 3573 338 3646 enim
392 3574 452 3622 in
481 3586 544 3646 eu
574 3574 697 3646 vitae
720 3573 921 3646 prebet
956 3573 1353 3646 substantiam.
1395 3576 1646 3646 specialis
1690 3582 1768 3630 est
1800 3593 1896 3646 po-

209 3645 473 3716 tentiavget
503 3642 796 3695 invisibilis
816 3644 1120 3716 efﬁcientia:
1149 3642 1705 3716 divinaequejvirtutis,
1738 3642 1900 3716 attjue

210 3712 359 3764 aliud
388 3713 546 3777 longe
585 3716 828 3786 consistit
871 3714 1161 3786 secundum
1204 3715 1348 3783 quod
1393 3712 1636 3770 citerius
1684 3712 1897 3786 conspi-

209 3786 346 3856 citur
376 3790 544 3851 atque
583 3784 750 3856 aliud
773 3785 1061 3837 secundum
1093 3787 1236 3852 quod
1266 3789 1321 3838 in
1355 3791 1612 3856 mysterio
1638 3784 1895 3842 creditur.

211 3855 369 3906 Porro
391 3869 521 3906 caro
567 3854 773 3908 Christi
797 3870 914 3921 qua:
965 3859 1231 3922 cruci/ira
1270 3862 1367 3920 est,
1412 3854 1516 3910 non
1569 3859 1725 3912 aliud
1752 3865 1898 3913 ϐεττε-

209 3926 319 3977 rius
351 3940 544 3998 quam‘
573 3925 728 3998 quod
779 3927 1006 3998 interius
1044 3931 1182 3992 erat,
1229 3928 1538 3980 ostendebat
1571 3933 1742 3998 :quia
1772 3946 1900 3983 vera

211 4011 328 4047 caro
353 3998 472 4047 veri
526 3996 756 4048 hominis
804 3997 1090 4061 existebat,
1140 4013 1331 4067 corpus
1383 4001 1569 4068 utique
1609 3996 1793 4054 iterum
1843 4004 1900 4054 in

211 4069 317 4118 reri
347 4068 592 4134 corporis
624 4068 799 4134 specie
829 4070 1141 4121 consistens.

277 4137 790 4210 Vernmenimvero
847 4139 1027 4206 magis
1082 4138 1370 4210 conceptis
1417 4139 1601 4192 verbis
1654 4141 1900 4210 exprimi

211 4212 411 4275 potest,
467 4207 832 4260 solummodo
891 4210 1034 4261 velle
1091 4209 1158 4261 de
1211 4210 1478 4265 exteriori
1537 4207 1898 4266 Eucharistiae

211 4278 417 4352 eloqui,
453 4294 585 4347 qua:
633 4278 948 4352 accidentia
999 4281 1365 4352 appellantur
1417 4287 1471 4334 et
1517 4284 1638 4335 vela
1694 4299 1900 4352 corpus

212 4349 412 4401 Christi
473 4349 858 4417 contegentia.
918 4350 1299 4413 Quamobrem
1340 4352 1612 4420 appulsus
1661 4354 1726 4406 ad
1771 4349 1902 4406 con-

215 4421 518 4471 clusionem
556 4436 728 4488 quam
747 4436 809 4472 ex
845 4421 930 4472 his
961 4421 1228 4474 omnibus
1259 4423 1618 4476 sermonibus
1641 4425 1896 4489 assumit,

2005 3223 2074 3277 sti
2106 3237 2235 3275 cum
2283 3238 2430 3292 aqua
2467 3221 2596 3274 vino
2655 3221 2918 3286 admista,
2983 3226 3041 3274 et
3096 3236 3295 3273 revera
3355 3221 3696 3292 Ratiramnus

2006 3294 2065 3347 in
2096 3309 2163 3346 ea
2193 3290 2454 3345 suasi—oue
2487 3308 2598 3345 non
2629 3292 2737 3346 fuit
2779 3292 3118 3362 sanguinem
3163 3293 3291 3345 Jesu
3320 3290 3542 3362 Christi
3575 3305 3696 3342 esse

2005 3363 2363 3419 reconditum
2397 3363 2499 3416 sub
2527 3364 2710 3431 specie
2747 3363 2859 3416 vini
2887 3361 3091 3416 eodem
3123 3361 3332 3432 agendi
3381 3362 3696 3432 modoquo

2007 3435 2239 3501 sanguis
2268 3435 2463 3504 populi
2497 3435 2710 3509 celatus
2739 3440 2823 3486 est
2855 3434 2958 3486 sub
2990 3431 3181 3503 specie
3215 3449 3402 3509 aquae,
3434 3431 3697 3509 videlicet

2007 3507 2065 3559 in
2092 3507 2274 3575 figura
2309 3512 2531 3558 tantum
2576 3505 2810 3582 f'uit,_et
2841 3521 3034 3582 revera
3091 3520 3188 3582 seu
3241 3506 3463 3557 realiter
3499 3505 3697 3582 neuti-

2007 3574 2200 3651 quam.
2235 3576 2340 3630 Sed
2374 3577 2654 3651 ejusmodi
2686 3575 3066 3644 objectionem
3106 3574 3278 3651 friare
3327 3581 3384 3628 et
3430 3574 3695 3651 retaliare

2007 3644 2170 3701 facile
2206 3651 2308 3712 est,
2362 3647 2601 3700 dicendo
2653 3661 3134 3715 supervacaneum
3186 3645 3355 3697 fuisse
3414 3644 3696 3713 ejusmodi

2006 3719 2308 3772 consilium
2363 3725 2552 3770 mente
2614 3717 2909 3785 concipere
2973 3716 3303 3780 Ratramno,
3367 3730 3440 3767 an
3487 3730 3694 3785 corpus

2008 3788 2217 3844 Christi
2271 3793 2419 3840 esset
2466 3787 2569 3839 sub
2621 3784 2782 3856 pane
2818 3785 3196 3839 Eucharistico
3241 3786 3328 3838 vel
3386 3785 3583 3856 vinum
3635 3784 3693 3836 in

2007 3858 2346 3927 sanguinem
2398 3859 2518 3926 ejus
2571 3855 2926 3921 conversum,
2963 3873 3072 3926 qua
3107 3856 3176 3908 de
3232 3871 3292 3908 re
3346 3855 3468 3927 ejus
3527 3860 3693 3908 aetate

2008 3926 2230 3983 nullum
2281 3928 2521 3981 dubium
2554 3927 2802 3981 restabat
2840 3933 2938 3980 aut
2983 3927 3288 3988 intererat;
3331 3926 3427 3979 sed
3457 3941 3530 3977 an
3579 3941 3695 3977 cor-

2006 4018 2114 4072 pus
2136 4006 2190 4053 et
2219 3998 2452 4070 sanguis
2482 4015 2678 4052 revera
2719 3999 2890 4072 modo
2941 3998 3121 4050 oculis
3160 3997 3522 4072 et___sensibus
3560 3996 3695 4072 sub:

2004 4067 2153 4140 jecto
2215 4067 2578 4140 permaneret
2629 4075 2686 4122 et
2736 4069 3092 4130 consisteret,
3147 4068 3360 4140 scilicet
3417 4083 3496 4129 an
3537 4067 3693 4137 quod

2007 4139 2248 4196 fractum
2284 4147 2340 4194 et
2369 4142 2693 4210 disruptum
2746 4140 2806 4193 in
2864 4139 3212 4193 Eucharistia
3269 4139 3494 4192 videtur
3549 4142 3696 4190 esset

2007 4229 2138 4266 vere
2193 4229 2396 4282 corpus
2449 4212 2674 4266 Christi.
2743 4213 2936 4265 Eccam
2988 4210 3366 4282 quaestionem
3424 4226 3490 4262 ea
3529 4215 3694 4262 tetate

2009 4282 2608 4358 versabauttheolpgi.
2663 4283 2726 4336 Et
2775 4299 2903 4336 cum
2957 4283 3112 4358 quod
3149 4283 3404 4358 exterius
3456 4285 3696 4358 apparet

2009 4361 2137 4425 post
2195 4354 2708 4420 consecrationem,
2759 4369 2966 4423 corpus
3003 4353 3243 4425 Christi
3312 4353 3694 4425 nuncupative

2011 4422 2284 4480 duntaxat
2339 4425 2580 4485 dicatur,
2631 4422 3140 4495 quemadmodum,
3197 4422 3384 4492 inquit
3435 4425 3689 4490 Alget-us,

218 4491 442 4570 ἕψῃ-ωδ.
461 4490 650 4569 verbis
682 4491 1022 4559 simpliciter
1058 4493 1276 4562 colligit
1323 4509 1551 4570 carnem
1601 4494 1808 4570 Christi
1839 4496 1896 4570 i_n
1926 4514 1969 4570 υ
2010 4497 2156 4570 sicut
2194 4512 2343 4570 aqua
2381 4513 2510 4570 cum
2543 4490 2674 4548 vino
2703 4496 2762 4549 in
2795 4495 2966 4549 calice
2999 4495 3168 4570 mista
3199 4490 3293 4547 est
3329 4494 3560 4570 sanguis
3592 4507 3694 4560 po-

220 4560 564 4613 Eucharistia
596 4569 919 4630 susceptam
969 4578 1087 4615 non
1136 4560 1257 4616 esse
1297 4565 1557 4618 eamdem
1607 4566 1759 4618 cruci
1811 4567 1900 4619 af-

217 4632 394 4704 fixam,
439 4631 539 4684 sed
587 4633 900 4704 secundum
950 4633 1200 4686 exterius
1267 4650 1367 4687 seu
1425 4635 1576 4704 quod
1634 4637 1897 4690 sensibus

219 4702 529 4771 subjectum
561 4708 666 4766 est,
695 4703 958 4756 videlicet
987 4705 1302 4758 secundum
1348 4702 1668 4760 albedinem
1719 4713 1774 4761 et
1803 4723 1896 4761 ex-

217 4775 524 4825 tensionem
568 4789 696 4843 quae
749 4774 807 4827 iu
852 4781 1161 4844 conspectu
1209 4777 1503 4830 oculorum
1555 4777 1708 4831 aliud
1741 4782 1892 4844 sunt,

218 4845 439 4896 omnino
476 4845 731 4916 consistit
772 4845 842 4898 ab
891 4862 958 4896 eo
1010 4846 1162 4914 quod
1202 4847 1260 4899 in
1308 4848 1575 4916 mysterio
1623 4850 1890 4902 creditur.

215 4918 386 4984 Atque
436 4914 582 4988 illud
618 4915 771 4982 longe
818 4919 1080 4988 consistit
1131 4914 1419 4988 secundum
1467 4919 1612 4988 quod
1657 4923 1897 4974 exterius

215 4987 546 5062 conspicitur:
577 4991 740 5062 atque
799 4987 944 5062 illud
976 4987 1490 5062 sicundumgth
1533 4993 1591 5043 in
1643 4993 1900 5062 mysterio

215 5058 460 5130 greditur.
529 5055 1086 5130 lgit‘unpleuissime
1157 5055 1606 5130 planissimeque
1677 5055 1899 5114 constat

217 5126 581 5203 Hatramnum
615 5127 937 5203 distinsisse
972 5129 1116 5182 hanc
1145 5126 1369 5203 carnem
1399 5126 1711 5203 secundum
1742 5133 1894 5203 quod

211 5199 447 5250 (Iterius
480 5197 724 5273 videtur,
758 5199 926 5273 abeo
960 5201 1275 5273 secundum
1309 5201 1459 5271 quod
1511 5202 1570 5255 in
1627 5204 1736 5256 hoc
1760 5197 1894 5273 iny-

210 5275 371 5342 sterio
403 5268 693 5342 creditur;
749 5269 964 5342 quippe
1022 5286 1151 5325 cum
1213 5270 1272 5325 in
1328 5268 1397 5324 eo
1452 5273 1602 5342 quod
1646 5268 1897 5327 exterius

211 5339 451 5411 praefert,
483 5339 672 5407 figura
713 5339 784 5392 sit
817 5343 1028 5406 velum,
1076 5349 1232 5411 teges
1291 5348 1346 5395 et
1379 5339 1485 5396 rei'
1509 5344 1748 5398 interius
1780 5361 1894 5398 cre-

210 5409 326 5463 dita:
356 5425 726 5478 conopaeum,
760 5426 890 5464 cum
931 5409 1169 5465 interius
1212 5429 1407 5466 revera
1441 5415 1637 5468 eadem
1689 5416 1892 5470 Christi

209 5496 326 5532 Caro
357 5482 430 5534 sit
460 5497 593 5550 quae
617 5480 766 5533 cruci
787 5481 956 5534 affixa
988 5483 1108 5536 fuit.
1131 5483 1268 5548 Quae
1296 5485 1610 5538 continenti
1634 5502 1894 5540 sermone

212 5553 408 5620 prodit,
449 5551 695 5604 mirifice
744 5554 1123 5620 comprobant
1170 5571 1228 5608 se
1283 5555 1426 5608 nihil
1475 5556 1627 5609 aliud
1669 5573 1734 5610 ex
1785 5557 1893 5610 isto

213 5624 476 5676 exteriore
509 5637 612 5674 seu
643 5621 784 5697 facie
816 5630 1049 5697 externa
1079 5625 1400 5697 intelligere
1442 5644 1456 5675 τ
1482 5643 1611 5680 uam
1645 5628 1894 5697 speciem

214 5700 261 5745 et
286 5708 617 5768 expressam
676 5693 989 5768 imaginem
1020 5693 1304 5768 __corporis
1357 5696 1564 5750 Christi
1602 5693 1688 5750 in'
1711 5699 1896 5768 figura

215 5779 301 5818 seu
344 5763 708 5833 simplicibus
755 5763 1165 5837 accidentibus
1190 5783 1319 5837 quae
1367 5769 1664 5822 oculorum
1713 5763 1892 5823 aciem

217 5837 601 5905 perstringunt
635 5840 690 5888 et
719 5835 772 5888 ei
809 5835 1221 5904 subjiciuntur.‘
1263 5840 1399 5892 Nam
1439 5839 1702 5893 observat
1750 5840 1895 5894 hanc

2008 4567 2157 4642 pulit
2209 4567 2541 4642 Exemplum
2605 4582 2717 4642 non
2766 4565 3290 4642 poterat__proferre
3349 4565 3695 4642 Batramnus

2005 4638 2163 4691 omni
2203 4638 2534 4711 exceptione
2566 4638 2751 4707 majus
2785 4643 2846 4690 ut
2893 4637 3329 4711 explicationem
3378 4649 3538 4711 suam
3567 4637 3692 4711 ovin-

2005 4710 2220 4763 dicaret
2249 4713 2306 4762 et
2344 4704 2682 4774 absolveret,
2732 4704 3041 4776 postposita
3098 4705 3428 4776 necessitate
3474 4704 3693 4776 facien-

2006 4781 2092 4833 dae
2141 4779 2584 4850 comparationis
2651 4774 2811 4853 cujus
2846 4774 3268 4853 _concin_pitudo
3299 4774 3381 4853 .sit
3425 4774 3692 4853 omnibus

2006 4847 2560 4918 numeris'perfecta
2601 4854 2659 4922 et
2705 4847 2983 4922 absoluta.
3038 4847 3172 4922 _Non
3220 4847 3372 4897 enim
3429 4850 3551 4922 erat
3592 4859 3694 4922 ne7

2003 4938 2155 4975 cesse
2187 4937 2289 4974 nec
2314 4915 2478 4974 valde
2519 4919 2876 4972 conducibile
2929 4918 3169 4986 probare
3222 4931 3428 4982 corpus
3484 4915 3692 4967 Christi

2005 5008 2198 5045 revera
2229 4992 2287 5044 in
2316 4991 2666 5044 Eucharistia
2711 4988 3038 5051 consistere,
3074 4991 3173 5039 aut
3221 4991 3346 5055 post
3392 5001 3689 5038 consecra-

2004 5064 2219 5117 tionem
2252 5077 2446 5115 veram
2498 5059 2954 5129 permausionem
3018 5073 3133 5110 non
3169 5057 3410 5129 habere;
3457 5057 3552 5129 sed
3596 5073 3691 5109 eos

2003 5133 2302 5200 theologos
2335 5132 2434 5200 qui
2464 5127 2568 5184 sibi
2595 5127 3219 5200 persuadebantmodo
3255 5128 3554 5200 corporali
3591 5143 3689 5180 seu

2003 5197 2264 5257 sensibus
2305 5197 2556 5270 subjecto
2594 5197 2923 5263 consistere,
2971 5197 3268 5270 allucinari
3327 5199 3692 5252 vehementer

2004 5280 2058 5327 et
2088 5288 2296 5326 errare.
2337 5269 2675 5325 Su’mmatim
2725 5270 2940 5341 quippe.
2987 5286 3053 5324 ex
3112 5269 3219 5323 hac
3265 5271 3690 5341 comparatione

2003 5344 2313 5398 solitariam
2347 5343 2492 5396 hanc
2548 5340 2971 5396 conclusionem
3025 5341 3266 5395 assumit
3323 5342 3477 5394 vafer
3509 5347 3565 5393 et
3607 5340 3690 5393 fu-

2004 5431 2098 5468 sus
2145 5413 2449 5480 theologus
2498 5415 2837 5468 Ratramnus
2888 5427 3125 5466 numero
3153 5414 3270 5465 75:
3332 5414 3410 5464 At
3448 5412 3688 5464 videmus

2002 5489 2060 5538 in
2089 5501 2235 5554 aqua
2271 5484 2562 5538 secundum
2587 5500 2780 5553 corpus
2808 5485 2950 5538 nihil
2976 5499 3084 5538 esse
3130 5496 3468 5542 conversum;
3516 5496 3688 5535 conse-

2003 5563 2223 5625 quenter
2252 5571 2378 5625 ergo
2407 5559 2457 5608 et
2511 5558 2744 5633 in__vino
2798 5557 2939 5633 nihil
2966 5556 3347 5633 _¢_:or_poraliter
3399 5558 3689 5633 intonsum...

2001 5623 2700 5704 Accipitur'spiritualiter
2740 5625 3015 5704 quidquid
3071 5627 3130 5676 in
3178 5639 3324 5692 aqua
3377 5623 3442 5676 de
3499 5623 3687 5704 populi

2002 5713 2220 5766 corpore
2247 5699 2592 5774 signiﬁcatur
2629 5718 2638 5748 :
2677 5700 3395 5774 accipia_tur_ergo.necesse
3429 5699 3526 5774 _est
3563 5699 3686 5774 spi-

2001 5765 2276 5843 ritualiter
2303 5769 2580 5843 quidquid
2608 5771 2666 5822 in
2697 5765 2823 5843 uino
2863 5768 2928 5843 de
2980 5765 3188 5843 Christi
3240 5766 3505 5843 sanguine
3552 5765 3683 5814 inti-

2001 5847 2202 5894 matur.
2229 5833 2338 5893 Ηίιέ
2367 5833 2576 5910 agendi
2603 5844 2659 5893 et
2690 5839 2912 5892 dicendi
2948 5835 3165 5889 ratione
3197 5834 3402 5904 probat
3433 5833 3683 5901 aliquam
