3920 6224
209 253 222 302 1
238 253 303 303 5‘.)

1339 251 1698 306 RATRAMNI
1729 251 2191 308 COBBEIENSIS
2231 251 2540 307 MONACIII
2585 279 2588 282 ί

3620 255 3714 305 tuo

275 385 471 440 LXXII.
526 384 626 438 Illa
684 399 934 453 namque
964 399 1096 438 caro
1165 401 1295 455 quas
1342 385 1612 440 crucifixa
1669 391 1771 454 est,
1827 387 1894 440 de
1927 390 1966 440 A
2007 403 2155 441 num.
2199 390 2322 453 8t.)
2347 386 2524 457 Igitur
2553 386 2600 440 si
2630 385 2824 441 vinum
2861 387 3002 441 illud
3033 387 3456 442 sanctiﬁcatum
3483 403 3589 458 per
3613 387 3716 440 mi-

200 474 450 542 Virginis
477 489 646 526 carne
677 473 821 528 facta
853 478 958 538 est,
993 473 1217 528 ossibus
1247 479 1303 528 et
1342 476 1530 529 nervis
1575 481 1889 546 compacta,

200 567 256 616 et
309 563 697 615 humanorum
732 563 1127 616 membrorum
1187 563 1551 617 lineamentis
1604 565 1890 624 distincta,

201 650 493 703 rationalis
526 651 736 704 animas
760 651 971 720 spiritu
991 651 1270 705 viviticata
1304 652 1362 705 in
1395 653 1688 723 propriam
1723 654 1893 706 vitam

201 743 256 791 et
281 744 666 804 congruentes
699 744 907 792 motus.
949 741 1021 792 At
1073 755 1204 792 vero
1237 755 1366 793 caro
1423 741 1736 810 spiritualis
1769 758 1896 811 quas

200 828 478 896 populum
521 827 849 881 credentem
903 827 1280 897 spiritualiter
1337 829 1535 898 pascit,
1578 830 1894 882 secundum

161 981 168 990 .
200 917 446 986 speciem
480 932 652 986 quam
685 916 835 986 gerit
866 917 1135 985 exterius,
1169 917 1438 970 frumenti
1483 917 1675 987 granis
1721 934 1894 972 manu

199 1005 437 1058 artiticis
467 1005 750 1071 consistit,
775 1005 951 1058 nullis
981 1006 1169 1059 nervis
1190 1005 1540 1076 {ossibusque
1579 1013 1892 1076 compacta,

203 1093 360 1147 nulla
391 1095 786 1146 membrorum
818 1093 1090 1147 varietate
1123 1094 1408 1163 distincta,
1431 1095 1590 1148 nulla
1629 1095 1896 1149 rationali

201 1182 518 1234 substantia
551 1187 829 1250 vegetata,
891 1183 1078 1236 nullos
1135 1184 1400 1253 proprios
1457 1189 1649 1238 motUS
1697 1189 1896 1254 potens

199 1285 483 1324 exercere.
517 1270 809 1342 Quidquid
841 1270 994 1325 enim
1025 1271 1084 1324 in
1115 1288 1181 1324 ea
1203 1272 1330 1326 vitae
1363 1273 1578 1343 praebet
1627 1274 1894 1326 substan-

205 1358 366 1423 tiam,
399 1358 710 1429 spiritualis
759 1364 843 1412 est
873 1359 1148 1428 potentiae
1201 1365 1258 1413 et
1312 1359 1592 1414 invisbilis
1643 1361 1894 1415 efticieu-

201 1447 316 1513 tite,
348 1447 670 1518 divinaeque
702 1447 924 1501 virtutis
960 1465 972 1500 :
1015 1453 1186 1518 atque
1215 1449 1367 1502 aliud
1425 1449 1594 1520 longe
1641 1451 1898 1504 consistit

203 1537 514 1590 secundum
563 1537 712 1607 quod
767 1537 1012 1590 exterius
1059 1538 1429 1608 conspicitur,
1511 1545 1681 1610 atque
1742 1539 1894 1592 aliud

202 1626 513 1680 secundum
559 1625 712 1696 quod
757 1626 813 1680 in
882 1627 1156 1696 mysterio
1221 1627 1488 1680 creditur.
1537 1629 1709 1682 Porro
1768 1644 1896 1681 caro

204 1714 412 1770 Christi
443 1731 571 1785 quae.
603 1715 872 1768 crucitixa
919 1722 1022 1778 est,
1059 1732 1172 1769 non
1214 1715 1370 1769 aliud
1429 1717 1676 1770 exterius
1723 1733 1894 1787 quam

204 1797 355 1866 quod
388 1797 630 1850 interius
662 1803 804 1865 erat,
851 1798 1185 1852 ostendebat
1217 1815 1231 1852 :
1261 1799 1396 1870 quia
1443 1817 1572 1852 vera
1617 1816 1747 1853 caro
1781 1800 1897 1852 veri

205 1887 456 1939 hominis
487 1887 820 1954 existebant,
849 1903 1054 1956 corpus
1079 1889 1276 1958 utique
1305 1904 1500 1942 verum
1533 1889 1593 1942 in
1627 1889 1744 1942 veri
1774 1904 1894 1942 cor-

204 1974 358 2046 poris
383 1975 568 2045 specie
601 1975 935 2030 consistens.

279 2063 498 2118 LXXIII.
569 2063 1061 2118 Considerandum
1139 2079 1372 2135 quoque
1429 2066 1582 2135 quod
1637 2065 1694 2119 iu
1750 2081 1898 2135 pane

203 2151 304 2204 illo
338 2167 454 2204 non
485 2153 666 2205 solum
701 2169 904 2222 corpus
951 2152 1179 2218 Christi,
1213 2169 1411 2206 verum
1453 2153 1624 2208 etiam
1674 2154 1734 2207 in
1765 2171 1898 2208 eum

204 2239 485 2292 credentis
516 2240 716 2310 populi
764 2241 1095 2310 tiguretur:
1161 2241 1314 2295 unde
1373 2242 1569 2295 multis
1623 2243 1896 2296 frumenti

205 2327 397 2398 grauis
427 2329 747 2388 eouticitur,
781 2330 916 2400 quia
947 2347 1155 2400 corpus
1187 2331 1388 2401 populi
1427 2332 1708 2386 credentis
1750 2333 1896 2384 mul-

205 2417 277 2470 tis
309 2433 413 2486 per
436 2418 672 2470 verbum
708 2417 915 2474 Christi
942 2419 1210 2472 tidelibus
1259 2425 1685 2488 augmentatur.
1737 2421 1899 2489 (Vide

205 2522 407 2560 numm.
450 2509 516 2560 96
547 2511 598 2560 ct
629 2509 742 2576 68.)

281 2595 497 2650 LXXIV.
531 2597 652 2659 Qua
692 2595 760 2649 de
812 2611 895 2660 re,
955 2594 1100 2649 sicut
1155 2594 1216 2648 in
1249 2595 1519 2666 mysterio
1581 2597 1747 2667 panis
1805 2597 1899 2651 ille

211 2683 420 2738 Christi
484 2699 691 2754 corpus
751 2683 1044 2752 accipitur,
1115 2684 1196 2737 sic
1258 2683 1434 2738 etiam
1503 2685 1562 2738 in
1627 2687 1898 2756 mysterio

213 2773 472 2826 membra
513 2772 711 2843 populi
759 2772 1042 2826 credentis
1093 2772 1155 2827 in
1187 2773 1478 2828 Christum
1519 2774 1899 2840 intimantur;

207 2868 266 2915 et
296 2861 571 2930 sicutjnon
612 2861 988 2931 corporaliter
1039 2862 1138 2916 sed
1170 2862 1545 2932 spiritualiter
1591 2864 1755 2934 panis
1803 2864 1900 2917 ille

210 2950 563 3004 credentium
596 2965 804 3020 corpus
831 2951 1058 3016 dicitur,
1093 2951 1171 3005 sic
1202 2967 1432 3022 quoque
1455 2951 1661 3006 Christi
1693 2969 1901 3022 corpus

213 3056 326 3093 non
370 3038 747 3110 corporaliter
801 3039 896 3092 sed
956 3039 1335 3110 spiritualiter
1391 3057 1618 3094 necesse
1669 3049 1752 3094 est
1810 3043 1897 3095 in-

213 3127 404 3194 telliga
415 3130 525 3182 tur.

283 3216 478 3270 LXXV.
512 3215 602 3270 Sic
639 3215 780 3269 etin
831 3215 962 3270 vino
994 3215 1093 3286 qui
1151 3217 1384 3287 sanguis
1422 3218 1628 3272 Christi
1673 3219 1902 3285 dicitur,

214 3321 361 3374 aqua
388 3303 614 3358 misceri
641 3304 896 3373 jubetur,
931 3321 1034 3358 nec
1068 3320 1248 3358 unum
1299 3306 1419 3358 sine
1453 3307 1631 3359 altero
1669 3305 1902 3375 permit-

213 3393 353 3446 titur
401 3393 614 3457 oti‘erri,
676 3392 810 3464 quia
865 3409 969 3447 nec
1017 3394 1267 3464 populus
1330 3393 1452 3448 sine
1494 3393 1737 3458 Christo,
1803 3409 1906 3447 nec

214 3481 468 3536 Christus
498 3481 618 3536 sine
652 3483 896 3554 populo;
932 3482 1079 3537 sicut
1124 3499 1227 3537 nec
1278 3488 1450 3553 caput
1493 3483 1617 3537 sine
1648 3499 1902 3552 corpore,

213 3572 294 3622 vel
342 3587 546 3642 corpus
577 3573 698 3626 sine
730 3571 930 3642 capite,
963 3574 1114 3626 valet
1153 3572 1410 3626 existere.
1449 3575 1610 3642 Aqua
1657 3572 1906 3643 denique

213 3660 272 3714 in
315 3659 409 3714 illo
468 3665 826 3715 sacramento
874 3661 1072 3733 populi
1113 3666 1298 3732 gestat
1355 3661 1688 3732 imaginem.
1743 3661 1907 3730 (Vide

215 3833 335 3897 esse
367 3817 424 3871 in
466 3818 1106 3900 Eucharistiatiguram,
1130 3824 1186 3872 et
1224 3819 1282 3872 in
1307 3835 1515 3899 canon
1549 3818 1742 3872 omnia
1767 3834 1904 3900 eve-

214 3888 337 3960 nire
363 3891 677 3942 secundum
712 3888 900 3942 oculis
923 3891 1124 3943 factam
1152 3891 1577 3960 apparitiouem
1631 3896 1688 3960 et
1721 3889 1906 3960 sensi-

213 3959 321 4012 bus
349 3960 779 4028 subiectionem.
832 3959 1162 4014 Continenti
1211 3959 1476 4014 sermone
1528 3959 1728 4028 probat
1767 3959 1907 4012 invi-

217 4029 466 4082 ctissime
486 4099 489 4100 7
508 4031 854 4084 Hatramuus
885 4048 942 4083 se
971 4033 1159 4083 solum
1190 4038 1456 4100 spectare
1475 4031 1628 4100 quod
1657 4030 1906 4083 exterius

214 4107 450 4168 apparet
481 4099 538 4152 in
575 4101 840 4168 mysterio
873 4116 1001 4153 cum
1036 4101 1374 4170 aitrcorpus
1404 4099 1612 4155 Christi
1657 4100 1810 4170 quod
1845 4100 1904 4153 in

221 4169 460 4223 Ecclesia
491 4170 808 4241 celebratur
858 4171 1016 4223 valde
1063 4169 1304 4241 differre
1363 4171 1430 4223 ab
1463 4187 1530 4223 eo
1572 4169 1722 4241 quod
1752 4171 1904 4223 cruci

218 4241 452 4293 at'tixum
489 4240 610 4291 fuit.
642 4241 706 4294 Hi
747 4241 916 4310 paulo
945 4240 1207 4294 duriores
1249 4241 1536 4294 scribendi
1584 4240 1641 4294 et
1680 4241 1905 4294 dicendi

2001 476 2314 529 nistrorum
2357 473 2633 541 officium,
2687 475 2744 528 in
2769 475 2977 530 Christi
3022 478 3366 545 sanguinem
3403 477 3715 546 corporali-

2002 570 2088 619 ter
2115 563 2505 630 convertitur;
2536 581 2686 634 aqua
2724 581 2975 635 quoque,
3017 581 3146 634 quin
3205 567 3425 635 pariter
3461 566 3710 618 admista

2003 659 2106 720 est,
2143 653 2200 706 in
2232 655 2569 722 sanguinem
2607 653 2806 722 populi
2837 655 3118 707 credentis
3151 672 3382 709 necesse
3415 661 3710 724 estcorpo-

2003 743 2198 797 raliter
2247 748 2627 796 convertatur.
2686 741 2788 795 Ubi
2849 759 3098 813 namque
3147 759 3263 796 una
3323 743 3706 797 sanctiﬁcatio

2004 835 2112 898 est,
2175 847 2290 884 una
2351 835 2770 901 consequenter
2811 832 3101 900 operatio;
3132 837 3186 885 et
3239 831 3335 884 ubi
3383 847 3490 900 par
3537 832 3707 890 ratio,

2005 934 2107 988 par
2136 935 2366 990 quoque
2409 919 2781 990 consequitur
2823 920 3176 989 mysterium.
3220 923 3290 974 At
3339 921 3606 974 videmus
3647 921 3707 972 in

2003 1023 2154 1078 aqua
2173 1008 2488 1062 secundum
2521 1025 2726 1077 corpus
2756 1007 2902 1062 nihil
2935 1024 3058 1062 esse
3091 1025 3458 1073 conversum,
3499 1024 3710 1062 conse-

2005 1101 2252 1166 quenter
2277 1113 2412 1168 ergo
2445 1103 2500 1149 et
2529 1097 2586 1149 in
2615 1097 2746 1150 vino
2779 1097 2922 1150 nihil
2964 1098 3336 1168 corporaliter
3380 1103 3705 1150 ostensum.

2004 1180 2298 1250 Accipitur
2349 1181 2728 1252 spiritualiter
2775 1181 3054 1252 quidquid
3107 1182 3165 1235 in
3197 1199 3348 1253 aqua
3395 1182 3465 1236 de
3503 1181 3710 1252 populi

2005 1285 2243 1339 corpore
2301 1269 2684 1340 significatur;
2741 1270 3057 1340 accipiatur
3121 1287 3258 1339 ergo
3327 1287 3556 1324 necesse
3625 1273 3712 1322 est

2005 1358 2382 1428 spiritualiter
2439 1358 2720 1429 quidquid
2781 1359 2840 1412 in
2899 1359 3144 1427 vinoﬁde
3177 1359 3384 1414 Christi
3419 1359 3711 1428 sanguine

2006 1446 2326 1500 intimatur.

2083 1536 2292 1589 LXXVI.
2330 1536 2489 1598 Item,
2516 1551 2642 1605 quae
2671 1553 2704 1588 a
2751 1551 2806 1588 se
2836 1535 3112 1589 ditt'erunt
3161 1535 3310 1589 idem
3371 1551 3490 1588 non
3549 1537 3708 1589 sunt.

2007 1623 2222 1694 Corpus
2255 1623 2460 1676 Christi
2491 1622 2642 1692 quod
2706 1627 2994 1676 mortuum
3029 1627 3112 1676 est
3147 1627 3202 1676 et
3259 1621 3594 1688 resurrexit,
3655 1627 3713 1676 et

2005 1709 2330 1764 immortale
2357 1711 2566 1764 factum
2594 1712 2714 1778 jam
2732 1727 2837 1764 non
2865 1714 3114 1776 moritur,
3148 1717 3198 1765 et
3249 1727 3388 1766 mors
3421 1713 3508 1766 illi
3553 1713 3708 1765 ultra

2005 1816 2110 1854 non
2152 1800 2522 1853 dominabitur
2594 1801 2768 1868 (item.
2831 1817 2902 1862 vi,
2957 1801 3036 1869 9),
3109 1807 3389 1854 internum
3451 1806 3540 1854 est
3601 1818 3708 1854 nec

1997 1889 2120 1960 jam
2157 1889 2418 1960 passibile
2453 1905 2466 1942 :
2500 1890 2605 1941 hoc
2633 1895 2826 1942 autem
2877 1889 3031 1958 quod
3067 1889 3125 1942 in
3179 1889 3422 1942 Ecclesia
3455 1889 3712 1943 celebra-

2004 1985 2118 2044 tur,
2152 1979 2463 2048 temporale
2499 1982 2599 2044 est,
2653 1994 2768 2030 non
2816 1984 3132 2042 aeternum;
3177 1978 3554 2048 corruptibile
3599 1982 3708 2040 est,

2007 2083 2118 2121 non
2152 2065 2579 2136 incorruptum;
2615 2066 2674 2120 in
2705 2068 2793 2118 via
2815 2071 2918 2130 est,
2954 2082 3070 2120 non
3100 2067 3160 2119 in
3192 2066 3393 2136 patria.
3421 2067 3714 2121 Diﬁ’erunt

2005 2157 2183 2225 igitur
2206 2173 2238 2208 a
2267 2172 2347 2220 se,
2381 2159 2732 2226 quapropter
2757 2171 2873 2207 non
2899 2161 3034 2207 sunt
3083 2155 3256 2208 idem.
3290 2155 3594 2220 Quomodo
3623 2171 3714 2208 ve-

2007 2261 2135 2298 rum
2165 2259 2370 2313 corpus
2401 2243 2608 2296 Christi
2640 2243 2847 2296 dicitur
2871 2249 2927 2296 et
2951 2260 3115 2296 verus
3145 2245 3418 2314 sanguis?

2081 2331 2402 2386 LXXVII.Si
2433 2331 2587 2385 enim
2641 2347 2849 2402 corpus
2906 2331 3116 2386 Christi
3167 2337 3362 2388 estzet
3411 2333 3515 2386 hoc
3566 2333 3712 2385 dici~

2006 2425 2100 2474 tur
2131 2437 2257 2474 vere
2289 2420 2424 2491 quia
2454 2435 2663 2488 corpus
2708 2420 2916 2474 Christi
2951 2425 3076 2473 est:
3113 2420 3172 2474 in
3221 2422 3458 2474 veritate
3498 2429 3717 2491 corpus

2008 2509 2218 2564 Christi
2249 2515 2360 2575 est;
2391 2513 2446 2562 et
2473 2509 2519 2562 si
2551 2509 2610 2562 in
2661 2508 2898 2562 veritate
2919 2509 3160 2580 ’corpus
3213 2510 3446 2578 Chl‘iSti,
3479 2516 3534 2564 et
3577 2527 3716 2564 cor-

2008 2615 2114 2669 pus
2145 2598 2352 2653 Christi
2381 2598 2834 2666 iincorruptibile
2871 2603 2974 2662 est,
3024 2604 3081 2652 et
3118 2597 3478 2668 impassibile
3512 2603 3620 2664 est,
3649 2615 3716 2650 ac

2008 2702 2110 2758 per
2138 2687 2242 2740 hoc
2273 2691 2574 2740 internum.
2607 2687 2717 2739 IIoc
2743 2685 2920 2756 igitur
2941 2702 3150 2756 corpus
3181 2686 3388 2740 Christi
3421 2687 3572 2756 quod
3599 2685 3715 2756 agi-

2009 2781 2102 2828 tur
2155 2775 2216 2828 in
2275 2775 2539 2840 Ecclesia,
2599 2791 2829 2829 necesse
2875 2779 2958 2828 est
3011 2780 3077 2828 ut
3133 2774 3570 2846 incorruptibile
3641 2775 3716 2828 sit

2009 2869 2064 2917 et
2095 2869 2398 2918 aeternum.
2438 2864 2542 2918 Sed
2581 2864 2778 2933 negari
2805 2880 2920 2916 non
2967 2867 3152 2933 potest
3203 2865 3496 2934 corrumpi
3551 2865 3708 2934 quod

1932 2979 1972 3034 ο
2011 2969 2113 3022 per
2145 2959 2332 3022 partes
2362 2952 2782 3005 comminutum
2813 2961 2837 2985 ⁵
2870 2952 3208 3021 dispertitur
3247 2953 3619 3017 sumendum,
3655 2959 3716 3006 et

2011 3039 2277 3092 dentibus
2309 3039 2702 3092 commolitum
2738 3039 2798 3091 in
2827 3055 3034 3108 corpus
3063 3038 3366 3108 trajicitur.
3402 3038 3507 3093 Sed
3537 3038 3710 3102 §aliud

2012 3132 2096 3179 est
2127 3127 2279 3196 quod
2307 3127 2556 3180 exterius
2587 3126 2826 3195 geritur,
2853 3125 3010 3180 aliud
3043 3141 3174 3179 vero
3205 3127 3358 3195 quod
3395 3143 3496 3194 [er
3533 3127 3706 3180 tidem

2013 3215 2310 3268 creditur:
2371 3215 2438 3268 ad
2497 3231 2727 3268 sensum
2786 3215 2934 3285 quod
2997 3214 3248 3286 pertinet
3277 3216 3552 3285 corporis,
3589 3231 3714 3268 cor-

2013 3303 2318 3373 ruptibile;
2379 3304 2529 3373 quod
2582 3303 2724 3357 ﬁdes
2775 3320 2907 3356 vero
2991 3303 3189 3368 credit,
3249 3303 3715 3374 incorruptibile.

2013 3394 2038 3434 ι)
2073 3392 2517 3463 Exteriusigitur
2561 3393 2711 3462 quod
2789 3396 3045 3463 apparet,
3107 3408 3224 3445 non
3277 3397 3361 3445 est
3417 3393 3544 3462 ipsa
3605 3410 3718 3456 res,

2013 3481 2110 3535 sed
2143 3481 2332 3549 imago
2365 3481 2477 3546 rei;
2515 3489 2706 3534 mente
2741 3497 2871 3534 vero
2903 3481 3056 3552 quod
3084 3479 3331 3534 sentitur
3354 3487 3410 3535 et
3443 3481 3722 3552 intelligi-

2013 3575 2124 3635 tur,
2160 3570 2272 3622 veri
2285 3577 2365 3622 tas
2397 3570 2498 3623 rei.

2085 3659 2346 3712 LXXVIII.
2409 3659 2547 3712 Hinc
2609 3659 2806 3712 beatus
2867 3658 3221 3730 Augustinus
3289 3658 3350 3712 in
3419 3660 3720 3730 Evangelii

2013 3831 2296 3885 nusquam
2329 3820 2517 3886 potest
2567 3820 2622 3869 et
2669 3821 2950 3870 aeternum
2991 3820 3095 3882 est,
3154 3815 3310 3886 quod
3367 3815 3629 3869 creditur
3661 3817 3720 3868 in

2013 3887 2284 3956 mysterio
2344 3903 2541 3940 revera
2584 3887 2914 3940 consistere.
2971 3888 3078 3942 Sed
3131 3887 3251 3940 haec
3303 3887 3497 3939 omnia
3571 3887 3718 3940 nihil

2013 3958 2168 4011 aliud
2211 3956 2536 4024 signiﬁcant
2567 3958 2674 4011 nisi
2716 3958 2908 4010 oculos
2957 3959 3146 4012 videre
3199 3958 3455 4028 symbola
3504 3962 3560 4010 et
3591 3975 3722 4026 spe-

2013 4029 2128 4082 cies
2193 4028 2560 4082 Eucharistias
2627 4029 2886 4082 sensibus
2950 4029 3250 4098 subjectas,
3323 4028 3498 4082 tidem
3581 4044 3720 4082 vero

2015 4099 2347 4168 conspicere
2411 4115 2498 4152 res
2549 4099 2701 4169 ipsas
2751 4101 3058 4152 existentes
3093 4100 3150 4152 in
3201 4099 3401 4152 eodem
3438 4100 3718 4168 mysterio

2013 4170 2334 4240 reconditas
2375 4176 2430 4222 et
2460 4171 2696 4234 celatas;
2738 4170 2992 4240 symbola
3023 4186 3136 4223 nou
3169 4187 3290 4222 esse
3321 4186 3526 4238 corpus
3558 4170 3720 4224 Chri-

2016 4239 2107 4302 sti,
2143 4241 2222 4293 uti
2259 4240 2548 4294 vindicare
2588 4239 2895 4294 studebant
2939 4241 3242 4294 adversarii
3271 4241 3590 4304 Hatramni,
3625 4257 3720 4294 res

220 4311 374 4364 modi
400 4310 661 4364 videntur
693 4311 761 4363 iis
785 4313 883 4381 qui
916 4312 1210 4366 Rzitramni
1244 4327 1474 4365 sensum
1525 4327 1636 4364 non
1678 4315 1912 4381 capiunt
1934 4315 1975 4368 ι)
2013 4327 2148 4364 vero
2178 4312 2437 4364 sensibus
2467 4327 2587 4364 non
2614 4311 2914 4381 sulijectas,
2949 4311 3312 4380 incorruptas
3345 4317 3402 4364 et
3445 4318 3718 4376 aeternas,

219 4388 276 4434 et
321 4381 474 4450 quod
498 4382 734 4446 probare
767 4384 884 4434 vult
913 4399 1028 4434 non
1048 4390 1450 4452 assequuntur.
1491 4382 1791 4435 Enimvero
1815 4399 1909 4453 pa-

219 4458 300 4524 tet
329 4467 461 4504 eum
487 4455 688 4504 docere
737 4453 842 4506 hoc
897 4468 1104 4524 corpus
1154 4453 1304 4524 quod
1349 4454 1408 4506 in
1463 4453 1700 4507 Ecclesia
1773 4457 1912 4508 cele-

217 4523 435 4584 bratur,
495 4538 616 4576 esse
669 4523 1022 4594 corruptioui
1082 4523 1414 4587 obnoxium,
1480 4525 1755 4593 temporis
1807 4525 1911 4578 du-

222 4594 431 4647 rationi
491 4597 547 4647 et
611 4594 874 4648 brevitati
947 4595 1288 4664 subjectum,
1365 4596 1600 4662 insuper
1656 4595 1910 4660 friabile;

221 4681 349 4735 quae
409 4665 544 4718 solis
591 4665 820 4718 internis
871 4665 1270 4719 affectionibus
1316 4665 1622 4718 convenire
1679 4672 1915 4734 possunt

220 4741 278 4789 et
309 4735 569 4789 sensibus
595 4736 862 4806 subjectis
923 4739 1085 4804 panis
1146 4743 1202 4788 et
1253 4735 1368 4788 viui
1429 4743 1908 4802 cousecratorum,

220 4822 351 4859 cum
404 4807 591 4876 ipsum
640 4825 846 4876 corpus
898 4809 1031 4862 Jesu
1085 4806 1294 4862 Christi
1345 4807 1500 4860 cruci
1530 4807 1764 4860 aftixum
1795 4814 1912 4860 tam

220 4893 338 4930 non
397 4881 470 4930 sit
524 4878 880 4948 corruptioni
931 4883 1030 4932 aut
1081 4877 1335 4948 passi-ini
1405 4878 1745 4944 subjectum,
1815 4879 1912 4931 sed

223 4953 525 5020 aeternum,
555 4955 608 5003 et
639 4947 986 5014 immortale,
1029 4947 1091 5003 et
1113 4947 1453 5020 gloriosum.
1501 4947 1610 5002 Sed
1654 4964 1783 5020 cum
1817 4965 1912 5020 eo:

224 5019 529 5089 dcmrloco,
591 5020 804 5074 scilicet
853 5035 1095 5074 numero
1129 5019 1237 5084 ⁷76,
1293 5023 1486 5089 aperte
1539 5019 1802 5072 ostendat
1858 5019 1916 5073 id

223 5088 374 5159 quod
403 5090 654 5143 creditur
685 5092 743 5143 in
778 5091 1050 5159 mysterio
1089 5088 1454 5144 Eucharistiae
1488 5089 1715 5144 differre
1749 5089 1817 5142 ab
1848 5105 1915 5144 eo

223 5160 375 5232 quod
408 5161 602 5230 gustui
635 5162 956 5229 subjectum
997 5166 1100 5228 est,
1149 5167 1202 5215 et
1249 5167 1622 5230 recognoscat
1672 5161 1728 5215 id
1761 5161 1912 5232 quod

223 5231 474 5304 creditur
495 5247 619 5304 esse
643 5236 920 5304 aeternum
945 5239 1001 5286 et
1031 5233 1173 5286 nulli
1195 5233 1557 5304 corruptioni
1577 5231 1913 5304 obnoxium,

223 5303 372 5371 quod
407 5316 538 5354 vero
571 5302 793 5355 videtur
841 5319 961 5356 esse
1008 5302 1378 5371 corruptione
1417 5309 1472 5357 et
1513 5303 1918 5357 vicissitudinii

223 5373 500 5442 temporis
526 5373 841 5445 subjectum
877 5389 891 5428 :
942 5376 1309 5445 consequitur
1353 5375 1716 5443 apertissime
1761 5389 1916 5427 men-

224 5448 340 5496 tem
369 5445 490 5513 cjus
521 5443 692 5516 fuisse
722 5460 932 5516 corpus
987 5443 1196 5499 Christi
1236 5446 1615 5516 symbolicum
1656 5450 1709 5498 et
1767 5447 1912 5514 tigu-

227 5521 432 5586 ratum,
489 5515 646 5584 quod
704 5514 915 5570 scilicet
963 5517 1218 5570 sensibut
1265 5514 1593 5586 subjectum
1639 5521 1744 5580 est,
1795 5531 1916 5568 esse

225 5584 516 5642 diversum
585 5603 619 5642 a
665 5603 904 5658 corpore
957 5587 1092 5642 Jesu
1153 5584 1394 5644 Christr
1425 5587 1576 5659 quod
1624 5586 1918 5658 corrumpi

2024 4397 2145 4434 esse
2193 4382 2381 4451 ipsum
2429 4399 2631 4450 corpus
2683 4399 2876 4453 reapse
2927 4399 3120 4436 verum
3173 4386 3300 4436 Jesu
3362 4381 3570 4435 Christi
3623 4399 3720 4434 se—

2023 4453 2272 4506 cundum
2304 4454 2474 4505 tidem
2505 4453 2762 4506 Ecclesiae
2817 4454 3109 4508 catholicae
3145 4470 3156 4506 :
3214 4453 3516 4508 Secundum
3569 4455 3721 4506 inci-

2022 4524 2233 4578 sibiiem
2292 4524 2675 4587 substantiam,
2735 4524 2796 4576 id
2841 4529 2919 4578 est
2973 4525 3153 4578 divini
3195 4525 3493 4592 potmtium
3558 4525 3724 4576 Verbi

2021 4609 2142 4649 vere
2163 4609 2354 4662 corpus
2381 4601 2429 4647 et
2463 4597 2688 4657 sanguis
2719 4595 2924 4650 Christi
2951 4597 3214 4648 existunt.
3245 4624 3313 4633 —
3355 4595 3522 4662 Num.
3555 4595 3646 4646 49.

2092 4676 2113 4700 ί·
2141 4665 2199 4718 S.
2235 4661 2413 4728 lignut.
2457 4667 2615 4734 epist.
2675 4665 2750 4718 ad
2805 4666 3211 4732 Philadclphios
3244 4681 3255 4718 :
3291 4666 3377 4725 Ei;
3407 4661 3558 4736 ἀρτος
3609 4671 3724 4724 usi;

2023 4741 2182 4786 πᾶσιν
2213 4736 2459 4808 ἁθροφθη.
2526 4737 2673 4791 Unus
2725 4739 2886 4808 panis
2936 4737 3184 4790 omnibus
3231 4740 3310 4789 cst
3337 4737 3721 4808 eumminutus.

2092 4809 2117 4848 ιι
2148 4807 2404 4861 [Sa-terius
2437 4808 2610 4874 igitur
2639 4807 2784 4875 quod
2812 4813 3042 4876 apparet
3072 4823 3176 4859 non
3202 4812 3280 4860 est
3322 4809 3444 4873 ipsa
3489 4822 3598 4876 res,
3627 4807 3727 4858 sed

2026 4879 2202 4942 imago
2228 4879 2336 4944 rei;
2396 4883 2567 4931 mente
2622 4894 2744 4931 vero
2775 4875 2919 4946 quod
2969 4880 3207 4932 sumitur
3264 4882 3314 4930 et
3365 4875 3724 4941 intelligitur,

2023 4951 2222 5001 teritas
2251 4947 2348 5000 rei.
2386 4948 2672 5002 Concinne
2705 4949 2887 5017 magis
2919 4953 2974 5002 et
3001 4954 3266 5001 accurate
3307 4963 3423 5000 non
3453 4947 3605 5000 dotis
3637 4955 3729 5000 est

2024 5019 2345 5086 exprimere
2377 5019 2550 5073 fidem
2603 5019 2881 5084 Ecclesiae,
2941 5035 3068 5088 quia
3123 5035 3222 5072 nos
3276 5017 3442 5088 docet
3503 5019 3628 5070 vela
3669 5027 3752 5071 et-

2025 5087 2176 5157 quod
2213 5089 2390 5142 oculis
2421 5090 2735 5159 subjectum
2768 5097 2850 5142 est
2879 5090 2934 5142 in
2960 5087 3074 5142 hoc
3110 5087 3376 5160 mysterio
3435 5104 3550 5160 non
3598 5105 3724 5141 esse

2025 5177 2230 5228 corpus
2261 5160 2392 5214 Jesu
2418 5161 2648 5226 Christi,
2682 5161 2835 5230 quod
2868 5161 2990 5229 ipsa
3028 5178 3113 5214 les
3153 5167 3238 5214 est
3267 5175 3398 5229 quas
3447 5159 3567 5230 sub,
3585 5159 3726 5211 velis

2026 5237 2082 5284 et
2113 5231 2401 5301 tegetibus
2431 5233 2650 5285 occulta
2680 5229 2784 5284 sibi
2811 5247 3088 5284 anueXam
3129 5231 3300 5286 habet
3341 5229 3508 5282 Verbi
3539 5229 3726 5283 divini

2027 5304 2363 5373 potentiam,
2399 5319 2528 5372 quas
2560 5305 2812 5355 animam
2859 5302 3042 5356 nutrit
3088 5308 3144 5354 et
3198 5303 3250 5354 ei
3312 5301 3442 5354 vitae
3487 5306 3726 5373 aeterna

2027 5372 2404 5426 substantiam
2438 5373 2859 5437 subministrat,
2895 5388 3103 5440 nempe
3143 5373 3382 5442 gratiam
3425 5375 3484 5424 et
3532 5372 3728 5424 remis-

2027 5445 2243 5498 sionem
2281 5450 2664 5514 peccatorum,
2697 5450 2760 5495 ut
2783 5443 2992 5512 saepius
3013 5443 3133 5512 jam
3167 5443 3382 5496 dictum
3429 5447 3514 5495 est
3547 5459 3726 5514 supra

2027 5515 2102 5568 Eo
2130 5513 2343 5585 quippe
2373 5514 2671 5585 collimaut
2697 5515 2893 5568 omnia
2921 5531 3094 5584 supra
3118 5514 3371 5584 exposita
3396 5513 3578 5566 sancti
3609 5518 3726 5567 Au-

2027 5584 2246 5656 gustini
2269 5584 2615 5640 testimonia.
