3920 6224
135 350 213 399 161
1244 345 1331 399 DE
1372 345 1700 400 COIII’ORE
1741 345 1829 400 ΕΤ
1869 344 2218 401 SANGUINE
2260 346 2518 402 DOMINI.
3534 355 3629 404 l6?

121 484 346 537 Joannis
391 483 768 553 Expositione
824 485 1004 548 (tract.
1055 482 1224 550 XXVI),
1281 481 1417 535 dum
1465 481 1533 536 de
1577 498 1816 550 corpore
1847 484 1892 536 A
1930 497 2163 553 corpus;
2194 488 2342 537 certe
2391 484 2478 538 vel
2519 490 2653 538 tunc
2705 484 3040 557 intelligetis
3095 486 3226 558 quia
3279 488 3465 560 gratia
3507 489 3631 559 ejus

123 573 328 626 Christi
361 573 699 641 loqueretur
747 576 802 625 et
848 570 1145 640 sanguine,
1181 570 1258 623 sic
1303 571 1406 624 ait:
1445 590 1471 620 (ι
1519 571 1818 624 Manduca-

122 661 198 713 vit
226 668 283 713 et
331 664 550 729 Moyses
582 677 813 728 manna,
847 659 1209 714 manducavit
1240 663 1295 712 et
1333 663 1542 724 Aaron,
1576 660 1818 712 mandu-

121 749 258 802 cavit
309 755 365 802 et
415 749 680 815 Pbinees,
717 750 1212 804 manducaverunt
1256 748 1333 802 ibi
1367 748 1531 800 multi
1565 750 1662 819 qui
1707 750 1820 803 Deo

121 839 477 908 placuerunt,
511 846 570 892 et
603 838 814 891 mortui
871 843 1019 891 sunt.
1067 836 1290 901 Quare?
1345 837 1488 900 Quia
1541 837 1820 891 visibilem

119 928 312 981 cibum
365 927 745 997 spiritualiter
795 926 1220 987 intellexerunt,
1275 925 1648 994 spiritualiter
1700 943 1822 979 esu-

122 1016 361 1074 rierunt.
439 1015 820 1086 spiritualiter
875 1019 1264 1084 gustaverunt,
1323 1019 1390 1067 ut
1451 1013 1825 1084 spiritualiter

119 1103 486 1157 satiarentur.
544 1103 683 1158 Nam
717 1109 773 1156 et
823 1119 928 1156 nos
975 1101 1146 1156 hodie
1193 1101 1502 1170 accipimus
1541 1101 1821 1156 visibilem

115 1191 311 1245 cibum
341 1210 356 1260 ;
402 1192 496 1246 sed
539 1191 698 1245 aliud
731 1196 813 1245 est
854 1195 1296 1253 sacramentum,
1340 1191 1493 1244 aliud
1526 1190 1702 1244 virtus
1735 1209 1821 1244 sa-

115 1279 417 1334 cramenti.
457 1301 483 1327 »
515 1281 656 1334 Item
687 1279 746 1332 in
777 1279 1223 1349 posterioribus:
1258 1278 1374 1332 Hic
1408 1284 1484 1332 est
1511 1282 1695 1348 panis,
1729 1281 1826 1347 qui

115 1368 178 1421 de
205 1370 343 1422 casto
383 1369 660 1422 descendit
700 1367 873 1438 (Joan.
910 1384 982 1434 νι,
1031 1367 1136 1437 59).
1190 1369 1350 1423 IIunc
1394 1384 1601 1437 panem
1645 1367 1825 1436 signi-

115 1456 301 1510 ﬁcavit
354 1473 587 1523 manna,
623 1458 775 1510 hunc
818 1472 1025 1526 panem
1083 1455 1421 1527 signiﬁcavit
1473 1456 1647 1509 altare
1703 1456 1821 1509 Dei.

116 1545 487 1600 Sacramenta
517 1547 616 1600 illa
658 1546 930 1610 fuerunt;
979 1546 1038 1598 iu
1083 1544 1262 1614 signis
1311 1544 1530 1598 diversa
1557 1548 1721 1608 sunt;
1767 1545 1826 1597 in

117 1650 174 1686 re
223 1650 358 1704 quae
401 1633 777 1704 significatur,
835 1632 992 1703 paria
1050 1639 1202 1686 sunt.
1260 1633 1594 1702 Apostolum
1657 1633 1822 1686 audi:

115 1723 248 1776 Νοίο
279 1736 374 1774 vos
403 1724 677 1788 ignorare,
726 1724 948 1788 fratres,
1000 1723 1133 1789 quia
1181 1727 1364 1789 patres
1421 1723 1594 1775 nostri
1650 1736 1826 1774 omnes

116 1809 212 1863 sub
244 1810 388 1863 nube
414 1813 662 1876 fuerunt,
710 1816 758 1862 et
802 1825 978 1863 omnes
1004 1809 1242 1863 eamdem
1273 1825 1446 1863 escam
1485 1811 1826 1878 spirituatem

117 1900 606 1964 mmiducaverunt,
659 1904 710 1951 et
757 1913 932 1952 omnes
981 1899 1221 1951 eumdem
1267 1905 1452 1967 potum
1486 1900 1826 1967 spiritualem

119 1987 368 2041 biberunt
405 1986 463 2056 (Ι
509 1989 638 2040 Cor.
674 2003 726 2054 χ,
766 1988 903 2056 1-4).
961 1987 1328 2057 Spiritualem
1390 1987 1606 2058 utique,
1677 2003 1822 2040 eam-

117 2077 280 2142 dem;
315 2092 434 2130 non
458 2077 814 2145 corporalem
850 2080 1128 2141 alterum;
1166 2077 1300 2146 quia
1340 2076 1425 2129 illi
1460 2091 1688 2143 manna,
1723 2093 1827 2130 nos

119 2165 689 2234 aliudzspiritualem
714 2181 869 2231 vero,
899 2180 1071 2235 quam
1102 2181 1223 2218 nos.
1257 2165 1325 2218 Et
1363 2165 1663 2235 adjungit:
1700 2187 1725 2213 ‹‹
1767 2168 1829 2219 Et

119 2269 296 2308 omnes
326 2254 572 2308 eumdem
600 2259 784 2322 potum
832 2256 1176 2323 spiritualem
1217 2253 1484 2307 biberunt.
1521 2255 1688 2308 Aliud
1721 2254 1822 2321 illi,

118 2345 269 2396 aliud
322 2359 449 2409 nos,
513 2343 612 2395 sed
673 2343 857 2412 specie
918 2341 1177 2394 visibili:
1239 2341 1394 2411 quod
1455 2349 1648 2395 tamen
1719 2343 1828 2396 hoc

117 2432 262 2486 idem
299 2430 650 2501 signiﬁcaret
697 2433 904 2484 virtute
957 2430 1260 2500 spirituali.
1307 2431 1600 2494 Quomodo
1647 2432 1824 2497 enim,

119 2521 358 2574 eumdem
414 2519 650 2588 potum?
703 2521 984 2585 Bibebant,
1046 2519 1256 2588 inquit,
1307 2519 1370 2573 de
1418 2521 1700 2588 spirituati
1739 2535 1824 2573 se-

120 2615 302 2679 quenti
345 2625 444 2680 ,eos
490 2615 686 2678 petra:
733 2616 893 2677 petra
951 2614 1131 2662 autem
1180 2613 1297 2662 erat
1354 2609 1630 2664 Christus.
1688 2609 1826 2662 Inde

119 2699 280 2768 panis
324 2698 479 2751 unde
531 2705 719 2766 potus.
774 2699 936 2750 Petra
969 2697 1222 2750 Christus
1252 2697 1314 2751 in
1361 2698 1612 2766 signum,
1661 2713 1826 2751 verus

119 2787 379 2840 Christus
413 2786 472 2839 in
505 2786 686 2839 Verbo
719 2791 776 2839 et
810 2785 867 2838 in
895 2801 1082 2839 carne.
1125 2808 1146 2834 ι

187 2874 420 2930 LXXIX.
459 2896 485 2923 «
525 2875 695 2928 Item:
735 2874 849 2928 Hic
889 2880 967 2927 est
1002 2877 1166 2942 panis
1205 2875 1270 2928 de
1309 2875 1440 2928 ccelo
1473 2875 1819 2928 descendens:

118 2969 175 3016 ut
203 2965 255 3017 si
283 2966 414 3031 quis
445 2979 512 3016 ea:
552 2964 670 3032 ip‘so
709 2961 1140 3026 manducauerit,
1190 2979 1295 3016 non
1338 2965 1622 3017 moriatur.
1655 2985 1682 3009 ι)
1717 2963 1822 3017 Sed

1929 586 2043 624 non
2096 572 2451 624 consumitur
2501 575 2810 638 morsibus;
2862 581 2918 627 et
2965 577 3088 629 ait:
3127 577 3370 646 Spiritus
3403 582 3494 632 est
3533 581 3630 646 qui

1926 662 2184 728 viviﬁcat,
2206 677 2329 715 caro
2354 677 2458 714 non
2481 662 2699 729 prodest
2731 661 2919 732 (Ibid,
2944 665 3054 730 64).

2001 747 2216 803 LXXXI.
2277 750 2340 803 Et
2392 750 2653 819 pluribus
2702 750 3078 820 interpositis,
3137 769 3336 806 rursus
3394 753 3625 823 adjicit;

1930 837 2188 906 Quisquis
2264 843 2462 898 autem,
2518 837 2708 908 inquit
2760 839 2909 892 idem
2974 842 3299 909 Apostolus,
3357 843 3626 911 Spiritum

1931 927 2137 981 Christi
2190 941 2296 978 uon
2347 927 2504 980 habet
2567 927 2653 979 hic
2709 943 2814 981 non
2873 933 2949 981 est
2999 931 3113 996 ejus
3182 929 3361 996 (Rom.
3421 947 3494 997 γι,
3551 934 3625 996 9).

1929 1013 2171 1082 Spiritus
2228 1029 2352 1082 ergo
2398 1019 2477 1069 est
2523 1018 2620 1083 qui
2665 1018 2938 1084 viviﬁcat:
2983 1033 3108 1070 caro
3155 1024 3333 1072 autem
3363 1034 3468 1072 non
3498 1035 3625 1088 pro-

1931 1102 2047 1156 dest
2102 1103 2420 1172 quidquam.
2491 1104 2660 1158 Verba
2717 1120 2835 1172 quae
2884 1121 2977 1172 ego
3032 1106 3236 1160 locutus
3285 1122 3404 1160 sum
3454 1108 3628 1174 robis,

1930 1193 2160 1258 spiritus
2205 1197 2255 1245 et
2285 1195 2402 1244 vita
2430 1198 2557 1245 sunt
2587 1191 2766 1262 (Joan.
2802 1209 2876 1259 vi,
2921 1195 3030 1262 64).
3064 1193 3211 1257 Quid
3255 1199 3358 1261 est,
3395 1196 3627 1263 spiritus

1931 1285 1980 1333 et
2008 1285 2122 1334 vita
2169 1280 2341 1334 sunt?
2384 1281 2771 1350 Spiritualiter
2816 1281 3191 1352 intelligenda
3249 1289 3399 1336 sunt.
3453 1284 3624 1336 Intel-

1935 1367 2116 1422 lexisti
2148 1369 2539 1439 spiritualiter,
2576 1370 2814 1441 spiritus
2857 1377 2922 1424 etr
2944 1371 3058 1425 vita
3096 1377 3256 1427 sunt.
3295 1371 3632 1426 Intellexisti

1934 1457 2257 1524 carnaliter,
2303 1457 2476 1512 etiam
2516 1459 2746 1530 spiritus
2787 1463 2842 1513 et
2880 1460 2997 1514 vita
3035 1467 3188 1527 sunt,
3232 1461 3329 1514 sed
3369 1460 3474 1514 tibi
3515 1476 3629 1514 non

1935 1551 2088 1599 sunt.

2012 1635 2257 1690 LXXXII.
2316 1636 2497 1706 Hujus
2540 1638 2874 1690 auctoritate
2906 1637 3150 1691 doctoris
3182 1637 3352 1691 verba
3400 1637 3631 1691 Domini

1939 1723 2231 1776 tractautis
2282 1723 2349 1777 de
2405 1731 2759 1778 sacramento
2807 1725 2895 1778 sui
2935 1727 3190 1796 corporis
3220 1732 3275 1780 et
3313 1725 3629 1794 sanguinis,

1939 1811 2238 1865 manifeste
2267 1812 2558 1878 docemur,
2586 1813 2739 1883 quod
2775 1813 2870 1866 illa
2901 1813 3070 1867 verba
3109 1813 3332 1868 Domini
3364 1814 3631 1884 spiritua-

1936 1901 2068 1954 liter
2098 1906 2154 1953 et
2187 1917 2302 1953 non
2333 1901 2640 1954 carnaliter
2689 1901 3066 1969 intelligenda
3097 1908 3228 1956 sunt
3255 1920 3267 1968 ;
3325 1903 3468 1956 sicut
3513 1903 3634 1973 ipse

1938 1989 2052 2042 ait:
2095 1989 2266 2043 Verba
2305 2005 2423 2058 quas
2453 2005 2545 2057 ego
2576 1991 2762 2058 loquor
2791 1992 2960 2056 vobis,
2995 1994 3225 2060 spiritus
3257 1995 3306 2045 et
3339 1994 3455 2045 vita
3485 1973 3658 2044 sunt.~

1937 2077 2115 2130 Verba
2159 2077 2354 2147 utique
2401 2079 2470 2131 de
2518 2094 2619 2131 sua
2665 2094 2835 2131 carne
2869 2079 3284 2146 manducanda,
3339 2085 3397 2133 et
3429 2079 3497 2133 de
3525 2095 3632 2131 suo

1936 2165 2220 2232 sanguine
2244 2165 2513 2220 bibendo.
2554 2166 2692 2219 Inde
2720 2167 2873 2220 enim
2908 2167 3248 2236 loquebatur
3281 2169 3430 2221 unde
3460 2167 3629 2221 disci-

1935 2253 2055 2322 puli
2105 2253 2331 2306 fuerant
2378 2253 2762 2308 scandalizati.
2803 2255 2946 2323 Ergo
3008 2261 3067 2308 ut
3123 2271 3238 2308 non
3290 2255 3635 2309 scandaliza-

1937 2347 2134 2396 rentur
2167 2349 2394 2396 revocat
2423 2358 2521 2396 eos
2553 2343 2783 2397 divinus
2813 2343 3077 2413 Magister
3125 2344 3195 2397 de
3225 2361 3393 2399 carne
3424 2346 3495 2399 ad
3529 2348 3635 2418 spi-

1935 2429 2133 2495 ritum,
2167 2431 2236 2485 de
2286 2447 2564 2501 corporea
2608 2431 2828 2484 visione
2858 2432 2928 2486 ad
2963 2432 3400 2503 intelligentiam
3432 2434 3628 2490 invisi-

1935 2519 2129 2573 bilem.

2007 2607 2276 2662 LXXXIII.
2335 2618 2357 2642 ³
2415 2607 2682 2661 Videmus
2762 2624 2936 2678 ergo:
3019 2625 3144 2662 esca
3206 2609 3305 2664 illa
3376 2613 3631 2682 corporis

1939 2695 2184 2761 Domini,
2219 2701 2276 2749 et
2313 2701 2482 2766 potus
2512 2695 2608 2749 ille
2639 2697 2934 2766 sanguinis
2964 2696 3106 2766 ejus,
3139 2698 3456 2753 secundum
3491 2701 3626 2770 quid

1933 2801 2064 2838 vere
2095 2801 2302 2854 corpus
2332 2784 2455 2854 ejus
2485 2789 2543 2838 et
2572 2800 2701 2837 vere
2729 2785 2964 2854 sanguis
2993 2786 3136 2854 ejus,
3166 2786 3433 2855 existunt,
3473 2789 3628 2844 vide-

1934 2871 2067 2925 licet
2097 2871 2408 2926 secundum
2433 2871 2586 2941 quod
2618 2871 2852 2942 spiritus
2879 2878 2936 2926 et
2967 2871 3079 2925 vita
3110 2878 3262 2926 sunt.

2006 2959 2269 3015 LXXXIV.
2322 2961 2483 3026 Item,
2543 2976 2670 3030 quae
2717 2960 2868 3013 idem
2927 2965 3078 3026 sunt,
3133 2977 3245 3014 una
3300 2961 3632 3020 deﬁnitione

119 3052 272 3121 quod
341 3052 596 3122 pertinet
655 3051 721 3104 ad
777 3050 1046 3103 virtutem
1091 3051 1451 3115 sacramenti,
1501 3068 1618 3105 non
1669 3051 1820 3122 quod
1857 3077 1898 3132 ρ
1936 3048 2520 3119 comprehenduntur.
2577 3049 2656 3103 De
2696 3065 2831 3101 vero
2881 3065 3118 3119 corpore
3173 3051 3381 3105 Christi
3423 3053 3634 3108 dicitur

119 3139 371 3209 pertinet
430 3139 499 3192 ad
569 3139 792 3192 visibile
849 3144 1314 3204 sacramentum;
1373 3139 1472 3210 qui
1518 3139 1826 3194 manducat

121 3229 295 3293 intus,
332 3243 450 3282 non
503 3227 683 3292 foris;
733 3225 832 3297 qui
866 3227 1176 3280 manducet
1223 3227 1282 3280 in
1321 3227 1508 3295 corde,
1557 3244 1673 3282 non
1724 3227 1824 3299 qui

119 3316 326 3385 premit
359 3315 550 3369 dente.
589 3335 614 3366 ι)

187 3405 383 3459 LXXX.
465 3405 608 3458 Item
666 3403 726 3457 in
795 3403 1209 3474 posterioribus
1270 3403 1440 3457 verba
1516 3405 1824 3459 Salvatoris

116 3495 512 3556 introducens,
577 3493 653 3546 ita
720 3492 895 3548 dicit:
958 3495 1065 3548 Hoc
1129 3508 1220 3548 vos
1272 3494 1633 3558 scandalizat,
1691 3497 1824 3563 quia

114 3582 276 3635 dixi:
313 3585 544 3639 Carnem
588 3597 760 3635 meam
808 3581 876 3634 do
922 3582 1070 3635 vobis
1127 3581 1476 3648 manducare,
1523 3589 1573 3636 et
1602 3587 1821 3652 sangui-

113 3688 227 3725 nem
288 3688 467 3725 meum
523 3671 750 3724 bibere?
796 3672 862 3724 Si
911 3687 1034 3738 ergo
1075 3671 1323 3724 videritis
1360 3672 1542 3737 ﬁlium
1590 3671 1823 3726 hominis

113 3760 489 3814 ascendentem
531 3760 628 3812 ubi
668 3765 784 3812 erat
811 3761 1015 3827 prius?
1045 3760 1230 3826 (Joan.
1277 3775 1350 3817 vi.
1400 3761 1486 3820 62,
1531 3760 1642 3830 63.)
1676 3760 1822 3824 Quid

111 3855 190 3902 est
226 3850 332 3902 hoc
355 3850 386 3901 ?
422 3848 564 3903 llinc
597 3847 768 3901 solvit
795 3847 944 3917 quod
978 3846 1104 3900 illos
1129 3852 1402 3908 moverat,
1434 3847 1568 3900 hinc
1597 3849 1824 3917 aperuit

111 3938 262 3992 unde
313 3939 548 3992 fuerant
598 3935 987 3990 scandalizati.
1049 3935 1133 3989 Illi
1182 3935 1336 3990 enim
1381 3936 1662 4006 putabant
1690 3953 1821 3991 eum

116 4032 490 4097 erogaturum
531 4041 742 4094 corpus
773 4041 977 4079 suum:
1011 4025 1107 4078 ille
1145 4031 1332 4078 autem
1366 4023 1505 4078 dixit
1537 4041 1595 4078 se
1623 4041 1823 4078 ascen-

116 4131 314 4170 surum
368 4117 429 4170 in
495 4116 703 4169 coelum
753 4115 953 4185 utique
1009 4115 1340 4185 integrum:
1393 4116 1523 4169 Cum
1572 4113 1822 4168 videritis

111 4205 288 4272 ﬁlium
339 4207 578 4258 hominis
609 4203 977 4258 ascendentem
1018 4204 1114 4256 ubi
1143 4209 1260 4256 erat
1295 4205 1471 4271 prius.
1525 4203 1688 4257 Certe
1736 4204 1820 4256 vel

112 4299 242 4348 tunc
272 4293 574 4359 videbitis,
625 4293 764 4363 quia
793 4309 907 4346 non
940 4309 1007 4346 eo
1041 4291 1206 4346 modo
1237 4307 1352 4362 quo
1380 4290 1591 4361 putatis
1624 4295 1823 4360 erogat

181 4489 449 4542 Videmus
497 4502 647 4554 ergo,
706 4492 812 4540 etc.
873 4485 928 4540 Id
982 4490 1064 4538 est
1115 4501 1229 4538 non
1275 4500 1340 4538 eo
1389 4484 1562 4538 modo
1608 4485 1822 4538 carnali

111 4575 216 4626 quo
278 4565 606 4612 sumuntur
658 4574 798 4611 escae
873 4556 1160 4610 ordinaria
1217 4556 1427 4627 quibus
1496 4557 1713 4610 utimur
1768 4561 1824 4609 et

148 4638 295 4684 uilis.

148 4644 295 4684 ιιιιιε.

108 4644 142 4698 Ρ
174 4705 196 4742 t-
220 4701 369 4754 Haec
399 4705 586 4753 autem
636 4698 767 4751 dum
813 4713 1030 4766 corpore
1061 4699 1277 4751 Christi
1305 4697 1450 4766 quod
1483 4699 1539 4750 in
1572 4699 1822 4753 Ecclesia

106 4786 196 4837 per
222 4774 560 4839 mysterium
600 4773 812 4836 geritur
841 4769 952 4823 dici
988 4785 1093 4823 non
1119 4775 1366 4839 possunt.
1401 4768 1458 4821 Id
1490 4775 1594 4828 est,
1633 4769 1689 4821 in
1729 4787 1816 4822 eo.

107 4843 247 4907 quod
287 4838 579 4894 exterius
649 4841 989 4911 eXprimitnr
1063 4846 1118 4892 et
1154 4909 1160 4911 Α
1201 4838 1461 4911 sensibus
1513 4840 1823 4911 subjicitur

110 4913 228 4965 Hac
283 4919 374 4966 est
431 4912 591 4964 enim
657 4909 820 4964 utens
871 4909 1165 4965 Ratramni
1216 4925 1318 4963 nec
1377 4909 1526 4964 aliud
1578 4911 1820 4980 probare

105 4987 292 5036 animo
335 4982 622 5047 intendit,
680 4989 745 5034 ut
795 4987 944 5048 patet
979 4997 1041 5033 ex
1076 4981 1162 5033 his
1197 4981 1678 5049 consequentibus
1704 4997 1822 5033 ver-

108 5055 181 5104 bis
239 5057 429 5123 hujus
490 5053 728 5107 numeri
760 5053 855 5106 48:
917 5054 1036 5105 Dici
1087 5067 1193 5104 non
1244 5057 1472 5120 possunt
1529 5051 1821 5106 secundum

105 5126 391 5192 quemdam
461 5124 686 5177 modum
750 5138 941 5191 corpus
1007 5123 1214 5177 Christi
1277 5137 1388 5176 esse
1443 5125 1818 5188 cognoscitur;

105 5201 146 5247 et
166 5198 359 5250 modus
395 5199 502 5249 iste
532 5199 591 5248 in
631 5194 818 5263 ﬁgura
846 5201 923 5247 est
951 5199 1002 5247 et
1038 5196 1278 5260 imagine
1315 5198 1376 5246 ut
1408 5195 1610 5246 veritas
1640 5195 1821 5262 reipsa

105 5275 383 5320 sintmtur.

164 5346 180 5371 ε
210 5341 426 5404 Pignus
467 5341 692 5390 aeternae
732 5336 859 5388 vitze
897 5335 1186 5401 capientes,
1232 5338 1338 5386 etc.
1368 5333 1658 5402 Interpres
1688 5349 1820 5386 ver—

108 5413 350 5468 naculus,
405 5408 509 5476 qui
541 5407 616 5459 de
680 5406 890 5457 Latinis
940 5406 1061 5457 haec
1109 5404 1280 5457 verba
1333 5404 1540 5476 Gallice
1595 5404 1820 5472 scripsit

108 5479 344 5533 deterius
402 5474 566 5531 anno
605 5478 783 5530 1672:
825 5476 1089 5529 Recevant
1131 5476 1177 5528 te
1204 5490 1340 5541 gage
1369 5474 1434 5526 de
1475 5477 1527 5527 la
1559 5477 1644 5527 rie
1681 5480 1815 5528 eter-

108 5552 238 5618 nette,
268 5566 418 5605 ηοω
448 5557 498 5603 te
517 5548 817 5616 supplions
857 5545 922 5599 de
966 5560 1099 5599 nous
1138 5547 1283 5610 [aire
1313 5547 1553 5618 lagrdce
1592 5545 1657 5618 de
1684 5560 1817 5614 par-

108 5626 279 5689 ticiper
329 5621 660 5677 réeltement
721 5617 756 5670 ὰ
805 5631 861 5669 ce
913 5631 1013 5684 que
1062 5621 1214 5670 notre
1267 5617 1417 5670 main
1474 5617 1641 5680 recoit
1696 5629 1819 5669 scus

1936 3138 2088 3207 quod
2116 3137 2190 3190 sit
2231 3153 2395 3190 verus
2446 3139 2594 3190 Deus
2642 3141 2700 3190 et
2737 3153 2908 3190 verus
2957 3140 3161 3192 homo:
3215 3140 3382 3209 Deus,
3432 3141 3530 3211 qui
3565 3158 3632 3195 ex

1937 3227 2050 3279 Deo
2082 3227 2245 3281 Patre
2278 3232 2408 3280 ante
2452 3226 2659 3279 saecula
2688 3233 2892 3295 natus;
2930 3229 3123 3292 homo,
3158 3229 3254 3298 qui
3294 3230 3352 3282 in
3387 3229 3502 3283 fine
3527 3247 3630 3284 sse-

1932 3315 2045 3368 culi
2076 3331 2139 3368 ex
2209 3315 2379 3369 Maria
2428 3315 2647 3384 virgine
2698 3315 2945 3384 genitus.
2999 3317 3022 3356 b
3074 3316 3202 3369 Ilaec
3253 3323 3443 3372 autem
3491 3319 3628 3373 dum

1933 3403 2002 3456 de
2035 3419 2273 3474 corpore
2309 3403 2512 3456 Christi
2562 3404 2712 3473 quod
2751 3403 2809 3456 in
2852 3403 3096 3457 Ecclesia
3154 3420 3255 3473 per
3289 3406 3624 3475 mysterium

1933 3493 2151 3561 geritur
2181 3491 2293 3546 dici
2323 3508 2437 3545 non
2487 3497 2749 3561 possunt,
2799 3492 3114 3546 secundum
3163 3495 3476 3563 quemdam
3507 3511 3628 3548 mo-

1931 3582 2067 3635 dum
2117 3597 2326 3651 corpus
2358 3579 2563 3635 Christi
2591 3596 2712 3633 esse
2767 3581 3166 3651 cognoscitur;
3200 3586 3257 3634 et
3291 3584 3494 3636 modus
3524 3584 3628 3637 iste

1934 3670 1992 3724 in
2035 3669 2218 3740 ﬁgura
2258 3675 2343 3723 est
2389 3673 2445 3723 et
2495 3669 2768 3739 imagine,
2818 3675 2881 3723 ut
2927 3670 3131 3724 veritas
3187 3687 3276 3724 res
3327 3671 3450 3742 ipsa
3499 3688 3625 3726 sen-

1932 3759 2126 3812 tiatur.

2001 3847 2235 3902 LXXXV.
2271 3848 2329 3900 In
2385 3845 2742 3899 orationibus
2786 3861 2915 3916 quae
2965 3850 3094 3916 post
3135 3847 3468 3916 mysterium
3499 3862 3626 3900 cor-

1934 3935 2085 4008 poris
2117 3935 2525 4005 sanguinisque
2557 3933 2766 3987 Christi
2811 3933 3100 4002 dicuntur,
3136 3940 3189 3989 et
3220 3951 3252 3988 a
3281 3937 3494 4005 populo
3528 3952 3622 3990 re-

1933 4024 2266 4095 spondetur,
2337 4024 2544 4086 Amen;
2629 4022 2708 4076 sic
2779 4023 3085 4076 sacerdotis
3161 4040 3298 4077 voce
3378 4024 3621 4079 dicitur:

1932 4123 1951 4147 ο
2011 4115 2218 4185 Pignus
2266 4118 2477 4168 aeterna"
2529 4114 2652 4165 vitae
2714 4114 2983 4180 capientes
3041 4113 3317 4166 humiliter
3365 4114 3625 4183 implora-

1932 4219 2049 4258 mus
2078 4207 2139 4256 ut
2190 4202 2334 4271 quod
2373 4204 2430 4254 in
2465 4203 2704 4266 imagine
2733 4203 3092 4267 contingimus
3140 4205 3488 4272 sacramenti,
3516 4219 3628 4257 ma-

1930 4296 2133 4360 nifesta
2168 4293 2593 4362 participatione
2622 4305 2915 4345 sumamus.

1932 4487 2148 4550 t'image
2192 4485 2267 4538 du
2305 4487 2618 4537 sacrement.
2677 4483 2880 4537 PIGNUS
2934 4487 3145 4537 aeternae
3181 4487 3306 4538 vitae
3335 4488 3623 4553 capientes.

1931 4559 2302 4626 supplicamus
2337 4560 2398 4607 ut
2427 4571 2486 4608 ea
2531 4556 2717 4622 gratia
2747 4569 2842 4608 nos
2885 4553 3084 4607 donari
3134 4557 3266 4608 retis
3297 4572 3408 4623 qua
3448 4560 3622 4624 parti-

1930 4630 2166 4696 cipemus
2223 4641 2485 4680 REALITER
2535 4641 2617 4696 ea,
2648 4641 2767 4694 qua
2820 4629 3015 4694 recipit
3065 4642 3258 4679 manus
3302 4633 3490 4680 nostra
3526 4627 3623 4680 sub

1932 4695 2170 4764 imagine
2208 4699 2552 4751 sacramenti.
2594 4695 2980 4759 Quamobrem
3021 4699 3317 4765 appellans
3366 4699 3622 4751 animum

1933 4774 1995 4822 ut
2027 4771 2132 4822 hoc
2159 4768 2496 4822 vocabulum
2531 4769 2825 4833 manifesta
2855 4768 3181 4836 explicaret,
3207 4767 3424 4821 addidit
3455 4785 3624 4838 supra

1931 4841 2261 4892 asteriscum
2296 4843 2352 4891 et
2397 4855 2427 4890 e
2459 4838 2689 4907 regione
2740 4839 2798 4890 in
2834 4839 3090 4906 margine
3123 4838 3250 4892 libri
3278 4839 3423 4892 hanc
3454 4845 3622 4892 notu-

1932 4909 2067 4973 lam,
2101 4911 2160 4963 id
2207 4915 2284 4963 est
2330 4910 2569 4961 realitcr.
2622 4908 2739 4975 Ego
2769 4924 2902 4959 vero
2934 4908 3178 4961 defendo
3212 4912 3358 4962 hanc
3392 4927 3512 4963 esse
3544 4910 3623 4963 di-

1933 4981 2180 5034 lucidam
2231 4985 2416 5050 textus
2444 4979 2638 5050 ihujus
2690 4977 2960 5030 orationis
3021 4981 3404 5047 corruptelam
3450 4996 3620 5050 quam

1930 5051 2271 5122 prodiditeo
2305 5049 2408 5122 loci
2442 5049 2803 5122 Ratraninus.

2005 5127 2060 5174 to
2102 5120 2244 5184 Quia
2270 5120 2436 5191 nullo
2483 5123 2569 5191 est
2599 5115 2957 5191 antiquitatis
3005 5115 3296 5170 codicibus
3339 5120 3620 5191 exscripto

1931 5208 2195 5245 sermone
2228 5188 2504 5242 vindicari
2536 5193 2716 5256 potest
2774 5187 2919 5238 hanc
2958 5202 3152 5240 vocem
3204 5191 3500 5254 manifesta
3525 5187 3620 5244 as-

1930 5269 2216 5332 sumptam
2249 5275 2363 5313 non
2414 5258 2586 5311 fuisse
2617 5257 2682 5310 ad
2715 5257 3150 5332 significandam
3201 5262 3411 5332 claram
3461 5268 3616 5331 pate-

1929 5329 2233 5385 factionem
2292 5345 2393 5384 seu
2447 5333 2703 5399 apertam
2774 5329 3164 5397 cognitionem
3227 5329 3620 5402 cujuscunque

1930 5402 2154 5456 obiecti.

2033 5490 2056 5516 υ
2105 5471 2234 5525 Haec
2263 5469 2445 5523 oratio
2497 5469 2777 5538 exscripta
2825 5473 2909 5522 est
2958 5486 3026 5524 ex
3065 5470 3258 5525 codice
3287 5470 3619 5525 Sacramen-

1929 5543 2071 5597 tario
2111 5542 2291 5596 Gelasi
2325 5557 2508 5611 papae,
2542 5540 2640 5594 lib.
2675 5555 2734 5606 ιι,
2770 5539 2835 5611 ad
2861 5542 3460 5608 postcommunionem
3494 5541 3618 5594 festi

1928 5619 2136 5669 octavas
2180 5609 2570 5683 apostolorum
2619 5611 2711 5666 SS.
2771 5609 2922 5664 Petri
2953 5617 3012 5666 et
3045 5612 3205 5666 Pauli
3242 5627 3412 5683 quem
3476 5627 3616 5681 pau-
