3920 6224
281 349 377 400 163
1429 345 1787 400 BATRAMNI
1829 345 1912 400 CO

2153 346 2284 400 NSIS
2319 346 2627 400 MONACIll
3684 349 3778 399 tot

350 482 605 536 LXXXVI.
648 481 716 534 Et
763 480 970 551 pignus
1026 480 1179 533 enim
1231 486 1286 534 et
1337 481 1552 549 imago,
1601 481 1831 534 alterius
1883 482 1963 534 rei
1994 485 2038 535 A
2076 487 2346 552 tanquam
2403 482 2612 550 imago.
2678 480 2894 534 Veritas
2951 498 3084 536 vero
3144 483 3272 549 erit,
3332 500 3464 538 cum
3512 484 3634 554 jam
3678 499 3778 537 nec

277 575 428 634 sunt,
475 569 529 622 id
563 575 645 622 est
695 585 811 622 non
864 569 933 622 ad
993 585 1073 634 se,
1129 569 1226 623 sed
1259 570 1325 623 ad
1357 569 1508 624 aliud
1541 570 1842 640 aspiciunt.
1879 571 1967 624 Pi-

276 673 419 727 gnus
460 657 614 710 enim
664 658 820 711 illius
868 658 951 711 rei
1000 663 1084 710 est
1130 674 1233 728 pro
1295 674 1408 728 qua
1448 659 1728 724 donatur;
1779 659 1969 728 imago

275 745 424 799 illius
455 747 616 816 cujus
647 745 1086 799 similitudinem
1140 747 1408 800 ostendit.
1442 747 1781 816 Significant
1813 748 1964 800 enim

275 835 379 886 ista
453 850 571 886 rem
643 835 807 902 cujus
882 839 1034 899 sunt,
1106 850 1221 886 non
1282 835 1582 889 manifeste
1638 836 1967 889 ostendunt.

276 931 299 955 λ
331 923 492 986 Quod
552 938 680 975 cum
741 922 820 975 ita
880 928 981 988 est,
1040 927 1279 992 apparet
1330 923 1479 993 quod
1523 923 1628 976 hoc
1682 939 1887 993 corpus
1917 928 1971 976 et

278 1011 514 1080 sanguis
559 1011 768 1081 pignus
825 1016 881 1064 et
919 1010 1110 1080 imago
1162 1010 1244 1064 rei
1291 1015 1424 1064 sunt
1451 1013 1690 1077 futurae;
1728 1018 1787 1064 ut
1819 1011 1968 1082 quod

277 1115 433 1153 nunc
484 1114 586 1169 per
639 1098 1073 1152 similitudinem
1131 1100 1470 1167 ostenditur,
1522 1100 1581 1152 in
1637 1100 1832 1153 futuro
1873 1117 1973 1170 per

278 1186 802 1240 manifestationem
869 1187 1174 1241 reveletur.
1229 1187 1393 1252 Quod
1452 1188 1499 1241 si
1551 1204 1703 1242 nunc
1750 1189 1970 1258 signiﬁ-

277 1281 427 1342 cant,
473 1275 530 1328 in
576 1274 768 1328 futuro
825 1281 1019 1328 autem
1064 1276 1428 1346 patefacient,
1479 1277 1633 1331 aliud
1696 1283 1781 1330 est
1819 1278 1970 1348 quod

278 1379 430 1416 nunc
497 1364 735 1432 geritur,
796 1364 951 1417 aliud
1027 1364 1180 1435 quod
1241 1364 1303 1418 in
1367 1365 1560 1420 futuro
1635 1365 1972 1419 manifesta-

278 1453 395 1505 bitu
407 1467 450 1503 r.

349 1539 636 1594 LXXXVII.
697 1539 816 1604 Qua
875 1540 945 1593 de
1004 1557 1063 1593 re
1113 1547 1167 1594 et
1227 1557 1432 1612 corpus
1469 1542 1679 1595 Christi
1730 1549 1785 1596 et
1842 1559 1970 1596 san-

275 1629 404 1698 guis
434 1636 519 1682 est
549 1629 702 1699 quod
725 1627 972 1682 Ecclesia
1003 1629 1268 1694 celebrat,
1302 1631 1397 1684 sed
1429 1635 1705 1702 tanquam
1740 1631 1968 1702 pignus,

275 1787 354 1840 cis
394 1786 600 1840 abhinc
651 1786 816 1838 annis
859 1785 1006 1854 juris
1051 1786 1263 1856 publici
1312 1786 1444 1840 fecit
1487 1788 1682 1841 Romae
1723 1788 1973 1857 Angelus

277 1857 534 1913 Iternabo
567 1872 717 1910 anno
756 1839 910 1920 1686,
953 1873 1019 1909 ex
1052 1839 1245 1910 codice
1287 1859 1672 1928 manuscripto
1707 1839 1969 1912 illngtris-
2007 1839 2043 1891 Β

280 1929 409 1981 simi
440 1929 546 1981 viri
579 1929 884 1981 Alexandri
918 1928 1149 1990 Petavii,
1183 1929 1570 1997 augustissimi
1603 1936 1831 1982 senatus
1863 1931 1971 1983 Pa-

278 2000 535 2052 risiensis
577 1999 910 2064 consiliarii,
941 1998 1061 2068 jam
1097 2016 1228 2052 vero
1263 2001 1638 2054 serenissima:
1674 2001 1970 2054 Cliristinae

275 2070 586 2124 Succorum
633 2072 851 2138 reginae.
903 2071 1205 2139 nongentis
1254 2071 1461 2124 abhinc
1507 2071 1674 2124 annis
1720 2079 1968 2137 exarato,

275 2157 339 2194 ex
373 2147 562 2194 mente
595 2139 907 2192 doctissimi
936 2141 1172 2194 Joannis
1204 2142 1425 2210 Morini,
1460 2143 1700 2196 Oratorii
1745 2143 1807 2196 D.
1839 2143 1968 2196 Jesu

275 2211 456 2283 Patris
508 2212 824 2280 presbyteri
867 2213 925 2263 in
978 2214 1252 2281 excerptis
1286 2229 1349 2265 ex
1403 2214 1639 2283 antiquo
1684 2213 1963 2267 Paeniten-

274 2282 417 2345 tiali,
479 2298 609 2351 pag.
667 2285 753 2335 52.
821 2282 1087 2335 Eamdem
1137 2284 1479 2336 sententiam
1544 2282 1840 2353 amplexus
1890 2288 1972 2337 est

275 2353 635 2405 doctissimus
697 2354 976 2422 Iosephus
1035 2355 1203 2406 Maria
1255 2355 1595 2407 Thomasius
1650 2371 1713 2408 ex
1772 2354 1972 2408 ordine

273 2424 701 2489 Theatinorum,
752 2424 809 2494 in
867 2440 1036 2493 quem
1081 2426 1290 2491 gratias
1337 2425 1719 2494 amplissimas
1762 2426 1972 2479 referre

273 2499 500 2547 tenetur
529 2493 849 2562 respublica
883 2495 1158 2547 litteraria
1198 2497 1270 2548 ob
1315 2493 1568 2564 ejusdem
1614 2496 1820 2549 codicis
1852 2497 1970 2549 edi-

274 2565 518 2629 tionem,
569 2565 668 2634 qui
717 2564 926 2632 lllll‘Ol,
974 2581 1102 2634 pag.
1151 2568 1218 2618 27
1251 2571 1307 2618 et
1353 2567 1440 2629 3i,
1490 2583 1594 2619 nos
1629 2568 1793 2620 docet
1827 2567 1972 2620 hanc

275 2635 593 2688 orationem
627 2635 696 2687 ad
733 2635 908 2687 Deum
946 2635 1126 2687 fusam
1161 2637 1230 2689 ad
1273 2636 1641 2690 obtinendam
1675 2655 1773 2690 seu
1815 2654 1968 2690 com-

274 2705 1011 2777 parandamicognitionem
1053 2722 1244 2759 rerum
1279 2707 1338 2758 in
1373 2708 1736 2760 Eucharistim
1771 2714 1973 2777 myste-

276 2775 361 2829 rio
409 2776 831 2830 reconditarum
866 2783 920 2828 et
952 2777 1061 2829 lide
1092 2778 1438 2831 creditarum
1465 2794 1477 2831 :
1529 2781 1613 2833 Da
1644 2775 1968 2846 quaesumus,

275 2849 497 2901 Domine
541 2848 757 2920 populis
786 2847 1220 2920 Christianisiet
1267 2849 1411 2916 quod
1455 2851 1779 2920 profitentur
1803 2866 1969 2917 agno-

273 2933 416 2971 scere
479 2922 528 2972 et
599 2919 801 2972 caeleste
859 2933 1052 2971 munus
1124 2919 1352 2983 diligere
1401 2920 1544 2987 quod
1599 2924 1967 2988 frequentant.

275 2990 428 3042 Idem
486 3004 721 3060 prorsus
786 2988 1107 3060 intelligere
1153 2989 1317 3043 facile
1374 2998 1458 3043 est
1510 3006 1577 3043 ex
1637 2992 1972 3060 praefatione

275 3059 464 3112 missw
507 3074 636 3126 quae
690 3058 746 3110 in
797 3059 996 3112 eodem
1054 3059 1199 3112 libro
1233 3060 1519 3130 profertur
1543 3058 1675 3130 pag.
1729 3067 1785 3116 9|
1825 3065 1972 3116 :Nos

277 3135 324 3182 te
351 3131 678 3198 suppliciter
709 3129 984 3182 obsecrare
1028 3137 1088 3183 ut
1119 3129 1245 3184 Jesu
1276 3132 1480 3186 Christi
1524 3129 1745 3186 Domini
1773 3136 1967 3198 nostri,

273 3189 433 3267 cujus
457 3189 707 3252 'muneris
739 3202 942 3268 pignus
979 3203 1292 3269 accipimus,
1334 3205 1628 3269 manifesta
1667 3203 1808 3258 dona
1837 3189 1971 3257 com;
2002 3189 2041 3243 Ο

271 3270 603 3340 prehendere
626 3271 920 3324 valeamus.

347 3343 404 3394 3°
458 3341 520 3394 In
583 3341 840 3394 Ecclesiis
905 3341 1191 3411 plerisque
1245 3342 1439 3397 multis
1491 3343 1700 3397 abhinc
1751 3345 1970 3398 saeculis

274 3426 410 3484 usus
454 3413 709 3481 ejusdem
761 3412 1038 3484 orationis
1094 3420 1356 3484 receptus
1422 3420 1522 3481 est,
1581 3431 1777 3468 revera
1837 3433 1966 3469 cum

275 3482 618 3555 quibusdam
650 3483 1002 3555 variantibus
1019 3482 1355 3538 lectionibus
1372 3501 1501 3555 quae
1533 3485 1675 3539 nihil
1708 3486 1972 3540 officiunt

273 3553 405 3606 fidei
455 3553 748 3607 communi
801 3553 1199 3625 Ecclesiarum,
1253 3553 1652 3625 profitentium
1699 3557 1802 3611 hac
1833 3573 1967 3612 voce

271 3626 565 3689 manifesta
633 3624 1067 3693 intelligendam
1138 3624 1269 3679 esse,
1322 3629 1813 3693 mani/‘estalionem
1867 3645 1968 3683 seu

272 3697 734 3765 patefactionem,
781 3712 908 3749 cum
938 3713 1041 3766 pro
1071 3699 1370 3762 manifesta
1415 3701 1836 3768 participatione
1885 3700 1968 3752 le-

272 3773 439 3836 gatur
484 3769 839 3830 manifestata
885 3770 1325 3836 participatione.
1385 3770 1510 3823 Haec
1565 3770 1755 3824 videre
1807 3770 1968 3823 facile

273 3842 357 3910 est
413 3836 498 3910 in_
534 3840 786 3910 antiquis
855 3839 1176 3910 Missalihus
1241 3839 1660 3910 antiquissimae
1718 3841 1969 3894 ecclesia:

271 3907 614 4031 primatialis
678 3907 735 3962 et
803 3909 1264 3979 metropolitanie
1337 3907 1696 3974 Sénonensis,
1759 3913 1971 3982 quibus

290 3978 460 4031 iodie.
502 3978 758 4031 nesciens
789 3979 1089 4031 novitates.
1124 3997 1254 4031 cum
1287 3997 1510 4031 summa
1555 3982 1762 4031 nietate
1795 3988 1848 4031 et
1879 3998 1969 4031 re-

290 3978 460 4051 iodie,
502 3978 758 4051 nesciens
789 3978 1089 4051 novitates,
1124 3997 1254 4034 cum
1287 3997 1510 4034 summa
1554 3978 1848 4051 pietate—et
1879 3998 1969 4034 re-

273 4047 485 4115 ligione
517 4049 701 4102 utitur
733 4049 883 4117 typis
910 4050 1202 4119 impressis
1237 4052 1403 4104 annis
1426 4047 1582 4117 1485i,
1619 4054 1774 4116 1509,
1813 4054 1963 4116 1.329,

278 4120 435 4189 lii-i2,
486 4121 620 4171 1556
659 4124 717 4171 et
749 4121 905 4172 l575.
938 4121 1092 4173 Idem
1125 4121 1468 4189 intelligitur
1517 4138 1584 4174 ex
1615 4123 1841 4176 duobus
1876 4138 1972 4175 co-

273 4188 496 4260 dicibus
527 4189 932 4260 manuscriptis
965 4191 1277 4244 Missalibus
1322 4188 1465 4260 quos
1493 4199 1754 4245 exaratos
1798 4192 1970 4246 fuisse

273 4259 536 4312 existimo
569 4258 719 4311 inter
757 4259 1161 4314 duodecimum
1200 4258 1474 4315 saeculum
1507 4267 1562 4316 et
1598 4264 1773 4316 finem
1815 4263 1970 4317 tertii

271 4329 499 4393 decimi,
537 4330 749 4398 quippe
806 4345 933 4382 cum
986 4331 1044 4383 in
1104 4332 1171 4383 iis
1227 4333 1442 4385 mentio
1497 4333 1567 4385 sit
1623 4334 1750 4386 festi
1793 4334 1969 4387 sancti

271 4401 502 4454 'l‘homa)
547 4399 990 4471 cantuarieusis,
1039 4403 1420 4471 prretermissa
1457 4402 1837 4457 celebratione
1870 4421 1969 4458 seu

271 4472 533 4524 nondum
591 4470 852 4542 instituta
908 4470 1167 4540 corporis
1223 4473 1451 4540 Christi,
1507 4477 1706 4542 pignus
1758 4482 1968 4530 aeterna:

2079 571 2284 640 pignus
2333 587 2437 624 nec
2508 570 2721 640 imago,
2783 570 2878 624 sed
2946 570 3126 642 ipsius
3181 572 3265 626 rei
3322 573 3533 626 veritas
3597 588 3773 643 appa-

2078 661 2244 713 rebit.

2153 748 2442 802 LXXXVIII
2523 749 2664 800 Item
2723 747 2883 801 alibi:
2947 748 3242 816 Perﬁciant
3313 751 3373 802 in
3438 750 3617 814 nobis,
3673 750 3778 803 Do-

2080 837 2240 902 mine,
2306 851 2631 904 quaesumus,
2708 843 2803 890 tua
2863 844 3202 891 sacramenta
3256 838 3401 906 quod
3459 842 3776 892 continent:

2079 929 2139 978 ut
2213 941 2331 993 qum
2401 940 2542 977 nunc
2597 927 2774 994 specie
2836 927 3093 993 gerimus,
3157 942 3338 980 rerum
3395 929 3627 981 veritate
3694 945 3782 980 ca-

2076 1015 2294 1081 piamus
2325 1015 2367 1066 Ι».
2412 1014 2557 1068 Dicit
2606 1014 2759 1084 quod
2818 1014 2876 1067 in
2925 1015 3116 1084 specie
3169 1022 3444 1085 gerantur
3494 1016 3621 1083 ista,
3669 1033 3780 1071 non

2080 1101 2139 1153 in
2175 1102 2409 1153 veritate
2441 1116 2454 1165 ;
2493 1100 2546 1152 id
2580 1107 2663 1153 est
2693 1117 2793 1171 per
2821 1102 3287 1171 similitudinem,
3322 1119 3438 1156 non
3471 1121 3576 1174 per
3602 1106 3781 1174 ipsius

2080 1189 2161 1242 rei
2205 1189 2744 1242 manifestationem.
2789 1189 3071 1243 Differunt
3103 1196 3291 1244 autem
3326 1208 3356 1244 a
3389 1208 3448 1246 se
3479 1195 3700 1262 species
3730 1200 3783 1248 et

2081 1277 2308 1332 veritas.
2369 1278 2726 1348 Quapropter
2776 1294 2980 1349 corpus
3025 1284 3081 1332 et
3131 1278 3362 1349 sanguis
3404 1278 3649 1350 quodin
3683 1277 3782 1329 Ec-

2081 1367 2251 1421 clesia
2301 1368 2540 1437 geritur,
2598 1366 2791 1421 differt
2831 1367 2901 1420 ab
2931 1368 3030 1420 illo
3093 1384 3334 1438 corpore
3393 1373 3450 1422 et
3496 1368 3782 1436 sanguine

2082 1456 2236 1525 quod
2270 1456 2326 1509 in
2365 1455 2572 1510 Christi
2611 1471 2850 1525 corpore
2888 1457 3010 1525 jam
3057 1456 3441 1526 glorificatum
3489 1454 3787 1523 cognosci-

2081 1551 2194 1598 tur.
2232 1545 2294 1598 Et
2334 1545 2438 1597 hoc
2466 1560 2674 1614 corpus
2721 1545 2929 1615 pignus
2960 1549 3044 1597 est
3083 1550 3140 1597 et
3168 1545 3422 1620 species;
3470 1544 3612 1597 illud
3647 1559 3782 1596 vero

2080 1633 2201 1703 ipsa
2233 1634 2457 1687 veritas.
2509 1634 2622 1687 Hoc
2652 1634 2805 1686 enim
2854 1639 3088 1704 geretur
3144 1634 3323 1687 donec
3370 1633 3441 1687 ad
3479 1633 3626 1687 illud
3657 1648 3785 1702 per—

2083 1789 2365 1861 apparitio
2414 1789 2576 1854 panis
2624 1795 2680 1844 et
2722 1790 2941 1859 species
2992 1789 3110 1844 vini
3145 1790 3294 1859 quod
3335 1792 3504 1843 antea
3542 1795 3686 1850 erat,
3725 1791 3786 1840 ut

2082 1870 2162 1915 ait
2210 1867 2401 1915 noster
2455 1861 2798 1915 Ratramnus
2857 1877 3097 1914 numero
3157 1864 3208 1914 9.
3278 1861 3481 1915 Probat
3536 1876 3784 1913 numero

2081 1933 2343 2002 sequenti
2381 1932 2526 1985 hanc
2574 1938 2792 2002 partem
2839 1932 3101 1985 sensibus
3139 1933 3448 2000 subjectum
3484 1948 3782 2000 nuncupa-

2081 2011 2195 2057 tam
2227 2020 2345 2056 esse
2372 2019 2578 2072 corpus
2611 2004 2818 2057 Christi
2849 2003 3009 2072 cujus
3038 2004 3247 2072 pignus
3279 2009 3333 2055 et
3355 2003 3540 2071 figura
3570 2004 3784 2055 futurae

2081 2075 2477 2143 patefactionis
2510 2074 2796 2144 prmdictaa
2827 2075 3083 2143 corporis
3115 2074 3318 2128 Christi
3348 2089 3475 2126 cum
3509 2073 3786 2125 omnibus

2083 2147 2198 2198 suis
2239 2145 2692 2199 dimensionibus
2754 2145 3136 2214 geometricis,
3190 2160 3431 2213 quarum
3468 2144 3665 2198 habita
3691 2160 3784 2196 ra-

2083 2217 2232 2270 tione
2283 2216 2563 2284 integram
2623 2217 2871 2268 institurt
2930 2214 3309 2268 differentiam
3360 2217 3510 2267 inter
3572 2231 3786 2283 corpus

2081 2287 2230 2340 istud
2265 2288 2414 2356 quod
2440 2287 2690 2339 celebrat
2724 2286 2966 2340 Ecclesia
2996 2292 3053 2340 et
3090 2286 3277 2356 ipsum
3323 2285 3474 2355 quod
3526 2285 3787 2337 intuebi-

2083 2373 2213 2410 mur
2242 2357 2300 2410 in
2347 2360 2506 2410 coelo.
2557 2359 2672 2423 Qua
2719 2357 2784 2409 de
2810 2373 2887 2419 re,
2922 2357 3129 2427 inquit,
3167 2363 3216 2410 et
3253 2371 3444 2426 corpus
3493 2357 3706 2410 Christi
3736 2361 3788 2410 et

2080 2430 2306 2495 sanguis
2360 2434 2438 2482 est
2494 2429 2638 2496 quod
2714 2429 2956 2482 Ecclesia
3009 2428 3279 2493 cvlebrat;
3347 2427 3446 2480 sed
3513 2432 3785 2496 tanquam

2079 2502 2276 2568 pignus
2339 2506 2600 2568 tanquam
2648 2501 2847 2565 imago.
2908 2501 3116 2552 Veritas
3160 2514 3283 2552 vero
3339 2499 3462 2562 erit,
3508 2513 3631 2550 cum
3657 2497 3786 2566 jam

2080 2585 2170 2623 nec
2196 2572 2417 2638 pignus,
2467 2586 2558 2623 nec
2598 2572 2797 2638 imago,
2841 2569 2936 2623 sed
2960 2572 3132 2638 ipsius
3179 2571 3260 2622 rei
3303 2572 3504 2622 veritas
3535 2584 3786 2637 appare-

2081 2640 2160 2696 bit
2191 2645 2369 2710 (num.
2408 2639 2519 2708 87).
2557 2640 2800 2695 Dubium
2831 2640 2983 2694 enim
3009 2640 3232 2693 nullum
3264 2655 3564 2710 superesse
3594 2645 3788 2708 potest

2126 2711 2220 2764 uin
2268 2712 2478 2780 passim
2521 2718 2578 2764 et
2623 2712 2924 2765 confestim
2974 2727 3040 2764 ex
3093 2712 3265 2763 verbo
3293 2713 3540 2763 veritatis
3571 2726 3790 2780 corpus

2126 2728 2220 2764 uin
2268 2728 2478 2780 passim
2521 2728 2578 2764 ei.
2623 2728 2924 2765 comesum
2974 2728 3040 2764 ex
3093 2728 3265 2763 veroo
3293 2728 3540 2763 veritam
3571 2728 3784 2780 corpus

2082 2728 2286 2836 ghristi
2349 2782 2694 2835 intellexerit
2752 2781 3007 2835 sensibus
3063 2782 3382 2850 subjectum
3435 2786 3492 2834 et
3537 2796 3784 2850 conspe-

2080 2860 2231 2907 ctum
2279 2869 2408 2906 cum
2461 2852 2819 2906 dimensione
2868 2855 3215 2922 geometrica
3266 2861 3323 2906 et
3371 2851 3496 2904 aliis
3538 2851 3788 2904 humani

2081 2926 2337 2993 corporis
2368 2923 2665 2977 affectibus
2705 2923 2915 2994 quibus
2946 2924 3003 2977 in
3046 2925 3189 2977 cmlo
3224 2927 3528 2993 postquam
3566 2925 3790 2977 revixe-

2080 2995 2197 3048 rint
2226 2995 2488 3048 homines
2535 3011 2741 3064 corpus
2782 2994 2990 3048 Christi
3033 2995 3344 3063 gloriosum
3383 2995 3784 3047 enornabitur.

2080 3065 2251 3119 Suam
2293 3081 2412 3118 esse
2462 3065 2800 3118 sententiam
2855 3066 3144 3134 propriam
3203 3065 3425 3134 liquido
3475 3071 3641 3132 patet
3675 3081 3787 3117 nu-

2081 3152 2240 3189 mero
2291 3139 2378 3203 87,
2428 3152 2542 3204 quo
2579 3136 2868 3206 explicans
2921 3137 3208 3189 orationes
3264 3136 3520 3190 Ecclesia:
3569 3135 3790 3204 quibus

2079 3223 2111 3260 a
2143 3208 2258 3260 Deo
2291 3206 2589 3260 humiliter
2625 3207 2872 3276 petimus
2910 3215 2975 3259 ut.
3005 3207 3174 3261 nobis
3215 3208 3284 3260 ad
3318 3206 3554 3259 modum
3587 3207 3790 3274 propi-

2077 3278 2274 3331 tiantis
2307 3277 2559 3330 numinis
2589 3286 2643 3330 et
2673 3294 2774 3330 sua
2806 3282 3160 3331 sacramenta
3201 3278 3451 3346 perfecte
3481 3277 3792 3329 conferant

2078 3350 2228 3418 quod
2273 3349 2588 3402 continent.
2639 3349 2940 3416 Perﬁciant
2993 3352 3047 3402 in
3103 3349 3277 3412 nobis,
3335 3349 3572 3410 Domine,
3630 3363 3790 3415 ρυε-

2077 3434 2282 3482 sumus,
2342 3425 2436 3473 tua
2474 3424 2813 3472 sacramenta
2855 3419 3000 3487 quod
3043 3422 3334 3484 continent,
3379 3424 3439 3470 ut
3488 3432 3612 3485 quae
3644 3434 3790 3471 nunc

2076 3493 2248 3558 specie
2286 3493 2520 3558 gerimus
2552 3505 2731 3543 rerum
2762 3493 2990 3543 veritate
3019 3493 3320 3559 capiamus.
3361 3490 3432 3542 Ex
3469 3488 3562 3540 his
3593 3491 3792 3542 verbis

2079 3561 2356 3614 orationis
2385 3560 2660 3629 intelligit
2699 3577 2803 3614 nos
2835 3561 3046 3614 habere
3084 3561 3190 3614 sub
3229 3561 3480 3629 imagine
3511 3575 3792 3628 expressa

2078 3648 2168 3685 res
2201 3633 2349 3701 ipsas
2376 3648 2489 3684 non
2523 3631 2687 3684 nobis
2725 3631 2983 3686 absolute
3009 3633 3316 3702 patefactas
3344 3632 3542 3700 quales
3584 3646 3793 3702 revera

2077 3702 2136 3755 in
2168 3719 2225 3755 se
2257 3702 2593 3755 consistunt.
2623 3703 2990 3756 Verissimum
3014 3701 3195 3756 enim
3236 3705 3319 3756 est
3350 3717 3450 3754 nos
3483 3701 3794 3770 possidere

2078 3789 2170 3825 eas
2213 3789 2299 3826 res
2333 3772 2436 3825 sub
2484 3773 2833 3842 imaginibus
2874 3773 3171 3842 expressis,
3205 3779 3263 3826 et
3305 3771 3525 3841 liquido
3560 3776 3796 3825 constat

2078 3843 2256 3896 solam
2307 3843 2745 3912 patefactionem
2807 3845 3076 3898 omnibus
3141 3844 3394 3898 numeris
3449 3843 3794 3895 absolutam

2078 3914 2312 3978 deesse;
2372 3915 2656 3983 integram
2707 3915 3093 3969 differentiam
3131 3917 3279 3968 inter
3315 3929 3532 3983 corpus
3563 3913 3797 3966 Christi

2077 3984 2136 4037 in
2190 3987 2462 4055 mysterio
2505 3982 2882 4040 ’Eucliaristiai
2929 3993 2986 4040 et
3037 3986 3214 4055 idem,
3248 3999 3454 4052 corpus
3521 3982 3585 4055 in
3643 3985 3797 4037 caelo

2077 4053 2614 4125 quod‘crucilixum
2663 4057 2790 4120 fuit,
2839 4058 2898 4110 in
2948 4074 3014 4110 eo
3063 4054 3374 4109 consistere
3405 4053 3562 4124 quod
3596 4070 3796 4108 unum

2077 4126 2308 4198 patefiet
2364 4127 2527 4198 nobis
2586 4132 2643 4180 et
2698 4129 2938 4181 alterum
3019 4125 3380 4198 permanebit
3453 4125 3794 4190 occultum;

2078 4196 2333 4266 adeoque
2358 4197 2417 4250 in
2451 4198 2620 4251 modo
2649 4198 2930 4252 existendi
2960 4196 3160 4252 et'non
3193 4197 3250 4249 in
3288 4196 3411 4265 ipsa
3432 4203 3658 4266 natura
3689 4213 3797 4250 seu

2078 4265 2400 4321 existentia.
2463 4268 2762 4322 Enimvero
2811 4269 2988 4323 satius
3041 4269 3094 4320 ei
3154 4268 3353 4322 fuisset
3412 4265 3605 4319 dicere
3666 4269 3798 4321 loco

2079 4354 2279 4390 eorum
2313 4354 2432 4406 qua:
2481 4355 2621 4392 nunc
2667 4342 2839 4406 specie
2883 4343 3142 4406 gerimus,
3189 4354 3370 4392 rerum
3411 4339 3655 4390 reritate
3707 4355 3800 4392 ca-

2072 4410 2292 4478 piamus
2327 4425 2446 4468 QUAE
2495 4426 2639 4462 NUNC
2681 4426 2817 4463 VERE
2863 4426 3198 4471 ΝΕΟΠΑΟΟΑΜ
3238 4423 3509 4468 ΗΑΒΕΜΙΪΞ,
3559 4423 3799 4463 REVERA

2078 4495 2390 4539 ALIQUANDO
2422 4496 2481 4532 nr
2511 4495 2645 4534 vene
2700 4496 3070 4535 rancmsnus.
3128 4482 3249 4533 Non
3286 4481 3342 4531 in
3383 4480 3561 4530 alium
3603 4479 3800 4547 igitur

271 4543 740 4622 vitareap‘ientes,
811 4539 1109 4622 humiliter,
1165 4546 1400 4622 Domine,
1456 4539 1848 4622 imploramus;
1906 4551 1968 4600 ut
1997 4539 2040 4592 Ι)
2079 4552 2418 4603 sententiam
2448 4550 2614 4622 ivisse
2645 4558 3002 4622 compertum
3050 4555 3135 4604 est
3181 4551 3556 4622 Ratramnpm
3603 4539 3798 4619 quam

271 4613 582 4681 apostolicis
601 4613 736 4678 fulti
754 4615 1074 4680 patrociniis
1101 4614 1244 4680 quod
1273 4616 1330 4666 in
1364 4617 1600 4681 imagine
1625 4619 1963 4684 contigimus,

270 4687 597 4738 sacramenti
626 4686 982 4748 manifestata
1010 4687 1434 4752 participatione
1458 4701 1753 4740 sumamus.

344 4754 987 4828 (sacrainent._Gelasii,
1037 4755 1104 4828 _i_n
1159 4755 1500 4828 Postcomm.
1552 4756 1671 4810 Oct.
1714 4759 1964 4828 Apostol.

275 4825 424 4897 Petri
481 4831 537 4880 et
589 4826 770 4892 Pauli,
832 4826 976 4895 prid.
1035 4825 1220 4878 Nonas
1276 4826 1430 4897 Julii.
1483 4827 1520 4880 l.
1557 4843 1633 4892 ιι,
1665 4825 1798 4897 pag.
1847 4832 1970 4896 160,

273 4896 489 4949 editum
546 4898 739 4950 Romae
795 4898 928 4950 l680
969 4896 1118 4966 typis
1166 4896 1371 4966 Angeli
1418 4896 1696 4952 Bernabo.
1731 4899 1972 4952 Missalia

272 4966 643 5032 Senonensia,
693 4968 936 5037 antiqua
986 4973 1042 5020 et
1090 4967 1388 5020 hodierna.
1441 4967 1595 5022 Idem
1641 4969 1814 5023 habet
1844 4971 1971 5024 Mis-

274 5038 390 5089 sale
415 5038 906 5104 Ambrosianum).

343 5116 368 5140 ⁸
401 5108 553 5174 Quod
617 5123 736 5162 cum
783 5111 864 5161 ita
929 5113 1026 5172 est,
1096 5112 1200 5161 etc.
1260 5110 1334 5162 Ex
1390 5108 1478 5162 his
1536 5115 1971 5165 consectaneum

275 5179 527 5253 erumpit
555 5179 679 5231 luce
712 5179 1040 5253 meridiana
1056 5179 1265 5253 clarius
1297 5197 1527 5234 carnem
1554 5187 1610 5253 et
1635 5183 1970 5253 sanguinem

277 5263 407 5322 quae
442 5248 500 5301 in
533 5255 802 5322 mysterio
845 5249 1282 5322 conspiciuntur
1326 5268 1445 5304 esse
1506 5252 1714 5322 pignus
1745 5248 1801 5306 at
1830 5253 1971 5307 ima-

275 5320 468 5387 ginem
520 5319 602 5372 rei
642 5319 871 5394 futurae,
908 5319 1064 5394 adeo
1102 5327 1162 5374 ut
1201 5323 1351 5392 quod
1376 5319 1632 5393 jam—per
1661 5324 1974 5394 imaginem

277 5405 601 5459 expressam
655 5391 834 5464 oculis
865 5390 1165 5464 subjicitur
1195 5390 1251 5445 et
1285 5390 1546 5446 sensibus
1587 5395 1751 5448 nobis
1783 5390 1973 5464 palam

277 5467 334 5533 et
363 5466 574 5533 aperte
601 5461 839 5533 revulsis
877 5463 1116 5530 sypariis
1145 5471 1200 5517 et
1224 5464 1364 5517 velis
1397 5465 1646 5533 patefiat.
1679 5461 1814 5528 Quis
1843 5482 1975 5520 vero

277 5532 396 5605 jam
441 5531 746 5605 dubitandi
797 5532 985 5585 locum
1031 5533 1286 5605 inveniat
1338 5531 1475 5605 quin
1529 5535 1606 5589 ibi
1635 5535 1978 5589 Ratramnus

277 5601 488 5673 cogitet
521 5602 605 5673 de
650 5602 757 5656 hac
802 5607 962 5671 parte
1011 5603 1290 5658 exteriore
1344 5601 1486 5658 sacri
1518 5606 1774 5673 mysterii
1805 5607 1979 5659 sensi-

276 5672 382 5724 bus
448 5672 719 5742 subjecta,
788 5689 1133 5745 quamisuai.
1183 5675 1360 5728 mtatis
1424 5672 1659 5744 quidam
1722 5676 1978 5745 theologi

290 5758 456 5810 psam
494 5760 616 5796 esse
650 5745 908 5812 corporis
940 5744 1149 5798 Christi
1183 5745 1428 5814 speciem
1459 5750 1517 5797 et
1556 5744 1974 5814 apparitionem

279 5814 532 5883 corporis
580 5816 710 5868 Jesu
766 5815 968 5868 Christi
1021 5816 1402 5884 reputabant;
1461 5831 1588 5868 cum
1636 5821 1864 5868 econtra
1908 5819 1978 5869 sit

2076 4636 2340 4673 verorum
2372 4621 2663 4674 catholicae
2695 4619 2954 4676 Ecclesia:
2985 4622 3394 4691 discipulorum
3445 4619 3798 4688 Berengarii

2076 4692 2576 4759 adversariorum;
2651 4693 2867 4746 scilicet
2953 4692 3267 4757 Lanfranci,

3359 4691 3802 4762 archiepiscopi

2080 4762 2522 4834 Cantuariensis,
2583 4763 2682 4834 qui
2734 4765 2967 4834 Dialogo
3018 4764 3300 4834 adversus
3343 4762 3800 4834 Berengarium,

2081 4832 2372 4885 mentione
2432 4833 2573 4886 facta
2602 4831 2692 4886 ide
2755 4831 3026 4903 mysterio
3078 4832 3337 4902 corporis
3386 4831 3622 4900 Christi,
3680 4834 3799 4887 ait:

2089 4905 2217 4958 Vere
2246 4903 2356 4956 dici
2388 4918 2544 4971 posse
2579 4908 2627 4956 et
2652 4907 2832 4973 ipsum
2857 4919 3048 4972 corpus
3077 4903 3221 4972 quod
3259 4903 3326 4956 de
3366 4904 3596 4973 Virgine
3639 4917 3803 4957 sum-

2080 4980 2234 5043 ptum
2258 4979 2351 5034 est,
2387 4979 2435 5026 et
2467 4979 2642 5027 tamen
2677 4972 2790 5029 non
2824 4978 3036 5044 ipsum:
3079 4979 3259 5042 ipsum
3311 4972 3553 5040 quidem,
3605 4989 3802 5041 quan-

2084 5050 2194 5097 tum
2226 5044 2299 5096 ad
2340 5049 2624 5098 essentiam
2664 5062 2907 5115 veraeque
2951 5051 3164 5099 natura:
3191 5046 3585 5112 proprietatem
3626 5051 3807 5113 atque

2081 5117 2354 5178 virtutem,
2403 5130 2508 5167 non
2551 5121 2730 5170 autem
2770 5120 2821 5170 si
2845 5122 3048 5184 spectes
3083 5119 3248 5184 panis
3278 5116 3501 5181 vinique
3531 5119 3802 5182 speciem.

2083 5186 2240 5255 Idem
2271 5185 2481 5238 habent
2522 5187 2778 5255 Algerus,
2822 5189 2968 5242 libro
2996 5203 3031 5254 ι,
3085 5186 3268 5255 capite
3307 5189 3406 5249 l7;
3460 5185 3804 5250 Fulbertus,

2085 5254 2382 5325 episcopus
2439 5254 2820 5323 Carnutensis,
2887 5258 3126 5327 epistola
3153 5254 3168 5255 ί
3203 5259 3257 5309 ll
3308 5256 3408 5327 ad_
3431 5255 3806 5318 Finardum;

2085 5324 2391 5398 Rupertus,
2425 5327 2598 5380 abbas
2628 5324 2952 5398 Tuytensis,
2977 5329 3035 5380 in
3069 5324 3413 5398 Epistolaad
3447 5327 3806 5394 Curionem;

2085 5397 2183 5465 qui
2217 5413 2418 5449 omnes
2467 5395 2727 5451 eamdem
2775 5415 2945 5468 quam
2994 5395 3278 5468 habemus
3313 5395 3384 5450 de
3422 5411 3628 5449 revera
3681 5399 3809 5452 exi-

2086 5472 2267 5519 stente
2316 5483 2556 5536 corpore
2595 5466 2806 5522 Christi
2854 5469 2914 5522 in
2968 5466 3320 5522 Eucharistia
3369 5472 3428 5518 et
3471 5481 3810 5523 commuta-

2085 5538 2241 5590 tione
2266 5538 2431 5607 panis
2461 5543 2516 5591 et
2545 5539 2663 5592 viui
2693 5540 2752 5591 in
2781 5555 3011 5592 carnem
3041 5545 3097 5592 et
3122 5537 3469 5607 sanguinem
3490 5554 3596 5592 seu
3617 5545 3817 5594 trans-

2087 5607 2562 5661 substautiatione
2595 5610 2864 5662 tuendam
2899 5609 3071 5664 fidem
3100 5614 3464 5678 receperunt.

2157 5680 2182 5719 Ι)
2233 5678 2500 5748 Μίςεδνλίη
2546 5678 2789 5733 Sabbato
2840 5680 3097 5744 Quatuor
3147 5680 3518 5748 Temporum,
3585 5682 3819 5736 mensis

2089 5763 2184 5820 viii.
2244 5778 2316 5820 —_1
2363 5746 2893 5820 Lib.g_Sacrament.
2957 5750 3011 5804 S.
3063 5746 3341 5820 Gregorii,
3392 5765 3446 5819 p.
3493 5753 3600 5803 l35
3663 5755 3815 5806 edit.

2093 5819 2234 5887 Ilug.
2273 5818 2544 5872 Menardi.
