  <div class='ocr_page' id='page_1' title='image "/cluster/home/n/w/nwhite01/storage/ocr_20150623/121/uva.x000827051/090.png"; bbox 0 0 3920 6224; ppageno 0'>
   <div class='ocr_carea' id='block_1_1' title="bbox 150 350 2528 408">
    <p class='ocr_par' dir='ltr' id='par_1_1' title="bbox 150 350 2528 408">
     <span class='ocr_line' id='line_1_1' title="bbox 150 350 2528 408; baseline 0.002 -9"><span class='ocrx_word' id='word_1_1' title='bbox 150 350 240 399; x_wconf 72' lang='grc' dir='ltr'><strong>1ϋῦ</strong></span> <span class='ocrx_word' id='word_1_2' title='bbox 1254 352 1343 406; x_wconf 87' lang='lat' dir='ltr'><strong>DE</strong></span> <span class='ocrx_word' id='word_1_3' title='bbox 1385 351 1710 408; x_wconf 77' lang='lat' dir='ltr'><strong>CORPORE</strong></span> <span class='ocrx_word' id='word_1_4' title='bbox 1752 352 1840 407; x_wconf 85' lang='lat' dir='ltr'>ET</span> <span class='ocrx_word' id='word_1_5' title='bbox 1880 353 2222 408; x_wconf 77' lang='lat' dir='ltr'><strong>SANGUINE</strong></span> <span class='ocrx_word' id='word_1_6' title='bbox 2266 351 2528 407; x_wconf 76' lang='lat' dir='ltr'><strong>DOMINI.</strong></span> 
     </span>
    </p>
   </div>
   <div class='ocr_carea' id='block_1_2' title="bbox 3416 359 3646 415">
    <p class='ocr_par' dir='ltr' id='par_1_2' title="bbox 3416 359 3646 415">
     <span class='ocr_line' id='line_1_2' title="bbox 3416 359 3646 415; baseline -0.035 0"><span class='ocrx_word' id='word_1_7' title='bbox 3416 377 3474 415; x_wconf 87' lang='lat'><strong>’.</strong></span> <span class='ocrx_word' id='word_1_8' title='bbox 3547 359 3646 409; x_wconf 81' lang='grc'>166</span> 
     </span>
    </p>
   </div>
   <div class='ocr_carea' id='block_1_3' title="bbox 142 481 3649 555">
    <p class='ocr_par' dir='ltr' id='par_1_3' title="bbox 142 481 3649 555">
     <span class='ocr_line' id='line_1_3' title="bbox 142 481 3649 555; baseline 0.002 -22"><span class='ocrx_word' id='word_1_9' title='bbox 142 481 472 547; x_wconf 84' lang='lat' dir='ltr'><strong>veniantur;</strong></span> <span class='ocrx_word' id='word_1_10' title='bbox 506 483 610 537; x_wconf 89' lang='lat' dir='ltr'><strong>ubi</strong></span> <span class='ocrx_word' id='word_1_11' title='bbox 638 499 772 537; x_wconf 88' lang='lat' dir='ltr'><strong>vero</strong></span> <span class='ocrx_word' id='word_1_12' title='bbox 819 483 890 538; x_wconf 90' lang='lat' dir='ltr'><strong>ad</strong></span> <span class='ocrx_word' id='word_1_13' title='bbox 947 483 1092 538; x_wconf 90' lang='lat' dir='ltr'><strong>illud</strong></span> <span class='ocrx_word' id='word_1_14' title='bbox 1121 491 1466 555; x_wconf 76' lang='lat' dir='ltr'><strong>perventum</strong></span> <span class='ocrx_word' id='word_1_15' title='bbox 1523 485 1692 540; x_wconf 89' lang='lat' dir='ltr'><strong>fuerit</strong></span> <span class='ocrx_word' id='word_1_16' title='bbox 1736 486 1845 540; x_wconf 90' lang='lat' dir='ltr'><strong>hoc</strong></span> <span class='ocrx_word' id='word_1_17' title='bbox 1873 487 1918 539; x_wconf 84' lang='lat' dir='ltr'><strong>A</strong></span> <span class='ocrx_word' id='word_1_18' title='bbox 1958 501 2089 538; x_wconf 87' lang='lat' dir='ltr'><strong>nem</strong></span> <span class='ocrx_word' id='word_1_19' title='bbox 2118 485 2351 550; x_wconf 85' lang='lat' dir='ltr'><strong>factum,</strong></span> <span class='ocrx_word' id='word_1_20' title='bbox 2412 501 2471 538; x_wconf 91' lang='lat' dir='ltr'><strong>se</strong></span> <span class='ocrx_word' id='word_1_21' title='bbox 2503 500 2605 554; x_wconf 90' lang='lat' dir='ltr'><strong>pro</strong></span> <span class='ocrx_word' id='word_1_22' title='bbox 2658 483 2825 538; x_wconf 90' lang='lat' dir='ltr'><strong>nobis</strong></span> <span class='ocrx_word' id='word_1_23' title='bbox 2865 484 3138 540; x_wconf 79' lang='lat' dir='ltr'><strong>obtulisse</strong></span> <span class='ocrx_word' id='word_1_24' title='bbox 3197 485 3559 551; x_wconf 87' lang='lat' dir='ltr'><strong>sacriﬁcium,</strong></span> <span class='ocrx_word' id='word_1_25' title='bbox 3593 493 3649 542; x_wconf 91' lang='lat' dir='ltr'><strong>ct</strong></span> 
     </span>
    </p>
   </div>
   <div class='ocr_carea' id='block_1_4' title="bbox 142 569 1362 642">
    <p class='ocr_par' dir='ltr' id='par_1_4' title="bbox 142 569 1362 642">
     <span class='ocr_line' id='line_1_4' title="bbox 142 569 1362 642; baseline 0.001 -18"><span class='ocrx_word' id='word_1_26' title='bbox 142 569 557 624; x_wconf 72' lang='lat' dir='ltr'><strong>removebitur.</strong></span> <span class='ocrx_word' id='word_1_27' title='bbox 1357 639 1362 642; x_wconf 95' lang='lat'><em>_</em></span> 
     </span>
    </p>
   </div>
   <div class='ocr_carea' id='block_1_5' title="bbox 213 661 1844 732">
    <p class='ocr_par' dir='ltr' id='par_1_5' title="bbox 213 661 1844 732">
     <span class='ocr_line' id='line_1_5' title="bbox 213 661 1844 732; baseline 0 -18"><span class='ocrx_word' id='word_1_28' title='bbox 213 661 474 715; x_wconf 78' lang='lat' dir='ltr'><strong><em>LXXXIX.</em></strong></span> <span class='ocrx_word' id='word_1_29' title='bbox 541 662 798 731; x_wconf 79' lang='lat' dir='ltr'><strong>Apparet</strong></span> <span class='ocrx_word' id='word_1_30' title='bbox 850 661 1042 732; x_wconf 84' lang='lat' dir='ltr'><strong>itaque</strong></span> <span class='ocrx_word' id='word_1_31' title='bbox 1090 661 1244 731; x_wconf 90' lang='lat' dir='ltr'><strong>quod</strong></span> <span class='ocrx_word' id='word_1_32' title='bbox 1307 663 1487 716; x_wconf 89' lang='lat' dir='ltr'><strong>multa</strong></span> <span class='ocrx_word' id='word_1_33' title='bbox 1582 662 1733 716; x_wconf 90' lang='lat' dir='ltr'><strong>intra</strong></span> <span class='ocrx_word' id='word_1_34' title='bbox 1787 679 1844 715; x_wconf 90' lang='lat' dir='ltr'><strong>se</strong></span> 
     </span>
    </p>
   </div>
   <div class='ocr_carea' id='block_1_6' title="bbox 139 749 1847 822">
    <p class='ocr_par' dir='ltr' id='par_1_6' title="bbox 139 749 1847 822">
     <span class='ocr_line' id='line_1_6' title="bbox 139 749 1847 822; baseline 0.002 -21"><span class='ocrx_word' id='word_1_35' title='bbox 139 749 527 803; x_wconf 77' lang='lat' dir='ltr'><strong>diﬁerentiam</strong></span> <span class='ocrx_word' id='word_1_36' title='bbox 563 756 921 820; x_wconf 77' lang='lat' dir='ltr'><strong>separantur,</strong></span> <span class='ocrx_word' id='word_1_37' title='bbox 955 755 1234 820; x_wconf 89' lang='lat' dir='ltr'><strong>quantum</strong></span> <span class='ocrx_word' id='word_1_38' title='bbox 1269 758 1351 804; x_wconf 89' lang='lat' dir='ltr'><strong>est</strong></span> <span class='ocrx_word' id='word_1_39' title='bbox 1373 753 1522 805; x_wconf 90' lang='lat' dir='ltr'><strong>inter</strong></span> <span class='ocrx_word' id='word_1_40' title='bbox 1548 754 1758 822; x_wconf 89' lang='lat' dir='ltr'><strong>pignus</strong></span> <span class='ocrx_word' id='word_1_41' title='bbox 1791 756 1847 804; x_wconf 91' lang='lat' dir='ltr'><strong>et</strong></span> 
     </span>
    </p>
   </div>
   <div class='ocr_carea' id='block_1_7' title="bbox 141 838 1842 910">
    <p class='ocr_par' dir='ltr' id='par_1_7' title="bbox 141 838 1842 910">
     <span class='ocr_line' id='line_1_7' title="bbox 141 838 1842 910; baseline 0.002 -21"><span class='ocrx_word' id='word_1_42' title='bbox 141 853 264 889; x_wconf 88' lang='lat' dir='ltr'><strong>eam</strong></span> <span class='ocrx_word' id='word_1_43' title='bbox 288 853 411 890; x_wconf 86' lang='lat' dir='ltr'><strong>rem</strong></span> <span class='ocrx_word' id='word_1_44' title='bbox 443 853 552 907; x_wconf 85' lang='lat' dir='ltr'><strong>pro</strong></span> <span class='ocrx_word' id='word_1_45' title='bbox 589 854 704 908; x_wconf 90' lang='lat' dir='ltr'><strong>qua</strong></span> <span class='ocrx_word' id='word_1_46' title='bbox 745 838 954 908; x_wconf 88' lang='lat' dir='ltr'><strong>pignus</strong></span> <span class='ocrx_word' id='word_1_47' title='bbox 993 839 1258 905; x_wconf 81' lang='lat' dir='ltr'><strong>traditur,</strong></span> <span class='ocrx_word' id='word_1_48' title='bbox 1290 847 1313 872; x_wconf 75' lang='grc'><strong>⁸</strong></span> <span class='ocrx_word' id='word_1_49' title='bbox 1352 845 1408 891; x_wconf 92' lang='lat' dir='ltr'><strong>et</strong></span> <span class='ocrx_word' id='word_1_50' title='bbox 1440 845 1720 910; x_wconf 71' lang='lat' dir='ltr'><strong>quantum</strong></span> <span class='ocrx_word' id='word_1_51' title='bbox 1750 839 1842 892; x_wconf 92' lang='lat' dir='ltr'><strong>in-</strong></span> 
     </span>
    </p>
   </div>
   <div class='ocr_carea' id='block_1_8' title="bbox 142 923 1844 998">
    <p class='ocr_par' dir='ltr' id='par_1_8' title="bbox 142 923 1844 998">
     <span class='ocr_line' id='line_1_8' title="bbox 142 923 1844 998; baseline 0.004 -23"><span class='ocrx_word' id='word_1_52' title='bbox 142 929 223 976; x_wconf 88' lang='lat' dir='ltr'><strong>ter</strong></span> <span class='ocrx_word' id='word_1_53' title='bbox 251 923 576 994; x_wconf 81' lang='lat' dir='ltr'><strong>imaginem</strong></span> <span class='ocrx_word' id='word_1_54' title='bbox 628 932 686 978; x_wconf 90' lang='lat' dir='ltr'><strong>et</strong></span> <span class='ocrx_word' id='word_1_55' title='bbox 728 942 848 979; x_wconf 89' lang='lat' dir='ltr'><strong>rem</strong></span> <span class='ocrx_word' id='word_1_56' title='bbox 896 927 1058 996; x_wconf 87' lang='lat' dir='ltr'><strong>cujus</strong></span> <span class='ocrx_word' id='word_1_57' title='bbox 1085 933 1171 980; x_wconf 90' lang='lat' dir='ltr'><strong>est</strong></span> <span class='ocrx_word' id='word_1_58' title='bbox 1203 928 1425 997; x_wconf 83' lang='lat' dir='ltr'><strong>imago;</strong></span> <span class='ocrx_word' id='word_1_59' title='bbox 1477 933 1532 982; x_wconf 90' lang='lat' dir='ltr'><strong>et</strong></span> <span class='ocrx_word' id='word_1_60' title='bbox 1564 933 1844 998; x_wconf 88' lang='lat' dir='ltr'><strong>quantum</strong></span> 
     </span>
    </p>
   </div>
   <div class='ocr_carea' id='block_1_9' title="bbox 141 1011 1840 1087">
    <p class='ocr_par' dir='ltr' id='par_1_9' title="bbox 141 1011 1840 1087">
     <span class='ocr_line' id='line_1_9' title="bbox 141 1011 1840 1087; baseline 0.004 -24"><span class='ocrx_word' id='word_1_61' title='bbox 141 1011 287 1064; x_wconf 89' lang='lat' dir='ltr'><strong>inter</strong></span> <span class='ocrx_word' id='word_1_62' title='bbox 341 1014 594 1082; x_wconf 86' lang='lat' dir='ltr'><strong>speciem</strong></span> <span class='ocrx_word' id='word_1_63' title='bbox 651 1015 1046 1068; x_wconf 87' lang='lat' dir='ltr'><strong>etveritatem.</strong></span> <span class='ocrx_word' id='word_1_64' title='bbox 1109 1015 1376 1069; x_wconf 89' lang='lat' dir='ltr'><strong>Videmus</strong></span> <span class='ocrx_word' id='word_1_65' title='bbox 1407 1016 1604 1087; x_wconf 87' lang='lat' dir='ltr'><strong>itaque</strong></span> <span class='ocrx_word' id='word_1_66' title='bbox 1659 1018 1840 1070; x_wconf 90' lang='lat' dir='ltr'><strong>multa</strong></span> 
     </span>
    </p>
   </div>
   <div class='ocr_carea' id='block_1_10' title="bbox 140 1099 1843 1174">
    <p class='ocr_par' dir='ltr' id='par_1_10' title="bbox 140 1099 1843 1174">
     <span class='ocr_line' id='line_1_10' title="bbox 140 1099 1843 1174; baseline 0.004 -22"><span class='ocrx_word' id='word_1_67' title='bbox 140 1099 473 1155; x_wconf 72' lang='lat' dir='ltr'><strong>dilferentia</strong></span> <span class='ocrx_word' id='word_1_68' title='bbox 504 1104 760 1173; x_wconf 85' lang='lat' dir='ltr'><strong>separari</strong></span> <span class='ocrx_word' id='word_1_69' title='bbox 785 1102 1118 1173; x_wconf 85' lang='lat' dir='ltr'><strong>mysterium</strong></span> <span class='ocrx_word' id='word_1_70' title='bbox 1153 1105 1452 1173; x_wconf 83' lang='lat' dir='ltr'><strong>sanguinis</strong></span> <span class='ocrx_word' id='word_1_71' title='bbox 1482 1111 1537 1158; x_wconf 84' lang='lat' dir='ltr'><strong>et</strong></span> <span class='ocrx_word' id='word_1_72' title='bbox 1585 1105 1843 1174; x_wconf 91' lang='lat' dir='ltr'><strong>corporis</strong></span> 
     </span>
    </p>
   </div>
   <div class='ocr_carea' id='block_1_11' title="bbox 139 1189 1844 1260">
    <p class='ocr_par' dir='ltr' id='par_1_11' title="bbox 139 1189 1844 1260">
     <span class='ocr_line' id='line_1_11' title="bbox 139 1189 1844 1260; baseline 0.004 -19"><span class='ocrx_word' id='word_1_73' title='bbox 139 1189 346 1242; x_wconf 84' lang='lat' dir='ltr'><strong>Christi</strong></span> <span class='ocrx_word' id='word_1_74' title='bbox 377 1191 534 1260; x_wconf 91' lang='lat' dir='ltr'><strong>quod</strong></span> <span class='ocrx_word' id='word_1_75' title='bbox 566 1208 719 1244; x_wconf 89' lang='lat' dir='ltr'><strong>nunc</strong></span> <span class='ocrx_word' id='word_1_76' title='bbox 749 1208 781 1244; x_wconf 93' lang='lat' dir='ltr'><strong>a</strong></span> <span class='ocrx_word' id='word_1_77' title='bbox 807 1192 1074 1246; x_wconf 90' lang='lat' dir='ltr'><strong>ﬁdelibus</strong></span> <span class='ocrx_word' id='word_1_78' title='bbox 1105 1193 1354 1246; x_wconf 88' lang='lat' dir='ltr'><strong>sumitur</strong></span> <span class='ocrx_word' id='word_1_79' title='bbox 1394 1193 1454 1246; x_wconf 91' lang='lat' dir='ltr'><strong>in</strong></span> <span class='ocrx_word' id='word_1_80' title='bbox 1489 1194 1752 1259; x_wconf 75' lang='lat' dir='ltr'><strong>Ecclesia,</strong></span> <span class='ocrx_word' id='word_1_81' title='bbox 1788 1198 1844 1247; x_wconf 90' lang='lat' dir='ltr'><strong>et</strong></span> 
     </span>
    </p>
   </div>
   <div class='ocr_carea' id='block_1_12' title="bbox 139 1278 1840 1353">
    <p class='ocr_par' dir='ltr' id='par_1_12' title="bbox 139 1278 1840 1353">
     <span class='ocr_line' id='line_1_12' title="bbox 139 1278 1840 1353; baseline 0.002 -23"><span class='ocrx_word' id='word_1_82' title='bbox 139 1278 280 1331; x_wconf 89' lang='lat' dir='ltr'><strong>illud</strong></span> <span class='ocrx_word' id='word_1_83' title='bbox 306 1279 468 1349; x_wconf 87' lang='lat' dir='ltr'><strong>quod</strong></span> <span class='ocrx_word' id='word_1_84' title='bbox 501 1285 702 1334; x_wconf 89' lang='lat' dir='ltr'><strong>natum</strong></span> <span class='ocrx_word' id='word_1_85' title='bbox 729 1286 813 1334; x_wconf 89' lang='lat' dir='ltr'><strong>est</strong></span> <span class='ocrx_word' id='word_1_86' title='bbox 847 1281 914 1334; x_wconf 90' lang='lat' dir='ltr'><strong>de</strong></span> <span class='ocrx_word' id='word_1_87' title='bbox 935 1280 1106 1335; x_wconf 82' lang='lat' dir='ltr'><strong>Maria</strong></span> <span class='ocrx_word' id='word_1_88' title='bbox 1127 1281 1368 1352; x_wconf 79' lang='lat' dir='ltr'><strong>virgine,</strong></span> <span class='ocrx_word' id='word_1_89' title='bbox 1405 1283 1553 1352; x_wconf 90' lang='lat' dir='ltr'><strong>quod</strong></span> <span class='ocrx_word' id='word_1_90' title='bbox 1587 1298 1840 1353; x_wconf 89' lang='lat' dir='ltr'><strong>passum,</strong></span> 
     </span>
    </p>
   </div>
   <div class='ocr_carea' id='block_1_13' title="bbox 141 1367 1840 1440">
    <p class='ocr_par' dir='ltr' id='par_1_13' title="bbox 141 1367 1840 1440">
     <span class='ocr_line' id='line_1_13' title="bbox 141 1367 1840 1440; baseline 0.002 -20"><span class='ocrx_word' id='word_1_91' title='bbox 141 1367 291 1437; x_wconf 90' lang='lat' dir='ltr'><strong>quod</strong></span> <span class='ocrx_word' id='word_1_92' title='bbox 323 1369 642 1438; x_wconf 88' lang='lat' dir='ltr'><strong>sepultum,</strong></span> <span class='ocrx_word' id='word_1_93' title='bbox 695 1369 851 1440; x_wconf 90' lang='lat' dir='ltr'><strong>quod</strong></span> <span class='ocrx_word' id='word_1_94' title='bbox 881 1370 1212 1437; x_wconf 85' lang='lat' dir='ltr'><strong>resurrexit,</strong></span> <span class='ocrx_word' id='word_1_95' title='bbox 1264 1370 1416 1440; x_wconf 89' lang='lat' dir='ltr'><strong>quod</strong></span> <span class='ocrx_word' id='word_1_96' title='bbox 1447 1373 1618 1425; x_wconf 73' lang='lat' dir='ltr'><strong>cmlos</strong></span> <span class='ocrx_word' id='word_1_97' title='bbox 1647 1387 1840 1424; x_wconf 88' lang='lat' dir='ltr'><strong>ascen-</strong></span> 
     </span>
    </p>
   </div>
   <div class='ocr_carea' id='block_1_14' title="bbox 142 1456 1842 1529">
    <p class='ocr_par' dir='ltr' id='par_1_14' title="bbox 142 1456 1842 1529">
     <span class='ocr_line' id='line_1_14' title="bbox 142 1456 1842 1529; baseline 0.004 -22"><span class='ocrx_word' id='word_1_98' title='bbox 142 1456 242 1521; x_wconf 87' lang='lat' dir='ltr'><strong>dit,</strong></span> <span class='ocrx_word' id='word_1_99' title='bbox 283 1458 442 1527; x_wconf 90' lang='lat' dir='ltr'><strong>quod</strong></span> <span class='ocrx_word' id='word_1_100' title='bbox 502 1458 572 1510; x_wconf 90' lang='lat' dir='ltr'><strong>ad</strong></span> <span class='ocrx_word' id='word_1_101' title='bbox 621 1457 910 1512; x_wconf 79' lang='lat' dir='ltr'><strong>dexteram</strong></span> <span class='ocrx_word' id='word_1_102' title='bbox 957 1459 1137 1512; x_wconf 86' lang='lat' dir='ltr'><strong>Patris</strong></span> <span class='ocrx_word' id='word_1_103' title='bbox 1183 1459 1360 1513; x_wconf 85' lang='lat' dir='ltr'><strong>sedet.</strong></span> <span class='ocrx_word' id='word_1_104' title='bbox 1416 1461 1530 1514; x_wconf 91' lang='lat' dir='ltr'><strong>Hoc</strong></span> <span class='ocrx_word' id='word_1_105' title='bbox 1589 1475 1842 1529; x_wconf 84' lang='lat' dir='ltr'><strong>namque</strong></span> 
     </span>
    </p>
   </div>
   <div class='ocr_carea' id='block_1_15' title="bbox 143 1545 1838 1618">
    <p class='ocr_par' dir='ltr' id='par_1_15' title="bbox 143 1545 1838 1618">
     <span class='ocr_line' id='line_1_15' title="bbox 143 1545 1838 1618; baseline 0.003 -21"><span class='ocrx_word' id='word_1_106' title='bbox 143 1545 296 1614; x_wconf 87' lang='lat' dir='ltr'><strong>quod</strong></span> <span class='ocrx_word' id='word_1_107' title='bbox 353 1546 548 1614; x_wconf 88' lang='lat' dir='ltr'><strong>agitur</strong></span> <span class='ocrx_word' id='word_1_108' title='bbox 595 1547 652 1600; x_wconf 90' lang='lat' dir='ltr'><strong>in</strong></span> <span class='ocrx_word' id='word_1_109' title='bbox 703 1546 791 1600; x_wconf 69' lang='lat' dir='ltr'><strong>via</strong></span> <span class='ocrx_word' id='word_1_110' title='bbox 853 1547 1230 1617; x_wconf 87' lang='lat' dir='ltr'><strong>spiritualiter</strong></span> <span class='ocrx_word' id='word_1_111' title='bbox 1284 1552 1368 1602; x_wconf 89' lang='lat' dir='ltr'><strong>est</strong></span> <span class='ocrx_word' id='word_1_112' title='bbox 1421 1549 1838 1618; x_wconf 89' lang='lat' dir='ltr'><strong>accipiendum,</strong></span> 
     </span>
    </p>
   </div>
   <div class='ocr_carea' id='block_1_16' title="bbox 138 1635 1842 1708">
    <p class='ocr_par' dir='ltr' id='par_1_16' title="bbox 138 1635 1842 1708">
     <span class='ocr_line' id='line_1_16' title="bbox 138 1635 1842 1708; baseline 0.002 -22"><span class='ocrx_word' id='word_1_113' title='bbox 138 1635 276 1702; x_wconf 83' lang='lat' dir='ltr'><strong>quia</strong></span> <span class='ocrx_word' id='word_1_114' title='bbox 335 1635 480 1687; x_wconf 90' lang='lat' dir='ltr'><strong>ﬁdes</strong></span> <span class='ocrx_word' id='word_1_115' title='bbox 538 1635 693 1705; x_wconf 90' lang='lat' dir='ltr'><strong>quod</strong></span> <span class='ocrx_word' id='word_1_116' title='bbox 749 1651 866 1689; x_wconf 90' lang='lat' dir='ltr'><strong>non</strong></span> <span class='ocrx_word' id='word_1_117' title='bbox 917 1636 1094 1703; x_wconf 83' lang='lat' dir='ltr'><strong>videt,</strong></span> <span class='ocrx_word' id='word_1_118' title='bbox 1147 1637 1348 1704; x_wconf 90' lang='lat' dir='ltr'><strong>credit,</strong></span> <span class='ocrx_word' id='word_1_119' title='bbox 1399 1644 1456 1691; x_wconf 91' lang='lat' dir='ltr'><strong>et</strong></span> <span class='ocrx_word' id='word_1_120' title='bbox 1501 1637 1842 1708; x_wconf 79' lang='lat' dir='ltr'><strong>spiritaliter</strong></span> 
     </span>
    </p>
   </div>
   <div class='ocr_carea' id='block_1_17' title="bbox 137 1722 1839 1795">
    <p class='ocr_par' dir='ltr' id='par_1_17' title="bbox 137 1722 1839 1795">
     <span class='ocr_line' id='line_1_17' title="bbox 137 1722 1839 1795; baseline 0.005 -23"><span class='ocrx_word' id='word_1_121' title='bbox 137 1722 321 1790; x_wconf 86' lang='lat' dir='ltr'><strong>pascit</strong></span> <span class='ocrx_word' id='word_1_122' title='bbox 377 1723 658 1788; x_wconf 89' lang='lat' dir='ltr'><strong>animam,</strong></span> <span class='ocrx_word' id='word_1_123' title='bbox 704 1729 758 1776; x_wconf 90' lang='lat' dir='ltr'><strong>et</strong></span> <span class='ocrx_word' id='word_1_124' title='bbox 830 1723 1085 1777; x_wconf 67' lang='lat' dir='ltr'><strong>laetiﬁcat</strong></span> <span class='ocrx_word' id='word_1_125' title='bbox 1135 1740 1254 1792; x_wconf 92' lang='lat' dir='ltr'><strong>cor,</strong></span> <span class='ocrx_word' id='word_1_126' title='bbox 1305 1730 1359 1779; x_wconf 92' lang='lat' dir='ltr'><strong>et</strong></span> <span class='ocrx_word' id='word_1_127' title='bbox 1415 1726 1588 1779; x_wconf 90' lang='lat' dir='ltr'><strong>vitam</strong></span> <span class='ocrx_word' id='word_1_128' title='bbox 1621 1727 1839 1795; x_wconf 64' lang='lat' dir='ltr'><strong>praabet</strong></span> 
     </span>
    </p>
   </div>
   <div class='ocr_carea' id='block_1_18' title="bbox 135 1812 1838 1883">
    <p class='ocr_par' dir='ltr' id='par_1_18' title="bbox 135 1812 1838 1883">
     <span class='ocr_line' id='line_1_18' title="bbox 135 1812 1838 1883; baseline 0.004 -21"><span class='ocrx_word' id='word_1_129' title='bbox 135 1817 418 1864; x_wconf 61' lang='lat' dir='ltr'><strong>mternam</strong></span> <span class='ocrx_word' id='word_1_130' title='bbox 472 1818 530 1866; x_wconf 85' lang='lat' dir='ltr'><strong>et</strong></span> <span class='ocrx_word' id='word_1_131' title='bbox 589 1812 1102 1883; x_wconf 85' lang='lat' dir='ltr'><strong>incorruptionem,</strong></span> <span class='ocrx_word' id='word_1_132' title='bbox 1161 1813 1297 1868; x_wconf 89' lang='lat' dir='ltr'><strong>dum</strong></span> <span class='ocrx_word' id='word_1_133' title='bbox 1360 1831 1471 1869; x_wconf 90' lang='lat' dir='ltr'><strong>non</strong></span> <span class='ocrx_word' id='word_1_134' title='bbox 1523 1815 1838 1869; x_wconf 87' lang='lat' dir='ltr'><strong>attenditur</strong></span> 
     </span>
    </p>
   </div>
   <div class='ocr_carea' id='block_1_19' title="bbox 135 1901 1843 1974">
    <p class='ocr_par' dir='ltr' id='par_1_19' title="bbox 135 1901 1843 1974">
     <span class='ocr_line' id='line_1_19' title="bbox 135 1901 1843 1974; baseline 0.004 -23"><span class='ocrx_word' id='word_1_135' title='bbox 135 1901 290 1969; x_wconf 88' lang='lat' dir='ltr'><strong>quod</strong></span> <span class='ocrx_word' id='word_1_136' title='bbox 318 1917 526 1971; x_wconf 88' lang='lat' dir='ltr'><strong>corpus</strong></span> <span class='ocrx_word' id='word_1_137' title='bbox 560 1902 760 1971; x_wconf 78' lang='lat' dir='ltr'><strong>pascit,</strong></span> <span class='ocrx_word' id='word_1_138' title='bbox 809 1903 963 1972; x_wconf 92' lang='lat' dir='ltr'><strong>quod</strong></span> <span class='ocrx_word' id='word_1_139' title='bbox 997 1903 1166 1957; x_wconf 90' lang='lat' dir='ltr'><strong>dente</strong></span> <span class='ocrx_word' id='word_1_140' title='bbox 1212 1905 1515 1972; x_wconf 86' lang='lat' dir='ltr'><strong>premitur,</strong></span> <span class='ocrx_word' id='word_1_141' title='bbox 1553 1905 1704 1974; x_wconf 89' lang='lat' dir='ltr'><strong>quod</strong></span> <span class='ocrx_word' id='word_1_142' title='bbox 1741 1921 1843 1974; x_wconf 91' lang='lat' dir='ltr'><strong>per</strong></span> 
     </span>
    </p>
   </div>
   <div class='ocr_carea' id='block_1_20' title="bbox 132 1991 1844 2062">
    <p class='ocr_par' dir='ltr' id='par_1_20' title="bbox 132 1991 1844 2062">
     <span class='ocr_line' id='line_1_20' title="bbox 132 1991 1844 2062; baseline 0.003 -21"><span class='ocrx_word' id='word_1_143' title='bbox 132 1996 329 2057; x_wconf 87' lang='lat' dir='ltr'><strong>partes</strong></span> <span class='ocrx_word' id='word_1_144' title='bbox 360 1991 797 2056; x_wconf 86' lang='lat' dir='ltr'><strong>comminuitur,</strong></span> <span class='ocrx_word' id='word_1_145' title='bbox 842 1991 937 2045; x_wconf 91' lang='lat' dir='ltr'><strong>sed</strong></span> <span class='ocrx_word' id='word_1_146' title='bbox 971 1991 1123 2061; x_wconf 90' lang='lat' dir='ltr'><strong>quod</strong></span> <span class='ocrx_word' id='word_1_147' title='bbox 1188 1992 1245 2046; x_wconf 89' lang='lat' dir='ltr'><strong>in</strong></span> <span class='ocrx_word' id='word_1_148' title='bbox 1304 1992 1416 2046; x_wconf 85' lang='lat' dir='ltr'><strong>ﬁde</strong></span> <span class='ocrx_word' id='word_1_149' title='bbox 1470 1994 1844 2062; x_wconf 84' lang='lat' dir='ltr'><strong>spiritualiter</strong></span> 
     </span>
    </p>
   </div>
   <div class='ocr_carea' id='block_1_21' title="bbox 133 2077 1842 2150">
    <p class='ocr_par' dir='ltr' id='par_1_21' title="bbox 133 2077 1842 2150">
     <span class='ocr_line' id='line_1_21' title="bbox 133 2077 1842 2150; baseline 0.005 -22"><span class='ocrx_word' id='word_1_150' title='bbox 133 2077 438 2147; x_wconf 80' lang='lat' dir='ltr'><strong>accipitur.</strong></span> <span class='ocrx_word' id='word_1_151' title='bbox 476 2084 545 2132; x_wconf 78' lang='lat' dir='ltr'><strong>At</strong></span> <span class='ocrx_word' id='word_1_152' title='bbox 566 2096 700 2132; x_wconf 86' lang='lat' dir='ltr'><strong>vero</strong></span> <span class='ocrx_word' id='word_1_153' title='bbox 733 2096 940 2150; x_wconf 87' lang='lat' dir='ltr'><strong>corpus</strong></span> <span class='ocrx_word' id='word_1_154' title='bbox 966 2081 1105 2134; x_wconf 92' lang='lat' dir='ltr'><strong>illud</strong></span> <span class='ocrx_word' id='word_1_155' title='bbox 1149 2081 1205 2134; x_wconf 91' lang='lat' dir='ltr'><strong>in</strong></span> <span class='ocrx_word' id='word_1_156' title='bbox 1250 2081 1401 2150; x_wconf 91' lang='lat' dir='ltr'><strong>quod</strong></span> <span class='ocrx_word' id='word_1_157' title='bbox 1431 2097 1629 2150; x_wconf 87' lang='lat' dir='ltr'><strong>passus</strong></span> <span class='ocrx_word' id='word_1_158' title='bbox 1671 2088 1754 2135; x_wconf 90' lang='lat' dir='ltr'><strong>est</strong></span> <span class='ocrx_word' id='word_1_159' title='bbox 1785 2087 1842 2136; x_wconf 90' lang='lat' dir='ltr'><strong>et</strong></span> 
     </span>
    </p>
   </div>
   <div class='ocr_carea' id='block_1_22' title="bbox 134 2167 1836 2240">
    <p class='ocr_par' dir='ltr' id='par_1_22' title="bbox 134 2167 1836 2240">
     <span class='ocr_line' id='line_1_22' title="bbox 134 2167 1836 2240; baseline 0.004 -22"><span class='ocrx_word' id='word_1_160' title='bbox 134 2167 453 2220; x_wconf 78' lang='lat' dir='ltr'><strong>resurrexit</strong></span> <span class='ocrx_word' id='word_1_161' title='bbox 507 2167 784 2234; x_wconf 88' lang='lat' dir='ltr'><strong>Christus,</strong></span> <span class='ocrx_word' id='word_1_162' title='bbox 843 2170 1144 2239; x_wconf 90' lang='lat' dir='ltr'><strong>proprium</strong></span> <span class='ocrx_word' id='word_1_163' title='bbox 1209 2169 1332 2238; x_wconf 84' lang='lat' dir='ltr'><strong>ejus</strong></span> <span class='ocrx_word' id='word_1_164' title='bbox 1376 2186 1582 2240; x_wconf 88' lang='lat' dir='ltr'><strong>corpus</strong></span> <span class='ocrx_word' id='word_1_165' title='bbox 1627 2171 1836 2237; x_wconf 84' lang='lat' dir='ltr'><strong>existit,</strong></span> 
     </span>
    </p>
   </div>
   <div class='ocr_carea' id='block_1_23' title="bbox 137 2253 1843 2329">
    <p class='ocr_par' dir='ltr' id='par_1_23' title="bbox 137 2253 1843 2329">
     <span class='ocr_line' id='line_1_23' title="bbox 137 2253 1843 2329; baseline 0.002 -21"><span class='ocrx_word' id='word_1_166' title='bbox 137 2253 202 2308; x_wconf 89' lang='lat' dir='ltr'><strong>de</strong></span> <span class='ocrx_word' id='word_1_167' title='bbox 250 2257 722 2326; x_wconf 60' lang='lat' dir='ltr'><strong>Virginisjtlariie</strong></span> <span class='ocrx_word' id='word_1_168' title='bbox 768 2274 1006 2327; x_wconf 89' lang='lat' dir='ltr'><strong>corpore</strong></span> <span class='ocrx_word' id='word_1_169' title='bbox 1062 2263 1376 2329; x_wconf 88' lang='lat' dir='ltr'><strong>sumptum,</strong></span> <span class='ocrx_word' id='word_1_170' title='bbox 1411 2259 1699 2329; x_wconf 83' lang='lat' dir='ltr'><strong>palpabile</strong></span> <span class='ocrx_word' id='word_1_171' title='bbox 1741 2276 1843 2313; x_wconf 90' lang='lat' dir='ltr'><strong>seu</strong></span> 
     </span>
    </p>
   </div>
   <div class='ocr_carea' id='block_1_24' title="bbox 137 2344 1842 2416">
    <p class='ocr_par' dir='ltr' id='par_1_24' title="bbox 137 2344 1842 2416">
     <span class='ocr_line' id='line_1_24' title="bbox 137 2344 1842 2416; baseline 0.004 -21"><span class='ocrx_word' id='word_1_172' title='bbox 137 2344 381 2411; x_wconf 79' lang='lat' dir='ltr'><strong>visibile,</strong></span> <span class='ocrx_word' id='word_1_173' title='bbox 409 2346 584 2398; x_wconf 88' lang='lat' dir='ltr'><strong>etiam</strong></span> <span class='ocrx_word' id='word_1_174' title='bbox 615 2352 742 2416; x_wconf 83' lang='lat' dir='ltr'><strong>post</strong></span> <span class='ocrx_word' id='word_1_175' title='bbox 795 2346 1294 2413; x_wconf 78' lang='lat' dir='ltr'><strong>resurrectionem,</strong></span> <span class='ocrx_word' id='word_1_176' title='bbox 1328 2347 1474 2400; x_wconf 88' lang='lat' dir='ltr'><strong>sicut</strong></span> <span class='ocrx_word' id='word_1_177' title='bbox 1524 2348 1645 2416; x_wconf 71' lang='lat' dir='ltr'><strong>ipse.</strong></span> <span class='ocrx_word' id='word_1_178' title='bbox 1676 2347 1842 2401; x_wconf 89' lang='lat' dir='ltr'><strong>disci-</strong></span> 
     </span>
    </p>
   </div>
   <div class='ocr_carea' id='block_1_25' title="bbox 138 2433 1843 2503">
    <p class='ocr_par' dir='ltr' id='par_1_25' title="bbox 138 2433 1843 2503">
     <span class='ocr_line' id='line_1_25' title="bbox 138 2433 1843 2503; baseline 0.003 -19"><span class='ocrx_word' id='word_1_179' title='bbox 138 2433 289 2502; x_wconf 90' lang='lat' dir='ltr'><strong>pulis</strong></span> <span class='ocrx_word' id='word_1_180' title='bbox 322 2435 399 2485; x_wconf 83' lang='lat' dir='ltr'><strong>ait</strong></span> <span class='ocrx_word' id='word_1_181' title='bbox 440 2450 454 2487; x_wconf 89' lang='lat'>:</span> <span class='ocrx_word' id='word_1_182' title='bbox 497 2435 727 2503; x_wconf 80' lang='lat' dir='ltr'><strong>Palpate</strong></span> <span class='ocrx_word' id='word_1_183' title='bbox 755 2440 805 2488; x_wconf 91' lang='lat' dir='ltr'><strong>et</strong></span> <span class='ocrx_word' id='word_1_184' title='bbox 855 2434 1032 2488; x_wconf 70' lang='lat' dir='ltr'><strong>ridete</strong></span> <span class='ocrx_word' id='word_1_185' title='bbox 1083 2438 1217 2502; x_wconf 86' lang='lat' dir='ltr'><strong>quia</strong></span> <span class='ocrx_word' id='word_1_186' title='bbox 1271 2437 1500 2503; x_wconf 76' lang='lat' dir='ltr'><strong>spiritus</strong></span> <span class='ocrx_word' id='word_1_187' title='bbox 1547 2451 1761 2489; x_wconf 86' lang='lat' dir='ltr'><strong>carnem</strong></span> <span class='ocrx_word' id='word_1_188' title='bbox 1794 2440 1843 2489; x_wconf 89' lang='lat' dir='ltr'><strong>et</strong></span> 
     </span>
    </p>
   </div>
   <div class='ocr_carea' id='block_1_26' title="bbox 139 2523 1838 2592">
    <p class='ocr_par' dir='ltr' id='par_1_26' title="bbox 139 2523 1838 2592">
     <span class='ocr_line' id='line_1_26' title="bbox 139 2523 1838 2592; baseline 0.002 -18"><span class='ocrx_word' id='word_1_189' title='bbox 139 2536 255 2574; x_wconf 86' lang='lat' dir='ltr'><strong>ossa</strong></span> <span class='ocrx_word' id='word_1_190' title='bbox 283 2538 391 2575; x_wconf 84' lang='lat' dir='ltr'><strong>non</strong></span> <span class='ocrx_word' id='word_1_191' title='bbox 424 2523 584 2576; x_wconf 76' lang='lat' dir='ltr'><strong>habet</strong></span> <span class='ocrx_word' id='word_1_192' title='bbox 623 2526 759 2577; x_wconf 88' lang='lat' dir='ltr'><strong>sicut</strong></span> <span class='ocrx_word' id='word_1_193' title='bbox 785 2539 867 2576; x_wconf 89' lang='lat' dir='ltr'><strong>me</strong></span> <span class='ocrx_word' id='word_1_194' title='bbox 905 2524 1100 2577; x_wconf 79' lang='lat' dir='ltr'><strong>videtis</strong></span> <span class='ocrx_word' id='word_1_195' title='bbox 1124 2523 1318 2576; x_wconf 85' lang='lat' dir='ltr'><strong>habere</strong></span> <span class='ocrx_word' id='word_1_196' title='bbox 1353 2525 1503 2591; x_wconf 85' lang='lat' dir='ltr'><strong>(Luc.</strong></span> <span class='ocrx_word' id='word_1_197' title='bbox 1539 2539 1689 2590; x_wconf 71' lang='lat' dir='ltr'><strong>xxuv,</strong></span> <span class='ocrx_word' id='word_1_198' title='bbox 1733 2525 1838 2592; x_wconf 85' lang='lat'><strong>39).</strong></span> 
     </span>
    </p>
   </div>
   <div class='ocr_carea' id='block_1_27' title="bbox 205 2611 1841 2681">
    <p class='ocr_par' dir='ltr' id='par_1_27' title="bbox 205 2611 1841 2681">
     <span class='ocr_line' id='line_1_27' title="bbox 205 2611 1841 2681; baseline 0 -18"><span class='ocrx_word' id='word_1_199' title='bbox 205 2611 308 2663; x_wconf 76' lang='lat' dir='ltr'><strong>XC.</strong></span> <span class='ocrx_word' id='word_1_200' title='bbox 352 2612 668 2664; x_wconf 72' lang='lat' dir='ltr'><strong>Auliamus</strong></span> <span class='ocrx_word' id='word_1_201' title='bbox 697 2611 870 2664; x_wconf 89' lang='lat' dir='ltr'><strong>etiam</strong></span> <span class='ocrx_word' id='word_1_202' title='bbox 913 2612 1061 2680; x_wconf 87' lang='lat' dir='ltr'><strong>quod</strong></span> <span class='ocrx_word' id='word_1_203' title='bbox 1097 2611 1293 2664; x_wconf 86' lang='lat' dir='ltr'><strong>beatus</strong></span> <span class='ocrx_word' id='word_1_204' title='bbox 1322 2611 1654 2681; x_wconf 82' lang='lat' dir='ltr'><strong>Fulgentius</strong></span> <span class='ocrx_word' id='word_1_205' title='bbox 1686 2613 1743 2664; x_wconf 92' lang='lat' dir='ltr'><strong>in</strong></span> <span class='ocrx_word' id='word_1_206' title='bbox 1769 2611 1841 2664; x_wconf 90' lang='lat' dir='ltr'><strong>li-</strong></span> 
     </span>
    </p>
   </div>
   <div class='ocr_carea' id='block_1_28' title="bbox 140 2697 1843 2768">
    <p class='ocr_par' dir='ltr' id='par_1_28' title="bbox 140 2697 1843 2768">
     <span class='ocr_line' id='line_1_28' title="bbox 140 2697 1843 2768; baseline 0.002 -19"><span class='ocrx_word' id='word_1_207' title='bbox 140 2697 285 2750; x_wconf 83' lang='lat' dir='ltr'><strong>bello</strong></span> <span class='ocrx_word' id='word_1_208' title='bbox 319 2698 390 2752; x_wconf 90' lang='lat' dir='ltr'><strong>de</strong></span> <span class='ocrx_word' id='word_1_209' title='bbox 417 2699 548 2752; x_wconf 85' lang='lat' dir='ltr'><strong>Fide</strong></span> <span class='ocrx_word' id='word_1_210' title='bbox 571 2700 872 2768; x_wconf 78' lang='lat' dir='ltr'><strong>dicat(cap.</strong></span> <span class='ocrx_word' id='word_1_211' title='bbox 903 2700 986 2764; x_wconf 83' lang='lat' dir='ltr'><strong>l9)</strong></span> <span class='ocrx_word' id='word_1_212' title='bbox 1010 2715 1023 2752; x_wconf 86' lang='lat'>:</span> <span class='ocrx_word' id='word_1_213' title='bbox 1048 2722 1073 2748; x_wconf 89' lang='grc'><strong>‹‹</strong></span> <span class='ocrx_word' id='word_1_214' title='bbox 1092 2700 1439 2753; x_wconf 83' lang='lat' dir='ltr'><strong>Firmissime</strong></span> <span class='ocrx_word' id='word_1_215' title='bbox 1463 2706 1616 2767; x_wconf 88' lang='lat' dir='ltr'><strong>tene,</strong></span> <span class='ocrx_word' id='word_1_216' title='bbox 1647 2706 1702 2753; x_wconf 93' lang='lat' dir='ltr'><strong>et</strong></span> <span class='ocrx_word' id='word_1_217' title='bbox 1723 2701 1843 2754; x_wconf 87' lang='lat' dir='ltr'><strong>nul-</strong></span> 
     </span>
    </p>
   </div>
   <div class='ocr_carea' id='block_1_29' title="bbox 139 2785 1844 2859">
    <p class='ocr_par' dir='ltr' id='par_1_29' title="bbox 139 2785 1844 2859">
     <span class='ocr_line' id='line_1_29' title="bbox 139 2785 1844 2859; baseline 0.002 -21"><span class='ocrx_word' id='word_1_218' title='bbox 139 2785 361 2841; x_wconf 85' lang='lat' dir='ltr'><strong>latenus</strong></span> <span class='ocrx_word' id='word_1_219' title='bbox 379 2788 631 2853; x_wconf 90' lang='lat' dir='ltr'><strong>dubites,</strong></span> <span class='ocrx_word' id='word_1_220' title='bbox 647 2788 835 2858; x_wconf 90' lang='lat' dir='ltr'><strong>ipsum</strong></span> <span class='ocrx_word' id='word_1_221' title='bbox 856 2789 1220 2859; x_wconf 88' lang='lat' dir='ltr'><strong>unigenitum</strong></span> <span class='ocrx_word' id='word_1_222' title='bbox 1249 2789 1423 2842; x_wconf 90' lang='lat' dir='ltr'><strong>Deum</strong></span> <span class='ocrx_word' id='word_1_223' title='bbox 1447 2788 1692 2842; x_wconf 88' lang='lat' dir='ltr'><strong>Verbum</strong></span> <span class='ocrx_word' id='word_1_224' title='bbox 1715 2805 1844 2843; x_wconf 89' lang='lat' dir='ltr'><strong>car-</strong></span> 
     </span>
    </p>
   </div>
   <div class='ocr_carea' id='block_1_30' title="bbox 204 2945 1846 3014">
    <p class='ocr_par' dir='ltr' id='par_1_30' title="bbox 204 2945 1846 3014">
     <span class='ocr_line' id='line_1_30' title="bbox 204 2945 1846 3014; baseline 0.002 -16"><span class='ocrx_word' id='word_1_225' title='bbox 204 2954 226 2978; x_wconf 85' lang='grc'>·</span> <span class='ocrx_word' id='word_1_226' title='bbox 262 2945 345 2998; x_wconf 84' lang='lat' dir='ltr'><strong>Et</strong></span> <span class='ocrx_word' id='word_1_227' title='bbox 368 2948 636 3012; x_wconf 87' lang='lat' dir='ltr'><strong>quantum</strong></span> <span class='ocrx_word' id='word_1_228' title='bbox 666 2946 1047 3014; x_wconf 81' lang='lat' dir='ltr'><strong>interspeciem</strong></span> <span class='ocrx_word' id='word_1_229' title='bbox 1067 2948 1428 2998; x_wconf 84' lang='lat' dir='ltr'><strong>etveritatem.</strong></span> <span class='ocrx_word' id='word_1_230' title='bbox 1450 2946 1662 2999; x_wconf 68' lang='lat' dir='ltr'><strong>Praeter</strong></span> <span class='ocrx_word' id='word_1_231' title='bbox 1691 2946 1846 3001; x_wconf 89' lang='lat' dir='ltr'><strong>hunc</strong></span> 
     </span>
    </p>
   </div>
   <div class='ocr_carea' id='block_1_31' title="bbox 138 3015 1843 3085">
    <p class='ocr_par' dir='ltr' id='par_1_31' title="bbox 138 3015 1843 3085">
     <span class='ocr_line' id='line_1_31' title="bbox 138 3015 1843 3085; baseline 0.002 -17"><span class='ocrx_word' id='word_1_232' title='bbox 138 3015 327 3069; x_wconf 84' lang='lat' dir='ltr'><strong>locum</strong></span> <span class='ocrx_word' id='word_1_233' title='bbox 363 3032 480 3068; x_wconf 90' lang='lat' dir='ltr'><strong>non</strong></span> <span class='ocrx_word' id='word_1_234' title='bbox 513 3017 626 3069; x_wconf 89' lang='lat' dir='ltr'><strong>alio</strong></span> <span class='ocrx_word' id='word_1_235' title='bbox 658 3032 802 3085; x_wconf 90' lang='lat' dir='ltr'><strong>opus</strong></span> <span class='ocrx_word' id='word_1_236' title='bbox 825 3021 908 3069; x_wconf 91' lang='lat' dir='ltr'><strong>est</strong></span> <span class='ocrx_word' id='word_1_237' title='bbox 936 3016 1005 3069; x_wconf 90' lang='lat' dir='ltr'><strong>ad</strong></span> <span class='ocrx_word' id='word_1_238' title='bbox 1039 3016 1546 3070; x_wconf 88' lang='lat' dir='ltr'><strong>demonstrandum</strong></span> <span class='ocrx_word' id='word_1_239' title='bbox 1575 3018 1843 3072; x_wconf 90' lang='lat' dir='ltr'><strong>omnibus</strong></span> 
     </span>
    </p>
   </div>
   <div class='ocr_carea' id='block_1_32' title="bbox 139 3083 1913 3156">
    <p class='ocr_par' dir='ltr' id='par_1_32' title="bbox 139 3083 1913 3156">
     <span class='ocr_line' id='line_1_32' title="bbox 139 3083 1913 3156; baseline -0.002 -17"><span class='ocrx_word' id='word_1_240' title='bbox 139 3087 476 3140; x_wconf 86' lang='lat' dir='ltr'><strong>hominibus</strong></span> <span class='ocrx_word' id='word_1_241' title='bbox 508 3087 609 3156; x_wconf 87' lang='lat' dir='ltr'><strong>qui</strong></span> <span class='ocrx_word' id='word_1_242' title='bbox 671 3083 742 3140; x_wconf 43' lang='lat' dir='ltr'><strong>d&#39;e</strong></span> <span class='ocrx_word' id='word_1_243' title='bbox 777 3091 1058 3156; x_wconf 83' lang='lat' dir='ltr'><strong>potestate</strong></span> <span class='ocrx_word' id='word_1_244' title='bbox 1089 3087 1298 3140; x_wconf 90' lang='lat' dir='ltr'><strong>mentis</strong></span> <span class='ocrx_word' id='word_1_245' title='bbox 1329 3103 1442 3139; x_wconf 91' lang='lat' dir='ltr'><strong>non</strong></span> <span class='ocrx_word' id='word_1_246' title='bbox 1475 3089 1837 3155; x_wconf 82' lang='lat' dir='ltr'><strong>excesserint,</strong></span> <span class='ocrx_word' id='word_1_247' title='bbox 1872 3083 1913 3136; x_wconf 86' lang='lat' dir='ltr'><strong>C</strong></span> 
     </span>
    </p>
   </div>
   <div class='ocr_carea' id='block_1_33' title="bbox 141 3157 1840 3230">
    <p class='ocr_par' dir='ltr' id='par_1_33' title="bbox 141 3157 1840 3230">
     <span class='ocr_line' id='line_1_33' title="bbox 141 3157 1840 3230; baseline 0.002 -20"><span class='ocrx_word' id='word_1_248' title='bbox 141 3158 519 3230; x_wconf 77' lang='lat' dir='ltr'><strong>Batramnum</strong></span> <span class='ocrx_word' id='word_1_249' title='bbox 562 3173 668 3227; x_wconf 88' lang='lat' dir='ltr'><strong>per</strong></span> <span class='ocrx_word' id='word_1_250' title='bbox 707 3158 955 3230; x_wconf 69' lang='lat' dir='ltr'><strong>speciem</strong></span> <span class='ocrx_word' id='word_1_251' title='bbox 1001 3158 1059 3210; x_wconf 91' lang='lat' dir='ltr'><strong>in</strong></span> <span class='ocrx_word' id='word_1_252' title='bbox 1089 3159 1195 3230; x_wconf 88' lang='lat' dir='ltr'><strong>hoc</strong></span> <span class='ocrx_word' id='word_1_253' title='bbox 1221 3163 1462 3230; x_wconf 84' lang='lat' dir='ltr'><strong>tractatu</strong></span> <span class='ocrx_word' id='word_1_254' title='bbox 1495 3157 1563 3230; x_wconf 86' lang='lat' dir='ltr'><strong>de</strong></span> <span class='ocrx_word' id='word_1_255' title='bbox 1592 3160 1840 3230; x_wconf 86' lang='lat' dir='ltr'><strong>Corpore</strong></span> 
     </span>
    </p>
   </div>
   <div class='ocr_carea' id='block_1_34' title="bbox 141 3228 1840 3301">
    <p class='ocr_par' dir='ltr' id='par_1_34' title="bbox 141 3228 1840 3301">
     <span class='ocr_line' id='line_1_34' title="bbox 141 3228 1840 3301; baseline 0.002 -20"><span class='ocrx_word' id='word_1_256' title='bbox 141 3236 192 3301; x_wconf 84' lang='lat' dir='ltr'><strong>et</strong></span> <span class='ocrx_word' id='word_1_257' title='bbox 247 3229 548 3301; x_wconf 78' lang='lat' dir='ltr'><strong>sanguine</strong></span> <span class='ocrx_word' id='word_1_258' title='bbox 612 3229 840 3282; x_wconf 89' lang='lat' dir='ltr'><strong>Domini</strong></span> <span class='ocrx_word' id='word_1_259' title='bbox 895 3229 1035 3282; x_wconf 86' lang='lat' dir='ltr'><strong>nihil</strong></span> <span class='ocrx_word' id='word_1_260' title='bbox 1093 3228 1246 3301; x_wconf 81' lang='lat' dir='ltr'><strong>aliud</strong></span> <span class='ocrx_word' id='word_1_261' title='bbox 1298 3229 1636 3282; x_wconf 83' lang='lat' dir='ltr'><strong>intellexisse</strong></span> <span class='ocrx_word' id='word_1_262' title='bbox 1668 3228 1840 3301; x_wconf 80' lang='lat' dir='ltr'><strong>quam</strong></span> 
     </span>
    </p>
   </div>
   <div class='ocr_carea' id='block_1_35' title="bbox 141 3299 1839 3367">
    <p class='ocr_par' dir='ltr' id='par_1_35' title="bbox 141 3299 1839 3367">
     <span class='ocr_line' id='line_1_35' title="bbox 141 3299 1839 3367; baseline 0.002 -16"><span class='ocrx_word' id='word_1_263' title='bbox 141 3300 453 3367; x_wconf 78' lang='lat' dir='ltr'><strong>imaginem</strong></span> <span class='ocrx_word' id='word_1_264' title='bbox 487 3315 810 3367; x_wconf 87' lang='lat' dir='ltr'><strong>expressam</strong></span> <span class='ocrx_word' id='word_1_265' title='bbox 854 3316 953 3352; x_wconf 91' lang='lat' dir='ltr'><strong>seu</strong></span> <span class='ocrx_word' id='word_1_266' title='bbox 980 3299 1319 3352; x_wconf 82' lang='lat' dir='ltr'><strong>exteriorem</strong></span> <span class='ocrx_word' id='word_1_267' title='bbox 1365 3305 1583 3366; x_wconf 86' lang='lat' dir='ltr'><strong>partem</strong></span> <span class='ocrx_word' id='word_1_268' title='bbox 1625 3299 1839 3355; x_wconf 80' lang='lat' dir='ltr'><strong>Eucha-</strong></span> 
     </span>
    </p>
   </div>
   <div class='ocr_carea' id='block_1_36' title="bbox 144 3371 1839 3439">
    <p class='ocr_par' dir='ltr' id='par_1_36' title="bbox 144 3371 1839 3439">
     <span class='ocr_line' id='line_1_36' title="bbox 144 3371 1839 3439; baseline 0.002 -18"><span class='ocrx_word' id='word_1_269' title='bbox 144 3371 424 3429; x_wconf 71' lang='lat' dir='ltr'><strong>ristia2;et</strong></span> <span class='ocrx_word' id='word_1_270' title='bbox 452 3385 557 3439; x_wconf 91' lang='lat' dir='ltr'><strong>per</strong></span> <span class='ocrx_word' id='word_1_271' title='bbox 577 3373 859 3423; x_wconf 82' lang='lat' dir='ltr'><strong>veritatem</strong></span> <span class='ocrx_word' id='word_1_272' title='bbox 889 3372 1121 3423; x_wconf 89' lang='lat' dir='ltr'><strong>modum</strong></span> <span class='ocrx_word' id='word_1_273' title='bbox 1153 3371 1469 3423; x_wconf 77' lang='lat' dir='ltr'><strong>naturalem</strong></span> <span class='ocrx_word' id='word_1_274' title='bbox 1502 3378 1556 3423; x_wconf 89' lang='lat' dir='ltr'><strong>et</strong></span> <span class='ocrx_word' id='word_1_275' title='bbox 1579 3372 1839 3425; x_wconf 84' lang='lat' dir='ltr'><strong>sensibus</strong></span> 
     </span>
    </p>
   </div>
   <div class='ocr_carea' id='block_1_37' title="bbox 144 3441 1838 3511">
    <p class='ocr_par' dir='ltr' id='par_1_37' title="bbox 144 3441 1838 3511">
     <span class='ocr_line' id='line_1_37' title="bbox 144 3441 1838 3511; baseline 0.002 -19"><span class='ocrx_word' id='word_1_276' title='bbox 144 3441 462 3506; x_wconf 82' lang='lat' dir='ltr'><strong>subjectum</strong></span> <span class='ocrx_word' id='word_1_277' title='bbox 495 3441 753 3510; x_wconf 87' lang='lat' dir='ltr'><strong>corporis</strong></span> <span class='ocrx_word' id='word_1_278' title='bbox 778 3442 909 3494; x_wconf 87' lang='lat' dir='ltr'><strong>Jesu</strong></span> <span class='ocrx_word' id='word_1_279' title='bbox 969 3441 1174 3495; x_wconf 84' lang='lat' dir='ltr'><strong>Christi</strong></span> <span class='ocrx_word' id='word_1_280' title='bbox 1205 3457 1332 3493; x_wconf 90' lang='lat' dir='ltr'><strong>cum</strong></span> <span class='ocrx_word' id='word_1_281' title='bbox 1367 3442 1482 3494; x_wconf 87' lang='lat' dir='ltr'><strong>suis</strong></span> <span class='ocrx_word' id='word_1_282' title='bbox 1517 3443 1838 3511; x_wconf 88' lang='lat' dir='ltr'><strong>proprieta-</strong></span> 
     </span>
    </p>
   </div>
   <div class='ocr_carea' id='block_1_38' title="bbox 142 3511 1837 3577">
    <p class='ocr_par' dir='ltr' id='par_1_38' title="bbox 142 3511 1837 3577">
     <span class='ocr_line' id='line_1_38' title="bbox 142 3511 1837 3577; baseline 0.003 -15"><span class='ocrx_word' id='word_1_283' title='bbox 142 3513 288 3564; x_wconf 87' lang='lat' dir='ltr'><strong>tibus</strong></span> <span class='ocrx_word' id='word_1_284' title='bbox 317 3518 377 3565; x_wconf 87' lang='lat' dir='ltr'><strong>et</strong></span> <span class='ocrx_word' id='word_1_285' title='bbox 415 3512 777 3565; x_wconf 89' lang='lat' dir='ltr'><strong>dimensione</strong></span> <span class='ocrx_word' id='word_1_286' title='bbox 807 3513 1150 3577; x_wconf 78' lang='lat' dir='ltr'><strong>geometrica</strong></span> <span class='ocrx_word' id='word_1_287' title='bbox 1181 3519 1236 3564; x_wconf 90' lang='lat' dir='ltr'><strong>et</strong></span> <span class='ocrx_word' id='word_1_288' title='bbox 1259 3511 1526 3565; x_wconf 81' lang='lat' dir='ltr'><strong>naturali.</strong></span> <span class='ocrx_word' id='word_1_289' title='bbox 1560 3514 1664 3568; x_wconf 85' lang='lat' dir='ltr'><strong>Cui</strong></span> <span class='ocrx_word' id='word_1_290' title='bbox 1685 3513 1837 3567; x_wconf 91' lang='lat' dir='ltr'><strong>enim</strong></span> 
     </span>
    </p>
   </div>
   <div class='ocr_carea' id='block_1_39' title="bbox 143 3583 1840 3652">
    <p class='ocr_par' dir='ltr' id='par_1_39' title="bbox 143 3583 1840 3652">
     <span class='ocr_line' id='line_1_39' title="bbox 143 3583 1840 3652; baseline 0.004 -20"><span class='ocrx_word' id='word_1_291' title='bbox 143 3583 329 3652; x_wconf 85' lang='lat' dir='ltr'><strong>aliquo</strong></span> <span class='ocrx_word' id='word_1_292' title='bbox 363 3583 606 3635; x_wconf 87' lang='lat' dir='ltr'><strong>dubium</strong></span> <span class='ocrx_word' id='word_1_293' title='bbox 659 3583 923 3636; x_wconf 87' lang='lat' dir='ltr'><strong>subolere</strong></span> <span class='ocrx_word' id='word_1_294' title='bbox 980 3583 1159 3650; x_wconf 85' lang='lat' dir='ltr'><strong>possit</strong></span> <span class='ocrx_word' id='word_1_295' title='bbox 1219 3583 1425 3635; x_wconf 80' lang='lat' dir='ltr'><strong>auditis</strong></span> <span class='ocrx_word' id='word_1_296' title='bbox 1458 3583 1548 3635; x_wconf 89' lang='lat' dir='ltr'><strong>his</strong></span> <span class='ocrx_word' id='word_1_297' title='bbox 1614 3584 1840 3638; x_wconf 86' lang='lat' dir='ltr'><strong>verbis?</strong></span> 
     </span>
    </p>
   </div>
   <div class='ocr_carea' id='block_1_40' title="bbox 151 3653 1840 3721">
    <p class='ocr_par' dir='ltr' id='par_1_40' title="bbox 151 3653 1840 3721">
     <span class='ocr_line' id='line_1_40' title="bbox 151 3653 1840 3721; baseline 0.002 -16"><span class='ocrx_word' id='word_1_298' title='bbox 151 3653 403 3706; x_wconf 75' lang='lat' dir='ltr'><strong>Videmus</strong></span> <span class='ocrx_word' id='word_1_299' title='bbox 435 3658 623 3720; x_wconf 82' lang='lat' dir='ltr'><strong>itaque</strong></span> <span class='ocrx_word' id='word_1_300' title='bbox 667 3653 838 3706; x_wconf 72' lang='lat' dir='ltr'><strong>multa.</strong></span> <span class='ocrx_word' id='word_1_301' title='bbox 892 3653 1205 3720; x_wconf 72' lang='lat' dir='ltr'><strong>differentia</strong></span> <span class='ocrx_word' id='word_1_302' title='bbox 1242 3655 1496 3721; x_wconf 86' lang='lat' dir='ltr'><strong>separari</strong></span> <span class='ocrx_word' id='word_1_303' title='bbox 1525 3658 1840 3721; x_wconf 81' lang='lat' dir='ltr'><strong>mysterium</strong></span> 
     </span>
    </p>
   </div>
   <div class='ocr_carea' id='block_1_41' title="bbox 145 3724 1837 3792">
    <p class='ocr_par' dir='ltr' id='par_1_41' title="bbox 145 3724 1837 3792">
     <span class='ocr_line' id='line_1_41' title="bbox 145 3724 1837 3792; baseline 0.001 -16"><span class='ocrx_word' id='word_1_304' title='bbox 145 3727 425 3790; x_wconf 78' lang='lat' dir='ltr'><strong>sanguinis</strong></span> <span class='ocrx_word' id='word_1_305' title='bbox 455 3729 508 3776; x_wconf 82' lang='lat' dir='ltr'><strong>et</strong></span> <span class='ocrx_word' id='word_1_306' title='bbox 529 3727 771 3792; x_wconf 81' lang='lat' dir='ltr'><strong>corporis</strong></span> <span class='ocrx_word' id='word_1_307' title='bbox 802 3725 1006 3779; x_wconf 82' lang='lat' dir='ltr'><strong>Christi</strong></span> <span class='ocrx_word' id='word_1_308' title='bbox 1045 3725 1190 3792; x_wconf 83' lang='lat' dir='ltr'><strong>quod</strong></span> <span class='ocrx_word' id='word_1_309' title='bbox 1220 3739 1358 3777; x_wconf 87' lang='lat' dir='ltr'><strong>nunc</strong></span> <span class='ocrx_word' id='word_1_310' title='bbox 1389 3740 1422 3777; x_wconf 88' lang='lat' dir='ltr'><strong>a</strong></span> <span class='ocrx_word' id='word_1_311' title='bbox 1458 3724 1706 3792; x_wconf 81' lang='lat' dir='ltr'><strong>ﬁdelibus</strong></span> <span class='ocrx_word' id='word_1_312' title='bbox 1747 3741 1837 3780; x_wconf 88' lang='lat' dir='ltr'><strong>su-</strong></span> 
     </span>
    </p>
   </div>
   <div class='ocr_carea' id='block_1_42' title="bbox 145 3794 1839 3863">
    <p class='ocr_par' dir='ltr' id='par_1_42' title="bbox 145 3794 1839 3863">
     <span class='ocr_line' id='line_1_42' title="bbox 145 3794 1839 3863; baseline 0.004 -18"><span class='ocrx_word' id='word_1_313' title='bbox 145 3797 306 3846; x_wconf 80' lang='lat' dir='ltr'><strong>mitur</strong></span> <span class='ocrx_word' id='word_1_314' title='bbox 333 3798 394 3847; x_wconf 83' lang='lat' dir='ltr'><strong>in</strong></span> <span class='ocrx_word' id='word_1_315' title='bbox 423 3796 688 3855; x_wconf 80' lang='lat' dir='ltr'><strong>Ecclesia,</strong></span> <span class='ocrx_word' id='word_1_316' title='bbox 751 3800 802 3848; x_wconf 85' lang='lat' dir='ltr'><strong>et</strong></span> <span class='ocrx_word' id='word_1_317' title='bbox 845 3794 986 3848; x_wconf 81' lang='lat' dir='ltr'><strong>illud</strong></span> <span class='ocrx_word' id='word_1_318' title='bbox 1012 3795 1156 3863; x_wconf 73' lang='lat' dir='ltr'><strong>quod</strong></span> <span class='ocrx_word' id='word_1_319' title='bbox 1189 3801 1376 3848; x_wconf 84' lang='lat' dir='ltr'><strong>uatum</strong></span> <span class='ocrx_word' id='word_1_320' title='bbox 1433 3801 1510 3848; x_wconf 88' lang='lat' dir='ltr'><strong>est</strong></span> <span class='ocrx_word' id='word_1_321' title='bbox 1539 3795 1604 3848; x_wconf 87' lang='lat' dir='ltr'><strong>de</strong></span> <span class='ocrx_word' id='word_1_322' title='bbox 1657 3799 1839 3851; x_wconf 81' lang='lat' dir='ltr'><strong>Maria</strong></span> 
     </span>
    </p>
   </div>
   <div class='ocr_carea' id='block_1_43' title="bbox 146 3865 1656 3934">
    <p class='ocr_par' dir='ltr' id='par_1_43' title="bbox 146 3865 1656 3934">
     <span class='ocr_line' id='line_1_43' title="bbox 146 3865 1656 3934; baseline 0.002 -17"><span class='ocrx_word' id='word_1_323' title='bbox 146 3869 369 3930; x_wconf 74' lang='lat' dir='ltr'><strong>virgine,</strong></span> <span class='ocrx_word' id='word_1_324' title='bbox 402 3866 552 3932; x_wconf 83' lang='lat' dir='ltr'><strong>quod</strong></span> <span class='ocrx_word' id='word_1_325' title='bbox 577 3880 823 3934; x_wconf 80' lang='lat' dir='ltr'><strong>passum,</strong></span> <span class='ocrx_word' id='word_1_326' title='bbox 856 3865 1000 3934; x_wconf 72' lang='lat' dir='ltr'><strong>quod</strong></span> <span class='ocrx_word' id='word_1_327' title='bbox 1026 3865 1298 3934; x_wconf 74' lang='lat' dir='ltr'><strong>sepultura</strong></span> <span class='ocrx_word' id='word_1_328' title='bbox 1329 3867 1510 3933; x_wconf 87' lang='lat' dir='ltr'><strong>(num.</strong></span> <span class='ocrx_word' id='word_1_329' title='bbox 1546 3867 1656 3928; x_wconf 85' lang='lat'><strong>89).</strong></span> 
     </span>
    </p>
   </div>
   <div class='ocr_carea' id='block_1_44' title="bbox 211 3935 1838 4006">
    <p class='ocr_par' dir='ltr' id='par_1_44' title="bbox 211 3935 1838 4006">
     <span class='ocr_line' id='line_1_44' title="bbox 211 3935 1838 4006; baseline 0.002 -18"><span class='ocrx_word' id='word_1_330' title='bbox 211 3937 334 3989; x_wconf 56' lang='lat' dir='ltr'><strong>Haec</strong></span> <span class='ocrx_word' id='word_1_331' title='bbox 365 3936 528 3988; x_wconf 89' lang='lat' dir='ltr'><strong>enim</strong></span> <span class='ocrx_word' id='word_1_332' title='bbox 555 3935 905 3988; x_wconf 83' lang='lat' dir='ltr'><strong>conﬁrmant</strong></span> <span class='ocrx_word' id='word_1_333' title='bbox 925 3937 1216 3989; x_wconf 88' lang='lat' dir='ltr'><strong>evidenter</strong></span> <span class='ocrx_word' id='word_1_334' title='bbox 1245 3953 1372 4006; x_wconf 71' lang='lat' dir='ltr'><strong>qua:</strong></span> <span class='ocrx_word' id='word_1_335' title='bbox 1400 3941 1568 3989; x_wconf 88' lang='lat' dir='ltr'><strong>antea</strong></span> <span class='ocrx_word' id='word_1_336' title='bbox 1591 3937 1838 3991; x_wconf 85' lang='lat' dir='ltr'><strong>diximus</strong></span> 
     </span>
    </p>
   </div>
   <div class='ocr_carea' id='block_1_45' title="bbox 148 4006 1837 4076">
    <p class='ocr_par' dir='ltr' id='par_1_45' title="bbox 148 4006 1837 4076">
     <span class='ocr_line' id='line_1_45' title="bbox 148 4006 1837 4076; baseline 0.002 -18"><span class='ocrx_word' id='word_1_337' title='bbox 148 4006 522 4071; x_wconf 84' lang='lat' dir='ltr'><strong>abundanter,</strong></span> <span class='ocrx_word' id='word_1_338' title='bbox 573 4023 704 4059; x_wconf 90' lang='lat' dir='ltr'><strong>cum</strong></span> <span class='ocrx_word' id='word_1_339' title='bbox 745 4008 1096 4060; x_wconf 87' lang='lat' dir='ltr'><strong>consectaria</strong></span> <span class='ocrx_word' id='word_1_340' title='bbox 1147 4023 1214 4059; x_wconf 84' lang='lat' dir='ltr'><strong>ex</strong></span> <span class='ocrx_word' id='word_1_341' title='bbox 1245 4008 1331 4059; x_wconf 90' lang='lat' dir='ltr'><strong>his</strong></span> <span class='ocrx_word' id='word_1_342' title='bbox 1362 4023 1670 4076; x_wconf 88' lang='lat' dir='ltr'><strong>erumpens</strong></span> <span class='ocrx_word' id='word_1_343' title='bbox 1701 4025 1837 4062; x_wconf 91' lang='lat' dir='ltr'><strong>con-</strong></span> 
     </span>
    </p>
   </div>
   <div class='ocr_carea' id='block_1_46' title="bbox 147 4077 1837 4146">
    <p class='ocr_par' dir='ltr' id='par_1_46' title="bbox 147 4077 1837 4146">
     <span class='ocr_line' id='line_1_46' title="bbox 147 4077 1837 4146; baseline 0.002 -18"><span class='ocrx_word' id='word_1_344' title='bbox 147 4077 315 4130; x_wconf 84' lang='lat' dir='ltr'><strong>clusio</strong></span> <span class='ocrx_word' id='word_1_345' title='bbox 347 4079 421 4130; x_wconf 85' lang='lat' dir='ltr'><strong>sit</strong></span> <span class='ocrx_word' id='word_1_346' title='bbox 450 4093 664 4146; x_wconf 91' lang='lat' dir='ltr'><strong>corpus</strong></span> <span class='ocrx_word' id='word_1_347' title='bbox 713 4077 913 4131; x_wconf 81' lang='lat' dir='ltr'><strong>Christi</strong></span> <span class='ocrx_word' id='word_1_348' title='bbox 948 4079 1098 4146; x_wconf 89' lang='lat' dir='ltr'><strong>quod</strong></span> <span class='ocrx_word' id='word_1_349' title='bbox 1140 4093 1203 4130; x_wconf 88' lang='lat' dir='ltr'><strong>ex</strong></span> <span class='ocrx_word' id='word_1_350' title='bbox 1242 4079 1550 4131; x_wconf 72' lang='lat' dir='ltr'><strong>liatramno</strong></span> <span class='ocrx_word' id='word_1_351' title='bbox 1583 4083 1665 4132; x_wconf 91' lang='lat' dir='ltr'><strong>est</strong></span> <span class='ocrx_word' id='word_1_352' title='bbox 1710 4086 1837 4132; x_wconf 91' lang='lat' dir='ltr'><strong>tan-</strong></span> 
     </span>
    </p>
   </div>
   <div class='ocr_carea' id='block_1_47' title="bbox 145 4148 1840 4220">
    <p class='ocr_par' dir='ltr' id='par_1_47' title="bbox 145 4148 1840 4220">
     <span class='ocr_line' id='line_1_47' title="bbox 145 4148 1840 4220; baseline 0.003 -22"><span class='ocrx_word' id='word_1_353' title='bbox 145 4153 259 4220; x_wconf 83' lang='lat' dir='ltr'><strong>tum</strong></span> <span class='ocrx_word' id='word_1_354' title='bbox 294 4150 505 4217; x_wconf 87' lang='lat' dir='ltr'><strong>ﬁgura,</strong></span> <span class='ocrx_word' id='word_1_355' title='bbox 531 4149 745 4213; x_wconf 78' lang='lat' dir='ltr'><strong>Velum,</strong></span> <span class='ocrx_word' id='word_1_356' title='bbox 797 4148 989 4218; x_wconf 88' lang='lat' dir='ltr'><strong>imago</strong></span> <span class='ocrx_word' id='word_1_357' title='bbox 1018 4164 1322 4220; x_wconf 74' lang='lat' dir='ltr'><strong>expressa,</strong></span> <span class='ocrx_word' id='word_1_358' title='bbox 1356 4149 1566 4217; x_wconf 85' lang='lat' dir='ltr'><strong>pignus</strong></span> <span class='ocrx_word' id='word_1_359' title='bbox 1620 4155 1678 4202; x_wconf 92' lang='lat' dir='ltr'><strong>et</strong></span> <span class='ocrx_word' id='word_1_360' title='bbox 1709 4167 1840 4220; x_wconf 89' lang='lat' dir='ltr'><strong>spe-</strong></span> 
     </span>
    </p>
   </div>
   <div class='ocr_carea' id='block_1_48' title="bbox 145 4219 1833 4289">
    <p class='ocr_par' dir='ltr' id='par_1_48' title="bbox 145 4219 1833 4289">
     <span class='ocr_line' id='line_1_48' title="bbox 145 4219 1833 4289; baseline 0.002 -19"><span class='ocrx_word' id='word_1_361' title='bbox 145 4219 271 4283; x_wconf 76' lang='lat' dir='ltr'><strong>cies,</strong></span> <span class='ocrx_word' id='word_1_362' title='bbox 304 4220 541 4272; x_wconf 71' lang='lat' dir='ltr'><strong>ditferre</strong></span> <span class='ocrx_word' id='word_1_363' title='bbox 577 4236 608 4271; x_wconf 88' lang='lat' dir='ltr'><strong>a</strong></span> <span class='ocrx_word' id='word_1_364' title='bbox 629 4235 868 4289; x_wconf 89' lang='lat' dir='ltr'><strong>corpore</strong></span> <span class='ocrx_word' id='word_1_365' title='bbox 901 4219 1106 4273; x_wconf 90' lang='lat' dir='ltr'><strong>Christi</strong></span> <span class='ocrx_word' id='word_1_366' title='bbox 1129 4225 1260 4271; x_wconf 87' lang='lat' dir='ltr'><strong>nato</strong></span> <span class='ocrx_word' id='word_1_367' title='bbox 1282 4235 1348 4272; x_wconf 87' lang='lat' dir='ltr'><strong>ex</strong></span> <span class='ocrx_word' id='word_1_368' title='bbox 1383 4220 1611 4288; x_wconf 85' lang='lat' dir='ltr'><strong>Virgine</strong></span> <span class='ocrx_word' id='word_1_369' title='bbox 1644 4219 1833 4287; x_wconf 79' lang='lat' dir='ltr'><strong>Maria,</strong></span> 
     </span>
    </p>
   </div>
   <div class='ocr_carea' id='block_1_49' title="bbox 146 4290 1838 4360">
    <p class='ocr_par' dir='ltr' id='par_1_49' title="bbox 146 4290 1838 4360">
     <span class='ocr_line' id='line_1_49' title="bbox 146 4290 1838 4360; baseline 0.001 -18"><span class='ocrx_word' id='word_1_370' title='bbox 146 4297 366 4343; x_wconf 86' lang='lat' dir='ltr'><strong>mortuo</strong></span> <span class='ocrx_word' id='word_1_371' title='bbox 397 4297 453 4343; x_wconf 87' lang='lat' dir='ltr'><strong>et</strong></span> <span class='ocrx_word' id='word_1_372' title='bbox 484 4291 743 4359; x_wconf 88' lang='lat' dir='ltr'><strong>sepulto;</strong></span> <span class='ocrx_word' id='word_1_373' title='bbox 799 4291 1012 4360; x_wconf 87' lang='lat' dir='ltr'><strong>quippe</strong></span> <span class='ocrx_word' id='word_1_374' title='bbox 1045 4305 1176 4343; x_wconf 89' lang='lat' dir='ltr'><strong>cum</strong></span> <span class='ocrx_word' id='word_1_375' title='bbox 1225 4290 1280 4342; x_wconf 92' lang='lat' dir='ltr'><strong>in</strong></span> <span class='ocrx_word' id='word_1_376' title='bbox 1323 4306 1389 4342; x_wconf 90' lang='lat' dir='ltr'><strong>eo</strong></span> <span class='ocrx_word' id='word_1_377' title='bbox 1430 4296 1580 4343; x_wconf 84' lang='lat' dir='ltr'><strong>statu</strong></span> <span class='ocrx_word' id='word_1_378' title='bbox 1631 4291 1838 4344; x_wconf 86' lang='lat' dir='ltr'><strong>habeat</strong></span> 
     </span>
    </p>
   </div>
   <div class='ocr_carea' id='block_1_50' title="bbox 147 4360 1835 4430">
    <p class='ocr_par' dir='ltr' id='par_1_50' title="bbox 147 4360 1835 4430">
     <span class='ocr_line' id='line_1_50' title="bbox 147 4360 1835 4430; baseline -0.001 -18"><span class='ocrx_word' id='word_1_379' title='bbox 147 4376 340 4414; x_wconf 88' lang='lat' dir='ltr'><strong>omnes</strong></span> <span class='ocrx_word' id='word_1_380' title='bbox 368 4366 759 4430; x_wconf 85' lang='lat' dir='ltr'><strong>proprietates</strong></span> <span class='ocrx_word' id='word_1_381' title='bbox 809 4361 1096 4414; x_wconf 86' lang='lat' dir='ltr'><strong>naturales</strong></span> <span class='ocrx_word' id='word_1_382' title='bbox 1127 4360 1388 4414; x_wconf 89' lang='lat' dir='ltr'><strong>sensibus</strong></span> <span class='ocrx_word' id='word_1_383' title='bbox 1438 4367 1494 4413; x_wconf 91' lang='lat' dir='ltr'><strong>et</strong></span> <span class='ocrx_word' id='word_1_384' title='bbox 1532 4362 1672 4414; x_wconf 87' lang='lat' dir='ltr'><strong>visui</strong></span> <span class='ocrx_word' id='word_1_385' title='bbox 1707 4363 1835 4414; x_wconf 83' lang='lat' dir='ltr'><strong>sub-</strong></span> 
     </span>
    </p>
   </div>
   <div class='ocr_carea' id='block_1_51' title="bbox 142 4431 1832 4501">
    <p class='ocr_par' dir='ltr' id='par_1_51' title="bbox 142 4431 1832 4501">
     <span class='ocr_line' id='line_1_51' title="bbox 142 4431 1832 4501; baseline 0.001 -19"><span class='ocrx_word' id='word_1_386' title='bbox 142 4433 311 4497; x_wconf 86' lang='lat' dir='ltr'><strong>jectas</strong></span> <span class='ocrx_word' id='word_1_387' title='bbox 347 4439 406 4484; x_wconf 89' lang='lat' dir='ltr'><strong>et</strong></span> <span class='ocrx_word' id='word_1_388' title='bbox 436 4432 861 4496; x_wconf 82' lang='lat' dir='ltr'><strong>dimensiones;</strong></span> <span class='ocrx_word' id='word_1_389' title='bbox 903 4447 1032 4484; x_wconf 89' lang='lat' dir='ltr'><strong>cum</strong></span> <span class='ocrx_word' id='word_1_390' title='bbox 1073 4447 1140 4484; x_wconf 86' lang='lat' dir='ltr'><strong>ex</strong></span> <span class='ocrx_word' id='word_1_391' title='bbox 1188 4431 1423 4484; x_wconf 86' lang='lat' dir='ltr'><strong>adverso</strong></span> <span class='ocrx_word' id='word_1_392' title='bbox 1473 4431 1529 4484; x_wconf 89' lang='lat' dir='ltr'><strong>in</strong></span> <span class='ocrx_word' id='word_1_393' title='bbox 1564 4433 1832 4501; x_wconf 77' lang='lat' dir='ltr'><strong>mysterio</strong></span> 
     </span>
    </p>
   </div>
   <div class='ocr_carea' id='block_1_52' title="bbox 147 4501 1834 4572">
    <p class='ocr_par' dir='ltr' id='par_1_52' title="bbox 147 4501 1834 4572">
     <span class='ocr_line' id='line_1_52' title="bbox 147 4501 1834 4572; baseline 0.001 -18"><span class='ocrx_word' id='word_1_394' title='bbox 147 4503 492 4572; x_wconf 84' lang='lat' dir='ltr'><strong>percipiatur</strong></span> <span class='ocrx_word' id='word_1_395' title='bbox 523 4518 624 4554; x_wconf 91' lang='lat' dir='ltr'><strong>ore</strong></span> <span class='ocrx_word' id='word_1_396' title='bbox 671 4502 952 4569; x_wconf 89' lang='lat' dir='ltr'><strong>ﬁdelium,</strong></span> <span class='ocrx_word' id='word_1_397' title='bbox 1007 4501 1338 4572; x_wconf 46' lang='lat' dir='ltr'><strong>absque’his</strong></span> <span class='ocrx_word' id='word_1_398' title='bbox 1385 4503 1834 4570; x_wconf 85' lang='lat' dir='ltr'><strong>proprietatibus</strong></span> 
     </span>
    </p>
   </div>
   <div class='ocr_carea' id='block_1_53' title="bbox 148 4572 1832 4643">
    <p class='ocr_par' dir='ltr' id='par_1_53' title="bbox 148 4572 1832 4643">
     <span class='ocr_line' id='line_1_53' title="bbox 148 4572 1832 4643; baseline 0.002 -19"><span class='ocrx_word' id='word_1_399' title='bbox 148 4580 197 4624; x_wconf 87' lang='lat' dir='ltr'><strong>et</strong></span> <span class='ocrx_word' id='word_1_400' title='bbox 221 4573 702 4638; x_wconf 83' lang='lat' dir='ltr'><strong>dimensionibus,</strong></span> <span class='ocrx_word' id='word_1_401' title='bbox 747 4573 912 4626; x_wconf 91' lang='lat' dir='ltr'><strong>modo</strong></span> <span class='ocrx_word' id='word_1_402' title='bbox 945 4572 1250 4642; x_wconf 85' lang='lat' dir='ltr'><strong>spirituali,</strong></span> <span class='ocrx_word' id='word_1_403' title='bbox 1293 4589 1394 4642; x_wconf 91' lang='lat' dir='ltr'><strong>per</strong></span> <span class='ocrx_word' id='word_1_404' title='bbox 1424 4572 1617 4638; x_wconf 87' lang='lat' dir='ltr'><strong>ﬁdem,</strong></span> <span class='ocrx_word' id='word_1_405' title='bbox 1661 4589 1832 4643; x_wconf 89' lang='lat' dir='ltr'><strong>quam</strong></span> 
     </span>
    </p>
   </div>
   <div class='ocr_carea' id='block_1_54' title="bbox 147 4643 1832 4712">
    <p class='ocr_par' dir='ltr' id='par_1_54' title="bbox 147 4643 1832 4712">
     <span class='ocr_line' id='line_1_54' title="bbox 147 4643 1832 4712; baseline 0.002 -19"><span class='ocrx_word' id='word_1_406' title='bbox 147 4644 426 4697; x_wconf 83' lang='lat' dir='ltr'><strong>credimus</strong></span> <span class='ocrx_word' id='word_1_407' title='bbox 490 4645 598 4697; x_wconf 89' lang='lat' dir='ltr'><strong>sub</strong></span> <span class='ocrx_word' id='word_1_408' title='bbox 658 4645 745 4698; x_wconf 90' lang='lat' dir='ltr'><strong>his</strong></span> <span class='ocrx_word' id='word_1_409' title='bbox 801 4644 935 4697; x_wconf 81' lang='lat' dir='ltr'><strong>velis</strong></span> <span class='ocrx_word' id='word_1_410' title='bbox 989 4643 1247 4696; x_wconf 82' lang='lat' dir='ltr'><strong>sensibus</strong></span> <span class='ocrx_word' id='word_1_411' title='bbox 1311 4643 1578 4712; x_wconf 76' lang='lat' dir='ltr'><strong>subjectis</strong></span> <span class='ocrx_word' id='word_1_412' title='bbox 1635 4660 1832 4697; x_wconf 86' lang='lat' dir='ltr'><strong>verum</strong></span> 
     </span>
    </p>
   </div>
   <div class='ocr_carea' id='block_1_55' title="bbox 149 4713 1836 4784">
    <p class='ocr_par' dir='ltr' id='par_1_55' title="bbox 149 4713 1836 4784">
     <span class='ocr_line' id='line_1_55' title="bbox 149 4713 1836 4784; baseline 0.001 -18"><span class='ocrx_word' id='word_1_413' title='bbox 149 4714 346 4766; x_wconf 82' lang='lat' dir='ltr'><strong>Christi</strong></span> <span class='ocrx_word' id='word_1_414' title='bbox 377 4730 589 4783; x_wconf 89' lang='lat' dir='ltr'><strong>corpus</strong></span> <span class='ocrx_word' id='word_1_415' title='bbox 629 4731 659 4767; x_wconf 89' lang='lat' dir='ltr'><strong>a</strong></span> <span class='ocrx_word' id='word_1_416' title='bbox 690 4714 851 4767; x_wconf 90' lang='lat' dir='ltr'><strong>nobis</strong></span> <span class='ocrx_word' id='word_1_417' title='bbox 884 4713 1098 4784; x_wconf 86' lang='lat' dir='ltr'><strong>percipi</strong></span> <span class='ocrx_word' id='word_1_418' title='bbox 1128 4715 1488 4766; x_wconf 90' lang='lat' dir='ltr'><strong>reconditum</strong></span> <span class='ocrx_word' id='word_1_419' title='bbox 1522 4714 1625 4767; x_wconf 90' lang='lat' dir='ltr'><strong>sub</strong></span> <span class='ocrx_word' id='word_1_420' title='bbox 1659 4715 1746 4768; x_wconf 87' lang='lat' dir='ltr'><strong>his</strong></span> <span class='ocrx_word' id='word_1_421' title='bbox 1780 4721 1836 4767; x_wconf 91' lang='lat' dir='ltr'><strong>et</strong></span> 
     </span>
    </p>
   </div>
   <div class='ocr_carea' id='block_1_56' title="bbox 146 4785 1832 4853">
    <p class='ocr_par' dir='ltr' id='par_1_56' title="bbox 146 4785 1832 4853">
     <span class='ocr_line' id='line_1_56' title="bbox 146 4785 1832 4853; baseline 0.001 -17"><span class='ocrx_word' id='word_1_422' title='bbox 146 4788 405 4848; x_wconf 79' lang='lat' dir='ltr'><strong>celatum,</strong></span> <span class='ocrx_word' id='word_1_423' title='bbox 440 4786 534 4838; x_wconf 92' lang='lat' dir='ltr'><strong>cui</strong></span> <span class='ocrx_word' id='word_1_424' title='bbox 567 4786 728 4838; x_wconf 85' lang='lat' dir='ltr'><strong>unita</strong></span> <span class='ocrx_word' id='word_1_425' title='bbox 771 4802 866 4837; x_wconf 89' lang='lat' dir='ltr'><strong>seu</strong></span> <span class='ocrx_word' id='word_1_426' title='bbox 907 4785 1173 4853; x_wconf 83' lang='lat' dir='ltr'><strong>colligata</strong></span> <span class='ocrx_word' id='word_1_427' title='bbox 1229 4789 1314 4836; x_wconf 89' lang='lat' dir='ltr'><strong>est</strong></span> <span class='ocrx_word' id='word_1_428' title='bbox 1359 4787 1614 4853; x_wconf 86' lang='lat' dir='ltr'><strong>potentia</strong></span> <span class='ocrx_word' id='word_1_429' title='bbox 1649 4785 1832 4852; x_wconf 88' lang='lat' dir='ltr'><strong>Verbi,</strong></span> 
     </span>
    </p>
   </div>
   <div class='ocr_carea' id='block_1_57' title="bbox 147 4856 1835 4924">
    <p class='ocr_par' dir='ltr' id='par_1_57' title="bbox 147 4856 1835 4924">
     <span class='ocr_line' id='line_1_57' title="bbox 147 4856 1835 4924; baseline 0.002 -18"><span class='ocrx_word' id='word_1_430' title='bbox 147 4872 268 4924; x_wconf 74' lang='lat' dir='ltr'><strong>qua:</strong></span> <span class='ocrx_word' id='word_1_431' title='bbox 301 4857 609 4908; x_wconf 78' lang='lat' dir='ltr'><strong>animabus</strong></span> <span class='ocrx_word' id='word_1_432' title='bbox 637 4857 844 4908; x_wconf 86' lang='lat' dir='ltr'><strong>nostris</strong></span> <span class='ocrx_word' id='word_1_433' title='bbox 874 4856 1000 4907; x_wconf 71' lang='lat' dir='ltr'><strong>vitae</strong></span> <span class='ocrx_word' id='word_1_434' title='bbox 1031 4862 1257 4908; x_wconf 53' lang='lat' dir='ltr'><strong>aeternae</strong></span> <span class='ocrx_word' id='word_1_435' title='bbox 1291 4856 1665 4908; x_wconf 82' lang='lat' dir='ltr'><strong>substantiam</strong></span> <span class='ocrx_word' id='word_1_436' title='bbox 1696 4858 1835 4909; x_wconf 86' lang='lat' dir='ltr'><strong>sub-</strong></span> 
     </span>
    </p>
   </div>
   <div class='ocr_carea' id='block_1_58' title="bbox 146 4927 1834 4996">
    <p class='ocr_par' dir='ltr' id='par_1_58' title="bbox 146 4927 1834 4996">
     <span class='ocr_line' id='line_1_58' title="bbox 146 4927 1834 4996; baseline 0 -18"><span class='ocrx_word' id='word_1_437' title='bbox 146 4927 446 4989; x_wconf 86' lang='lat' dir='ltr'><strong>ministrat,</strong></span> <span class='ocrx_word' id='word_1_438' title='bbox 479 4942 693 4995; x_wconf 88' lang='lat' dir='ltr'><strong>easque</strong></span> <span class='ocrx_word' id='word_1_439' title='bbox 727 4927 929 4989; x_wconf 86' lang='lat' dir='ltr'><strong>nutrit,</strong></span> <span class='ocrx_word' id='word_1_440' title='bbox 963 4932 1018 4979; x_wconf 88' lang='lat' dir='ltr'><strong>et</strong></span> <span class='ocrx_word' id='word_1_441' title='bbox 1053 4933 1418 4996; x_wconf 82' lang='lat' dir='ltr'><strong>peccatorum</strong></span> <span class='ocrx_word' id='word_1_442' title='bbox 1450 4927 1601 4979; x_wconf 88' lang='lat' dir='ltr'><strong>labes</strong></span> <span class='ocrx_word' id='word_1_443' title='bbox 1630 4943 1834 4996; x_wconf 87' lang='lat' dir='ltr'><strong>expur-</strong></span> 
     </span>
    </p>
   </div>
   <div class='ocr_carea' id='block_1_59' title="bbox 145 4996 1834 5067">
    <p class='ocr_par' dir='ltr' id='par_1_59' title="bbox 145 4996 1834 5067">
     <span class='ocr_line' id='line_1_59' title="bbox 145 4996 1834 5067; baseline 0.001 -19"><span class='ocrx_word' id='word_1_444' title='bbox 145 5001 234 5064; x_wconf 86' lang='lat' dir='ltr'><strong>gat</strong></span> <span class='ocrx_word' id='word_1_445' title='bbox 262 5004 321 5050; x_wconf 89' lang='lat' dir='ltr'><strong>et</strong></span> <span class='ocrx_word' id='word_1_446' title='bbox 349 4997 658 5067; x_wconf 87' lang='lat' dir='ltr'><strong>expuugit;</strong></span> <span class='ocrx_word' id='word_1_447' title='bbox 720 4998 976 5066; x_wconf 90' lang='lat' dir='ltr'><strong>adeoque</strong></span> <span class='ocrx_word' id='word_1_448' title='bbox 1018 4997 1333 5050; x_wconf 88' lang='lat' dir='ltr'><strong>secundum</strong></span> <span class='ocrx_word' id='word_1_449' title='bbox 1375 4996 1696 5051; x_wconf 88' lang='lat' dir='ltr'><strong>doctrinam</strong></span> <span class='ocrx_word' id='word_1_450' title='bbox 1725 4999 1834 5052; x_wconf 83' lang='lat' dir='ltr'><strong>Ra-</strong></span> 
     </span>
    </p>
   </div>
   <div class='ocr_carea' id='block_1_60' title="bbox 146 5067 1836 5148">
    <p class='ocr_par' dir='ltr' id='par_1_60' title="bbox 146 5067 1836 5148">
     <span class='ocr_line' id='line_1_60' title="bbox 146 5067 1836 5148; baseline 0.001 -28"><span class='ocrx_word' id='word_1_451' title='bbox 146 5067 369 5131; x_wconf 85' lang='lat' dir='ltr'><strong>tramni,</strong></span> <span class='ocrx_word' id='word_1_452' title='bbox 406 5068 606 5148; x_wconf 50' lang='lat' dir='ltr'><strong>titiam</strong></span> <span class='ocrx_word' id='word_1_453' title='bbox 641 5067 1070 5148; x_wconf 66' lang='lat' dir='ltr'><strong>fortassenimio</strong></span> <span class='ocrx_word' id='word_1_454' title='bbox 1093 5084 1263 5148; x_wconf 88' lang='lat' dir='ltr'><strong>opere</strong></span> <span class='ocrx_word' id='word_1_455' title='bbox 1295 5069 1836 5148; x_wconf 73' lang='lat' dir='ltr'><strong>adnotaviums,duo</strong></span> 
     </span>
    </p>
   </div>
   <div class='ocr_carea' id='block_1_61' title="bbox 146 5137 1832 5207">
    <p class='ocr_par' dir='ltr' id='par_1_61' title="bbox 146 5137 1832 5207">
     <span class='ocr_line' id='line_1_61' title="bbox 146 5137 1832 5207; baseline 0.002 -19"><span class='ocrx_word' id='word_1_456' title='bbox 146 5155 377 5207; x_wconf 81' lang='lat' dir='ltr'><strong>corpora</strong></span> <span class='ocrx_word' id='word_1_457' title='bbox 443 5137 654 5192; x_wconf 88' lang='lat' dir='ltr'><strong>Christi</strong></span> <span class='ocrx_word' id='word_1_458' title='bbox 709 5138 771 5190; x_wconf 88' lang='lat' dir='ltr'><strong>in</strong></span> <span class='ocrx_word' id='word_1_459' title='bbox 829 5137 1182 5191; x_wconf 81' lang='lat' dir='ltr'><strong>Eucliaristia</strong></span> <span class='ocrx_word' id='word_1_460' title='bbox 1263 5139 1615 5192; x_wconf 85' lang='lat' dir='ltr'><strong>observanda</strong></span> <span class='ocrx_word' id='word_1_461' title='bbox 1680 5145 1832 5206; x_wconf 90' lang='lat' dir='ltr'><strong>sunt,</strong></span> 
     </span>
    </p>
   </div>
   <div class='ocr_carea' id='block_1_62' title="bbox 146 5208 1834 5279">
    <p class='ocr_par' dir='ltr' id='par_1_62' title="bbox 146 5208 1834 5279">
     <span class='ocr_line' id='line_1_62' title="bbox 146 5208 1834 5279; baseline 0.002 -20"><span class='ocrx_word' id='word_1_462' title='bbox 146 5225 316 5262; x_wconf 85' lang='lat' dir='ltr'><strong>unum</strong></span> <span class='ocrx_word' id='word_1_463' title='bbox 345 5210 403 5262; x_wconf 90' lang='lat' dir='ltr'><strong>in</strong></span> <span class='ocrx_word' id='word_1_464' title='bbox 440 5212 651 5279; x_wconf 83' lang='lat' dir='ltr'><strong>ﬁgura,</strong></span> <span class='ocrx_word' id='word_1_465' title='bbox 678 5209 864 5276; x_wconf 90' lang='lat' dir='ltr'><strong>specie</strong></span> <span class='ocrx_word' id='word_1_466' title='bbox 913 5215 1012 5262; x_wconf 91' lang='lat' dir='ltr'><strong>aut</strong></span> <span class='ocrx_word' id='word_1_467' title='bbox 1043 5208 1314 5276; x_wconf 80' lang='lat' dir='ltr'><strong>imagine,</strong></span> <span class='ocrx_word' id='word_1_468' title='bbox 1359 5210 1599 5262; x_wconf 86' lang='lat' dir='ltr'><strong>alterum</strong></span> <span class='ocrx_word' id='word_1_469' title='bbox 1632 5226 1834 5262; x_wconf 88' lang='lat' dir='ltr'><strong>recon-</strong></span> 
     </span>
    </p>
   </div>
   <div class='ocr_carea' id='block_1_63' title="bbox 147 5280 1836 5350">
    <p class='ocr_par' dir='ltr' id='par_1_63' title="bbox 147 5280 1836 5350">
     <span class='ocr_line' id='line_1_63' title="bbox 147 5280 1836 5350; baseline 0.001 -19"><span class='ocrx_word' id='word_1_470' title='bbox 147 5280 320 5333; x_wconf 86' lang='lat' dir='ltr'><strong>ditum</strong></span> <span class='ocrx_word' id='word_1_471' title='bbox 354 5282 460 5333; x_wconf 83' lang='lat' dir='ltr'><strong>sub</strong></span> <span class='ocrx_word' id='word_1_472' title='bbox 499 5281 643 5332; x_wconf 82' lang='lat' dir='ltr'><strong>velis</strong></span> <span class='ocrx_word' id='word_1_473' title='bbox 682 5285 740 5332; x_wconf 90' lang='lat' dir='ltr'><strong>et</strong></span> <span class='ocrx_word' id='word_1_474' title='bbox 771 5280 1101 5349; x_wconf 87' lang='lat' dir='ltr'><strong>speciebus;</strong></span> <span class='ocrx_word' id='word_1_475' title='bbox 1133 5296 1260 5350; x_wconf 68' lang='lat' dir='ltr'><strong>qua:</strong></span> <span class='ocrx_word' id='word_1_476' title='bbox 1291 5281 1403 5334; x_wconf 92' lang='lat' dir='ltr'><strong>duo</strong></span> <span class='ocrx_word' id='word_1_477' title='bbox 1431 5297 1528 5334; x_wconf 92' lang='lat' dir='ltr'><strong>ore</strong></span> <span class='ocrx_word' id='word_1_478' title='bbox 1579 5281 1836 5334; x_wconf 81' lang='lat' dir='ltr'><strong>ﬁdelium</strong></span> 
     </span>
    </p>
   </div>
   <div class='ocr_carea' id='block_1_64' title="bbox 146 5349 1835 5421">
    <p class='ocr_par' dir='ltr' id='par_1_64' title="bbox 146 5349 1835 5421">
     <span class='ocr_line' id='line_1_64' title="bbox 146 5349 1835 5421; baseline 0.001 -19"><span class='ocrx_word' id='word_1_479' title='bbox 146 5351 532 5420; x_wconf 84' lang='lat' dir='ltr'><strong>percipiuntur</strong></span> <span class='ocrx_word' id='word_1_480' title='bbox 565 5350 742 5403; x_wconf 92' lang='lat' dir='ltr'><strong>modo</strong></span> <span class='ocrx_word' id='word_1_481' title='bbox 774 5349 1054 5419; x_wconf 89' lang='lat' dir='ltr'><strong>spirituali</strong></span> <span class='ocrx_word' id='word_1_482' title='bbox 1077 5370 1092 5416; x_wconf 89' lang='lat'><strong>;</strong></span> <span class='ocrx_word' id='word_1_483' title='bbox 1114 5349 1385 5421; x_wconf 83' lang='lat' dir='ltr'><strong>quoniam</strong></span> <span class='ocrx_word' id='word_1_484' title='bbox 1419 5351 1470 5404; x_wconf 89' lang='lat' dir='ltr'><strong>vi</strong></span> <span class='ocrx_word' id='word_1_485' title='bbox 1493 5350 1626 5404; x_wconf 91' lang='lat' dir='ltr'><strong>ﬁdei</strong></span> <span class='ocrx_word' id='word_1_486' title='bbox 1659 5367 1835 5404; x_wconf 92' lang='lat' dir='ltr'><strong>unum</strong></span> 
     </span>
    </p>
   </div>
   <div class='ocr_carea' id='block_1_65' title="bbox 147 5421 1834 5486">
    <p class='ocr_par' dir='ltr' id='par_1_65' title="bbox 147 5421 1834 5486">
     <span class='ocr_line' id='line_1_65' title="bbox 147 5421 1834 5486; baseline 0.002 -15"><span class='ocrx_word' id='word_1_487' title='bbox 147 5423 242 5474; x_wconf 85' lang='lat' dir='ltr'><strong>sub</strong></span> <span class='ocrx_word' id='word_1_488' title='bbox 268 5424 444 5476; x_wconf 87' lang='lat' dir='ltr'><strong>altero</strong></span> <span class='ocrx_word' id='word_1_489' title='bbox 485 5422 783 5476; x_wconf 92' lang='lat' dir='ltr'><strong>occultum</strong></span> <span class='ocrx_word' id='word_1_490' title='bbox 823 5421 1096 5486; x_wconf 87' lang='lat' dir='ltr'><strong>creditur,</strong></span> <span class='ocrx_word' id='word_1_491' title='bbox 1138 5422 1282 5474; x_wconf 88' lang='lat' dir='ltr'><strong>adeo</strong></span> <span class='ocrx_word' id='word_1_492' title='bbox 1313 5427 1374 5474; x_wconf 92' lang='lat' dir='ltr'><strong>ut</strong></span> <span class='ocrx_word' id='word_1_493' title='bbox 1406 5423 1689 5474; x_wconf 88' lang='lat' dir='ltr'><strong>utrumvis</strong></span> <span class='ocrx_word' id='word_1_494' title='bbox 1751 5423 1834 5474; x_wconf 84' lang='lat' dir='ltr'><strong>vi-</strong></span> 
     </span>
    </p>
   </div>
   <div class='ocr_carea' id='block_1_66' title="bbox 149 5492 1836 5562">
    <p class='ocr_par' dir='ltr' id='par_1_66' title="bbox 149 5492 1836 5562">
     <span class='ocr_line' id='line_1_66' title="bbox 149 5492 1836 5562; baseline 0.001 -18"><span class='ocrx_word' id='word_1_495' title='bbox 149 5493 291 5555; x_wconf 83' lang='lat' dir='ltr'><strong>deas,</strong></span> <span class='ocrx_word' id='word_1_496' title='bbox 315 5509 548 5561; x_wconf 87' lang='lat' dir='ltr'><strong>semper</strong></span> <span class='ocrx_word' id='word_1_497' title='bbox 577 5498 896 5562; x_wconf 89' lang='lat' dir='ltr'><strong>utrumque</strong></span> <span class='ocrx_word' id='word_1_498' title='bbox 937 5492 1200 5561; x_wconf 89' lang='lat' dir='ltr'><strong>recipias,</strong></span> <span class='ocrx_word' id='word_1_499' title='bbox 1251 5497 1526 5562; x_wconf 87' lang='lat' dir='ltr'><strong>quoniam</strong></span> <span class='ocrx_word' id='word_1_500' title='bbox 1559 5493 1671 5545; x_wconf 91' lang='lat' dir='ltr'><strong>ﬁde</strong></span> <span class='ocrx_word' id='word_1_501' title='bbox 1711 5508 1836 5545; x_wconf 85' lang='lat' dir='ltr'><strong>cre-</strong></span> 
     </span>
    </p>
   </div>
   <div class='ocr_carea' id='block_1_67' title="bbox 149 5562 1838 5632">
    <p class='ocr_par' dir='ltr' id='par_1_67' title="bbox 149 5562 1838 5632">
     <span class='ocr_line' id='line_1_67' title="bbox 149 5562 1838 5632; baseline 0.001 -18"><span class='ocrx_word' id='word_1_502' title='bbox 149 5562 291 5616; x_wconf 86' lang='lat' dir='ltr'><strong>ditur</strong></span> <span class='ocrx_word' id='word_1_503' title='bbox 346 5581 527 5618; x_wconf 89' lang='lat' dir='ltr'><strong>unum</strong></span> <span class='ocrx_word' id='word_1_504' title='bbox 578 5564 768 5616; x_wconf 87' lang='lat' dir='ltr'><strong>altero</strong></span> <span class='ocrx_word' id='word_1_505' title='bbox 806 5563 1184 5626; x_wconf 85' lang='lat' dir='ltr'><strong>reconditum,</strong></span> <span class='ocrx_word' id='word_1_506' title='bbox 1241 5571 1296 5616; x_wconf 87' lang='lat' dir='ltr'><strong>et</strong></span> <span class='ocrx_word' id='word_1_507' title='bbox 1337 5579 1451 5616; x_wconf 89' lang='lat' dir='ltr'><strong>una</strong></span> <span class='ocrx_word' id='word_1_508' title='bbox 1509 5563 1838 5632; x_wconf 85' lang='lat' dir='ltr'><strong>recipiendo</strong></span> 
     </span>
    </p>
   </div>
   <div class='ocr_carea' id='block_1_68' title="bbox 153 5632 1841 5706">
    <p class='ocr_par' dir='ltr' id='par_1_68' title="bbox 153 5632 1841 5706">
     <span class='ocr_line' id='line_1_68' title="bbox 153 5632 1841 5706; baseline 0.002 -23"><span class='ocrx_word' id='word_1_509' title='bbox 153 5640 443 5706; x_wconf 83' lang='lat' dir='ltr'><strong>utrumque</strong></span> <span class='ocrx_word' id='word_1_510' title='bbox 493 5635 685 5689; x_wconf 84' lang='lat' dir='ltr'><strong>virtus</strong></span> <span class='ocrx_word' id='word_1_511' title='bbox 729 5632 972 5706; x_wconf 82' lang='lat' dir='ltr'><strong>Spiritus</strong></span> <span class='ocrx_word' id='word_1_512' title='bbox 1027 5634 1206 5687; x_wconf 86' lang='lat' dir='ltr'><strong>sancti</strong></span> <span class='ocrx_word' id='word_1_513' title='bbox 1255 5649 1477 5706; x_wconf 87' lang='lat' dir='ltr'><strong>annexa</strong></span> <span class='ocrx_word' id='word_1_514' title='bbox 1509 5633 1841 5706; x_wconf 84' lang='lat' dir='ltr'><strong>commoni-</strong></span> 
     </span>
    </p>
   </div>
   <div class='ocr_carea' id='block_1_69' title="bbox 153 5703 1839 5773">
    <p class='ocr_par' dir='ltr' id='par_1_69' title="bbox 153 5703 1839 5773">
     <span class='ocr_line' id='line_1_69' title="bbox 153 5703 1839 5773; baseline 0.001 -19"><span class='ocrx_word' id='word_1_515' title='bbox 153 5709 235 5755; x_wconf 83' lang='lat' dir='ltr'><strong>cat</strong></span> <span class='ocrx_word' id='word_1_516' title='bbox 271 5703 570 5761; x_wconf 74' lang='lat' dir='ltr'><strong>animabus</strong></span> <span class='ocrx_word' id='word_1_517' title='bbox 623 5704 841 5757; x_wconf 85' lang='lat' dir='ltr'><strong>nostris</strong></span> <span class='ocrx_word' id='word_1_518' title='bbox 879 5703 1028 5758; x_wconf 83' lang='lat' dir='ltr'><strong>viam</strong></span> <span class='ocrx_word' id='word_1_519' title='bbox 1079 5709 1374 5759; x_wconf 67' lang='lat' dir='ltr'><strong>mternam.</strong></span> <span class='ocrx_word' id='word_1_520' title='bbox 1432 5703 1684 5758; x_wconf 87' lang='lat' dir='ltr'><strong>Primum</strong></span> <span class='ocrx_word' id='word_1_521' title='bbox 1737 5719 1839 5773; x_wconf 81' lang='lat' dir='ltr'><strong>ap-</strong></span> 
     </span>
    </p>
   </div>
   <div class='ocr_carea' id='block_1_70' title="bbox 1957 572 3650 640">
    <p class='ocr_par' dir='ltr' id='par_1_70' title="bbox 1957 572 3650 640">
     <span class='ocr_line' id='line_1_70' title="bbox 1957 572 3650 640; baseline 0.002 -14"><span class='ocrx_word' id='word_1_522' title='bbox 1957 572 2204 627; x_wconf 87' lang='lat' dir='ltr'><strong>bostiam</strong></span> <span class='ocrx_word' id='word_1_523' title='bbox 2236 574 2349 626; x_wconf 87' lang='lat' dir='ltr'><strong>Deo</strong></span> <span class='ocrx_word' id='word_1_524' title='bbox 2373 573 2432 626; x_wconf 91' lang='lat' dir='ltr'><strong>in</strong></span> <span class='ocrx_word' id='word_1_525' title='bbox 2462 572 2696 626; x_wconf 89' lang='lat' dir='ltr'><strong>odorem</strong></span> <span class='ocrx_word' id='word_1_526' title='bbox 2729 573 3057 640; x_wconf 86' lang='lat' dir='ltr'><strong>suavitatis;</strong></span> <span class='ocrx_word' id='word_1_527' title='bbox 3107 572 3199 627; x_wconf 89' lang='lat' dir='ltr'><strong>cui</strong></span> <span class='ocrx_word' id='word_1_528' title='bbox 3238 590 3365 628; x_wconf 90' lang='lat' dir='ltr'><strong>cum</strong></span> <span class='ocrx_word' id='word_1_529' title='bbox 3396 577 3561 629; x_wconf 90' lang='lat' dir='ltr'><strong>Patre</strong></span> <span class='ocrx_word' id='word_1_530' title='bbox 3593 581 3650 629; x_wconf 91' lang='lat' dir='ltr'><strong>et</strong></span> 
     </span>
    </p>
   </div>
   <div class='ocr_carea' id='block_1_71' title="bbox 1955 660 3648 731">
    <p class='ocr_par' dir='ltr' id='par_1_71' title="bbox 1955 660 3648 731">
     <span class='ocr_line' id='line_1_71' title="bbox 1955 660 3648 731; baseline 0.002 -17"><span class='ocrx_word' id='word_1_531' title='bbox 1955 660 2175 730; x_wconf 89' lang='lat' dir='ltr'><strong>Spiritu</strong></span> <span class='ocrx_word' id='word_1_532' title='bbox 2207 665 2437 714; x_wconf 87' lang='lat' dir='ltr'><strong>sanctoa</strong></span> <span class='ocrx_word' id='word_1_533' title='bbox 2467 660 2826 730; x_wconf 83' lang='lat' dir='ltr'><strong>patriarchis,</strong></span> <span class='ocrx_word' id='word_1_534' title='bbox 2856 667 2911 714; x_wconf 88' lang='lat' dir='ltr'><strong>et</strong></span> <span class='ocrx_word' id='word_1_535' title='bbox 2941 662 3254 731; x_wconf 89' lang='lat' dir='ltr'><strong>prophetis,</strong></span> <span class='ocrx_word' id='word_1_536' title='bbox 3291 669 3348 717; x_wconf 90' lang='lat' dir='ltr'><strong>et</strong></span> <span class='ocrx_word' id='word_1_537' title='bbox 3385 665 3648 718; x_wconf 89' lang='lat' dir='ltr'><strong>sacerdo-</strong></span> 
     </span>
    </p>
   </div>
   <div class='ocr_carea' id='block_1_72' title="bbox 1957 749 3649 820">
    <p class='ocr_par' dir='ltr' id='par_1_72' title="bbox 1957 749 3649 820">
     <span class='ocr_line' id='line_1_72' title="bbox 1957 749 3649 820; baseline 0.002 -17"><span class='ocrx_word' id='word_1_538' title='bbox 1957 750 2128 815; x_wconf 90' lang='lat' dir='ltr'><strong>tibus,</strong></span> <span class='ocrx_word' id='word_1_539' title='bbox 2163 754 2420 820; x_wconf 89' lang='lat' dir='ltr'><strong>tempore</strong></span> <span class='ocrx_word' id='word_1_540' title='bbox 2483 749 2696 803; x_wconf 85' lang='lat' dir='ltr'><strong>Veteris</strong></span> <span class='ocrx_word' id='word_1_541' title='bbox 2743 750 3090 803; x_wconf 88' lang='lat' dir='ltr'><strong>Testamenti</strong></span> <span class='ocrx_word' id='word_1_542' title='bbox 3138 751 3409 805; x_wconf 88' lang='lat' dir='ltr'><strong>animalia</strong></span> <span class='ocrx_word' id='word_1_543' title='bbox 3439 754 3649 806; x_wconf 85' lang='lat' dir='ltr'><strong>sacriﬁ-</strong></span> 
     </span>
    </p>
   </div>
   <div class='ocr_carea' id='block_1_73' title="bbox 1955 836 3646 907">
    <p class='ocr_par' dir='ltr' id='par_1_73' title="bbox 1955 836 3646 907">
     <span class='ocr_line' id='line_1_73' title="bbox 1955 836 3646 907; baseline 0.002 -16"><span class='ocrx_word' id='word_1_544' title='bbox 1955 838 2230 892; x_wconf 83' lang='lat' dir='ltr'><strong>cabantur</strong></span> <span class='ocrx_word' id='word_1_545' title='bbox 2265 854 2276 891; x_wconf 94' lang='lat'>:</span> <span class='ocrx_word' id='word_1_546' title='bbox 2312 845 2366 891; x_wconf 91' lang='lat' dir='ltr'><strong>et</strong></span> <span class='ocrx_word' id='word_1_547' title='bbox 2398 837 2488 891; x_wconf 92' lang='lat' dir='ltr'><strong>cui</strong></span> <span class='ocrx_word' id='word_1_548' title='bbox 2531 853 2702 900; x_wconf 90' lang='lat' dir='ltr'><strong>nunc,</strong></span> <span class='ocrx_word' id='word_1_549' title='bbox 2749 836 2806 890; x_wconf 90' lang='lat' dir='ltr'><strong>id</strong></span> <span class='ocrx_word' id='word_1_550' title='bbox 2869 842 2948 890; x_wconf 90' lang='lat' dir='ltr'><strong>est</strong></span> <span class='ocrx_word' id='word_1_551' title='bbox 2985 843 3240 907; x_wconf 89' lang='lat' dir='ltr'><strong>tempore</strong></span> <span class='ocrx_word' id='word_1_552' title='bbox 3277 840 3412 892; x_wconf 88' lang='lat' dir='ltr'><strong>Novi</strong></span> <span class='ocrx_word' id='word_1_553' title='bbox 3455 842 3646 894; x_wconf 89' lang='lat' dir='ltr'><strong>Testa-</strong></span> 
     </span>
    </p>
   </div>
   <div class='ocr_carea' id='block_1_74' title="bbox 1955 925 3647 998">
    <p class='ocr_par' dir='ltr' id='par_1_74' title="bbox 1955 925 3647 998">
     <span class='ocr_line' id='line_1_74' title="bbox 1955 925 3647 998; baseline 0.001 -18"><span class='ocrx_word' id='word_1_554' title='bbox 1955 927 2154 994; x_wconf 87' lang='lat' dir='ltr'><strong>menti,</strong></span> <span class='ocrx_word' id='word_1_555' title='bbox 2187 943 2318 980; x_wconf 91' lang='lat' dir='ltr'><strong>cum</strong></span> <span class='ocrx_word' id='word_1_556' title='bbox 2351 929 2516 980; x_wconf 86' lang='lat' dir='ltr'><strong>Patre</strong></span> <span class='ocrx_word' id='word_1_557' title='bbox 2558 931 2613 979; x_wconf 89' lang='lat' dir='ltr'><strong>et</strong></span> <span class='ocrx_word' id='word_1_558' title='bbox 2641 925 2861 994; x_wconf 88' lang='lat' dir='ltr'><strong>Spiritu</strong></span> <span class='ocrx_word' id='word_1_559' title='bbox 2891 932 3102 989; x_wconf 89' lang='lat' dir='ltr'><strong>sancto,</strong></span> <span class='ocrx_word' id='word_1_560' title='bbox 3148 942 3276 980; x_wconf 92' lang='lat' dir='ltr'><strong>cum</strong></span> <span class='ocrx_word' id='word_1_561' title='bbox 3310 927 3518 998; x_wconf 90' lang='lat' dir='ltr'><strong>quibus</strong></span> <span class='ocrx_word' id='word_1_562' title='bbox 3567 928 3647 981; x_wconf 91' lang='lat' dir='ltr'><strong>illi</strong></span> 
     </span>
    </p>
   </div>
   <div class='ocr_carea' id='block_1_75' title="bbox 1954 1013 3650 1083">
    <p class='ocr_par' dir='ltr' id='par_1_75' title="bbox 1954 1013 3650 1083">
     <span class='ocr_line' id='line_1_75' title="bbox 1954 1013 3650 1083; baseline 0.001 -14"><span class='ocrx_word' id='word_1_563' title='bbox 1954 1031 2068 1069; x_wconf 88' lang='lat' dir='ltr'><strong>una</strong></span> <span class='ocrx_word' id='word_1_564' title='bbox 2103 1021 2188 1068; x_wconf 87' lang='lat' dir='ltr'><strong>est</strong></span> <span class='ocrx_word' id='word_1_565' title='bbox 2213 1014 2504 1083; x_wconf 87' lang='lat' dir='ltr'><strong>divinitas,</strong></span> <span class='ocrx_word' id='word_1_566' title='bbox 2532 1013 2876 1068; x_wconf 87' lang='lat' dir='ltr'><strong>sacriﬁcium</strong></span> <span class='ocrx_word' id='word_1_567' title='bbox 2910 1015 3070 1083; x_wconf 89' lang='lat' dir='ltr'><strong>panis</strong></span> <span class='ocrx_word' id='word_1_568' title='bbox 3101 1018 3156 1067; x_wconf 92' lang='lat' dir='ltr'><strong>et</strong></span> <span class='ocrx_word' id='word_1_569' title='bbox 3178 1013 3315 1080; x_wconf 81' lang='lat' dir='ltr'><strong>vini,</strong></span> <span class='ocrx_word' id='word_1_570' title='bbox 3361 1015 3420 1068; x_wconf 88' lang='lat' dir='ltr'><strong>in</strong></span> <span class='ocrx_word' id='word_1_571' title='bbox 3451 1015 3562 1069; x_wconf 88' lang='lat' dir='ltr'><strong>ﬁde</strong></span> <span class='ocrx_word' id='word_1_572' title='bbox 3594 1022 3650 1070; x_wconf 91' lang='lat' dir='ltr'><strong>et</strong></span> 
     </span>
    </p>
   </div>
   <div class='ocr_carea' id='block_1_76' title="bbox 1953 1091 3646 1173">
    <p class='ocr_par' dir='ltr' id='par_1_76' title="bbox 1953 1091 3646 1173">
     <span class='ocr_line' id='line_1_76' title="bbox 1953 1091 3646 1173; baseline 0.001 -17"><span class='ocrx_word' id='word_1_573' title='bbox 1953 1091 2248 1171; x_wconf 81' lang='lat' dir='ltr'><strong>charitate,</strong></span> <span class='ocrx_word' id='word_1_574' title='bbox 2315 1110 2506 1157; x_wconf 89' lang='lat' dir='ltr'><strong>sancta</strong></span> <span class='ocrx_word' id='word_1_575' title='bbox 2569 1103 2847 1156; x_wconf 86' lang='lat' dir='ltr'><strong>catholica</strong></span> <span class='ocrx_word' id='word_1_576' title='bbox 2891 1103 3134 1156; x_wconf 81' lang='lat' dir='ltr'><strong>Ecclesia</strong></span> <span class='ocrx_word' id='word_1_577' title='bbox 3186 1118 3288 1173; x_wconf 91' lang='lat' dir='ltr'><strong>per</strong></span> <span class='ocrx_word' id='word_1_578' title='bbox 3321 1104 3646 1158; x_wconf 89' lang='lat' dir='ltr'><strong>universum</strong></span> 
     </span>
    </p>
   </div>
   <div class='ocr_carea' id='block_1_77' title="bbox 1953 1191 3648 1247">
    <p class='ocr_par' dir='ltr' id='par_1_77' title="bbox 1953 1191 3648 1247">
     <span class='ocr_line' id='line_1_77' title="bbox 1953 1191 3648 1247; baseline -0.001 -1"><span class='ocrx_word' id='word_1_579' title='bbox 1953 1192 2148 1246; x_wconf 89' lang='lat' dir='ltr'><strong>orbem</strong></span> <span class='ocrx_word' id='word_1_580' title='bbox 2178 1198 2344 1247; x_wconf 73' lang='lat' dir='ltr'><strong>terra:</strong></span> <span class='ocrx_word' id='word_1_581' title='bbox 2375 1193 2579 1247; x_wconf 77' lang='lat' dir='ltr'><strong>oti‘erre</strong></span> <span class='ocrx_word' id='word_1_582' title='bbox 2628 1209 2742 1246; x_wconf 88' lang='lat' dir='ltr'><strong>non</strong></span> <span class='ocrx_word' id='word_1_583' title='bbox 2783 1197 2982 1246; x_wconf 88' lang='lat' dir='ltr'><strong>cessat.</strong></span> <span class='ocrx_word' id='word_1_584' title='bbox 3019 1193 3080 1244; x_wconf 89' lang='lat' dir='ltr'><strong>In</strong></span> <span class='ocrx_word' id='word_1_585' title='bbox 3119 1192 3226 1244; x_wconf 90' lang='lat' dir='ltr'><strong>illis</strong></span> <span class='ocrx_word' id='word_1_586' title='bbox 3257 1191 3410 1246; x_wconf 88' lang='lat' dir='ltr'><strong>enim</strong></span> <span class='ocrx_word' id='word_1_587' title='bbox 3450 1209 3648 1246; x_wconf 88' lang='lat' dir='ltr'><strong>carna-</strong></span> 
     </span>
    </p>
   </div>
   <div class='ocr_carea' id='block_1_78' title="bbox 1952 1280 3648 1352">
    <p class='ocr_par' dir='ltr' id='par_1_78' title="bbox 1952 1280 3648 1352">
     <span class='ocr_line' id='line_1_78' title="bbox 1952 1280 3648 1352; baseline -0.001 -17"><span class='ocrx_word' id='word_1_588' title='bbox 1952 1281 2103 1335; x_wconf 90' lang='lat' dir='ltr'><strong>libus</strong></span> <span class='ocrx_word' id='word_1_589' title='bbox 2151 1281 2393 1334; x_wconf 86' lang='lat' dir='ltr'><strong>victimis</strong></span> <span class='ocrx_word' id='word_1_590' title='bbox 2444 1280 2786 1350; x_wconf 85' lang='lat' dir='ltr'><strong>signiﬁcatio</strong></span> <span class='ocrx_word' id='word_1_591' title='bbox 2843 1280 2954 1334; x_wconf 85' lang='lat' dir='ltr'><strong>fuit</strong></span> <span class='ocrx_word' id='word_1_592' title='bbox 2978 1280 3164 1334; x_wconf 90' lang='lat' dir='ltr'><strong>carnis</strong></span> <span class='ocrx_word' id='word_1_593' title='bbox 3213 1281 3444 1345; x_wconf 84' lang='lat' dir='ltr'><strong>Christi,</strong></span> <span class='ocrx_word' id='word_1_594' title='bbox 3475 1298 3648 1352; x_wconf 87' lang='lat' dir='ltr'><strong>quam</strong></span> 
     </span>
    </p>
   </div>
   <div class='ocr_carea' id='block_1_79' title="bbox 1952 1369 3652 1441">
    <p class='ocr_par' dir='ltr' id='par_1_79' title="bbox 1952 1369 3652 1441">
     <span class='ocr_line' id='line_1_79' title="bbox 1952 1369 3652 1441; baseline 0 -17"><span class='ocrx_word' id='word_1_595' title='bbox 1952 1387 2056 1441; x_wconf 91' lang='lat' dir='ltr'><strong>pro</strong></span> <span class='ocrx_word' id='word_1_596' title='bbox 2089 1371 2332 1440; x_wconf 88' lang='lat' dir='ltr'><strong>peccatis</strong></span> <span class='ocrx_word' id='word_1_597' title='bbox 2367 1371 2574 1423; x_wconf 89' lang='lat' dir='ltr'><strong>nostris</strong></span> <span class='ocrx_word' id='word_1_598' title='bbox 2610 1370 2730 1440; x_wconf 91' lang='lat' dir='ltr'><strong>ipse</strong></span> <span class='ocrx_word' id='word_1_599' title='bbox 2763 1369 2884 1422; x_wconf 90' lang='lat' dir='ltr'><strong>sine</strong></span> <span class='ocrx_word' id='word_1_600' title='bbox 2945 1375 3176 1439; x_wconf 88' lang='lat' dir='ltr'><strong>peccato</strong></span> <span class='ocrx_word' id='word_1_601' title='bbox 3209 1371 3396 1424; x_wconf 78' lang='lat' dir='ltr'><strong>fuerat</strong></span> <span class='ocrx_word' id='word_1_602' title='bbox 3424 1370 3652 1424; x_wconf 87' lang='lat' dir='ltr'><strong>oblatu-</strong></span> 
     </span>
    </p>
   </div>
   <div class='ocr_carea' id='block_1_80' title="bbox 1954 1458 3650 1530">
    <p class='ocr_par' dir='ltr' id='par_1_80' title="bbox 1954 1458 3650 1530">
     <span class='ocr_line' id='line_1_80' title="bbox 1954 1458 3650 1530; baseline 0.001 -18"><span class='ocrx_word' id='word_1_603' title='bbox 1954 1476 2071 1522; x_wconf 86' lang='lat' dir='ltr'><strong>rus,</strong></span> <span class='ocrx_word' id='word_1_604' title='bbox 2105 1465 2162 1513; x_wconf 91' lang='lat' dir='ltr'><strong>et</strong></span> <span class='ocrx_word' id='word_1_605' title='bbox 2191 1459 2485 1528; x_wconf 87' lang='lat' dir='ltr'><strong>sanguinis</strong></span> <span class='ocrx_word' id='word_1_606' title='bbox 2507 1475 2678 1530; x_wconf 90' lang='lat' dir='ltr'><strong>quem</strong></span> <span class='ocrx_word' id='word_1_607' title='bbox 2707 1464 2828 1512; x_wconf 89' lang='lat' dir='ltr'><strong>erat</strong></span> <span class='ocrx_word' id='word_1_608' title='bbox 2854 1459 3140 1513; x_wconf 71' lang='lat' dir='ltr'><strong>effusuras</strong></span> <span class='ocrx_word' id='word_1_609' title='bbox 3171 1459 3226 1512; x_wconf 91' lang='lat' dir='ltr'><strong>in</strong></span> <span class='ocrx_word' id='word_1_610' title='bbox 3250 1458 3650 1513; x_wconf 89' lang='lat' dir='ltr'><strong>remissionem</strong></span> 
     </span>
    </p>
   </div>
   <div class='ocr_carea' id='block_1_81' title="bbox 1952 1548 3650 1618">
    <p class='ocr_par' dir='ltr' id='par_1_81' title="bbox 1952 1548 3650 1618">
     <span class='ocr_line' id='line_1_81' title="bbox 1952 1548 3650 1618; baseline 0.001 -18"><span class='ocrx_word' id='word_1_611' title='bbox 1952 1553 2315 1617; x_wconf 87' lang='lat' dir='ltr'><strong>peccatorum</strong></span> <span class='ocrx_word' id='word_1_612' title='bbox 2343 1555 2690 1602; x_wconf 89' lang='lat' dir='ltr'><strong>nostrorum.</strong></span> <span class='ocrx_word' id='word_1_613' title='bbox 2726 1549 2786 1601; x_wconf 88' lang='lat' dir='ltr'><strong>In</strong></span> <span class='ocrx_word' id='word_1_614' title='bbox 2842 1548 2952 1601; x_wconf 90' lang='lat' dir='ltr'><strong>isto</strong></span> <span class='ocrx_word' id='word_1_615' title='bbox 2987 1553 3177 1601; x_wconf 83' lang='lat' dir='ltr'><strong>autem</strong></span> <span class='ocrx_word' id='word_1_616' title='bbox 3210 1548 3487 1601; x_wconf 88' lang='lat' dir='ltr'><strong>sacriﬁcio</strong></span> <span class='ocrx_word' id='word_1_617' title='bbox 3520 1565 3650 1618; x_wconf 86' lang='lat' dir='ltr'><strong>gra-</strong></span> 
     </span>
    </p>
   </div>
   <div class='ocr_carea' id='block_1_82' title="bbox 1954 1629 3646 1706">
    <p class='ocr_par' dir='ltr' id='par_1_82' title="bbox 1954 1629 3646 1706">
     <span class='ocr_line' id='line_1_82' title="bbox 1954 1629 3646 1706; baseline 0 -16"><span class='ocrx_word' id='word_1_618' title='bbox 1954 1636 2166 1690; x_wconf 89' lang='lat' dir='ltr'><strong>tiarum</strong></span> <span class='ocrx_word' id='word_1_619' title='bbox 2197 1636 2346 1689; x_wconf 89' lang='lat' dir='ltr'><strong>actio</strong></span> <span class='ocrx_word' id='word_1_620' title='bbox 2387 1641 2559 1706; x_wconf 89' lang='lat' dir='ltr'><strong>atque</strong></span> <span class='ocrx_word' id='word_1_621' title='bbox 2589 1636 3060 1690; x_wconf 84' lang='lat' dir='ltr'><strong>commemoratio</strong></span> <span class='ocrx_word' id='word_1_622' title='bbox 3090 1642 3175 1690; x_wconf 89' lang='lat' dir='ltr'><strong>est</strong></span> <span class='ocrx_word' id='word_1_623' title='bbox 3203 1637 3390 1689; x_wconf 91' lang='lat' dir='ltr'><strong>carnis</strong></span> <span class='ocrx_word' id='word_1_624' title='bbox 3439 1629 3646 1690; x_wconf 63' lang='lat' dir='ltr'><strong>Cm‘isti</strong></span> 
     </span>
    </p>
   </div>
   <div class='ocr_carea' id='block_1_83' title="bbox 1953 1724 3644 1796">
    <p class='ocr_par' dir='ltr' id='par_1_83' title="bbox 1953 1724 3644 1796">
     <span class='ocr_line' id='line_1_83' title="bbox 1953 1724 3644 1796; baseline 0.001 -18"><span class='ocrx_word' id='word_1_625' title='bbox 1953 1741 2125 1796; x_wconf 91' lang='lat' dir='ltr'><strong>quam</strong></span> <span class='ocrx_word' id='word_1_626' title='bbox 2159 1741 2262 1795; x_wconf 93' lang='lat' dir='ltr'><strong>pro</strong></span> <span class='ocrx_word' id='word_1_627' title='bbox 2294 1724 2458 1778; x_wconf 90' lang='lat' dir='ltr'><strong>nobis</strong></span> <span class='ocrx_word' id='word_1_628' title='bbox 2499 1724 2729 1792; x_wconf 91' lang='lat' dir='ltr'><strong>obtulit,</strong></span> <span class='ocrx_word' id='word_1_629' title='bbox 2769 1729 2824 1777; x_wconf 91' lang='lat' dir='ltr'><strong>et</strong></span> <span class='ocrx_word' id='word_1_630' title='bbox 2854 1725 3148 1794; x_wconf 79' lang='lat' dir='ltr'><strong>sanguinis</strong></span> <span class='ocrx_word' id='word_1_631' title='bbox 3191 1741 3360 1794; x_wconf 91' lang='lat' dir='ltr'><strong>quem</strong></span> <span class='ocrx_word' id='word_1_632' title='bbox 3409 1742 3512 1795; x_wconf 91' lang='lat' dir='ltr'><strong>pro</strong></span> <span class='ocrx_word' id='word_1_633' title='bbox 3543 1741 3644 1779; x_wconf 89' lang='lat' dir='ltr'><strong>no-</strong></span> 
     </span>
    </p>
   </div>
   <div class='ocr_carea' id='block_1_84' title="bbox 1953 1812 3648 1883">
    <p class='ocr_par' dir='ltr' id='par_1_84' title="bbox 1953 1812 3648 1883">
     <span class='ocr_line' id='line_1_84' title="bbox 1953 1812 3648 1883; baseline 0.001 -17"><span class='ocrx_word' id='word_1_634' title='bbox 1953 1813 2040 1867; x_wconf 89' lang='lat' dir='ltr'><strong>bis</strong></span> <span class='ocrx_word' id='word_1_635' title='bbox 2073 1813 2291 1867; x_wconf 81' lang='lat' dir='ltr'><strong>eﬁ‘udit.</strong></span> <span class='ocrx_word' id='word_1_636' title='bbox 2331 1814 2406 1866; x_wconf 91' lang='lat' dir='ltr'><strong>De</strong></span> <span class='ocrx_word' id='word_1_637' title='bbox 2461 1829 2574 1883; x_wconf 89' lang='lat' dir='ltr'><strong>quo</strong></span> <span class='ocrx_word' id='word_1_638' title='bbox 2606 1813 2804 1866; x_wconf 89' lang='lat' dir='ltr'><strong>beatus</strong></span> <span class='ocrx_word' id='word_1_639' title='bbox 2852 1813 3061 1866; x_wconf 89' lang='lat' dir='ltr'><strong>Paulus</strong></span> <span class='ocrx_word' id='word_1_640' title='bbox 3098 1814 3392 1882; x_wconf 89' lang='lat' dir='ltr'><strong>apostolus</strong></span> <span class='ocrx_word' id='word_1_641' title='bbox 3430 1812 3563 1867; x_wconf 90' lang='lat' dir='ltr'><strong>dicit</strong></span> <span class='ocrx_word' id='word_1_642' title='bbox 3590 1814 3648 1867; x_wconf 90' lang='lat' dir='ltr'><strong>in</strong></span> 
     </span>
    </p>
   </div>
   <div class='ocr_carea' id='block_1_85' title="bbox 1949 1901 3650 1971">
    <p class='ocr_par' dir='ltr' id='par_1_85' title="bbox 1949 1901 3650 1971">
     <span class='ocr_line' id='line_1_85' title="bbox 1949 1901 3650 1971; baseline -0.002 -14"><span class='ocrx_word' id='word_1_643' title='bbox 1949 1903 2180 1957; x_wconf 84' lang='lat' dir='ltr'><strong>Actibus</strong></span> <span class='ocrx_word' id='word_1_644' title='bbox 2211 1903 2602 1971; x_wconf 87' lang='lat' dir='ltr'><strong>apostolorum</strong></span> <span class='ocrx_word' id='word_1_645' title='bbox 2635 1901 2944 1956; x_wconf 82' lang='lat' dir='ltr'><strong>:&#39;Attendite</strong></span> <span class='ocrx_word' id='word_1_646' title='bbox 2972 1901 3120 1955; x_wconf 84' lang='lat' dir='ltr'><strong>vobis</strong></span> <span class='ocrx_word' id='word_1_647' title='bbox 3156 1907 3206 1954; x_wconf 86' lang='lat' dir='ltr'><strong>et</strong></span> <span class='ocrx_word' id='word_1_648' title='bbox 3227 1903 3476 1955; x_wconf 77' lang='lat' dir='ltr'><strong>universo</strong></span> <span class='ocrx_word' id='word_1_649' title='bbox 3495 1901 3650 1970; x_wconf 83' lang='lat' dir='ltr'><strong>gregi</strong></span> 
     </span>
    </p>
   </div>
   <div class='ocr_carea' id='block_1_86' title="bbox 1950 1990 3647 2060">
    <p class='ocr_par' dir='ltr' id='par_1_86' title="bbox 1950 1990 3647 2060">
     <span class='ocr_line' id='line_1_86' title="bbox 1950 1990 3647 2060; baseline -0.001 -15"><span class='ocrx_word' id='word_1_650' title='bbox 1950 1996 2008 2046; x_wconf 83' lang='lat' dir='ltr'><strong>in</strong></span> <span class='ocrx_word' id='word_1_651' title='bbox 2041 2007 2146 2060; x_wconf 88' lang='lat' dir='ltr'><strong>quo</strong></span> <span class='ocrx_word' id='word_1_652' title='bbox 2174 2006 2265 2045; x_wconf 89' lang='lat' dir='ltr'><strong>vos</strong></span> <span class='ocrx_word' id='word_1_653' title='bbox 2296 1990 2545 2060; x_wconf 80' lang='lat' dir='ltr'><strong>Spiritus</strong></span> <span class='ocrx_word' id='word_1_654' title='bbox 2576 1996 2794 2044; x_wconf 85' lang='lat' dir='ltr'><strong>sanctus</strong></span> <span class='ocrx_word' id='word_1_655' title='bbox 2824 1992 3009 2058; x_wconf 84' lang='lat' dir='ltr'><strong>posuit</strong></span> <span class='ocrx_word' id='word_1_656' title='bbox 3030 1991 3300 2058; x_wconf 81' lang='lat' dir='ltr'><strong>episcopos</strong></span> <span class='ocrx_word' id='word_1_657' title='bbox 3331 2005 3514 2057; x_wconf 81' lang='lat' dir='ltr'><strong>regere</strong></span> <span class='ocrx_word' id='word_1_658' title='bbox 3534 1991 3647 2044; x_wconf 64' lang='lat' dir='ltr'><strong>Ec;-</strong></span> 
     </span>
    </p>
   </div>
   <div class='ocr_carea' id='block_1_87' title="bbox 1951 2079 3644 2147">
    <p class='ocr_par' dir='ltr' id='par_1_87' title="bbox 1951 2079 3644 2147">
     <span class='ocr_line' id='line_1_87' title="bbox 1951 2079 3644 2147; baseline -0.001 -13"><span class='ocrx_word' id='word_1_659' title='bbox 1951 2081 2169 2134; x_wconf 85' lang='lat' dir='ltr'><strong>clesiam</strong></span> <span class='ocrx_word' id='word_1_660' title='bbox 2218 2081 2335 2145; x_wconf 86' lang='lat' dir='ltr'><strong>Dei,</strong></span> <span class='ocrx_word' id='word_1_661' title='bbox 2371 2094 2534 2147; x_wconf 89' lang='lat' dir='ltr'><strong>quam</strong></span> <span class='ocrx_word' id='word_1_662' title='bbox 2587 2080 2882 2146; x_wconf 84' lang='lat' dir='ltr'><strong>acquisivit</strong></span> <span class='ocrx_word' id='word_1_663' title='bbox 2919 2080 3184 2142; x_wconf 73' lang='lat' dir='ltr'><strong>sanguine</strong></span> <span class='ocrx_word' id='word_1_664' title='bbox 3225 2092 3321 2132; x_wconf 89' lang='lat' dir='ltr'><strong>suo</strong></span> <span class='ocrx_word' id='word_1_665' title='bbox 3359 2079 3510 2146; x_wconf 83' lang='lat' dir='ltr'><strong>(Act.</strong></span> <span class='ocrx_word' id='word_1_666' title='bbox 3554 2095 3644 2144; x_wconf 86' lang='lat' dir='ltr'><strong>xx,</strong></span> 
     </span>
    </p>
   </div>
   <div class='ocr_carea' id='block_1_88' title="bbox 1951 2166 3650 2238">
    <p class='ocr_par' dir='ltr' id='par_1_88' title="bbox 1951 2166 3650 2238">
     <span class='ocr_line' id='line_1_88' title="bbox 1951 2166 3650 2238; baseline -0.001 -16"><span class='ocrx_word' id='word_1_667' title='bbox 1951 2169 2064 2238; x_wconf 76' lang='lat'><strong>28).</strong></span> <span class='ocrx_word' id='word_1_668' title='bbox 2107 2170 2168 2222; x_wconf 86' lang='lat' dir='ltr'><strong>In</strong></span> <span class='ocrx_word' id='word_1_669' title='bbox 2202 2168 2314 2222; x_wconf 91' lang='lat' dir='ltr'><strong>illis</strong></span> <span class='ocrx_word' id='word_1_670' title='bbox 2343 2184 2481 2237; x_wconf 89' lang='lat' dir='ltr'><strong>ergo</strong></span> <span class='ocrx_word' id='word_1_671' title='bbox 2523 2167 2817 2221; x_wconf 90' lang='lat' dir='ltr'><strong>sacriﬁciis</strong></span> <span class='ocrx_word' id='word_1_672' title='bbox 2849 2167 2986 2237; x_wconf 87' lang='lat' dir='ltr'><strong>quid</strong></span> <span class='ocrx_word' id='word_1_673' title='bbox 3022 2166 3187 2220; x_wconf 92' lang='lat' dir='ltr'><strong>nobis</strong></span> <span class='ocrx_word' id='word_1_674' title='bbox 3233 2173 3381 2220; x_wconf 89' lang='lat' dir='ltr'><strong>esset</strong></span> <span class='ocrx_word' id='word_1_675' title='bbox 3437 2168 3650 2222; x_wconf 87' lang='lat' dir='ltr'><strong>donan-</strong></span> 
     </span>
    </p>
   </div>
   <div class='ocr_carea' id='block_1_89' title="bbox 1951 2254 3648 2325">
    <p class='ocr_par' dir='ltr' id='par_1_89' title="bbox 1951 2254 3648 2325">
     <span class='ocr_line' id='line_1_89' title="bbox 1951 2254 3648 2325; baseline -0.001 -15"><span class='ocrx_word' id='word_1_676' title='bbox 1951 2256 2110 2314; x_wconf 88' lang='lat' dir='ltr'><strong>dum.</strong></span> <span class='ocrx_word' id='word_1_677' title='bbox 2162 2256 2402 2325; x_wconf 86' lang='lat' dir='ltr'><strong>ﬁgurate</strong></span> <span class='ocrx_word' id='word_1_678' title='bbox 2435 2255 2893 2324; x_wconf 88' lang='lat' dir='ltr'><strong>signiﬁcabatur;</strong></span> <span class='ocrx_word' id='word_1_679' title='bbox 2927 2254 2986 2307; x_wconf 89' lang='lat' dir='ltr'><strong>in</strong></span> <span class='ocrx_word' id='word_1_680' title='bbox 3010 2255 3118 2308; x_wconf 88' lang='lat' dir='ltr'><strong>hoc</strong></span> <span class='ocrx_word' id='word_1_681' title='bbox 3149 2260 3343 2308; x_wconf 90' lang='lat' dir='ltr'><strong>autem</strong></span> <span class='ocrx_word' id='word_1_682' title='bbox 3375 2256 3648 2309; x_wconf 89' lang='lat' dir='ltr'><strong>sacriﬁcio</strong></span> 
     </span>
    </p>
   </div>
   <div class='ocr_carea' id='block_1_90' title="bbox 1952 2347 3644 2421">
    <p class='ocr_par' dir='ltr' id='par_1_90' title="bbox 1952 2347 3644 2421">
     <span class='ocr_line' id='line_1_90' title="bbox 1952 2347 3644 2421; baseline -0.001 -18"><span class='ocrx_word' id='word_1_683' title='bbox 1952 2350 2086 2421; x_wconf 89' lang='lat' dir='ltr'><strong>quid</strong></span> <span class='ocrx_word' id='word_1_684' title='bbox 2115 2350 2233 2419; x_wconf 88' lang='lat' dir='ltr'><strong>jam</strong></span> <span class='ocrx_word' id='word_1_685' title='bbox 2263 2349 2426 2403; x_wconf 91' lang='lat' dir='ltr'><strong>nobis</strong></span> <span class='ocrx_word' id='word_1_686' title='bbox 2465 2349 2740 2403; x_wconf 90' lang='lat' dir='ltr'><strong>donatum</strong></span> <span class='ocrx_word' id='word_1_687' title='bbox 2773 2349 2867 2416; x_wconf 90' lang='lat' dir='ltr'><strong>sit,</strong></span> <span class='ocrx_word' id='word_1_688' title='bbox 2923 2347 3218 2402; x_wconf 78' lang='lat' dir='ltr'><strong>evidenter</strong></span> <span class='ocrx_word' id='word_1_689' title='bbox 3247 2349 3585 2403; x_wconf 88' lang='lat' dir='ltr'><strong>ostenditur.</strong></span> <span class='ocrx_word' id='word_1_690' title='bbox 3617 2369 3644 2400; x_wconf 81' lang='grc'><strong>››</strong></span> 
     </span>
    </p>
   </div>
   <div class='ocr_carea' id='block_1_91' title="bbox 2022 2435 3648 2508">
    <p class='ocr_par' dir='ltr' id='par_1_91' title="bbox 2022 2435 3648 2508">
     <span class='ocr_line' id='line_1_91' title="bbox 2022 2435 3648 2508; baseline -0.001 -17"><span class='ocrx_word' id='word_1_691' title='bbox 2022 2439 2150 2491; x_wconf 85' lang='lat' dir='ltr'><strong><em>XCI.</em></strong></span> <span class='ocrx_word' id='word_1_692' title='bbox 2213 2437 2411 2492; x_wconf 88' lang='lat' dir='ltr'><strong>Dicens</strong></span> <span class='ocrx_word' id='word_1_693' title='bbox 2467 2437 2618 2508; x_wconf 87' lang='lat' dir='ltr'><strong>quod</strong></span> <span class='ocrx_word' id='word_1_694' title='bbox 2680 2437 2740 2489; x_wconf 89' lang='lat' dir='ltr'><strong>in</strong></span> <span class='ocrx_word' id='word_1_695' title='bbox 2801 2435 2912 2489; x_wconf 78' lang='lat' dir='ltr'><strong>illis</strong></span> <span class='ocrx_word' id='word_1_696' title='bbox 2955 2436 3245 2489; x_wconf 90' lang='lat' dir='ltr'><strong>sacriﬁciis</strong></span> <span class='ocrx_word' id='word_1_697' title='bbox 3304 2436 3440 2506; x_wconf 89' lang='lat' dir='ltr'><strong>quid</strong></span> <span class='ocrx_word' id='word_1_698' title='bbox 3485 2436 3648 2489; x_wconf 89' lang='lat' dir='ltr'><strong>nobis</strong></span> 
     </span>
    </p>
   </div>
   <div class='ocr_carea' id='block_1_92' title="bbox 1955 2525 3646 2595">
    <p class='ocr_par' dir='ltr' id='par_1_92' title="bbox 1955 2525 3646 2595">
     <span class='ocr_line' id='line_1_92' title="bbox 1955 2525 3646 2595; baseline -0.001 -15"><span class='ocrx_word' id='word_1_699' title='bbox 1955 2531 2102 2580; x_wconf 88' lang='lat' dir='ltr'><strong>esset</strong></span> <span class='ocrx_word' id='word_1_700' title='bbox 2131 2527 2463 2580; x_wconf 88' lang='lat' dir='ltr'><strong>donandum</strong></span> <span class='ocrx_word' id='word_1_701' title='bbox 2515 2525 2980 2595; x_wconf 87' lang='lat' dir='ltr'><strong>signiﬁcabatur;</strong></span> <span class='ocrx_word' id='word_1_702' title='bbox 3038 2525 3096 2578; x_wconf 89' lang='lat' dir='ltr'><strong>in</strong></span> <span class='ocrx_word' id='word_1_703' title='bbox 3129 2525 3235 2577; x_wconf 90' lang='lat' dir='ltr'><strong>isto</strong></span> <span class='ocrx_word' id='word_1_704' title='bbox 3270 2541 3402 2578; x_wconf 89' lang='lat' dir='ltr'><strong>vero</strong></span> <span class='ocrx_word' id='word_1_705' title='bbox 3434 2525 3646 2578; x_wconf 90' lang='lat' dir='ltr'><strong>sacriﬁ-</strong></span> 
     </span>
    </p>
   </div>
   <div class='ocr_carea' id='block_1_93' title="bbox 1953 2613 3648 2685">
    <p class='ocr_par' dir='ltr' id='par_1_93' title="bbox 1953 2613 3648 2685">
     <span class='ocr_line' id='line_1_93' title="bbox 1953 2613 3648 2685; baseline -0.001 -17"><span class='ocrx_word' id='word_1_706' title='bbox 1953 2616 2041 2668; x_wconf 90' lang='lat' dir='ltr'><strong>cio</strong></span> <span class='ocrx_word' id='word_1_707' title='bbox 2102 2614 2240 2685; x_wconf 91' lang='lat' dir='ltr'><strong>quid</strong></span> <span class='ocrx_word' id='word_1_708' title='bbox 2280 2614 2355 2667; x_wconf 89' lang='lat' dir='ltr'><strong>sit</strong></span> <span class='ocrx_word' id='word_1_709' title='bbox 2405 2614 2683 2668; x_wconf 89' lang='lat' dir='ltr'><strong>donatum</strong></span> <span class='ocrx_word' id='word_1_710' title='bbox 2733 2617 3234 2680; x_wconf 86' lang='lat' dir='ltr'><strong>commemoretur,</strong></span> <span class='ocrx_word' id='word_1_711' title='bbox 3269 2615 3534 2682; x_wconf 88' lang='lat' dir='ltr'><strong>patenter</strong></span> <span class='ocrx_word' id='word_1_712' title='bbox 3562 2613 3648 2666; x_wconf 91' lang='lat' dir='ltr'><strong>in-</strong></span> 
     </span>
    </p>
   </div>
   <div class='ocr_carea' id='block_1_94' title="bbox 1953 2699 3644 2771">
    <p class='ocr_par' dir='ltr' id='par_1_94' title="bbox 1953 2699 3644 2771">
     <span class='ocr_line' id='line_1_94' title="bbox 1953 2699 3644 2771; baseline 0 -16"><span class='ocrx_word' id='word_1_713' title='bbox 1953 2701 2080 2755; x_wconf 87' lang='lat' dir='ltr'><strong>nuit</strong></span> <span class='ocrx_word' id='word_1_714' title='bbox 2118 2700 2270 2771; x_wconf 90' lang='lat' dir='ltr'><strong>quod</strong></span> <span class='ocrx_word' id='word_1_715' title='bbox 2301 2703 2327 2743; x_wconf 78' lang='lat' dir='ltr'><strong>b</strong></span> <span class='ocrx_word' id='word_1_716' title='bbox 2357 2699 2503 2754; x_wconf 84' lang='lat' dir='ltr'><strong>sicut</strong></span> <span class='ocrx_word' id='word_1_717' title='bbox 2561 2700 2659 2753; x_wconf 90' lang='lat' dir='ltr'><strong>illa</strong></span> <span class='ocrx_word' id='word_1_718' title='bbox 2689 2700 2935 2770; x_wconf 87' lang='lat' dir='ltr'><strong>ﬁguram</strong></span> <span class='ocrx_word' id='word_1_719' title='bbox 2984 2700 3236 2753; x_wconf 87' lang='lat' dir='ltr'><strong>habuere</strong></span> <span class='ocrx_word' id='word_1_720' title='bbox 3299 2699 3644 2768; x_wconf 79' lang='lat' dir='ltr'><strong>futurorum,</strong></span> 
     </span>
    </p>
   </div>
   <div class='ocr_carea' id='block_1_95' title="bbox 1953 2788 3430 2859">
    <p class='ocr_par' dir='ltr' id='par_1_95' title="bbox 1953 2788 3430 2859">
     <span class='ocr_line' id='line_1_95' title="bbox 1953 2788 3430 2859; baseline -0.001 -15"><span class='ocrx_word' id='word_1_721' title='bbox 1953 2790 2034 2845; x_wconf 89' lang='lat' dir='ltr'><strong>sic</strong></span> <span class='ocrx_word' id='word_1_722' title='bbox 2063 2796 2118 2844; x_wconf 91' lang='lat' dir='ltr'><strong>et</strong></span> <span class='ocrx_word' id='word_1_723' title='bbox 2156 2790 2264 2844; x_wconf 90' lang='lat' dir='ltr'><strong>hoc</strong></span> <span class='ocrx_word' id='word_1_724' title='bbox 2292 2789 2633 2843; x_wconf 88' lang='lat' dir='ltr'><strong>sacriﬁcium</strong></span> <span class='ocrx_word' id='word_1_725' title='bbox 2661 2788 2847 2859; x_wconf 85' lang='lat' dir='ltr'><strong>ﬁgura</strong></span> <span class='ocrx_word' id='word_1_726' title='bbox 2878 2789 2950 2842; x_wconf 86' lang='lat' dir='ltr'><strong>sit</strong></span> <span class='ocrx_word' id='word_1_727' title='bbox 2984 2788 3430 2859; x_wconf 57' lang='lat' dir='ltr'><strong>praeteritorum.</strong></span> 
     </span>
    </p>
   </div>
   <div class='ocr_carea' id='block_1_96' title="bbox 1953 2945 3646 3018">
    <p class='ocr_par' dir='ltr' id='par_1_96' title="bbox 1953 2945 3646 3018">
     <span class='ocr_line' id='line_1_96' title="bbox 1953 2945 3646 3018; baseline -0.001 -17"><span class='ocrx_word' id='word_1_728' title='bbox 1953 2948 2199 3018; x_wconf 87' lang='lat' dir='ltr'><strong>pellatur</strong></span> <span class='ocrx_word' id='word_1_729' title='bbox 2241 2945 2574 3016; x_wconf 90' lang='lat' dir='ltr'><strong>mysterium</strong></span> <span class='ocrx_word' id='word_1_730' title='bbox 2631 2949 2688 2999; x_wconf 91' lang='lat' dir='ltr'><strong>et</strong></span> <span class='ocrx_word' id='word_1_731' title='bbox 2738 2951 3180 3018; x_wconf 86' lang='lat' dir='ltr'><strong>sacramentum,</strong></span> <span class='ocrx_word' id='word_1_732' title='bbox 3239 2951 3295 3000; x_wconf 90' lang='lat' dir='ltr'><strong>et</strong></span> <span class='ocrx_word' id='word_1_733' title='bbox 3327 2950 3410 3018; x_wconf 86' lang='lat' dir='ltr'><strong>est</strong></span> <span class='ocrx_word' id='word_1_734' title='bbox 3439 2961 3646 3016; x_wconf 89' lang='lat' dir='ltr'><strong>corpus</strong></span> 
     </span>
    </p>
   </div>
   <div class='ocr_carea' id='block_1_97' title="bbox 1954 3017 3644 3088">
    <p class='ocr_par' dir='ltr' id='par_1_97' title="bbox 1954 3017 3644 3088">
     <span class='ocr_line' id='line_1_97' title="bbox 1954 3017 3644 3088; baseline -0.001 -15"><span class='ocrx_word' id='word_1_735' title='bbox 1954 3017 2163 3073; x_wconf 84' lang='lat' dir='ltr'><strong>Christi</strong></span> <span class='ocrx_word' id='word_1_736' title='bbox 2213 3017 2686 3087; x_wconf 86' lang='lat' dir='ltr'><strong>nuncupativum,</strong></span> <span class='ocrx_word' id='word_1_737' title='bbox 2720 3023 2784 3070; x_wconf 90' lang='lat' dir='ltr'><strong>ut</strong></span> <span class='ocrx_word' id='word_1_738' title='bbox 2816 3017 3008 3088; x_wconf 87' lang='lat' dir='ltr'><strong>inquit</strong></span> <span class='ocrx_word' id='word_1_739' title='bbox 3040 3018 3283 3088; x_wconf 82' lang='lat' dir='ltr'><strong>Algerus</strong></span> <span class='ocrx_word' id='word_1_740' title='bbox 3312 3017 3423 3086; x_wconf 75' lang='lat' dir='ltr'><strong>llib.</strong></span> <span class='ocrx_word' id='word_1_741' title='bbox 3484 3034 3520 3083; x_wconf 87' lang='grc' dir='ltr'><strong>ι,</strong></span> <span class='ocrx_word' id='word_1_742' title='bbox 3557 3036 3644 3071; x_wconf 90' lang='lat' dir='ltr'><strong>ca-</strong></span> 
     </span>
    </p>
   </div>
   <div class='ocr_carea' id='block_1_98' title="bbox 1953 3087 3642 3158">
    <p class='ocr_par' dir='ltr' id='par_1_98' title="bbox 1953 3087 3642 3158">
     <span class='ocr_line' id='line_1_98' title="bbox 1953 3087 3642 3158; baseline 0 -17"><span class='ocrx_word' id='word_1_743' title='bbox 1953 3089 2073 3157; x_wconf 87' lang='lat' dir='ltr'><strong>pite</strong></span> <span class='ocrx_word' id='word_1_744' title='bbox 2111 3093 2196 3156; x_wconf 80' lang='lat' dir='ltr'><strong>l7,</strong></span> <span class='ocrx_word' id='word_1_745' title='bbox 2228 3089 2512 3142; x_wconf 88' lang='lat' dir='ltr'><strong>diversum</strong></span> <span class='ocrx_word' id='word_1_746' title='bbox 2547 3105 2577 3141; x_wconf 89' lang='lat' dir='ltr'><strong>a</strong></span> <span class='ocrx_word' id='word_1_747' title='bbox 2607 3103 2849 3158; x_wconf 87' lang='lat' dir='ltr'><strong>corpore</strong></span> <span class='ocrx_word' id='word_1_748' title='bbox 2882 3087 3088 3141; x_wconf 80' lang='lat' dir='ltr'><strong>Christi</strong></span> <span class='ocrx_word' id='word_1_749' title='bbox 3130 3087 3200 3141; x_wconf 90' lang='lat' dir='ltr'><strong>de</strong></span> <span class='ocrx_word' id='word_1_750' title='bbox 3227 3087 3458 3157; x_wconf 86' lang='lat' dir='ltr'><strong>Virgine</strong></span> <span class='ocrx_word' id='word_1_751' title='bbox 3491 3093 3642 3141; x_wconf 87' lang='lat' dir='ltr'><strong>nato.</strong></span> 
     </span>
    </p>
   </div>
   <div class='ocr_carea' id='block_1_99' title="bbox 1950 3158 3641 3214">
    <p class='ocr_par' dir='ltr' id='par_1_99' title="bbox 1950 3158 3641 3214">
     <span class='ocr_line' id='line_1_99' title="bbox 1950 3158 3641 3214; baseline -0.001 0"><span class='ocrx_word' id='word_1_752' title='bbox 1950 3159 2276 3214; x_wconf 88' lang='lat' dir='ltr'><strong>Secundum</strong></span> <span class='ocrx_word' id='word_1_753' title='bbox 2309 3176 2441 3212; x_wconf 87' lang='lat' dir='ltr'><strong>vero</strong></span> <span class='ocrx_word' id='word_1_754' title='bbox 2465 3159 2535 3212; x_wconf 87' lang='lat' dir='ltr'><strong>ab</strong></span> <span class='ocrx_word' id='word_1_755' title='bbox 2574 3175 2642 3212; x_wconf 91' lang='lat' dir='ltr'><strong>eo</strong></span> <span class='ocrx_word' id='word_1_756' title='bbox 2675 3175 2787 3212; x_wconf 92' lang='lat' dir='ltr'><strong>non</strong></span> <span class='ocrx_word' id='word_1_757' title='bbox 2819 3158 3043 3213; x_wconf 77' lang='lat' dir='ltr'><strong>differet</strong></span> <span class='ocrx_word' id='word_1_758' title='bbox 3073 3174 3177 3212; x_wconf 90' lang='lat' dir='ltr'><strong>nec</strong></span> <span class='ocrx_word' id='word_1_759' title='bbox 3207 3159 3497 3212; x_wconf 86' lang='lat' dir='ltr'><strong>diversum</strong></span> <span class='ocrx_word' id='word_1_760' title='bbox 3530 3165 3641 3214; x_wconf 86' lang='lat' dir='ltr'><strong>est:</strong></span> 
     </span>
    </p>
   </div>
   <div class='ocr_carea' id='block_1_100' title="bbox 1951 3229 3646 3300">
    <p class='ocr_par' dir='ltr' id='par_1_100' title="bbox 1951 3229 3646 3300">
     <span class='ocr_line' id='line_1_100' title="bbox 1951 3229 3646 3300; baseline -0.001 -16"><span class='ocrx_word' id='word_1_761' title='bbox 1951 3247 2147 3284; x_wconf 87' lang='lat' dir='ltr'><strong>revera</strong></span> <span class='ocrx_word' id='word_1_762' title='bbox 2195 3236 2371 3284; x_wconf 81' lang='lat' dir='ltr'><strong>estex</strong></span> <span class='ocrx_word' id='word_1_763' title='bbox 2429 3231 2664 3283; x_wconf 88' lang='lat' dir='ltr'><strong>adverso</strong></span> <span class='ocrx_word' id='word_1_764' title='bbox 2719 3229 2907 3300; x_wconf 91' lang='lat' dir='ltr'><strong>ipsum</strong></span> <span class='ocrx_word' id='word_1_765' title='bbox 2965 3245 3162 3298; x_wconf 84' lang='lat' dir='ltr'><strong>reapse</strong></span> <span class='ocrx_word' id='word_1_766' title='bbox 3195 3245 3391 3283; x_wconf 90' lang='lat' dir='ltr'><strong>verum</strong></span> <span class='ocrx_word' id='word_1_767' title='bbox 3441 3247 3646 3299; x_wconf 87' lang='lat' dir='ltr'><strong>corpus</strong></span> 
     </span>
    </p>
   </div>
   <div class='ocr_carea' id='block_1_101' title="bbox 1952 3300 3645 3368">
    <p class='ocr_par' dir='ltr' id='par_1_101' title="bbox 1952 3300 3645 3368">
     <span class='ocr_line' id='line_1_101' title="bbox 1952 3300 3645 3368; baseline -0.001 -13"><span class='ocrx_word' id='word_1_768' title='bbox 1952 3301 2178 3368; x_wconf 89' lang='lat' dir='ltr'><strong>Christi,</strong></span> <span class='ocrx_word' id='word_1_769' title='bbox 2233 3302 2331 3355; x_wconf 89' lang='lat' dir='ltr'><strong>sed</strong></span> <span class='ocrx_word' id='word_1_770' title='bbox 2398 3301 2706 3367; x_wconf 91' lang='lat' dir='ltr'><strong>occultum,</strong></span> <span class='ocrx_word' id='word_1_771' title='bbox 2766 3316 2870 3353; x_wconf 92' lang='lat' dir='ltr'><strong>nec</strong></span> <span class='ocrx_word' id='word_1_772' title='bbox 2917 3300 3188 3367; x_wconf 87' lang='lat' dir='ltr'><strong>velatum,</strong></span> <span class='ocrx_word' id='word_1_773' title='bbox 3237 3316 3339 3354; x_wconf 91' lang='lat' dir='ltr'><strong>nec</strong></span> <span class='ocrx_word' id='word_1_774' title='bbox 3381 3300 3645 3354; x_wconf 82' lang='lat' dir='ltr'><strong>dentibus</strong></span> 
     </span>
    </p>
   </div>
   <div class='ocr_carea' id='block_1_102' title="bbox 1949 3371 3643 3441">
    <p class='ocr_par' dir='ltr' id='par_1_102' title="bbox 1949 3371 3643 3441">
     <span class='ocr_line' id='line_1_102' title="bbox 1949 3371 3643 3441; baseline -0.001 -16"><span class='ocrx_word' id='word_1_775' title='bbox 1949 3372 2173 3426; x_wconf 87' lang='lat' dir='ltr'><strong>friabile</strong></span> <span class='ocrx_word' id='word_1_776' title='bbox 2223 3378 2321 3425; x_wconf 88' lang='lat' dir='ltr'><strong>aut</strong></span> <span class='ocrx_word' id='word_1_777' title='bbox 2367 3371 2713 3441; x_wconf 86' lang='lat' dir='ltr'><strong>discerptum</strong></span> <span class='ocrx_word' id='word_1_778' title='bbox 2744 3371 3021 3440; x_wconf 89' lang='lat' dir='ltr'><strong>partitim,</strong></span> <span class='ocrx_word' id='word_1_779' title='bbox 3059 3378 3114 3424; x_wconf 91' lang='lat' dir='ltr'><strong>et</strong></span> <span class='ocrx_word' id='word_1_780' title='bbox 3148 3387 3259 3424; x_wconf 91' lang='lat' dir='ltr'><strong>uno</strong></span> <span class='ocrx_word' id='word_1_781' title='bbox 3287 3371 3456 3424; x_wconf 86' lang='lat' dir='ltr'><strong>verbo</strong></span> <span class='ocrx_word' id='word_1_782' title='bbox 3489 3372 3545 3424; x_wconf 92' lang='lat' dir='ltr'><strong>in</strong></span> <span class='ocrx_word' id='word_1_783' title='bbox 3577 3388 3643 3424; x_wconf 91' lang='lat' dir='ltr'><strong>eo</strong></span> 
     </span>
    </p>
   </div>
   <div class='ocr_carea' id='block_1_103' title="bbox 1949 3441 3645 3512">
    <p class='ocr_par' dir='ltr' id='par_1_103' title="bbox 1949 3441 3645 3512">
     <span class='ocr_line' id='line_1_103' title="bbox 1949 3441 3645 3512; baseline -0.001 -17"><span class='ocrx_word' id='word_1_784' title='bbox 1949 3449 2092 3496; x_wconf 89' lang='lat' dir='ltr'><strong>statu</strong></span> <span class='ocrx_word' id='word_1_785' title='bbox 2136 3447 2219 3495; x_wconf 89' lang='lat' dir='ltr'><strong>est</strong></span> <span class='ocrx_word' id='word_1_786' title='bbox 2247 3459 2361 3512; x_wconf 88' lang='lat' dir='ltr'><strong>quo</strong></span> <span class='ocrx_word' id='word_1_787' title='bbox 2410 3443 2861 3512; x_wconf 87' lang='lat' dir='ltr'><strong>proprietatibus</strong></span> <span class='ocrx_word' id='word_1_788' title='bbox 2891 3441 3140 3512; x_wconf 83' lang='lat' dir='ltr'><strong>physicis</strong></span> <span class='ocrx_word' id='word_1_789' title='bbox 3179 3447 3235 3494; x_wconf 90' lang='lat' dir='ltr'><strong>et</strong></span> <span class='ocrx_word' id='word_1_790' title='bbox 3282 3443 3645 3512; x_wconf 86' lang='lat' dir='ltr'><strong>geometricis</strong></span> 
     </span>
    </p>
   </div>
   <div class='ocr_carea' id='block_1_104' title="bbox 1947 3513 3646 3583">
    <p class='ocr_par' dir='ltr' id='par_1_104' title="bbox 1947 3513 3646 3583">
     <span class='ocr_line' id='line_1_104' title="bbox 1947 3513 3646 3583; baseline 0.001 -16"><span class='ocrx_word' id='word_1_791' title='bbox 1947 3513 2404 3567; x_wconf 88' lang='lat' dir='ltr'><strong>dimensionibus</strong></span> <span class='ocrx_word' id='word_1_792' title='bbox 2434 3518 2644 3578; x_wconf 89' lang='lat' dir='ltr'><strong>careat,</strong></span> <span class='ocrx_word' id='word_1_793' title='bbox 2678 3515 2939 3583; x_wconf 89' lang='lat' dir='ltr'><strong>quamvis</strong></span> <span class='ocrx_word' id='word_1_794' title='bbox 2975 3515 3033 3565; x_wconf 89' lang='lat' dir='ltr'><strong>in</strong></span> <span class='ocrx_word' id='word_1_795' title='bbox 3065 3529 3299 3582; x_wconf 84' lang='lat' dir='ltr'><strong>propria</strong></span> <span class='ocrx_word' id='word_1_796' title='bbox 3329 3513 3403 3566; x_wconf 89' lang='lat' dir='ltr'><strong>sit</strong></span> <span class='ocrx_word' id='word_1_797' title='bbox 3441 3516 3646 3568; x_wconf 80' lang='lat' dir='ltr'><strong>natura</strong></span> 
     </span>
    </p>
   </div>
   <div class='ocr_carea' id='block_1_105' title="bbox 1949 3582 3641 3654">
    <p class='ocr_par' dir='ltr' id='par_1_105' title="bbox 1949 3582 3641 3654">
     <span class='ocr_line' id='line_1_105' title="bbox 1949 3582 3641 3654; baseline -0.002 -16"><span class='ocrx_word' id='word_1_798' title='bbox 1949 3591 2004 3638; x_wconf 90' lang='lat' dir='ltr'><strong>et</strong></span> <span class='ocrx_word' id='word_1_799' title='bbox 2033 3585 2347 3638; x_wconf 90' lang='lat' dir='ltr'><strong>substantia</strong></span> <span class='ocrx_word' id='word_1_800' title='bbox 2382 3584 2434 3636; x_wconf 93' lang='lat' dir='ltr'><strong>in</strong></span> <span class='ocrx_word' id='word_1_801' title='bbox 2467 3601 2580 3654; x_wconf 88' lang='lat' dir='ltr'><strong>qua</strong></span> <span class='ocrx_word' id='word_1_802' title='bbox 2611 3582 2774 3652; x_wconf 84' lang='lat' dir='ltr'><strong>panis</strong></span> <span class='ocrx_word' id='word_1_803' title='bbox 2801 3590 2859 3637; x_wconf 90' lang='lat' dir='ltr'><strong>et</strong></span> <span class='ocrx_word' id='word_1_804' title='bbox 2886 3582 3082 3636; x_wconf 91' lang='lat' dir='ltr'><strong>vinum</strong></span> <span class='ocrx_word' id='word_1_805' title='bbox 3109 3589 3244 3637; x_wconf 89' lang='lat' dir='ltr'><strong>sunt</strong></span> <span class='ocrx_word' id='word_1_806' title='bbox 3272 3589 3641 3637; x_wconf 88' lang='lat' dir='ltr'><strong>commutata.</strong></span> 
     </span>
    </p>
   </div>
   <div class='ocr_carea' id='block_1_106' title="bbox 1948 3654 3645 3780">
    <p class='ocr_par' dir='ltr' id='par_1_106' title="bbox 1948 3654 3645 3780">
     <span class='ocr_line' id='line_1_106' title="bbox 1948 3654 3645 3780; baseline -0.002 -71"><span class='ocrx_word' id='word_1_807' title='bbox 1948 3656 2079 3780; x_wconf 42' lang='lat' dir='ltr'><strong>(Illam</strong></span> <span class='ocrx_word' id='word_1_808' title='bbox 2118 3661 2212 3778; x_wconf 78' lang='lat' dir='ltr'><strong>test</strong></span> <span class='ocrx_word' id='word_1_809' title='bbox 2240 3655 2389 3726; x_wconf 89' lang='lat' dir='ltr'><strong>quod</strong></span> <span class='ocrx_word' id='word_1_810' title='bbox 2425 3655 2772 3708; x_wconf 87' lang='lat' dir='ltr'><strong>Batramnus</strong></span> <span class='ocrx_word' id='word_1_811' title='bbox 2803 3654 3054 3724; x_wconf 89' lang='lat' dir='ltr'><strong>appellat</strong></span> <span class='ocrx_word' id='word_1_812' title='bbox 3086 3654 3385 3723; x_wconf 88' lang='lat' dir='ltr'><strong>proprium</strong></span> <span class='ocrx_word' id='word_1_813' title='bbox 3439 3670 3645 3724; x_wconf 88' lang='lat' dir='ltr'><strong>corpus</strong></span> 
     </span>
     <span class='ocr_line' id='line_1_107' title="bbox 2037 3743 2178 3778; baseline 0 0"><span class='ocrx_word' id='word_1_814' title='bbox 2037 3743 2112 3778; x_wconf 83' lang='lat' dir='ltr'><strong>ris</strong></span> <span class='ocrx_word' id='word_1_815' title='bbox 2144 3743 2178 3778; x_wconf 90' lang='grc' dir='ltr'><strong>ι.</strong></span> 
     </span>
    </p>
   </div>
   <div class='ocr_carea' id='block_1_107' title="bbox 1995 3726 2178 3778">
    <p class='ocr_par' dir='ltr' id='par_1_107' title="bbox 1995 3726 2178 3778">
     <span class='ocr_line' id='line_1_108' title="bbox 1995 3726 2178 3778; baseline 0 0"><span class='ocrx_word' id='word_1_816' title='bbox 1995 3726 2178 3778; x_wconf 87' lang='lat' dir='ltr'><strong>hristi.</strong></span> 
     </span>
    </p>
   </div>
   <div class='ocr_carea' id='block_1_108' title="bbox 2017 3794 3643 3863">
    <p class='ocr_par' dir='ltr' id='par_1_108' title="bbox 2017 3794 3643 3863">
     <span class='ocr_line' id='line_1_109' title="bbox 2017 3794 3643 3863; baseline -0.001 -13"><span class='ocrx_word' id='word_1_817' title='bbox 2017 3799 2043 3838; x_wconf 70' lang='grc' dir='ltr'><strong>ι)</strong></span> <span class='ocrx_word' id='word_1_818' title='bbox 2081 3797 2233 3850; x_wconf 82' lang='lat' dir='ltr'><strong>Sicut</strong></span> <span class='ocrx_word' id='word_1_819' title='bbox 2263 3797 2360 3850; x_wconf 85' lang='lat' dir='ltr'><strong>illa</strong></span> <span class='ocrx_word' id='word_1_820' title='bbox 2387 3797 2622 3863; x_wconf 82' lang='lat' dir='ltr'><strong>ﬁguram</strong></span> <span class='ocrx_word' id='word_1_821' title='bbox 2684 3795 2914 3848; x_wconf 83' lang='lat' dir='ltr'><strong>habuere</strong></span> <span class='ocrx_word' id='word_1_822' title='bbox 2964 3795 3298 3859; x_wconf 84' lang='lat' dir='ltr'><strong>futurorum,</strong></span> <span class='ocrx_word' id='word_1_823' title='bbox 3340 3795 3419 3848; x_wconf 86' lang='lat' dir='ltr'><strong>sic</strong></span> <span class='ocrx_word' id='word_1_824' title='bbox 3449 3798 3500 3848; x_wconf 84' lang='lat' dir='ltr'><strong>et</strong></span> <span class='ocrx_word' id='word_1_825' title='bbox 3548 3794 3643 3849; x_wconf 85' lang='lat' dir='ltr'><strong>hoc</strong></span> 
     </span>
    </p>
   </div>
   <div class='ocr_carea' id='block_1_109' title="bbox 1947 3864 3643 3935">
    <p class='ocr_par' dir='ltr' id='par_1_109' title="bbox 1947 3864 3643 3935">
     <span class='ocr_line' id='line_1_110' title="bbox 1947 3864 3643 3935; baseline -0.001 -16"><span class='ocrx_word' id='word_1_826' title='bbox 1947 3869 2274 3934; x_wconf 81' lang='lat' dir='ltr'><strong>sacriﬁcium</strong></span> <span class='ocrx_word' id='word_1_827' title='bbox 2302 3869 2482 3935; x_wconf 85' lang='lat' dir='ltr'><strong>ﬁgura</strong></span> <span class='ocrx_word' id='word_1_828' title='bbox 2511 3869 2580 3919; x_wconf 86' lang='lat' dir='ltr'><strong>sit</strong></span> <span class='ocrx_word' id='word_1_829' title='bbox 2609 3869 3026 3934; x_wconf 76' lang='lat' dir='ltr'><strong>praeteritorum.</strong></span> <span class='ocrx_word' id='word_1_830' title='bbox 3051 3867 3189 3919; x_wconf 87' lang='lat' dir='ltr'><strong>Cum</strong></span> <span class='ocrx_word' id='word_1_831' title='bbox 3215 3880 3344 3917; x_wconf 89' lang='lat' dir='ltr'><strong>vero</strong></span> <span class='ocrx_word' id='word_1_832' title='bbox 3387 3864 3643 3918; x_wconf 85' lang='lat' dir='ltr'><strong>Christus</strong></span> 
     </span>
    </p>
   </div>
   <div class='ocr_carea' id='block_1_110' title="bbox 1950 3935 3642 3991">
    <p class='ocr_par' dir='ltr' id='par_1_110' title="bbox 1950 3935 3642 3991">
     <span class='ocr_line' id='line_1_111' title="bbox 1950 3935 3642 3991; baseline -0.002 0"><span class='ocrx_word' id='word_1_833' title='bbox 1950 3938 2227 3991; x_wconf 89' lang='lat' dir='ltr'><strong>Dominus</strong></span> <span class='ocrx_word' id='word_1_834' title='bbox 2297 3936 2660 3990; x_wconf 67' lang='lat' dir='ltr'><strong>Eucharistiae</strong></span> <span class='ocrx_word' id='word_1_835' title='bbox 2697 3937 3039 3990; x_wconf 82' lang='lat' dir='ltr'><strong>sacriﬁcium</strong></span> <span class='ocrx_word' id='word_1_836' title='bbox 3091 3935 3405 3989; x_wconf 89' lang='lat' dir='ltr'><strong>instituerit</strong></span> <span class='ocrx_word' id='word_1_837' title='bbox 3436 3937 3494 3988; x_wconf 89' lang='lat' dir='ltr'><strong>in</strong></span> <span class='ocrx_word' id='word_1_838' title='bbox 3529 3951 3642 3988; x_wconf 92' lang='lat' dir='ltr'><strong>me-</strong></span> 
     </span>
    </p>
   </div>
   <div class='ocr_carea' id='block_1_111' title="bbox 1949 4006 3642 4076">
    <p class='ocr_par' dir='ltr' id='par_1_111' title="bbox 1949 4006 3642 4076">
     <span class='ocr_line' id='line_1_112' title="bbox 1949 4006 3642 4076; baseline -0.001 -15"><span class='ocrx_word' id='word_1_839' title='bbox 1949 4009 2189 4062; x_wconf 87' lang='lat' dir='ltr'><strong>moriam</strong></span> <span class='ocrx_word' id='word_1_840' title='bbox 2244 4023 2358 4060; x_wconf 70' lang='lat' dir='ltr'><strong>suae</strong></span> <span class='ocrx_word' id='word_1_841' title='bbox 2401 4007 2600 4060; x_wconf 89' lang='lat' dir='ltr'><strong>mortis</strong></span> <span class='ocrx_word' id='word_1_842' title='bbox 2663 4013 2721 4060; x_wconf 91' lang='lat' dir='ltr'><strong>et</strong></span> <span class='ocrx_word' id='word_1_843' title='bbox 2760 4007 3061 4076; x_wconf 88' lang='lat' dir='ltr'><strong>passionis,</strong></span> <span class='ocrx_word' id='word_1_844' title='bbox 3092 4007 3349 4060; x_wconf 86' lang='lat' dir='ltr'><strong>doctrina</strong></span> <span class='ocrx_word' id='word_1_845' title='bbox 3384 4006 3642 4060; x_wconf 64' lang='lat' dir='ltr'><strong>Ecclesiae</strong></span> 
     </span>
    </p>
   </div>
   <div class='ocr_carea' id='block_1_112' title="bbox 1947 4077 3641 4147">
    <p class='ocr_par' dir='ltr' id='par_1_112' title="bbox 1947 4077 3641 4147">
     <span class='ocr_line' id='line_1_113' title="bbox 1947 4077 3641 4147; baseline -0.001 -15"><span class='ocrx_word' id='word_1_846' title='bbox 1947 4079 2241 4133; x_wconf 76' lang='lat' dir='ltr'><strong>catholicos</strong></span> <span class='ocrx_word' id='word_1_847' title='bbox 2272 4094 2498 4143; x_wconf 86' lang='lat' dir='ltr'><strong>semper</strong></span> <span class='ocrx_word' id='word_1_848' title='bbox 2547 4077 2656 4131; x_wconf 85' lang='lat' dir='ltr'><strong>fuit</strong></span> <span class='ocrx_word' id='word_1_849' title='bbox 2714 4079 3049 4147; x_wconf 76' lang='lat' dir='ltr'><strong>mysterium</strong></span> <span class='ocrx_word' id='word_1_850' title='bbox 3109 4078 3474 4131; x_wconf 71' lang='lat' dir='ltr'><strong>Eucharistias</strong></span> <span class='ocrx_word' id='word_1_851' title='bbox 3522 4093 3641 4131; x_wconf 89' lang='lat' dir='ltr'><strong>esse</strong></span> 
     </span>
    </p>
   </div>
   <div class='ocr_carea' id='block_1_113' title="bbox 1946 4147 3640 4218">
    <p class='ocr_par' dir='ltr' id='par_1_113' title="bbox 1946 4147 3640 4218">
     <span class='ocr_line' id='line_1_114' title="bbox 1946 4147 3640 4218; baseline -0.001 -14"><span class='ocrx_word' id='word_1_852' title='bbox 1946 4149 2188 4218; x_wconf 82' lang='lat' dir='ltr'><strong>ﬁguram</strong></span> <span class='ocrx_word' id='word_1_853' title='bbox 2222 4149 2482 4202; x_wconf 88' lang='lat' dir='ltr'><strong>sacriﬁcii</strong></span> <span class='ocrx_word' id='word_1_854' title='bbox 2503 4149 2703 4202; x_wconf 90' lang='lat' dir='ltr'><strong>crucis.</strong></span> <span class='ocrx_word' id='word_1_855' title='bbox 2738 4149 2843 4202; x_wconf 90' lang='lat' dir='ltr'><strong>Sed</strong></span> <span class='ocrx_word' id='word_1_856' title='bbox 2878 4164 2992 4200; x_wconf 90' lang='lat' dir='ltr'><strong>non</strong></span> <span class='ocrx_word' id='word_1_857' title='bbox 3027 4147 3104 4201; x_wconf 89' lang='lat' dir='ltr'><strong>ait</strong></span> <span class='ocrx_word' id='word_1_858' title='bbox 3130 4149 3472 4202; x_wconf 80' lang='lat' dir='ltr'><strong>Ratramnus</strong></span> <span class='ocrx_word' id='word_1_859' title='bbox 3505 4148 3640 4202; x_wconf 92' lang='lat' dir='ltr'><strong>sim-</strong></span> 
     </span>
    </p>
   </div>
   <div class='ocr_carea' id='block_1_114' title="bbox 1947 4219 3641 4291">
    <p class='ocr_par' dir='ltr' id='par_1_114' title="bbox 1947 4219 3641 4291">
     <span class='ocr_line' id='line_1_115' title="bbox 1947 4219 3641 4291; baseline -0.001 -18"><span class='ocrx_word' id='word_1_860' title='bbox 1947 4222 2155 4291; x_wconf 89' lang='lat' dir='ltr'><strong>plicem</strong></span> <span class='ocrx_word' id='word_1_861' title='bbox 2191 4219 2591 4274; x_wconf 85' lang='lat' dir='ltr'><strong>tantummodo</strong></span> <span class='ocrx_word' id='word_1_862' title='bbox 2623 4235 2744 4291; x_wconf 86' lang='lat' dir='ltr'><strong>esse</strong></span> <span class='ocrx_word' id='word_1_863' title='bbox 2784 4220 3051 4291; x_wconf 84' lang='lat' dir='ltr'><strong>ﬁguram,</strong></span> <span class='ocrx_word' id='word_1_864' title='bbox 3089 4219 3240 4288; x_wconf 88' lang='lat' dir='ltr'><strong>quod</strong></span> <span class='ocrx_word' id='word_1_865' title='bbox 3289 4219 3396 4273; x_wconf 90' lang='lat' dir='ltr'><strong>sibi</strong></span> <span class='ocrx_word' id='word_1_866' title='bbox 3456 4219 3641 4272; x_wconf 86' lang='lat' dir='ltr'><strong>vindi-</strong></span> 
     </span>
    </p>
   </div>
   <div class='ocr_carea' id='block_1_115' title="bbox 1948 4289 3642 4360">
    <p class='ocr_par' dir='ltr' id='par_1_115' title="bbox 1948 4289 3642 4360">
     <span class='ocr_line' id='line_1_116' title="bbox 1948 4289 3642 4360; baseline 0 -16"><span class='ocrx_word' id='word_1_867' title='bbox 1948 4289 2081 4344; x_wconf 81' lang='lat' dir='ltr'><strong>cant</strong></span> <span class='ocrx_word' id='word_1_868' title='bbox 2103 4296 2486 4360; x_wconf 86' lang='lat' dir='ltr'><strong>protestantes</strong></span> <span class='ocrx_word' id='word_1_869' title='bbox 2539 4290 2814 4345; x_wconf 63' lang='lat' dir='ltr'><strong>haeretici.</strong></span> <span class='ocrx_word' id='word_1_870' title='bbox 2851 4289 3055 4343; x_wconf 88' lang='lat' dir='ltr'><strong>Probat</strong></span> <span class='ocrx_word' id='word_1_871' title='bbox 3084 4291 3449 4343; x_wconf 90' lang='lat' dir='ltr'><strong>solummodo</strong></span> <span class='ocrx_word' id='word_1_872' title='bbox 3486 4291 3544 4343; x_wconf 91' lang='lat' dir='ltr'><strong>in</strong></span> <span class='ocrx_word' id='word_1_873' title='bbox 3576 4305 3642 4344; x_wconf 90' lang='lat' dir='ltr'><strong>eo</strong></span> 
     </span>
    </p>
   </div>
   <div class='ocr_carea' id='block_1_116' title="bbox 1949 4361 3638 4432">
    <p class='ocr_par' dir='ltr' id='par_1_116' title="bbox 1949 4361 3638 4432">
     <span class='ocr_line' id='line_1_117' title="bbox 1949 4361 3638 4432; baseline 0 -18"><span class='ocrx_word' id='word_1_874' title='bbox 1949 4363 2199 4432; x_wconf 87' lang='lat' dir='ltr'><strong>aliquam</strong></span> <span class='ocrx_word' id='word_1_875' title='bbox 2233 4378 2351 4415; x_wconf 90' lang='lat' dir='ltr'><strong>esse</strong></span> <span class='ocrx_word' id='word_1_876' title='bbox 2382 4361 2649 4432; x_wconf 88' lang='lat' dir='ltr'><strong>ﬁguram,</strong></span> <span class='ocrx_word' id='word_1_877' title='bbox 2679 4361 2893 4432; x_wconf 84' lang='lat' dir='ltr'><strong>scilicet</strong></span> <span class='ocrx_word' id='word_1_878' title='bbox 2924 4361 3078 4430; x_wconf 91' lang='lat' dir='ltr'><strong>quod</strong></span> <span class='ocrx_word' id='word_1_879' title='bbox 3111 4362 3362 4414; x_wconf 87' lang='lat' dir='ltr'><strong>exterius</strong></span> <span class='ocrx_word' id='word_1_880' title='bbox 3382 4369 3638 4431; x_wconf 90' lang='lat' dir='ltr'><strong>apparet.</strong></span> 
     </span>
    </p>
   </div>
   <div class='ocr_carea' id='block_1_117' title="bbox 1947 4431 3642 4486">
    <p class='ocr_par' dir='ltr' id='par_1_117' title="bbox 1947 4431 3642 4486">
     <span class='ocr_line' id='line_1_118' title="bbox 1947 4431 3642 4486; baseline -0.001 0"><span class='ocrx_word' id='word_1_881' title='bbox 1947 4431 2059 4486; x_wconf 85' lang='lat' dir='ltr'><strong>Sed</strong></span> <span class='ocrx_word' id='word_1_882' title='bbox 2101 4433 2310 4486; x_wconf 86' lang='lat' dir='ltr'><strong>fatetur</strong></span> <span class='ocrx_word' id='word_1_883' title='bbox 2357 4431 2600 4485; x_wconf 88' lang='lat' dir='ltr'><strong>rotunde</strong></span> <span class='ocrx_word' id='word_1_884' title='bbox 2661 4432 2816 4484; x_wconf 89' lang='lat' dir='ltr'><strong>aliud</strong></span> <span class='ocrx_word' id='word_1_885' title='bbox 2867 4431 3111 4484; x_wconf 88' lang='lat' dir='ltr'><strong>interius</strong></span> <span class='ocrx_word' id='word_1_886' title='bbox 3165 4432 3474 4485; x_wconf 86' lang='lat' dir='ltr'><strong>consistere</strong></span> <span class='ocrx_word' id='word_1_887' title='bbox 3531 4431 3642 4485; x_wconf 90' lang='lat' dir='ltr'><strong>ﬁde</strong></span> 
     </span>
    </p>
   </div>
   <div class='ocr_carea' id='block_1_118' title="bbox 1943 4503 3643 4572">
    <p class='ocr_par' dir='ltr' id='par_1_118' title="bbox 1943 4503 3643 4572">
     <span class='ocr_line' id='line_1_119' title="bbox 1943 4503 3643 4572; baseline -0.001 -17"><span class='ocrx_word' id='word_1_888' title='bbox 1943 4503 2407 4572; x_wconf 74' lang='lat' dir='ltr'><strong>intelligendum.</strong></span> <span class='ocrx_word' id='word_1_889' title='bbox 2463 4504 2631 4555; x_wconf 81' lang='lat' dir='ltr'><strong>Num.</strong></span> <span class='ocrx_word' id='word_1_890' title='bbox 2685 4504 2751 4555; x_wconf 84' lang='lat'>92</span> <span class='ocrx_word' id='word_1_891' title='bbox 2787 4518 2798 4554; x_wconf 89' lang='lat'>:</span> <span class='ocrx_word' id='word_1_892' title='bbox 2835 4504 2940 4556; x_wconf 87' lang='lat' dir='ltr'><strong>Hoc</strong></span> <span class='ocrx_word' id='word_1_893' title='bbox 2972 4517 3094 4555; x_wconf 82' lang='lat' dir='ltr'><strong>vero</strong></span> <span class='ocrx_word' id='word_1_894' title='bbox 3145 4506 3453 4570; x_wconf 84' lang='lat' dir='ltr'><strong>mysticum,</strong></span> <span class='ocrx_word' id='word_1_895' title='bbox 3486 4503 3643 4556; x_wconf 83' lang='lat' dir='ltr'><strong>aliud</strong></span> 
     </span>
    </p>
   </div>
   <div class='ocr_carea' id='block_1_119' title="bbox 1942 4572 3638 4642">
    <p class='ocr_par' dir='ltr' id='par_1_119' title="bbox 1942 4572 3638 4642">
     <span class='ocr_line' id='line_1_120' title="bbox 1942 4572 3638 4642; baseline 0 -16"><span class='ocrx_word' id='word_1_896' title='bbox 1942 4577 2184 4627; x_wconf 63' lang='lat' dir='ltr'><strong>eaterius</strong></span> <span class='ocrx_word' id='word_1_897' title='bbox 2214 4590 2310 4642; x_wconf 81' lang='lat' dir='ltr'><strong>per</strong></span> <span class='ocrx_word' id='word_1_898' title='bbox 2330 4573 2573 4642; x_wconf 83' lang='lat' dir='ltr'><strong>ﬁguram</strong></span> <span class='ocrx_word' id='word_1_899' title='bbox 2604 4578 2900 4632; x_wconf 87' lang='lat' dir='ltr'><strong>ostentans,</strong></span> <span class='ocrx_word' id='word_1_900' title='bbox 2952 4572 3109 4626; x_wconf 85' lang='lat' dir='ltr'><strong>aliud</strong></span> <span class='ocrx_word' id='word_1_901' title='bbox 3157 4576 3386 4627; x_wconf 73' lang='lat' dir='ltr'><strong>inimus</strong></span> <span class='ocrx_word' id='word_1_902' title='bbox 3428 4589 3530 4641; x_wconf 82' lang='lat' dir='ltr'><strong>per</strong></span> <span class='ocrx_word' id='word_1_903' title='bbox 3557 4577 3638 4626; x_wconf 88' lang='lat' dir='ltr'><strong>in-</strong></span> 
     </span>
    </p>
   </div>
   <div class='ocr_carea' id='block_1_120' title="bbox 1944 4643 3634 4714">
    <p class='ocr_par' dir='ltr' id='par_1_120' title="bbox 1944 4643 3634 4714">
     <span class='ocr_line' id='line_1_121' title="bbox 1944 4643 3634 4714; baseline -0.001 -17"><span class='ocrx_word' id='word_1_904' title='bbox 1944 4646 2205 4698; x_wconf 83' lang='lat' dir='ltr'><strong>tellectum</strong></span> <span class='ocrx_word' id='word_1_905' title='bbox 2227 4644 2356 4712; x_wconf 83' lang='lat' dir='ltr'><strong>ﬁdei</strong></span> <span class='ocrx_word' id='word_1_906' title='bbox 2382 4648 2791 4713; x_wconf 63' lang='lat' dir='ltr'><strong>reprwsentans.</strong></span> <span class='ocrx_word' id='word_1_907' title='bbox 2857 4644 2932 4696; x_wconf 91' lang='lat' dir='ltr'><strong>De</strong></span> <span class='ocrx_word' id='word_1_908' title='bbox 2961 4660 3075 4714; x_wconf 88' lang='lat' dir='ltr'><strong>quo</strong></span> <span class='ocrx_word' id='word_1_909' title='bbox 3127 4643 3208 4696; x_wconf 86' lang='lat' dir='ltr'><strong>ait</strong></span> <span class='ocrx_word' id='word_1_910' title='bbox 3254 4660 3495 4698; x_wconf 90' lang='lat' dir='ltr'><strong>numero</strong></span> <span class='ocrx_word' id='word_1_911' title='bbox 3525 4645 3592 4714; x_wconf 71' lang='grc'><strong>49</strong></span> <span class='ocrx_word' id='word_1_912' title='bbox 3622 4659 3634 4697; x_wconf 91' lang='lat'>:</span> 
     </span>
    </p>
   </div>
   <div class='ocr_carea' id='block_1_121' title="bbox 1951 4713 3638 4783">
    <p class='ocr_par' dir='ltr' id='par_1_121' title="bbox 1951 4713 3638 4783">
     <span class='ocr_line' id='line_1_122' title="bbox 1951 4713 3638 4783; baseline -0.002 -14"><span class='ocrx_word' id='word_1_913' title='bbox 1951 4717 2079 4769; x_wconf 81' lang='lat' dir='ltr'><strong>Vere</strong></span> <span class='ocrx_word' id='word_1_914' title='bbox 2117 4730 2309 4783; x_wconf 89' lang='lat' dir='ltr'><strong>corpus</strong></span> <span class='ocrx_word' id='word_1_915' title='bbox 2347 4720 2396 4768; x_wconf 87' lang='lat' dir='ltr'><strong>et</strong></span> <span class='ocrx_word' id='word_1_916' title='bbox 2434 4717 2660 4782; x_wconf 85' lang='lat' dir='ltr'><strong>sanguis</strong></span> <span class='ocrx_word' id='word_1_917' title='bbox 2730 4715 2937 4770; x_wconf 85' lang='lat' dir='ltr'><strong>Christi</strong></span> <span class='ocrx_word' id='word_1_918' title='bbox 2980 4713 3248 4767; x_wconf 70' lang='lat' dir='ltr'><strong>existunt.</strong></span> <span class='ocrx_word' id='word_1_919' title='bbox 3311 4715 3444 4767; x_wconf 87' lang='lat' dir='ltr'><strong>Ecce</strong></span> <span class='ocrx_word' id='word_1_920' title='bbox 3524 4713 3638 4766; x_wconf 90' lang='lat' dir='ltr'><strong>duo</strong></span> 
     </span>
    </p>
   </div>
   <div class='ocr_carea' id='block_1_122' title="bbox 1943 4784 3640 4846">
    <p class='ocr_par' dir='ltr' id='par_1_122' title="bbox 1943 4784 3640 4846">
     <span class='ocr_line' id='line_1_123' title="bbox 1943 4784 3640 4846; baseline -0.002 -8"><span class='ocrx_word' id='word_1_921' title='bbox 1943 4785 2261 4839; x_wconf 88' lang='lat' dir='ltr'><strong>clarissima</strong></span> <span class='ocrx_word' id='word_1_922' title='bbox 2311 4792 2445 4839; x_wconf 90' lang='lat' dir='ltr'><strong>sunt</strong></span> <span class='ocrx_word' id='word_1_923' title='bbox 2473 4786 2533 4838; x_wconf 88' lang='lat' dir='ltr'><strong>in</strong></span> <span class='ocrx_word' id='word_1_924' title='bbox 2577 4784 2929 4838; x_wconf 88' lang='lat' dir='ltr'><strong>Eucharistia</strong></span> <span class='ocrx_word' id='word_1_925' title='bbox 2975 4799 3154 4837; x_wconf 91' lang='lat' dir='ltr'><strong>unum</strong></span> <span class='ocrx_word' id='word_1_926' title='bbox 3209 4785 3474 4846; x_wconf 85' lang='lat' dir='ltr'><strong>exterius,</strong></span> <span class='ocrx_word' id='word_1_927' title='bbox 3527 4784 3640 4836; x_wconf 88' lang='lat' dir='ltr'><strong>sci-</strong></span> 
     </span>
    </p>
   </div>
   <div class='ocr_carea' id='block_1_123' title="bbox 1944 4853 3638 4926">
    <p class='ocr_par' dir='ltr' id='par_1_123' title="bbox 1944 4853 3638 4926">
     <span class='ocr_line' id='line_1_124' title="bbox 1944 4853 3638 4926; baseline -0.001 -18"><span class='ocrx_word' id='word_1_928' title='bbox 1944 4855 2076 4910; x_wconf 87' lang='lat' dir='ltr'><strong>licet</strong></span> <span class='ocrx_word' id='word_1_929' title='bbox 2124 4857 2329 4926; x_wconf 87' lang='lat' dir='ltr'><strong>ﬁgura,</strong></span> <span class='ocrx_word' id='word_1_930' title='bbox 2388 4857 2630 4909; x_wconf 89' lang='lat' dir='ltr'><strong>alterum</strong></span> <span class='ocrx_word' id='word_1_931' title='bbox 2689 4853 2956 4917; x_wconf 87' lang='lat' dir='ltr'><strong>interius,</strong></span> <span class='ocrx_word' id='word_1_932' title='bbox 3009 4853 3160 4926; x_wconf 82' lang='lat' dir='ltr'><strong>quod</strong></span> <span class='ocrx_word' id='word_1_933' title='bbox 3220 4854 3638 4926; x_wconf 33' lang='lat' dir='ltr'><strong>estuobjeetum</strong></span> 
     </span>
    </p>
   </div>
   <div class='ocr_carea' id='block_1_124' title="bbox 1944 4923 3640 4994">
    <p class='ocr_par' dir='ltr' id='par_1_124' title="bbox 1944 4923 3640 4994">
     <span class='ocr_line' id='line_1_125' title="bbox 1944 4923 3640 4994; baseline -0.001 -14"><span class='ocrx_word' id='word_1_934' title='bbox 1944 4927 2116 4992; x_wconf 89' lang='lat' dir='ltr'><strong>ﬁdei;</strong></span> <span class='ocrx_word' id='word_1_935' title='bbox 2166 4923 2221 4980; x_wconf 80' lang='lat' dir='ltr'><strong>et</strong></span> <span class='ocrx_word' id='word_1_936' title='bbox 2251 4932 2336 4979; x_wconf 90' lang='lat' dir='ltr'><strong>est</strong></span> <span class='ocrx_word' id='word_1_937' title='bbox 2381 4943 2511 4979; x_wconf 90' lang='lat' dir='ltr'><strong>vere</strong></span> <span class='ocrx_word' id='word_1_938' title='bbox 2551 4942 2760 4994; x_wconf 87' lang='lat' dir='ltr'><strong>corpus</strong></span> <span class='ocrx_word' id='word_1_939' title='bbox 2791 4930 2846 4977; x_wconf 89' lang='lat' dir='ltr'><strong>et</strong></span> <span class='ocrx_word' id='word_1_940' title='bbox 2871 4924 3103 4994; x_wconf 83' lang='lat' dir='ltr'><strong>sanguis</strong></span> <span class='ocrx_word' id='word_1_941' title='bbox 3129 4923 3260 4994; x_wconf 74' lang='lat' dir='ltr'><strong>.lesu</strong></span> <span class='ocrx_word' id='word_1_942' title='bbox 3291 4923 3516 4978; x_wconf 89' lang='lat' dir='ltr'><strong>Christi.</strong></span> <span class='ocrx_word' id='word_1_943' title='bbox 3569 4928 3640 4978; x_wconf 81' lang='lat' dir='ltr'><strong>At</strong></span> 
     </span>
    </p>
   </div>
   <div class='ocr_carea' id='block_1_125' title="bbox 1944 4993 3635 5066">
    <p class='ocr_par' dir='ltr' id='par_1_125' title="bbox 1944 4993 3635 5066">
     <span class='ocr_line' id='line_1_126' title="bbox 1944 4993 3635 5066; baseline -0.002 -15"><span class='ocrx_word' id='word_1_944' title='bbox 1944 5003 2074 5051; x_wconf 86' lang='lat' dir='ltr'><strong>vero</strong></span> <span class='ocrx_word' id='word_1_945' title='bbox 2104 5013 2234 5051; x_wconf 92' lang='lat' dir='ltr'><strong>cum</strong></span> <span class='ocrx_word' id='word_1_946' title='bbox 2269 4997 2555 5066; x_wconf 89' lang='lat' dir='ltr'><strong>objectum</strong></span> <span class='ocrx_word' id='word_1_947' title='bbox 2588 4993 2719 5048; x_wconf 85' lang='lat' dir='ltr'><strong>ﬁdei</strong></span> <span class='ocrx_word' id='word_1_948' title='bbox 2759 4995 2818 5046; x_wconf 89' lang='lat' dir='ltr'><strong>in</strong></span> <span class='ocrx_word' id='word_1_949' title='bbox 2853 4993 3203 5047; x_wconf 86' lang='lat' dir='ltr'><strong>Eucharistia</strong></span> <span class='ocrx_word' id='word_1_950' title='bbox 3239 5009 3351 5047; x_wconf 90' lang='lat' dir='ltr'><strong>non</strong></span> <span class='ocrx_word' id='word_1_951' title='bbox 3399 4995 3462 5048; x_wconf 92' lang='lat' dir='ltr'><strong>ﬁt</strong></span> <span class='ocrx_word' id='word_1_952' title='bbox 3493 4994 3635 5048; x_wconf 89' lang='lat' dir='ltr'><strong>sim-</strong></span> 
     </span>
    </p>
   </div>
   <div class='ocr_carea' id='block_1_126' title="bbox 1944 5068 3638 5138">
    <p class='ocr_par' dir='ltr' id='par_1_126' title="bbox 1944 5068 3638 5138">
     <span class='ocr_line' id='line_1_127' title="bbox 1944 5068 3638 5138; baseline -0.002 -17"><span class='ocrx_word' id='word_1_953' title='bbox 1944 5070 2171 5138; x_wconf 87' lang='lat' dir='ltr'><strong>pliciter</strong></span> <span class='ocrx_word' id='word_1_954' title='bbox 2221 5069 2278 5120; x_wconf 91' lang='lat' dir='ltr'><strong>in</strong></span> <span class='ocrx_word' id='word_1_955' title='bbox 2337 5068 2542 5138; x_wconf 89' lang='lat' dir='ltr'><strong>ﬁgura,</strong></span> <span class='ocrx_word' id='word_1_956' title='bbox 2593 5079 2999 5138; x_wconf 81' lang='lat' dir='ltr'><strong>recognoscere</strong></span> <span class='ocrx_word' id='word_1_957' title='bbox 3051 5078 3281 5138; x_wconf 78' lang='lat' dir='ltr'><strong>necesse</strong></span> <span class='ocrx_word' id='word_1_958' title='bbox 3311 5070 3399 5138; x_wconf 80' lang='lat' dir='ltr'><strong>est</strong></span> <span class='ocrx_word' id='word_1_959' title='bbox 3430 5081 3638 5138; x_wconf 87' lang='lat' dir='ltr'><strong>corpus</strong></span> 
     </span>
    </p>
   </div>
   <div class='ocr_carea' id='block_1_127' title="bbox 1944 5134 3638 5208">
    <p class='ocr_par' dir='ltr' id='par_1_127' title="bbox 1944 5134 3638 5208">
     <span class='ocr_line' id='line_1_128' title="bbox 1944 5134 3638 5208; baseline -0.001 -16"><span class='ocrx_word' id='word_1_960' title='bbox 1944 5134 2152 5192; x_wconf 84' lang='lat' dir='ltr'><strong>Christi</strong></span> <span class='ocrx_word' id='word_1_961' title='bbox 2186 5137 2340 5208; x_wconf 90' lang='lat' dir='ltr'><strong>quod</strong></span> <span class='ocrx_word' id='word_1_962' title='bbox 2364 5134 2423 5190; x_wconf 86' lang='lat' dir='ltr'><strong>in</strong></span> <span class='ocrx_word' id='word_1_963' title='bbox 2443 5135 2714 5208; x_wconf 82' lang='lat' dir='ltr'><strong>mysterio</strong></span> <span class='ocrx_word' id='word_1_964' title='bbox 2741 5134 3214 5208; x_wconf 83' lang='lat' dir='ltr'><strong>credim_us,quod</strong></span> <span class='ocrx_word' id='word_1_965' title='bbox 3246 5142 3331 5208; x_wconf 85' lang='lat' dir='ltr'><strong>est</strong></span> <span class='ocrx_word' id='word_1_966' title='bbox 3351 5134 3638 5205; x_wconf 78' lang='lat' dir='ltr'><strong>objectum</strong></span> 
     </span>
    </p>
   </div>
   <div class='ocr_carea' id='block_1_128' title="bbox 1946 5204 3636 5275">
    <p class='ocr_par' dir='ltr' id='par_1_128' title="bbox 1946 5204 3636 5275">
     <span class='ocr_line' id='line_1_129' title="bbox 1946 5204 3636 5275; baseline -0.001 -13"><span class='ocrx_word' id='word_1_967' title='bbox 1946 5210 2099 5275; x_wconf 88' lang='lat' dir='ltr'><strong>ﬁdei,</strong></span> <span class='ocrx_word' id='word_1_968' title='bbox 2134 5204 2248 5261; x_wconf 75' lang='lat' dir='ltr'><strong>non</strong></span> <span class='ocrx_word' id='word_1_969' title='bbox 2281 5208 2360 5261; x_wconf 90' lang='lat' dir='ltr'><strong>ibi</strong></span> <span class='ocrx_word' id='word_1_970' title='bbox 2409 5204 2745 5273; x_wconf 89' lang='lat' dir='ltr'><strong>simpliciter</strong></span> <span class='ocrx_word' id='word_1_971' title='bbox 2774 5204 2914 5257; x_wconf 88' lang='lat' dir='ltr'><strong>etin</strong></span> <span class='ocrx_word' id='word_1_972' title='bbox 2946 5205 3130 5274; x_wconf 86' lang='lat' dir='ltr'><strong>ﬁgura</strong></span> <span class='ocrx_word' id='word_1_973' title='bbox 3161 5204 3489 5270; x_wconf 84' lang='lat' dir='ltr'><strong>consistere,</strong></span> <span class='ocrx_word' id='word_1_974' title='bbox 3526 5223 3636 5260; x_wconf 88' lang='lat' dir='ltr'><strong>no-</strong></span> 
     </span>
    </p>
   </div>
   <div class='ocr_carea' id='block_1_129' title="bbox 1946 5275 3641 5348">
    <p class='ocr_par' dir='ltr' id='par_1_129' title="bbox 1946 5275 3641 5348">
     <span class='ocr_line' id='line_1_130' title="bbox 1946 5275 3641 5348; baseline -0.001 -16"><span class='ocrx_word' id='word_1_975' title='bbox 1946 5285 2244 5348; x_wconf 88' lang='lat' dir='ltr'><strong>strumque</strong></span> <span class='ocrx_word' id='word_1_976' title='bbox 2312 5279 2689 5348; x_wconf 83' lang='lat' dir='ltr'><strong>Ratramnum</strong></span> <span class='ocrx_word' id='word_1_977' title='bbox 2737 5275 2907 5348; x_wconf 83' lang='lat' dir='ltr'><strong>longe</strong></span> <span class='ocrx_word' id='word_1_978' title='bbox 2960 5276 3374 5330; x_wconf 89' lang='lat' dir='ltr'><strong>alienissimum</strong></span> <span class='ocrx_word' id='word_1_979' title='bbox 3414 5293 3641 5348; x_wconf 89' lang='lat' dir='ltr'><strong>semper</strong></span> 
     </span>
    </p>
   </div>
   <div class='ocr_carea' id='block_1_130' title="bbox 1944 5345 3636 5416">
    <p class='ocr_par' dir='ltr' id='par_1_130' title="bbox 1944 5345 3636 5416">
     <span class='ocr_line' id='line_1_131' title="bbox 1944 5345 3636 5416; baseline -0.002 -13"><span class='ocrx_word' id='word_1_980' title='bbox 1944 5350 2116 5404; x_wconf 55' lang='lat' dir='ltr'><strong>fuisse</strong></span> <span class='ocrx_word' id='word_1_981' title='bbox 2138 5345 2206 5401; x_wconf 78' lang='lat' dir='ltr'><strong>ab</strong></span> <span class='ocrx_word' id='word_1_982' title='bbox 2238 5348 2342 5401; x_wconf 85' lang='lat' dir='ltr'><strong>hac</strong></span> <span class='ocrx_word' id='word_1_983' title='bbox 2362 5345 2644 5400; x_wconf 85' lang='lat' dir='ltr'><strong>sententia</strong></span> <span class='ocrx_word' id='word_1_984' title='bbox 2667 5346 2912 5416; x_wconf 90' lang='lat' dir='ltr'><strong>partium</strong></span> <span class='ocrx_word' id='word_1_985' title='bbox 2948 5348 3392 5402; x_wconf 87' lang='lat' dir='ltr'><strong>Prostetantum.</strong></span> <span class='ocrx_word' id='word_1_986' title='bbox 3448 5345 3636 5402; x_wconf 79' lang='lat' dir='ltr'><strong>Enim-</strong></span> 
     </span>
    </p>
   </div>
   <div class='ocr_carea' id='block_1_131' title="bbox 1945 5417 3640 5488">
    <p class='ocr_par' dir='ltr' id='par_1_131' title="bbox 1945 5417 3640 5488">
     <span class='ocr_line' id='line_1_132' title="bbox 1945 5417 3640 5488; baseline -0.002 -15"><span class='ocrx_word' id='word_1_987' title='bbox 1945 5436 2078 5473; x_wconf 86' lang='lat' dir='ltr'><strong>vero</strong></span> <span class='ocrx_word' id='word_1_988' title='bbox 2108 5435 2214 5471; x_wconf 90' lang='lat' dir='ltr'><strong>noc</strong></span> <span class='ocrx_word' id='word_1_989' title='bbox 2242 5417 2606 5488; x_wconf 85' lang='lat' dir='ltr'><strong>participium</strong></span> <span class='ocrx_word' id='word_1_990' title='bbox 2659 5424 3052 5486; x_wconf 58' lang='lat' dir='ltr'><strong>reprasentans</strong></span> <span class='ocrx_word' id='word_1_991' title='bbox 3112 5435 3227 5472; x_wconf 90' lang='lat' dir='ltr'><strong>non</strong></span> <span class='ocrx_word' id='word_1_992' title='bbox 3255 5419 3541 5488; x_wconf 86' lang='lat' dir='ltr'><strong>signiﬁcat</strong></span> <span class='ocrx_word' id='word_1_993' title='bbox 3562 5418 3640 5472; x_wconf 88' lang='lat' dir='ltr'><strong>ibi</strong></span> 
     </span>
    </p>
   </div>
   <div class='ocr_carea' id='block_1_132' title="bbox 1947 5487 3636 5562">
    <p class='ocr_par' dir='ltr' id='par_1_132' title="bbox 1947 5487 3636 5562">
     <span class='ocr_line' id='line_1_133' title="bbox 1947 5487 3636 5562; baseline -0.001 -19"><span class='ocrx_word' id='word_1_994' title='bbox 1947 5490 2094 5562; x_wconf 90' lang='lat' dir='ltr'><strong>quod</strong></span> <span class='ocrx_word' id='word_1_995' title='bbox 2124 5487 2662 5562; x_wconf 70' lang='lat' dir='ltr'><strong>verbumexhibere</strong></span> <span class='ocrx_word' id='word_1_996' title='bbox 2695 5494 2752 5540; x_wconf 87' lang='lat' dir='ltr'><strong>et</strong></span> <span class='ocrx_word' id='word_1_997' title='bbox 2782 5488 2978 5542; x_wconf 89' lang='lat' dir='ltr'><strong>sistere</strong></span> <span class='ocrx_word' id='word_1_998' title='bbox 3005 5487 3339 5562; x_wconf 71' lang='lat' dir='ltr'><strong>pi&#39;iesentem</strong></span> <span class='ocrx_word' id='word_1_999' title='bbox 3380 5506 3480 5543; x_wconf 90' lang='lat' dir='ltr'><strong>seu</strong></span> <span class='ocrx_word' id='word_1_1000' title='bbox 3521 5504 3636 5562; x_wconf 79' lang='lat' dir='ltr'><strong>rem</strong></span> 
     </span>
    </p>
   </div>
   <div class='ocr_carea' id='block_1_133' title="bbox 1945 5558 3640 5632">
    <p class='ocr_par' dir='ltr' id='par_1_133' title="bbox 1945 5558 3640 5632">
     <span class='ocr_line' id='line_1_134' title="bbox 1945 5558 3640 5632; baseline -0.003 -18"><span class='ocrx_word' id='word_1_1001' title='bbox 1945 5558 2286 5632; x_wconf 63' lang='lat' dir='ltr'><strong>praesentem</strong></span> <span class='ocrx_word' id='word_1_1002' title='bbox 2329 5558 2930 5632; x_wconf 52' lang='lat' dir='ltr'><strong>efﬁcaciterpragstare</strong></span> <span class='ocrx_word' id='word_1_1003' title='bbox 2961 5565 3038 5632; x_wconf 88' lang='lat' dir='ltr'><strong>_et</strong></span> <span class='ocrx_word' id='word_1_1004' title='bbox 3073 5559 3311 5632; x_wconf 69' lang='lat' dir='ltr'><strong>reddere</strong></span> <span class='ocrx_word' id='word_1_1005' title='bbox 3344 5575 3357 5612; x_wconf 88' lang='lat'>:</span> <span class='ocrx_word' id='word_1_1006' title='bbox 3394 5558 3640 5632; x_wconf 61' lang='lat' dir='ltr'><strong>exempli</strong></span> 
     </span>
    </p>
   </div>
   <div class='ocr_carea' id='block_1_134' title="bbox 1991 5629 3641 5698">
    <p class='ocr_par' dir='ltr' id='par_1_134' title="bbox 1991 5629 3641 5698">
     <span class='ocr_line' id='line_1_135' title="bbox 1991 5629 3641 5698; baseline -0.004 -13"><span class='ocrx_word' id='word_1_1007' title='bbox 1991 5631 2150 5698; x_wconf 81' lang='lat' dir='ltr'><strong>retia,</strong></span> <span class='ocrx_word' id='word_1_1008' title='bbox 2183 5630 2319 5684; x_wconf 89' lang='lat' dir='ltr'><strong>dum</strong></span> <span class='ocrx_word' id='word_1_1009' title='bbox 2351 5629 2410 5683; x_wconf 93' lang='lat' dir='ltr'><strong>in</strong></span> <span class='ocrx_word' id='word_1_1010' title='bbox 2445 5629 2694 5683; x_wconf 89' lang='lat' dir='ltr'><strong>secunda</strong></span> <span class='ocrx_word' id='word_1_1011' title='bbox 2724 5629 3042 5698; x_wconf 89' lang='lat' dir='ltr'><strong>Philippica</strong></span> <span class='ocrx_word' id='word_1_1012' title='bbox 3072 5629 3152 5682; x_wconf 89' lang='lat' dir='ltr'><strong>ait</strong></span> <span class='ocrx_word' id='word_1_1013' title='bbox 3174 5631 3388 5683; x_wconf 84' lang='lat' dir='ltr'><strong>Marcus</strong></span> <span class='ocrx_word' id='word_1_1014' title='bbox 3423 5629 3641 5683; x_wconf 85' lang='lat' dir='ltr'><strong>Tullius</strong></span> 
     </span>
    </p>
   </div>
   <div class='ocr_carea' id='block_1_135' title="bbox 1948 5648 3640 5769">
    <p class='ocr_par' dir='ltr' id='par_1_135' title="bbox 1948 5648 3640 5769">
     <span class='ocr_line' id='line_1_136' title="bbox 1991 5648 3640 5698; baseline -0.004 -13"><span class='ocrx_word' id='word_1_1015' title='bbox 1991 5648 2150 5698; x_wconf 82' lang='lat' dir='ltr'><strong>retia,</strong></span> <span class='ocrx_word' id='word_1_1016' title='bbox 2183 5648 2319 5684; x_wconf 81' lang='lat' dir='ltr'><strong>dum</strong></span> <span class='ocrx_word' id='word_1_1017' title='bbox 2351 5648 2410 5683; x_wconf 78' lang='lat' dir='ltr'><strong>ID</strong></span> <span class='ocrx_word' id='word_1_1018' title='bbox 2445 5648 2694 5683; x_wconf 76' lang='lat' dir='ltr'><strong>secunda</strong></span> <span class='ocrx_word' id='word_1_1019' title='bbox 2724 5648 3042 5698; x_wconf 75' lang='lat' dir='ltr'><strong>rnulppica</strong></span> <span class='ocrx_word' id='word_1_1020' title='bbox 3072 5648 3152 5682; x_wconf 74' lang='lat' dir='ltr'><strong>81L</strong></span> <span class='ocrx_word' id='word_1_1021' title='bbox 3174 5648 3388 5683; x_wconf 81' lang='lat' dir='ltr'><strong>marcus</strong></span> <span class='ocrx_word' id='word_1_1022' title='bbox 3434 5648 3640 5683; x_wconf 71' lang='lat' dir='ltr'><strong>[uiuus</strong></span> 
     </span>
     <span class='ocr_line' id='line_1_137' title="bbox 1948 5648 3640 5769; baseline -0.004 -13"><span class='ocrx_word' id='word_1_1023' title='bbox 1948 5648 2142 5756; x_wconf 46' lang='lat' dir='ltr'><strong>Cicero</strong></span> <span class='ocrx_word' id='word_1_1024' title='bbox 2179 5701 2365 5766; x_wconf 79' lang='lat' dir='ltr'><strong>:Quin</strong></span> <span class='ocrx_word' id='word_1_1025' title='bbox 2389 5701 2552 5754; x_wconf 87' lang='lat' dir='ltr'><strong>etiam</strong></span> <span class='ocrx_word' id='word_1_1026' title='bbox 2572 5714 2765 5769; x_wconf 81' lang='lat' dir='ltr'><strong>corpus</strong></span> <span class='ocrx_word' id='word_1_1027' title='bbox 2787 5699 3011 5754; x_wconf 86' lang='lat' dir='ltr'><strong>libenter</strong></span> <span class='ocrx_word' id='word_1_1028' title='bbox 3039 5701 3339 5763; x_wconf 85' lang='lat' dir='ltr'><strong>obtulerim,</strong></span> <span class='ocrx_word' id='word_1_1029' title='bbox 3368 5701 3418 5752; x_wconf 87' lang='lat' dir='ltr'><strong>si</strong></span> <span class='ocrx_word' id='word_1_1030' title='bbox 3443 5713 3640 5767; x_wconf 77' lang='lat' dir='ltr'><strong>reprae-</strong></span> 
     </span>
    </p>
   </div>
  </div>
