3920 6224
309 320 406 368 167
1453 311 1818 366 RA'I‘RAMNI
1853 310 2309 366 COItDElENSIS
2351 310 2658 366 MONACHI
3720 317 3804 365 liii;

376 453 529 508 XCII.
586 451 803 517 Quibus
861 450 1044 518 dictis,
1103 451 1319 520 quanta
1367 446 1690 501 differentia
1736 446 1809 499 sit
1849 445 2000 499 inter
2030 448 2074 500 Α
2115 445 2573 515 poralem;quod
2603 443 3802 515 iutelligitnr,fructumhabetspiritualem.

307 557 512 611 corpus
572 541 628 594 in
675 556 788 611 quo
846 555 1049 610 passus
1107 543 1189 591 est
1217 536 1490 600 Christus,
1543 540 1599 588 et
1654 535 1760 588 hoc
1791 549 1999 604 corpus

305 631 458 700 quod
490 646 592 699 pro
613 631 738 699 ejus
769 628 1047 699 passionis
1072 625 1623 680 commemoratione
1657 625 1772 676 sive
1799 624 2003 677 mortis

307 719 398 782 sit,
468 717 892 772 evidentissime
955 715 1286 770 declaravit.
1355 715 1499 768 Illud
1557 729 1806 782 namque
1858 729 2001 782 pro-

303 806 494 876 prium
553 811 607 859 et
638 821 859 869 verum,
919 804 1064 858 nihil
1095 803 1312 857 habens
1370 802 1425 856 in
1482 818 1540 855 se
1575 803 1661 855 vel
1698 801 1997 872 mysticum

302 896 391 948 vel
435 896 784 964 ﬁguratum;
841 894 944 946 hoc
989 909 1112 945 vers
1150 892 1489 962 mysticum;
1535 891 1688 943 aliud
1753 893 2003 943 exterius

302 999 407 1054 per
465 983 712 1054 figuram
763 987 1075 1045 ostentans,
1140 981 1294 1034 aliud
1325 979 1564 1033 interius
1629 994 1731 1049 per
1779 978 2003 1032 intelle-

308 1078 460 1126 ctum
487 1071 619 1125 fidei
640 1076 1008 1141 praesentans.
1038 1069 1197 1138 (Vide
1223 1085 1370 1122 num.
1401 1067 1518 1138 91.)

377 1161 556 1215 XCIII.
590 1161 877 1213 Ponamus
918 1158 1105 1212 adhuc
1160 1174 1337 1211 unum
1372 1157 1553 1211 Patris
1588 1155 1890 1226 Augustini
1920 1159 2002 1209 tc-

306 1248 662 1316 stimonium,
746 1247 898 1318 quod
961 1251 1016 1300 et
1081 1247 1365 1300 dictorum
1424 1245 1595 1298 ﬁdem
1678 1249 2002 1297 nostrorum

308 1342 525 1390 astrnat
573 1341 629 1389 et
672 1336 950 1390 sermonis
1001 1335 1320 1405 marginem
1374 1339 1569 1405 ponat.
1630 1335 1689 1388 In
1740 1349 2006 1386 sermone

309 1441 481 1497 quem
513 1423 645 1479 fecit
671 1424 738 1478 ad
782 1424 1061 1494 populum
1129 1422 1199 1477 de
1255 1422 1624 1477 Sacrameuto
1685 1422 1880 1476 altaris
1930 1421 2007 1474 sic

307 1515 429 1568 inﬁt
462 1529 474 1567 :
507 1535 532 1561 ‹‹
567 1515 681 1568 Hoc
733 1513 885 1583 quod
927 1512 1128 1565 videtis
1178 1512 1236 1565 in
1284 1511 1450 1565 altari
1512 1510 1777 1580 Dci,jam
1835 1517 2009 1563 trans-

304 1607 426 1654 acta
471 1608 633 1655 nocte
666 1601 914 1666 vidistis;
979 1600 1078 1654 sed
1111 1600 1248 1670 quid
1283 1605 1447 1663 esset,
1481 1599 1616 1670 quid
1667 1598 1774 1652 sibi
1820 1600 2004 1660 vellet,

307 1707 476 1761 quam
510 1706 734 1760 magnas
767 1691 846 1743 rei
879 1695 1300 1742 sacramentum
1359 1689 1700 1750 contineret,
1747 1687 2002 1740 nondum

313 1778 627 1832 audivistis.
681 1777 840 1841 Quod
902 1794 1039 1846 ergo
1097 1777 1321 1843 videtis,
1379 1776 1545 1845 panis
1604 1779 1690 1828 est
1730 1779 1785 1827 et
1835 1775 1998 1841 calix,

305 1867 468 1937 quod
499 1866 657 1919 Vobis
687 1866 862 1918 etiam
896 1866 1046 1918 oculi
1076 1866 1246 1917 vestri
1279 1863 1628 1918 renuntiant.
1685 1862 1843 1927 Quot
1900 1880 1993 1916 au-

312 1961 427 2008 tem
461 1953 601 2007 fides
633 1961 820 2007 vestra
859 1955 1111 2023 postulat
1144 1952 1499 2019 instruenda,
1533 1951 1696 2021 panis
1745 1955 1832 2004 est
1871 1966 2000 2002 cor-

309 2060 416 2114 pus
449 2043 674 2106 Christi,
703 2044 844 2096 calix
879 2048 964 2095 est
1011 2042 1243 2112 sanguis
1301 2040 1533 2094 Christi.
1589 2039 1846 2094 Breviter
1873 2038 1999 2109 qui-

308 2133 437 2186 dem
468 2131 573 2185 hoc
603 2131 815 2185 dictum
853 2136 954 2196 est,
990 2131 1142 2200 quod
1199 2129 1330 2184 ﬁdei
1388 2130 1533 2183 forte
1596 2128 1869 2194 sufficiat;
1907 2128 2000 2180 sed

308 2220 448 2274 ﬁdes
473 2220 905 2273 instructionem
955 2219 1258 2273 desiderat.
1313 2218 1459 2272 Dicit
1487 2218 1642 2271 enim
1676 2217 1955 2287 propheta
1988 2233 1999 2270 :

306 2311 428 2364 Nisi
454 2310 815 2374 credideritis,
848 2325 953 2362 non
978 2308 1291 2374 intelligetis
1341 2308 1469 2376 (Isa.
1521 2323 1615 2372 vn,
1643 2309 1718 2376 9).
1761 2305 2006 2359 Potestis

306 2413 443 2466 ergo
475 2398 661 2452 dicere
699 2397 841 2451 mihi
876 2414 888 2452 :
935 2397 1256 2466 Praecepisti
1294 2402 1357 2449 ut
1423 2396 1740 2460 credamus,
1783 2411 2004 2464 expone

305 2491 368 2538 ut
398 2486 806 2555 intelligamus.
845 2487 1032 2538 Polest
1072 2484 1226 2537 enim
1288 2482 1484 2536 animo
1542 2481 1863 2551 cujuspiam
1907 2498 2004 2535 co-

303 2573 504 2642 gitatio
535 2573 658 2626 trlis
689 2571 903 2626 oboriri
936 2587 950 2625 :
1006 2572 1282 2624 Dominus
1314 2576 1502 2624 noster
1560 2570 1722 2623 Jesus
1749 2570 2004 2624 Christus

306 2660 569 2714 novimus
600 2660 753 2712 unde
784 2659 1068 2728 acceperit
1101 2674 1354 2723 carnem,
1388 2659 1457 2712 de
1514 2659 1734 2728 virgine
1794 2659 2005 2712 scilicet

305 2748 504 2815 Maria;
562 2747 752 2801 infans
805 2748 1043 2801 Iactatus
1101 2752 1204 2815 est,
1245 2747 1493 2801 nutritus
1550 2752 1653 2813 est,
1705 2748 1881 2801 crevit
1931 2749 1999 2801 ad

299 2836 613 2905 juvenilem
645 2840 873 2889 aetatem
915 2835 1225 2906 perductus
1255 2841 1359 2901 est,
1410 2836 1692 2904 aliudaais
1737 2852 2000 2906 persecu-

305 2925 519 2978 tionem
554 2941 750 2995 passus
774 2931 880 2991 est,
922 2924 1080 2994 ligno
1146 2940 1456 2995 suspensus
1496 2930 1600 2992 est,
1669 2925 2002 2978 interfectus

306 3019 412 3079 est,
446 3014 514 3067 de
546 3014 704 3082 ligno
745 3013 1039 3082 depositus
1079 3019 1183 3079 est,
1230 3014 1487 3083 sepultus
1537 3019 1638 3080 est,
1685 3013 1854 3068 tertio
1907 3013 1998 3067 die

307 3101 647 3155 ressurrexit
673 3118 686 3155 :
711 3117 824 3172 quo
855 3101 946 3155 die
979 3102 1178 3168 voluit,
1215 3102 1272 3154 in
1301 3103 1508 3155 coelum
1543 3103 1826 3167 ascendit;
1867 3103 2001 3156 illuc

306 3190 509 3243 levavit
539 3205 746 3259 corpus
777 3204 974 3256 suum;
1008 3189 1142 3243 inde
1176 3195 1447 3243 venturus
1484 3191 1579 3260 [est
1630 3190 1887 3260 judicare
1929 3191 2005 3243 vi-

308 3293 404 3330 vos
430 3283 484 3331 et
517 3283 807 3344 mortuos;
840 3277 918 3332 ibi
964 3283 1050 3331 est
1107 3277 1277 3332 modo
1340 3278 1543 3330 sedens
1576 3277 1642 3331 ad
1711 3278 2002 3331 dexteram

304 3366 817 3430 Patris.Quomodo
841 3367 1003 3437 panis
1033 3383 1242 3437 corpus
1263 3365 1426 3437 ejus?
1456 3367 1692 3435 etﬁcalix,
1729 3367 1812 3420 vel
1848 3367 2000 3438 quod

304 3455 480 3509 habet
509 3456 674 3521 calix,
709 3457 996 3526 quomodo
1028 3455 1151 3526 ejus
1203 3461 1289 3509 est
1329 3455 1607 3525 sanguis?
1635 3456 1760 3522 Ista,
1803 3455 2004 3509 fratres

303 3543 719 3615 ideojdicnntur
748 3551 1122 3612 sacramenta,
1157 3545 1292 3616 quia
1321 3544 1380 3598 in
1413 3545 1492 3598 eis
1515 3544 1666 3597 aliud
1697 3544 1921 3598 videtur
1951 3549 2006 3598 et

303 3632 460 3688 aliud
488 3633 849 3705 intelligitur:
886 3634 1041 3705 quod
1072 3633 1315 3700 videtur,
1365 3633 1613 3704 speciem
1660 3633 1833 3688 habet
1871 3649 2003 3686 cor--

302 3796 511 3847 scntari
538 3799 706 3848 morte
729 3809 846 3848 mea
869 3793 1093 3847 libertas
1116 3795 1358 3848 civitatis
1396 3797 1585 3862 potest.
1624 3794 1748 3847 Non
1774 3792 1833 3847 in
1885 3793 2002 3847 ani-

301 3880 396 3918 mo
426 3865 629 3918 habuit
679 3871 920 3918 mortem
983 3881 1144 3918 suam
1185 3865 1307 3918 fore
1339 3865 1657 3935 simplicem
1685 3864 1999 3934 imaginem

300 3942 402 3988 aut
449 3936 1021 4004 reprmsentationem
1052 3951 1286 3988 vacuam
1317 3939 1374 3988 et
1418 3941 1704 3988 carentem
1738 3937 2003 3989 libertate

303 4006 583 4069 Romana,
617 4005 712 4058 sed
747 4022 777 4058 a
809 4022 911 4058 sua
943 4012 1126 4059 morte
1169 4012 1224 4058 et
1253 4021 1386 4059 casu
1421 4006 1730 4059 efﬁcaciter
1783 4013 1839 4058 et
1872 4022 2002 4060 vere

301 4077 631 4129 restitutum
656 4075 753 4127 ibi.
791 4075 901 4128 Nec
923 4075 1162 4128 inticiari
1183 4076 1310 4145 quis
1325 4082 1512 4145 potest
1540 4077 1694 4130 hunc
1725 4092 1848 4129 esse
1879 4093 2004 4130 sen-

303 4161 429 4198 sum
464 4145 759 4198 Itatramni
803 4146 1158 4212 genuinum;
1192 4161 1322 4198 cum
1381 4162 1446 4198 ex
1497 4147 1733 4200 adverso
1771 4153 1826 4200 et
1857 4164 1886 4200 e
1918 4163 2003 4202 re-

302 4216 471 4284 giona
500 4213 672 4286 hujus
697 4215 986 4284 participii
1033 4221 1306 4270 ostentans
1354 4232 1420 4269 eo
1451 4222 1842 4286 repraesentans
1874 4224 2000 4272 utr-

303 4293 416 4358 tur,
452 4287 602 4358 quod
636 4285 836 4358 ﬁguras
880 4288 1266 4340 characterem
1309 4285 1594 4358 exprimit,
1630 4304 1760 4358 quas
1792 4289 2003 4358 simpli-

2182 535 2359 588 XCIV.
2393 535 2506 587 Ista
2546 533 2885 587 venerabilis
2917 539 3115 586 auctor
3163 533 3357 587 dicens
3409 533 3647 587 instruxit
3707 551 3805 588 nos

2115 624 2251 695 quid
2285 623 2354 677 de
2384 640 2484 693 pro
2521 622 2646 692 prio
2670 637 2910 692 corpore
2939 621 3189 689 Domini,
3223 621 3376 692 quod
3409 622 3479 675 de
3504 623 3680 676 Maria
3713 640 3804 676 na-

2114 719 2256 776 tum,
2309 717 2365 766 et
2397 727 2547 765 nunc
2598 711 2668 764 ad
2729 710 3016 764 dexteram
3055 710 3235 763 Patris
3291 711 3470 778 sedet,
3501 711 3644 764 etin
3702 729 3807 783 quo

2116 807 2388 856 venturus
2412 801 2669 870 judicare
2714 800 2871 852 vivos
2920 805 2975 852 et
3006 806 3290 865 mortuos;
3326 805 3380 853 et
3412 800 3549 870 quid
3602 800 3674 854 de
3707 801 3808 853 isto

2116 890 2269 961 quod
2301 905 2472 960 super
2502 890 2680 943 altare
2737 889 2970 959 ponitur
3028 895 3083 940 et
3122 889 3338 958 populo
3404 889 3804 959 participatur,

2115 978 2326 1032 sentire
2390 977 2719 1031 debeamus.
2767 977 2911 1030 Illud
2966 976 3254 1046 integrum
3310 981 3416 1044 est,
3468 993 3663 1048 neque
3701 979 3810 1031 ulla

2115 1065 2365 1119 sectione
2396 1063 2686 1128 dividitur,
2741 1079 2844 1116 nec
2887 1063 3018 1116 ullis
3077 1062 3275 1132 figuris
3323 1064 3675 1133 obvelatur;
3711 1064 3809 1117 hoc

2114 1170 2248 1208 vero
2281 1153 2432 1224 quod
2487 1168 2656 1223 supra
2687 1167 2941 1205 mensam
2996 1151 3219 1205 Domini
3251 1152 3593 1217 continetur,
3657 1158 3715 1207 et
3745 1153 3807 1207 fi—

2115 1257 2256 1311 gura
2288 1245 2392 1305 est,
2427 1240 2562 1311 quia
2605 1245 3023 1294 sacramentum
3083 1246 3198 1307 est;
3251 1245 3307 1294 et
3349 1243 3602 1295 exterius
3658 1242 3811 1313 quod

2115 1331 2358 1394 videtur,
2394 1345 2662 1400 specenm
2694 1329 2866 1384 habet
2909 1345 3238 1398 corpoream
3291 1345 3420 1400 quae
3453 1331 3635 1400 pascit
3694 1347 3810 1384 cor-

2115 1434 2224 1488 pus
2266 1427 2325 1472 ει
2360 1418 2600 1472 interius
2633 1433 2764 1472 vero
2821 1418 2974 1488 quod
2999 1418 3362 1488 intelligitur,
3409 1419 3665 1474 fructum
3710 1421 3810 1474 ha—

2117 1507 2210 1560 bet
2240 1507 2596 1578 spiritualem
2627 1506 2726 1578 qui
2757 1507 3003 1560 vivificat
3023 1506 3304 1562 animam.
3636 1559 3642 1563 _

2187 1597 2334 1650 XCV.
2368 1598 2434 1649 Et
2481 1597 2551 1650 de
2611 1597 2716 1649 hoc
2773 1597 3008 1666 mystico
3060 1613 3295 1666 corpore
3324 1596 3520 1649 volens
3554 1597 3809 1667 apertius

2117 1691 2172 1739 et
2221 1685 2575 1739 manifestius
2642 1686 2823 1755 loqui,
2875 1686 2951 1738 sic
3006 1685 3144 1739 dicit
3195 1686 3253 1738 in
3319 1685 3812 1755 consequentibus

2115 1774 2298 1843 (Ibid,
2333 1773 2391 1826 in
2424 1774 2566 1841 tiue;
2608 1776 2765 1842 epist.
2801 1775 2856 1828 S.
2896 1773 3171 1841 Fulgentii
3191 1773 3264 1826 ad
3280 1775 3638 1829 Fer-nandum
3693 1775 3811 1827 dia-

2111 1863 2320 1930 conum)
2357 1878 2368 1915 :
2406 1883 2432 1910 «
2467 1863 2686 1931 Corpus
2737 1877 2873 1930 ergo
2905 1862 3112 1915 Christi
3147 1862 3193 1914 si
3226 1862 3395 1916 vultis
3455 1863 3810 1930 intelligere,

2111 1951 2446 2020 Apostolnm
2475 1951 2666 2004 audite
2689 1951 2971 2003 dicentem
3009 1967 3020 2003 :
3066 1952 3166 2004 Vos
3195 1953 3323 2004 estis
3353 1966 3548 2018 corpus
3599 1952 3812 2005 Christi

2111 2045 2160 2094 et
2189 2040 2425 2093 membra
2458 2041 2511 2104 (Ι
2559 2041 2676 2095 Cor.
2730 2055 2827 2104 xu,
2879 2040 3000 2107 27);
3044 2041 3374 2109 mysterium
3436 2047 3696 2094 vestrum
3762 2043 3812 2093 in

2113 2145 2310 2182 mensa
2341 2129 2562 2182 Domini
2597 2128 2842 2198 positum
2885 2136 2989 2193 est,
3031 2127 3363 2197 mysterium
3422 2133 3682 2183 vestrum
3737 2147 3816 2183 ac-

2113 2217 2317 2287 cipitis.
2353 2217 2435 2271 Ad
2466 2217 2521 2272 id
2571 2219 2722 2287 quod
2763 2216 2914 2283 es‘is,
2967 2219 3138 2271 Amen
3175 2217 3558 2287 respondetis;
3619 2224 3678 2272 et
3731 2236 3814 2272 re-

2114 2307 2450 2378 spondendo
2482 2305 2853 2368 subscribitis,
2882 2305 3057 2358 Audis
3110 2321 3266 2375 ergo,
3328 2307 3531 2372 Corpus
3584 2307 3812 2370 Christi,

2114 2401 2170 2450 ct
2200 2397 2566 2466 respondens.
2601 2397 2790 2460 Amen,
2833 2400 2952 2447 esto
2994 2394 3314 2447 membrum
3361 2394 3621 2462 corporis
3656 2396 3818 2448 Chri-

2114 2485 2206 2551 sti,
2243 2490 2301 2538 ut
2341 2499 2537 2536 verum
2562 2484 2634 2536 sit
2663 2485 2852 2537 Amen.
2902 2483 3086 2546 Quare
3130 2499 3268 2552 ergo
3295 2483 3351 2536 in
3410 2482 3597 2553 pane?
3665 2485 3814 2538 Nihil

2113 2572 2204 2625 hic
2235 2572 2303 2625 de
2335 2577 2531 2625 nostro
2563 2571 2897 2634 efferamus;
2932 2571 3120 2640 ipsum
3149 2571 3479 2639 Apostolum
3519 2571 3814 2626 dicentem

2111 2661 2434 2724 audiamus,
2469 2676 2596 2713 cum
2643 2659 2711 2713 de
2743 2659 2850 2712 isto
2877 2663 3232 2712 sacramento
3267 2660 3625 2728 loqueretur,
3697 2661 3812 2714 ait:

2119 2753 2265 2806 (Inus
2307 2752 2493 2818 panis,
2553 2763 2718 2802 unum
2790 2762 2982 2817 corpus
3038 2749 3199 2802 multi
3234 2762 3418 2802 sumus
3457 2747 3518 2801 iu
3579 2750 3815 2803 Christo

2114 2838 2165 2909 (Ι
2183 2841 2310 2892 Cor.
2341 2854 2396 2903 x,
2423 2839 2531 2908 t7),
2566 2859 2591 2885 »
2626 2843 2682 2892 et
2713 2837 2952 2907 reliqua.

2182 2928 2357 2982 XCVI.
2389 2929 2628 2980 Sanctus
2659 2926 3014 2996 Augustinus
3045 2925 3182 2979 satis
3213 2941 3316 2979 nos
3364 2925 3596 2979 instruit
3655 2928 3815 2998 quod

2033 3047 2073 3100 Ο
2113 3017 2256 3070 sicut
2311 3016 2371 3070 in
2418 3032 2565 3087 pane
2619 3030 2790 3085 super
2840 3016 3012 3068 altare
3061 3014 3312 3084 positum
3391 3030 3599 3084 corpus
3653 3018 3821 3072 Chri-

2112 3106 2182 3159 sti
2239 3105 2520 3175 signatur,
2571 3102 2650 3158 sic
2709 3103 2881 3156 etiam
2944 3107 3001 3156 et
3054 3118 3261 3172 corpus
3319 3103 3661 3173 accipientis
3718 3122 3816 3176 po-

2111 3194 2254 3266 puli,
2313 3199 2373 3247 ut
2457 3192 2750 3247 evidenter
2815 3191 3074 3245 ostendat
3129 3191 3282 3262 quod
3349 3207 3555 3262 corpus
3603 3195 3819 3248 Christi

2111 3282 2415 3353 proprium
2446 3283 2582 3336 illud
2609 3281 2823 3343 existat,
2861 3281 2918 3334 in
2958 3297 3071 3352 quo
3120 3280 3379 3345 Iactatus,
3411 3282 3471 3334 in
3501 3297 3616 3351 quo
3685 3300 3820 3353 pas-

2112 3388 2227 3433 sus,
2257 3371 2315 3424 in
2351 3387 2464 3441 quo
2498 3375 2776 3436 mortuus,
2807 3371 2862 3424 in
2890 3385 3003 3440 quo
3040 3369 3319 3439 sepultus,
3359 3369 3418 3422 in
3456 3384 3571 3440 quo
3623 3386 3821 3425 resur-

2111 3460 2274 3525 rexit,
2306 3459 2365 3512 in
2399 3475 2512 3528 quo
2544 3460 2715 3511 C(BIOS
2745 3457 3016 3523 ascendit,
3049 3458 3110 3510 in
3141 3473 3254 3528 quo
3276 3458 3457 3510 Patris
3514 3458 3581 3511 ad
3617 3460 3820 3513 dexte-

2111 3563 2233 3600 ram
2265 3547 2451 3613 sedet;
2514 3546 2572 3599 in
2605 3561 2719 3616 quo
2760 3551 3034 3600 venturus
3063 3551 3148 3599 est
3186 3546 3258 3600 ad
3298 3547 3605 3617 judicium.
3645 3550 3673 3590 b
3709 3550 3822 3602 Hoc

2113 3641 2306 3690 autem
2331 3635 2485 3706 quod
2515 3651 2688 3706 supra
2717 3651 2976 3690 mensam
3010 3635 3369 3690 Dominicam
3401 3636 3659 3706 positum
3707 3643 3815 3706 est,

2111 3809 2210 3847 cus
2240 3809 2303 3847 ac
2330 3793 2576 3863 ﬁguram
2624 3793 2938 3847 solitariam
2997 3793 3196 3864 populi
3234 3793 3446 3860 ﬁdelis;
3491 3795 3591 3848 sed
3624 3797 3818 3849 solum

2113 3866 2368 3934 corporis
2398 3864 2606 3919 Christi
2628 3870 2679 3918 et
2712 3865 2914 3934 populi
2937 3864 3117 3919 fidelis
3157 3866 3402 3934 ﬁguram
3459 3865 3768 3921 incurrere
3805 3884 3815 3920 :

2111 3942 2169 3989 et
2193 3936 2298 3989 hoc
2344 3938 2479 3988 satis
2511 3942 2594 3989 est
2642 3937 2950 3988 [latramuo
2999 3942 3060 3989 ut
3103 3938 3254 4005 quod
3317 3937 3510 3989 animo
3561 3937 3824 3991 intendit

2111 4007 2483 4076 comprobare
2515 4007 2723 4076 possit;
2772 4007 2983 4060 scilicet
3030 4013 3210 4060 totum
3245 4007 3393 4076 quod
3427 4007 3485 4060 in
3536 4011 3822 4078 mysterio

2112 4084 2217 4144 est,
2251 4094 2367 4131 non
2416 4094 2536 4130 esse
2571 4082 2631 4130 ut
2663 4078 2838 4131 oculis
2884 4078 3091 4131 nostris
3137 4079 3438 4145 subjicitur
3460 4084 3516 4131 et
3545 4088 3818 4149 apparet,

2113 4149 2209 4202 sed
2237 4149 2471 4217 insuper
2501 4149 2754 4218 aliquam
2785 4150 3180 4220 superimponi
3214 4151 3458 4219 figuram
3498 4153 3557 4202 et
3579 4167 3821 4220 expres-

2111 4236 2232 4273 sam
2288 4219 2621 4288 imaginem.
2671 4219 2903 4273 Interim
2937 4236 3068 4273 vero
3125 4235 3257 4273 cum
3335 4219 3827 4275 animadverterit

2116 4290 2222 4344 hos
2281 4290 2508 4344 dicendi
2562 4296 2618 4343 et
2650 4290 2930 4343 scribendi
2980 4290 3174 4344 modos
3228 4291 3568 4360 quibusdam
3637 4295 3825 4346 videri

301 4357 445 4430 ci_t_er
468 4349 730 4430 'format
751 4355 1096 4430 __imaginem
1182 4362 1238 4410 et
1285 4349 1428 4412 nihil
1487 4349 1685 4413 revera
1750 4349 2001 4430 praisens
2034 4349 2077 4403 Β
2116 4377 2281 4430 posse
2313 4361 2570 4415 duriores
2592 4367 2650 4414 et
2678 4361 3107 4430 salebrosiores,
3144 4366 3200 4414 et
3231 4349 3334 4414 sub
3365 4361 3821 4430 intelligentiam

304 4426 608 4480 efﬁcaciter
631 4425 834 4479 reddit.

369 4499 633 4552 alInterius
665 4512 787 4550 vero
811 4497 955 4564 quod
997 4498 1321 4566 intelligitur
1374 4501 1616 4566 fructum
1655 4499 1812 4554 habet
1883 4503 2000 4568 spi-

300 4570 555 4622 ritualem
585 4570 681 4636 qui
698 4569 938 4641 vioi'ﬁcat
958 4571 1222 4623 animam.
1261 4570 1384 4624 Non
1413 4571 1566 4641 quod
1609 4571 1849 4624 interius
1913 4574 2000 4625 in-

299 4641 583 4708 telligitur
605 4655 725 4694 esse
756 4639 1005 4693 fructum
1040 4639 1544 4708 spiritualemfsed
1571 4642 1814 4706 fructum
1844 4643 2004 4697 habet

299 4711 662 4779 spiritualem.
734 4711 874 4783 Nam
913 4727 1120 4783 corpus
1151 4711 1359 4783 Christi
1429 4712 1580 4782 quod
1618 4729 1813 4767 revera
1852 4731 2000 4783 pra».-

299 4798 429 4836 sens
457 4788 540 4836 est
567 4783 670 4835 sub
703 4782 838 4835 velis
869 4782 1125 4851 corporis
1154 4782 1414 4835 sensibus
1443 4784 1731 4852 subjectis,
1786 4785 2002 4839 scilicet

299 4853 462 4922 panis
511 4859 569 4907 et
616 4853 733 4906 vini
760 4853 1078 4923 speciebus,
1121 4869 1255 4924 non
1279 4853 1390 4924 alit
1417 4854 1669 4908 animam
1728 4871 1832 4924 per
1862 4871 1999 4909 con-

299 4924 622 4977 versionem
673 4940 792 4977 suae
849 4923 1183 4977 substantia
1242 4923 1391 4977 sicut
1463 4931 1666 4978 caetera
1725 4923 2000 4979 alimenta

301 4994 862 5066 ordinariacorpora
904 5000 1097 5048 nostra
1153 5000 1497 5062 sustentant,
1549 4997 1643 5049 sed
1675 5012 1776 5066 per
1821 4996 1998 5050 virtu-

299 5069 414 5135 tem
449 5064 615 5118 Verbi
637 5065 813 5118 divini
834 5070 1202 5135 aggregatam
1232 5068 1544 5135 gratiarum
1575 5064 1998 5120 accessionibus

299 5134 542 5209 inﬁnitis
571 5136 846 5197 cumulat,
881 5143 932 5188 et
954 5134 1342 5209 innocentiam
1362 5138 1577 5203 fovens,
1633 5144 1997 5209 peccatorum

299 5205 695 5258 remissionem
729 5211 961 5275 praestat
983 5212 1039 5259 et
1067 5206 1302 5263 format.

366 5279 392 5319 ι)
426 5277 536 5329 Hoc
565 5281 742 5348 autem
797 5276 942 5343 quod
976 5292 1146 5346 supra
1189 5295 1426 5332 mensam
1487 5280 1699 5334 Domini
1759 5281 1994 5348 positum

297 5352 394 5412 est,
428 5354 528 5399 etc.
564 5346 720 5400 Idem
769 5348 978 5415 repetit
1038 5364 1174 5402 nun.
1210 5351 1277 5403 98
1311 5366 1322 5402 :
1376 5353 1450 5404 At
1481 5352 1539 5403 in
1577 5353 1678 5403 isto
1719 5346 1864 5416 quod
1901 5366 1998 5418 per

295 5419 585 5484 myrtetum
614 5419 844 5483 geritur,
885 5421 1063 5484 ﬁgura
1091 5425 1168 5473 est
1196 5436 1302 5472 non
1357 5421 1526 5474 solum
1556 5423 1771 5488 proprii
1807 5437 1994 5489 corpo-

297 5491 374 5559 ris
409 5489 635 5559 Christi,
671 5503 869 5559 rerum
904 5491 1068 5542 etiam
1091 5493 1355 5544 credentis
1382 5495 1438 5544 in
1468 5493 1751 5544 Christum
1778 5492 1989 5559 pepuli.

298 5558 422 5631 Non
451 5558 547 5618 ait,
581 5557 642 5611 in
671 5557 779 5631 hoc
808 5574 1051 5628 corpore
1077 5561 1230 5630 quod
1261 5577 1361 5630 per
1383 5562 1718 5631 mysterium
1751 5557 1994 5615 habetur

300 5629 480 5682 solam
515 5643 638 5682 esse
670 5630 915 5700 figuram
950 5629 1165 5701 proprii
1192 5629 1454 5702 corporis
1477 5631 1708 5698 Christi,
1761 5647 1872 5686 non
1905 5648 1990 5684 se-

2112 4424 2393 4502 projicere
2425 4448 2618 4485 verum
2677 4424 2883 4501 corpus
2938 4424 3333 4486 Iesu-Christi
3394 4438 3509 4486 tam
3550 4424 3822 4486 alienum

2112 4519 2232 4556 esse
2266 4503 2334 4556 ab
2358 4503 2710 4556 Eucharistia
2739 4518 2913 4572 quam
2944 4518 3149 4572 corpus
3190 4503 3378 4572 ipsum
3437 4505 3640 4572 populi
3682 4506 3826 4559 Iide-

2113 4575 2201 4639 lis,
2233 4575 2312 4626 sic
2342 4574 2494 4628 fatur
2533 4589 2693 4626 num.
2735 4575 2854 4640 tOI,
2915 4575 3203 4642 explicans
3261 4577 3512 4626 mentem
3573 4590 3752 4628 suam
3809 4593 3820 4628 :

2110 4647 2217 4700 Nec
2257 4644 2375 4698 ideo
2436 4646 2692 4712 quoniam
2729 4646 2837 4697 ista
2893 4643 3140 4708 dicimus,
3190 4649 3409 4711 putetur
3462 4647 3521 4696 in
3554 4650 3827 4711 mysterio

2109 4720 2441 4769 sacramenti
2468 4718 2705 4783 corporis
2739 4717 2972 4779 Domini,
3015 4716 3096 4766 vel
3144 4717 3465 4782 sanguinem
3495 4717 3682 4783 ipsius
3717 4734 3826 4771 non

2109 4804 2142 4838 a
2166 4786 2415 4854 ﬁdelibus
2461 4787 2621 4839 sumi.
2658 4786 2970 4840 Observare
3001 4785 3178 4838 etiam
3209 4801 3352 4854 Opus
3383 4790 3470 4838 est
3513 4789 3828 4855 appellare

2110 4873 2318 4925 corpus
2361 4857 2417 4908 in
2435 4857 2589 4926 quod
2607 4855 2862 4909 Christus
2883 4872 3090 4925 panem
3111 4857 3485 4910 commutavit
3511 4861 3568 4910 et
3583 4857 3826 4916 vinum.

2109 4927 2167 4980 in
2215 4927 2577 4980 institutione
2609 4927 2779 4995 hujus
2819 4927 3179 4992 sacramenti,
3239 4943 3448 4996 corpus
3507 4932 3825 4997 proprium

2109 4998 2260 5066 quod
2295 5013 2594 5067 passurum
2631 5003 2772 5062 erat,
2805 5003 2869 5050 ut
2901 4998 3141 5050 habetur
3168 5013 3408 5050 numero
3455 5001 3545 5064 '28,
3593 5016 3783 5069 supra
3815 5018 3826 5054 :

2108 5069 2259 5122 Sicut
2310 5083 2434 5133 ergo
2485 5070 2648 5136 paulo
2686 5073 2974 5135 antequam
2992 5075 3293 5136 pateretur,
3355 5072 3518 5136 panis
3551 5071 3831 5124 substan-

2109 5141 2242 5192 tiam
2270 5144 2319 5192 et
2348 5141 2466 5190 vini
2495 5144 2799 5192 creaturam
2847 5144 3149 5192 convertere
3203 5141 3380 5207 potuit
3433 5141 3490 5191 in
3528 5145 3828 5208 praprium

2106 5224 2298 5277 corpus
2328 5209 2472 5276 quod
2511 5224 2799 5276 passurum
2835 5215 2970 5263 erat.
3008 5209 3254 5263 Dubium
3287 5208 3552 5262 subolere
3595 5213 3830 5265 nemini

2105 5279 2323 5333 homini
2355 5279 2580 5332 erudito
2604 5285 2787 5348 potest
2817 5282 2957 5349 quin
2989 5280 3094 5333 sibi
3125 5280 3474 5349 persuaserit
3523 5286 3580 5333 et
3626 5285 3826 5336 credi-

2105 5351 2253 5404 derit
2292 5349 2655 5415 Ratramnus,
2688 5353 2988 5420 proprium
3022 5367 3229 5418 corpus
3255 5351 3381 5404 Iesu
3416 5350 3651 5418 Christi,
3704 5355 3828 5407 sive

2105 5426 2302 5474 natum
2338 5421 2405 5473 de
2441 5421 2669 5490 Virgine
2709 5426 2768 5474 et
2790 5421 2944 5474 cruci
2970 5422 3230 5487 afﬁxum,
3262 5421 3321 5474 in
3372 5423 3649 5490 mysterio
3704 5425 3826 5478 En-

2103 5492 2389 5545 charistiaz
2411 5493 2744 5563 consistere,
2772 5493 2999 5545 tametsi
3024 5491 3406 5563 permanserit
3428 5495 3484 5545 in
3512 5493 3820 5563 suasione,

2103 5563 2254 5632 quod
2288 5561 2567 5632 quidquid
2609 5562 2787 5616 oculis
2847 5561 3056 5617 nostris
3113 5562 3414 5632 subjicitur
3444 5563 3506 5616 in
3565 5565 3675 5618 hoc
3727 5561 3821 5620 sa?-

2101 5639 2393 5686 crameuto
2443 5637 2500 5686 et
2536 5649 2745 5702 corpus
2784 5633 2990 5688 Christi
3041 5636 3428 5702 muncupatur
3481 5634 3610 5704 ejus
3661 5643 3823 5695 esset
