3920 6224
136 421 221 467 ttat)
1225 422 1313 477 DE
1356 422 1681 478 CORPORE
1736 425 1823 479 ET
1862 424 2207 478 SANGUINE
2250 423 2509 478 DOMINI.
3524 433 3617 481 I70

124 548 448 617 mysterium
520 550 786 605 continet
834 549 1008 615 illius,
1075 551 1220 604 sicut
1276 552 1445 605 etiam
1502 553 1814 608 identidem
1854 560 1895 610 Α
2003 554 2061 607 C.
2094 555 2376 608 Docemur
2410 571 2442 607 a
2489 554 2802 620 Salvatore,
2851 572 3071 610 necnon
3117 573 3150 610 a
3200 562 3393 613 sancto
3443 562 3617 615 Paulo

127 636 452 705 mysterium
483 639 749 693 continet
777 639 1029 709 corporis
1060 640 1258 709 populi
1309 642 1611 706 credentis,
1656 646 1815 712 Apo-

123 725 257 777 stolo
295 732 540 780 testante
572 744 584 781 :
629 730 778 783 Unus
797 730 985 797 panis,
1016 744 1182 781 unum
1214 744 1405 798 corpus
1446 732 1604 784 multi
1632 746 1818 784 sumus

124 813 178 867 in
210 815 454 869 Christo.

184 904 387 958 XCVII.
449 905 903 971 Animadvertat,
990 907 1303 962 clarissime
1363 908 1649 978 princeps,
1728 926 1817 961 sa-

124 992 338 1061 pientia
368 999 553 1047 vestra
584 995 735 1064 quod
784 995 980 1065 positis
1014 1002 1337 1049 sanctarum
1394 998 1816 1066 Scripturarum

126 1081 467 1134 testimoniis
494 1088 551 1135 et
584 1088 912 1137 sanctorum
966 1085 1199 1137 Patrum
1255 1085 1417 1138 dictis
1460 1085 1817 1139 evidentissi-

124 1184 205 1221 me
238 1176 627 1225 monstratum
660 1176 765 1240 est,
798 1172 948 1243 quod
982 1174 1146 1242 panis
1192 1174 1291 1243 qui
1352 1190 1560 1243 corpus
1593 1173 1818 1242 Christi,

124 1263 171 1310 et
204 1259 349 1311 calix
384 1260 485 1329 qui
534 1261 769 1329 sanguis
826 1260 1035 1314 Christi
1086 1264 1425 1331 appellatur,
1480 1262 1668 1332 ﬁgura
1722 1264 1817 1331 sit,

125 1347 253 1417 quia
280 1348 623 1417 mysterium
659 1364 671 1401 :
705 1353 761 1402 et
798 1349 953 1419 quod
1002 1366 1115 1403 non
1165 1366 1339 1419 parva
1388 1350 1709 1404 ditl'erentia
1749 1351 1822 1404 sit

128 1438 268 1489 inter
300 1452 514 1507 corpus
548 1437 699 1506 quod
732 1454 833 1507 per
875 1438 1212 1508 mysterium
1263 1439 1473 1505 existit,
1530 1444 1585 1492 et
1617 1456 1821 1509 corpus

126 1524 276 1596 quod
304 1540 542 1593 passum
572 1530 678 1593 est,
728 1531 786 1579 et
834 1527 1149 1596 sepultum,
1182 1532 1237 1581 et
1296 1528 1625 1581 resurrexit.
1669 1528 1820 1592 Quo-

125 1615 277 1667 niam
308 1613 421 1667 hoc
453 1615 751 1684 proprium
773 1615 1081 1668 Salvatoris
1112 1632 1317 1687 corpus
1368 1616 1578 1682 existit,
1629 1632 1733 1669 nec
1762 1614 1821 1668 in

125 1720 185 1756 eo
213 1702 307 1755 vel
342 1704 537 1774 aliqua
569 1704 772 1774 ﬁgura,
813 1705 898 1757 vel
940 1704 1134 1775 aliqua
1164 1704 1526 1774 signiﬁcatio,
1570 1704 1666 1758 sed
1700 1704 1823 1775 ipsa

126 1793 200 1845 rei
232 1792 628 1845 manifestatio
660 1792 1041 1862 cognoscitur,
1076 1798 1132 1846 et
1168 1792 1349 1863 ipsius
1385 1793 1664 1847 visionem
1700 1809 1819 1846 cre-

1927 643 2205 713 apostolo,
2244 643 2394 713 quod
2438 643 2541 696 iste
2574 644 2739 713 panis
2789 649 2843 697 et
2887 646 2991 698 iste
3029 647 3259 716 sanguis
3290 648 3389 719 qui
3446 667 3618 720 super

1926 733 2103 784 altare
2133 736 2444 801 ponuntur,
2478 731 2536 783 in
2584 732 2831 801 ﬁguram
2878 732 2992 786 sive
3043 735 3382 789 memoriam
3418 738 3613 791 Domi-

1927 820 2069 873 nicae
2102 820 2302 873 mortis
2333 824 2642 889 ponantur,
2680 826 2740 873 ut
2769 820 2923 893 quod
2973 828 3197 891 gestum
3249 829 3332 877 est
3378 825 3436 878 in
3464 842 3617 895 prte-

1926 909 2112 975 terito,
2146 908 2417 979 prmsenti
2444 913 2669 961 revocet
2702 910 3027 977 memoriae;
3064 915 3128 963 ut
3155 910 3309 963 illius
3336 913 3619 982 passionis

1926 1013 2209 1051 memores
2240 998 2444 1065 effecti,
2480 1014 2582 1067 per
2617 1014 2742 1051 eam
2775 998 3093 1052 efﬁciamur
3145 999 3322 1053 divini
3368 1002 3620 1054 muneris

1928 1090 2240 1153 consortes,
2274 1102 2377 1155 per
2402 1102 2575 1157 quam
2611 1102 2811 1140 sumus
2841 1103 2874 1140 a
2906 1092 3089 1141 morte
3119 1087 3340 1142 liberati
3373 1104 3616 1159 :cogno-

1928 1179 2144 1227 scentes
2175 1175 2328 1244 quod
2365 1174 2461 1227 ubi
2492 1174 2922 1244 pervenerimus
2952 1176 3023 1228 ad
3077 1176 3355 1229 visionem
3389 1177 3619 1243 Christi,

1926 1263 2135 1316 talibus
2189 1278 2305 1316 non
2362 1279 2505 1333 opus
2552 1262 2889 1317 habebimus
2941 1263 3355 1329 instrumentis,
3415 1266 3622 1335 quibus

1929 1351 2347 1405 admoneamur
2398 1352 2533 1422 quid
2567 1368 2670 1421 pro
2726 1352 2893 1406 nobis
2959 1353 3243 1407 immensa
3300 1353 3623 1424 benignitas

1930 1438 2296 1505 sustinuerit;
2338 1440 2614 1510 quoniam
2668 1440 2856 1510 ipsum
2904 1440 3045 1495 facie
3103 1442 3171 1495 ad
3230 1441 3433 1496 faciem
3482 1459 3623 1497 con-

1931 1529 2296 1598 templantes,
2322 1545 2438 1581 non
2470 1544 2571 1599 per
2600 1529 2939 1584 exteriorem
2990 1531 3394 1601 temporalium
3430 1548 3622 1585 rerum

1930 1616 2382 1670 admonitionem
2415 1617 2923 1685 commovebimur,
2988 1617 3085 1671 sed
3117 1634 3221 1687 per
3276 1617 3455 1688 ipsius
3485 1636 3621 1671 con-

1930 1704 2367 1775 templationem
2423 1704 2677 1758 veritatis
2727 1704 3070 1775 aspiciemus
3134 1707 3620 1775 quemadmodum

1931 1798 2139 1847 nostrae
2163 1792 2360 1846 salutis
2395 1792 2613 1846 auctori
2645 1794 2858 1863 gratias
2887 1809 3059 1863 agere
3105 1793 3438 1849 debeamus.

125 1882 323 1935 dentes
364 1860 751 1948 desiderant;—
778 1882 1051 1952 quoniam
1104 1860 1295 1952 ipsum
1348 1888 1434 1936 est
1482 1887 1653 1952 caput
1709 1899 1819 1936 no-
1861 1860 1900 1915 Β
2004 1882 2085 1934 Cl.
2121 1881 2231 1934 Nec
2270 1880 2401 1934 ideo
2457 1860 2733 1950 quoniam
2787 1882 2896 1935 ista
2928 1860 3218 1948 vdicimus,
3283 1887 3515 1953 putetur
3565 1882 3622 1936 in

127 1975 326 2033 strum,
363 1974 421 2021 et
449 1969 575 2039 ipso
608 1970 725 2022 viso
774 1971 1075 2024 satiabitur
1140 1971 1489 2025 desiderium
1525 1974 1820 2038 nostrum;

126 2074 233 2128 quo
265 2058 394 2128 ipse
426 2062 482 2111 et
530 2059 694 2110 Pater
740 2074 918 2112 unum
961 2063 1113 2125 sunt,
1149 2075 1268 2112 non
1324 2061 1638 2114 secundum
1672 2060 1821 2130 quod

126 2163 334 2215 corpus
364 2145 541 2199 habet
583 2146 863 2209 Salvator,
905 2148 1001 2201 sed
1054 2149 1364 2202 secundum
1397 2148 1823 2218 plenitudinem

129 2234 440 2287 divinitatis
466 2250 597 2304 quae
637 2234 856 2288 habitat
885 2237 941 2289 in
977 2236 1213 2291 homine
1247 2236 1490 2291 Christo.

192 2322 429 2375 XCVIII.
464 2324 535 2375 At
564 2321 620 2375 in
674 2322 783 2375 isto
836 2324 989 2393 quod
1048 2340 1149 2394 per
1210 2324 1544 2394 mysterium
1605 2323 1826 2394 geritur

128 2413 311 2479 ligura
354 2415 441 2463 est
468 2426 583 2463 non
618 2410 804 2464 solum
834 2413 1053 2482 proprii
1084 2413 1335 2482 corporis
1366 2413 1590 2479 Christi,
1628 2429 1825 2466 verum

123 2498 295 2551 etiam
323 2498 615 2553 credentis
645 2499 705 2552 in
747 2500 1033 2554 Christum
1064 2502 1262 2571 populi
1293 2502 1458 2569 (Vide
1479 2518 1627 2555 num.
1658 2504 1778 2568 116)
1810 2517 1822 2554 :

125 2588 428 2657 utriusque
461 2603 713 2658 namque
756 2590 1027 2659 corporis,
1060 2591 1117 2644 id
1168 2595 1253 2644 est
1302 2596 1357 2644 et
1411 2590 1638 2655 Christi,
1674 2591 1827 2661 quod

121 2691 355 2745 passum
388 2680 476 2729 est
504 2680 561 2729 et
590 2677 927 2743 resurrexit;
961 2683 1017 2731 et
1048 2680 1247 2749 populi
1276 2680 1335 2732 in
1382 2680 1605 2733 Christo
1632 2678 1828 2749 renati

123 2771 292 2834 atque
325 2766 397 2819 de
432 2764 678 2818 mortuis
705 2765 993 2831 viviﬁcati,
1023 2766 1268 2836 ﬁguram
1302 2771 1504 2835 gestat.

185 2852 373 2907 XCIX.
433 2853 730 2907 Addamus
774 2854 1129 2925 etiamquod
1192 2856 1298 2909 iste
1357 2856 1521 2925 panis
1570 2858 1625 2908 et
1686 2855 1825 2908 calix

115 2940 284 3006 (Vide
314 2956 475 2993 num.
511 2941 622 3009 96),
657 2941 755 3011 qui
787 2958 994 3012 corpus
1025 2946 1078 2996 et
1122 2943 1352 3013 sanguis
1401 2943 1611 2997 Christi
1640 2943 1827 2996 nomi-

116 3032 290 3083 natur
326 3033 391 3081 et
429 3029 647 3093 existit,
689 3031 1027 3084 memoriam
1087 3036 1463 3101 repraesentat
1516 3031 1829 3085 Dominicai

1931 1968 2200 2039 mysterio
2233 1969 2575 2022 sacramenti
2618 1985 2826 2040 corpus
2872 1970 3097 2023 Domini
3142 1971 3227 2023 vel
3287 1973 3625 2041 sanguinem

1930 2057 2110 2127 ipsius
2141 2072 2258 2109 non
2291 2073 2321 2109 a
2352 2056 2616 2110 ﬁdelibus
2657 2056 2807 2110 sumi
2838 2057 3001 2119 (Vide
3047 2073 3194 2111 num.
3230 2059 3344 2126 96),
3396 2058 3626 2129 quando

1930 2145 2069 2199 ﬁdes
2100 2160 2216 2198 non
2248 2145 2398 2215 quod
2430 2145 2629 2197 oculus
2669 2145 2839 2211 videt,
2887 2145 2983 2199 sed
3032 2145 3184 2215 quod
3230 2146 3432 2214 credit,
3481 2146 3626 2205 acci-

1930 2234 2015 2304 pit
2048 2250 2060 2286 :
2093 2232 2369 2303 quoniam
2411 2232 2724 2301 spiritualis
2755 2240 2837 2286 est
2868 2249 3016 2301 esca,
3070 2238 3126 2287 et
3178 2234 3490 2303 spiritualis
3521 2251 3626 2305 po-

1933 2328 2047 2388 tus,
2079 2321 2458 2391 spiritualiter
2488 2321 2740 2375 animam
2779 2338 3039 2391 pascens,
3073 2327 3127 2374 et
3175 2329 3403 2375 aeternae
3461 2324 3627 2377 satie-

1932 2411 2065 2464 tatis
2097 2410 2272 2463 vitam
2306 2409 2593 2475 tribuens;
2628 2409 2775 2463 sicut
2812 2410 2933 2479 ipse
2977 2409 3235 2463 Salvator
3290 2409 3625 2478 mysterium

1930 2500 2036 2553 hoc
2062 2498 2469 2552 commendans
2529 2498 2826 2568 loquitur:
2889 2499 3130 2566 Spiritus
3184 2502 3261 2551 est
3311 2499 3406 2563 qui
3438 2495 3628 2563 viviﬁ-

1934 2593 2050 2654 cat;
2078 2603 2207 2640 nam
2234 2602 2357 2641 caro
2390 2587 2531 2640 nihil
2553 2586 2779 2655 prodest
2801 2587 2976 2655 (Joan.
3014 2601 3089 2649 vr,
3127 2584 3236 2653 6i).

2008 2676 2117 2729 CII.
2154 2676 2401 2745 Imperio
2433 2678 2633 2729 vestrae
2682 2673 3101 2744 magnitudinis
3154 2688 3356 2742 parere
3388 2672 3630 2741 cupien-

1936 2769 2039 2829 tes,
2080 2764 2423 2836 praesumpsi
2455 2779 2665 2833 parvus
2696 2763 2869 2816 rebus
2899 2762 2967 2816 de
2998 2778 3113 2815 non
3152 2762 3405 2814 minimis
3434 2761 3630 2830 dispu-

1938 2860 2079 2917 tare,
2114 2869 2228 2906 non
2270 2857 2578 2923 sequentes
2610 2851 3007 2905 mstimationis
3050 2856 3257 2903 nostra}
3308 2866 3633 2921 praesump-

1938 2941 2176 3009 tionem,
2221 2941 2315 2995 sed
2368 2940 2653 3009 majorum
2707 2940 2996 2993 intuentes
3042 2938 3457 2992 auctoritatem.
3494 2936 3630 3000 Quae

1938 3029 1985 3081 si
2015 3029 2391 3098 probaveritis
2423 3027 2699 3082 catholica
2752 3028 2918 3095 dicta,
2971 3032 3175 3081 vestrae
3232 3026 3451 3080 meritis
3500 3025 3632 3080 tidei

110 3118 410 3185 passionis
440 3118 561 3170 sive
594 3118 813 3185 mortis,
842 3120 1331 3190 quemadmodum
1364 3120 1484 3191 ipse
1542 3120 1603 3173 in
1642 3120 1827 3173 Evan-
1870 3158 1909 3212 Ο
1944 3118 2233 3188 deputata,
2263 3134 2412 3188 quae,
2439 3118 2699 3188 deposita
2726 3118 2932 3187 regalis
2963 3117 3401 3186 magniﬁcentiae
3428 3114 3627 3212 gloria.

111 3206 261 3267 getio
333 3205 528 3259 dixit:
591 3207 715 3260 Hoc
771 3209 940 3273 facite
989 3211 1048 3262 in
1111 3212 1217 3262 mei
1276 3212 1826 3263 commemorationem

112 3296 255 3359 (ιω).
309 3310 460 3359 xxu,
529 3297 637 3359 19).
696 3294 860 3359 Quod
918 3312 1208 3367 exponens
1268 3298 1561 3368 apostolus
1620 3296 1829 3351 Paulus

108 3383 182 3432 ait
222 3399 234 3435 :
272 3386 725 3452 Quotiescunque
755 3384 1159 3440 manducabitis
1204 3400 1402 3455 panem
1447 3386 1605 3450 hunc,
1642 3390 1693 3438 et
1736 3400 1827 3439 ca-

105 3456 255 3523 licem
331 3470 566 3535 biberis,
625 3476 848 3525 mortem
915 3475 1132 3527 Domini
1195 3474 1596 3529 annuntiabitis
1670 3474 1830 3527 donec

106 3561 287 3612 veniat
324 3560 382 3624 (Ι
415 3560 542 3614 Cor.
578 3576 653 3626 x1,
686 3561 796 3629 26).

106 3731 287 3806 ﬁgura
321 3731 616 3806 simplex,
652 3737 709 3785 et
734 3733 931 3806 imago
957 3749 1244 3804 expressa,
1280 3738 1337 3789 et
1376 3734 1829 3806 repraesentatio,

106 3817 213 3877 non
244 3803 564 3877 Tulliana,
595 3808 659 3856 ut
684 3820 858 3874 supra
882 3803 1331 3877 observavimus,
1381 3803 1489 3874 [sed
1547 3803 1834 3877 prolapsas

104 3873 451 3927 Latinitatis
486 3890 593 3927 usu
625 3873 871 3944 recepta.
908 3877 983 3930 Ea
1031 3876 1100 3930 de
1151 3893 1316 3930 causa
1356 3873 1669 3931 continenti
1710 3873 1834 3931 ser-

106 3944 845 4019 mone,ait,__impositum
902 3947 1078 4019 fuisse
1132 3948 1267 4016 pani
1322 3964 1533 4001 nomen
1580 3948 1835 4019 corporis

104 4016 330 4082 Christi,
369 4022 438 4069 et
476 4016 696 4090 liquori
756 4033 850 4070 seu
920 4018 1052 4071 vino
1101 4035 1249 4090 aqua
1308 4019 1487 4072 mixto
1523 4019 1583 4072 in
1641 4016 1832 4085 calice,

103 4102 315 4160 nomen
344 4086 700 4160 sanguinis,
742 4094 797 4141 et
852 4103 1050 4142 revera
1098 4086 1386 4143 existere:
1440 4094 1501 4143 ut
1550 4089 1834 4160 intelliga-

1942 3223 2057 3260 non
2089 3207 2320 3261 erubuit
2353 3206 2421 3260 ab
2454 3206 2659 3260 humili
2691 3222 2950 3277 quaerere
2980 3221 3315 3276 responsum
3359 3204 3629 3257 veritatis.

1938 3296 2036 3349 Sin
2073 3300 2265 3349 autem
2306 3295 2495 3349 minus
2544 3296 2884 3365 placuerint,
2946 3294 3002 3349 id
3058 3299 3269 3348 nostrae
3330 3293 3636 3362 deputetur

1938 3383 2306 3453 insipientia,
2341 3400 2469 3455 qua:
2501 3384 2655 3455 quod
2689 3383 2926 3455 optavit,
2962 3383 3154 3437 minus
3203 3382 3510 3436 efﬁcaciter
3537 3396 3632 3434 va-

1939 3472 2048 3526 luit
2079 3472 2381 3543 explicare.

1941 3734 2088 3805 typis
2126 3733 2329 3787 excudi
2389 3737 2731 3805 curaverunt
2768 3732 3165 3805 :sed_negare
3223 3748 3339 3805 non
3400 3739 3637 3805 possunt

1944 3803 2183 3874 reperiri
2214 3805 2274 3857 in
2301 3804 2493 3858 codice
2530 3804 2771 3856 abbatiaa
2800 3803 3116 3869 Lobiensis,
3148 3804 3235 3856 uti
3271 3805 3391 3874 jam
3433 3804 3636 3858 obser-

1942 3881 2136 3929 vatum
2172 3875 2278 3928 fuit
2306 3891 2338 3928 a
2368 3874 2697 3928 doctissimo
2730 3875 2893 3927 Patre
2946 3874 3271 3927 Mabillonio
3317 3874 3378 3927 in
3430 3875 3634 3945 praefa-

1944 3947 2099 4000 tione
2132 3946 2397 3999 secundae
2426 3944 2604 4015 partis
2641 3948 2914 3998 Actorum
2946 3944 3465 4012 Benedictinorum,
3498 3960 3631 4015 pag.

1946 4018 2033 4082 64,
2065 4020 2091 4084 §
2129 4019 2247 4080 130,
2281 4016 2454 4069 fronti
2486 4016 2740 4085 praeﬁxa.
2771 4015 3002 4069 Miriﬁce
3033 4016 3373 4069 conﬁrmant
3421 4016 3632 4069 admit-

1946 4089 2180 4140 tendam
2204 4103 2323 4141 esse
2357 4087 2657 4140 lectionem
2708 4087 2767 4139 in
2814 4087 3009 4140 codice
3061 4103 3168 4140 ms.
3204 4086 3467 4140 Lobiensi
3506 4086 3638 4140 scri-

100 4172 219 4229 mns
251 4158 316 4210 in
354 4174 435 4210 ea
500 4158 769 4211 suasione
825 4175 938 4212 non
969 4160 1146 4213 fuisse
1176 4176 1382 4229 corpus
1444 4161 1575 4214 Jesu
1629 4158 1839 4214 Christi

98 4228 419 4301 subsistere
464 4300 469 4301 γ
507 4228 573 4281 in
632 4229 981 4283 Eucharistia
1037 4246 1153 4301 per,
1193 4228 1682 4301 nuncupationem
1739 4246 1835 4282 seu

98 4300 686 4370 dienominationem,
716 4300 811 4353 sed
849 4299 1054 4354 revera
1076 4299 1405 4370 efﬁcaciter,
1442 4318 1560 4367 seu,
1594 4307 1655 4354 ut
1703 4316 1839 4353 con-
1950 4315 2089 4368 pore
2121 4306 2177 4352 et
2204 4299 2482 4369 sanguine
2511 4300 2640 4352 Jesu
2677 4299 2903 4364 Christi,
2959 4315 3085 4368 quae
3135 4299 3304 4352 modo
3354 4299 3640 4369 spirituali

100 4369 254 4423 tinuo
291 4371 626 4429 dixerunt,
659 4371 902 4424 realitcr.
949 4372 1159 4424 Videsis
1206 4388 1367 4425 num.
1403 4374 1489 4426 99.
1550 4371 1840 4426 Addamus
1949 4376 2006 4422 et
2026 4370 2284 4423 sensibus
2316 4386 2430 4423 non
2479 4370 2734 4439 subjecto
2790 4370 2895 4423 sub
2952 4370 3089 4423 velis
3142 4370 3533 4423 reconduntur
3588 4374 3643 4422 et

99 4445 251 4493 etiam
281 4442 453 4509 quod
496 4444 613 4493 iste
640 4444 801 4507 panis
856 4447 905 4494 et
934 4444 1083 4497 catis:
1122 4445 1219 4510 qui
1274 4456 1467 4511 corpus
1515 4448 1565 4495 et
1613 4445 1839 4509 sanguis
1881 4458 1923 4511 ι)
1952 4441 2227 4507 celantur,
2259 4442 2359 4508 ait,
2393 4456 2523 4494 cum
2560 4441 2858 4493 Paschasio
2889 4440 2947 4493 in
2980 4441 3218 4509 epistola
3251 4440 3319 4493 ad
3356 4441 3639 4508 Frudgar-

99 4512 297 4566 Chriin
320 4514 685 4565 nominatur
716 4517 769 4564 et
801 4514 1009 4565 existit.
1044 4513 1176 4565 Haec
1211 4513 1368 4566 enim
1418 4513 1659 4581 repetita
1706 4517 1839 4565 sunt
1952 4511 2089 4564 dum
2124 4528 2136 4564 :
2173 4512 2440 4575 Quoniam
2483 4511 2581 4564 sub
2620 4513 2914 4564 velamento
2956 4514 3198 4579 corporei
3234 4514 3397 4578 panis
3450 4525 3642 4578 corpo-

100 4597 153 4634 ex
181 4599 445 4636 numero
482 4582 797 4650 superiore
831 4583 921 4635 29.
957 4588 1038 4636 At
1063 4598 1186 4637 vero
1233 4583 1527 4637 secundum
1578 4582 1837 4637 invisibi-
1950 4584 2136 4651 reique
2160 4584 2275 4635 vini
2300 4582 2589 4651 spirituale
2614 4597 2805 4650 corpus
2831 4584 3035 4637 Christi
3081 4582 3643 4651 spiritualisquesan-

1947 4656 2070 4719 guis
2091 4655 2298 4706 existit.
2324 4650 2577 4722 insuper
2616 4653 2808 4706 nullus
2848 4650 3147 4706 dubitandi
3197 4654 3350 4704 locus
3406 4650 3641 4722 relictus

1950 4728 2033 4776 est
2063 4723 2201 4793 quin
2241 4724 2414 4776 codex
2450 4721 2873 4793 manuscriptus
2903 4722 3145 4793 abbatiaa
3172 4721 3463 4793 Lobiensis
3482 4725 3644 4793 ante-

1952 4789 2098 4873 ferri
2121 4793 2333 4873 debeat
2376 4792 2612 4873 caeteris
2648 4789 2935 4873 omnibus,
2984 4792 3178 4873 habita
3202 4790 3470 4873 “ratione.
3495 4789 3643 4873 anti-

1952 4859 2189 4934 quitatis
2219 4868 2276 4918 et
2325 4864 2750 4929 concinnitatis,
2804 4868 2867 4915 ut
2914 4865 2972 4915 in
3017 4860 3351 4930 praefatione
3404 4859 3643 4914 adnota-

1954 4950 2156 4989 VlmUS.

1947 4165 2126 4228 ptam,
2157 4158 2309 4228 quod
2341 4174 2406 4210 ea
2433 4174 2569 4210 usus
2625 4157 2698 4210 sit
2728 4158 3034 4227 praedictus
3082 4158 3426 4211 Ratramnus
3473 4173 3633 4211 num.

1953 4231 2035 4295 16,
2071 4230 2126 4281 in
2161 4245 2275 4299 quo
2328 4228 2687 4298 distinguens
2745 4228 2960 4297 species
2990 4229 3153 4297 panis
3192 4234 3247 4281 et
3288 4229 3409 4282 vini
3448 4245 3481 4282 a
3510 4244 3633 4281 cor-

103 4656 190 4705 tem
216 4655 659 4719 substantiam,
689 4652 751 4704 id
793 4657 893 4717 est,
935 4654 1113 4707 divini
1156 4656 1454 4721 potentiam
1486 4654 1670 4719 Verbi,
1718 4668 1840 4706 vere

100 4737 280 4792 corpus
328 4730 389 4778 et
438 4725 699 4788 sanguis
736 4723 944 4777 Christi
972 4727 1234 4779 existunt.
1292 4725 1559 4777 Fatemur
1596 4725 1839 4777 rotunde

106 4794 167 4847 ibi
196 4796 583 4849 adverbium
618 4808 741 4846 vere
772 4810 977 4847 sonare
1006 4796 1196 4848 Latine
1242 4795 1393 4864 quod
1442 4811 1547 4847 vox
1602 4795 1844 4847 barbara

102 4868 314 4936 reatiter
345 4864 703 4936 signiﬁcat.
757 4864 1165 4918 Verumtamen
1214 4866 1403 4919 dicent
1453 4867 1841 4936 Protestantes

103 4934 190 4987 has
222 4934 434 4991 voces'
463 4940 529 4989 et
578 4936 778 4987 existit
834 4950 951 5005 non
982 4951 1276 4989 occurrere
1325 4936 1384 4988 in
1443 4935 1843 5005 manuscriptis

106 5009 389 5062 codicibus
424 5006 512 5060 ad
553 5019 819 5075 quorum
854 5004 1023 5060 ﬁdem
1046 5007 1199 5060 hunc
1220 5010 1522 5060 tractatum
1547 5004 1842 5059 Hatramni

462 5900 671 5967 ΡΑτιι
690 5908 803 5952 0L.
863 5886 1071 5952 CXXI.

3315 5883 3352 5938 6
