3920 6224
417 422 505 471 ΠΙ

785 588 1566 597 -._——.—.._—___.—~___
1575 587 2001 594 —————-—__.——.'
2021 587 2062 592 ᾗ
2081 589 2092 592 -
2103 588 2164 591 .__

1142 411 1599 468 DlSSERTATlO
1642 412 1708 466 ΙΝ
1754 413 1878 466 LIB.
1924 411 2010 465 DE
2050 411 2376 466 CORPORE
2418 411 2503 465 ET
2543 409 2887 464 SANGUJNE
2932 408 3187 464 DOMlNl.

1749 775 2584 861 DISSERTATIO

1976 966 2043 1018 IN
2099 965 2355 1020 LIBRUM

758 1158 942 1263 DE
1061 1153 1722 1263 CORPORE
1851 1152 2017 1258 ET
2129 1151 2856 1259 SANGUINE
2978 1148 3560 1278 DOMINI,

1391 1380 1649 1438 Auctore
1677 1377 1900 1436 Jacobo
1933 1377 2246 1446 BOILEAU,
2281 1374 2550 1453 Ilieologo
2583 1374 2935 1433 Paris-(ensi.

424 1557 772 1620 RATRAMNO
831 1552 1160 1614 asseritur
1224 1550 1394 1611 liber
1435 1548 1514 1607 de
1575 1547 1862 1626 Corpore
1919 1549 1987 1608 et
2043 1543 2396 1624 Sanguine
2457 1544 2748 1616 Domini,
2813 1548 2880 1605 et
2941 1549 3173 1605 contra
3237 1542 3576 1605 Joannem
3631 1541 3862 1604 Hardui-

511 1664 698 1719 num,
745 1643 1089 1703 societatis
1115 1639 1272 1700 Jcsu
1310 1638 1808 1718 presbyterum,
1864 1635 1944 1695 ab
1997 1635 2180 1696 omni
2218 1634 2540 1696 novitatis
2582 1638 2697 1694 ant
2745 1633 3023 1695 haeresis
3073 1632 3476 1694 Calvinianze
3527 1631 3865 1711 suspicione

513 1739 579 1795 ct.
611 1732 1006 1793 inventione
1041 1728 1444 1798 vindicatur,

495 2038 634 2090 Cum
666 2050 816 2088 anno
856 2035 988 2087 1689
1017 2031 1102 2083 vir
1149 2029 1448 2097 theologus
1497 2027 1780 2080 societatis
1827 2027 2109 2081 Jesniticm
2151 2028 2195 2080 Α
2228 2026 2523 2080 Ratramni
2555 2027 2768 2096 pariter
2799 2028 3135 2095 inscriptum
3169 2031 3268 2078 est.
3300 2028 3470 2080 Porro
3486 2031 3611 2078 acta
3637 2025 3871 2096 ejusmodi

429 2107 640 2176 publici
668 2107 814 2176 juris
837 2105 1030 2156 fecerit
1065 2099 1483 2176 Parisiis,_typis
1511 2099 2119 2176 Francisci_lliognetii,

431 2170 579 2246 r-gis
631 2170 1104 2231 Christniuissimi
1174 2179 1230 2246 et
1281 2170 1650 2246 ilbistrissimi
1707 2170 2116 2246 8_PCJii0jtl§t'thl

425 2240 1118 2314 Parisiensisbibliopolm,
1144 2243 1440 2310 epistolam
1464 2240 1517 2293 S.
1541 2241 1775 2314 Joannis
1797 2241 2121 2314 Chrysosto-

427 2322 503 2372 ini
538 2320 605 2372 ad
641 2312 1348 2374 Caesarittmmonacbum,
1383 2329 1552 2380 quain
1589 2312 1737 2364 notis
1769 2318 1825 2363 et
1853 2312 2120 2363 disserta-

427 2392 567 2442 tioni
601 2390 669 2443 de
702 2393 1056 2440 sacramento
1089 2384 1282 2437 altaris
1313 2383 1639 2444 associavit;
1693 2381 1928 2433 consilio
1983 2381 2119 2433 mihi

429 2478 542 2512 non
598 2458 888 2522 cognobili
955 2464 1011 2508 et
1059 2454 1432 2522 incogitabili,
1490 2452 1782 2504 occasione
1841 2453 1970 2504 data
2037 2453 2118 2502 vel

428 2537 612 2598 capta,
662 2531 1034 2582 Ratramnum
1100 2525 1523 2598 presbyterum,
1589 2522 1930 2598 monachum
1987 2523 2119 2598 Cor—

431 2593 741 2663 beicnsem,
775 2614 886 2650 non
917 2613 1036 2648 esse
1069 2595 1382 2663 genuinum
1416 2599 1703 2644 auctorem
1754 2593 1883 2644 libri
1935 2593 2120 2643 octin-

431 2672 618 2738 gentis
650 2670 855 2722 abhinc
881 2667 1104 2738 annisit
1149 2665 1215 2717 de
1257 2666 1500 2738 Corpore
1555 2669 1622 2738 et‘
1665 2663 1953 2738 Sanguine
2010 2665 2122 2714 lto-

431 2733 572 2794 inini
610 2763 628 2786 ι
668 2739 737 2792 ad
772 2737 1033 2792 Carolum
1071 2737 1333 2804 Magnum
1369 2735 1483 2786 sive
1534 2733 1764 2786 Calvum
1817 2734 2120 2800 imperato-

430 2828 550 2864 rem
581 2809 864 2878 inscripti,
897 2808 1000 2859 sibi
1039 2807 1338 2878 persuasit,
1373 2805 1701 2873 dictumque
1737 2804 1942 2855 librum
1975 2804 2120 2854 mul-

428 2884 500 2934 tis
532 2877 811 2934 IntereseOS
841 2877 1175 2947 sphalmatis
1195 2881 1635 2947 conspurcatnm
1658 2880 1827 2947 atque
1860 2890 2118 2947 errorum

429 2951 794 3005 contumeliis
829 2945 1190 3018 inquuiatuni
1223 2947 1336 2999 sive
1365 2946 1676 3018 impiatum
1709 2945 1960 3018 existere,
1983 2945 2120 2996 totis

432 3024 644 3074 viribus
675 3015 1084 3088 comprobavit.
1122 3019 1233 3085 Ego
1262 3032 1395 3068 vero
1427 3032 1553 3068 cum
1590 3015 2118 3088 animadvertissem

432 3093 709 3162 placuisse
743 3087 1020 3162 ejusmodi
1053 3088 1402 3162 dissertatori
1449 3093 1783 3155 argumenta
1814 3087 2120 3162 conliniare

433 3155 488 3214 et
521 3155 789 3231 frangere
817 3161 1022 3229 quibus
1058 3158 1723 3231 Hatrantni__suas10nem
1780 3155 1896 3207 sive
1947 3156 2118 3231 fidem

433 3235 502 3286 ab
532 3227 688 3285 omni
724 3227 952 3284 limi-esis
985 3229 1302 3297 suspicione
1335 3227 1600 3279 liberasse
1641 3242 1953 3295 omnesque
1993 3227 2120 3278 libri

434 3306 502 3356 tle
533 3308 782 3372 Corpore
810 3308 864 3353 et
885 3301 1171 3369 Sanguine
1224 3299 1449 3372 Domini
1497 3297 1887 3372 contumelias
1911 3313 2120 3366 expun-

431 3376 579 3428 xisse
613 3367 753 3426 mihi
792 3367 1492 3442 persuaseram,cditione
1528 3367 1959 3442 Latino-Gallica
1983 3373 2118 3442 _stu-

434 3446 529 3498 dio
557 3451 613 3498 et
639 3438 954 3497 cura'mea
1023 3440 1169 3494 facta
1227 3439 1454 3492 Parisiis
1506 3438 1653 3508 apud
1706 3440 1910 3490 Joann.
1975 3439 2119 3490 Bou-

433 3516 524 3569 dut
563 3515 668 3568 sub
716 3514 839 3568 Sole
893 3514 1082 3566 Aureo
1139 3526 1289 3563 anno
1353 3511 1506 3573 1686,
1566 3525 1735 3575 quam
1791 3508 2121 3576 przefatione

432 3586 788 3656 apologetica
818 3597 1223 3656 exornaveram
1273 3587 1461 3656 atque
1493 3579 1912 3656 accessionibus
1951 3585 2121 3656 nota-

432 3649 556 3710 rum
597 3649 1049 3710 c'ttmulaveram:
1102 3653 1166 3704 ad
1202 3650 1559 3703 scribendam
1605 3651 1749 3702 hanc
1801 3649 2120 3717 responsio-

431 3745 560 3780 nem
595 3728 853 3780 animum
885 3723 1102 3794 appuli,
1135 3723 1192 3775 in
1227 3738 1339 3792 qua
1368 3721 1480 3794 duo
1505 3721 1710 3794 recepi
1751 3719 2120 3794 comproban-

431 3800 523 3859 da,
556 3815 680 3868 qum
732 3796 873 3851 mihi
919 3791 1032 3848 non
1075 3791 1257 3868 solum
1320 3791 1890 3868 probabi_l_ia,ve_rum
1949 3791 2120 3842 etiam

430 3861 740 3922 certissima
782 3882 1007 3936 semper
1064 3865 1178 3917 visa
1220 3869 1366 3936 sunt
1397 3863 1686 3936 :mscilicet
1748 3861 2118 3936 Ratramnum

430 3956 552 3992 esse
581 3955 776 3992 verum
807 3955 869 3990 ac
903 3932 1185 3989 sincerum
1218 3934 1386 4002 hujus
1414 3933 1543 3986 libri
1575 3937 1888 3990 auctorem.
1936 3932 2118 3984 nulla-

431 4026 542 4078 que
570 4009 801 4062 haeresis
858 4014 956 4059 aut
1011 4006 1220 4058 erroris
1270 4003 1625 4078 contumelia
1686 4002 1885 4078 fmdari
1936 4017 2118 4078 posse.

435 4072 682 4147 Exsurge
713 4078 908 4146 igitur,
942 4077 1116 4128 lector
1147 4074 1388 4134 erudite,
1425 4079 1490 4147 et
1530 4073 1884 4147 postpositis
1905 4072 2123 4147 opinio-

431 4141 975 4214 nibusfant'icipatis
1013 4147 1349 4214 plerumque
1376 4142 1582 4211 quibus
1611 4142 1824 4214 indocti
1854 4141 2120 4214 doctique

431 4218 641 4287 passim
675 4211 976 4286 scriptores
1013 4211 1270 4287 theologi
1315 4219 1567 4266 mentem
1619 4213 1688 4265 de
1739 4211 1847 4287 hoc
1894 4212 2119 4280 negotio

431 4281 803 4356 occuparunt,
837 4287 982 4339 hanc
1006 4285 1198 4352 judica
1227 4281 1458 4336 Causam
1492 4298 1504 4335 :
1542 4300 1574 4336 a
1604 4288 1701 4334 tua
1734 4281 1952 4356 scilicet,
2003 4299 2123 4335 sen-

431 4353 612 4410 tentia
641 4359 787 4410 facta
846 4357 1149 4426 sponsione
1207 4371 1237 4406 a
1298 4369 1388 4406 me
1433 4369 1727 4422 nunquam
1772 4353 2117 4420 appellatum

503 4498 796 4567 Optimum
866 4494 1189 4566 argumenti
1247 4509 1427 4567 genus
1488 4492 1555 4546 ad
1614 4493 2006 4567 ascribeudum
2067 4500 2122 4567 et

429 4565 870 4637 adjudicandum
910 4565 1118 4619 librum
1148 4565 1372 4637 auctori
1398 4580 1500 4637 suo
1531 4565 1842 4617 assumitur
1862 4580 1928 4618 ex
1971 4566 2117 4617 anti-

430 4635 557 4710 quis
625 4637 1046 4710 manuscriptis,
1102 4635 1309 4705 quibus
1360 4635 1534 4710 hujus
1571 4637 1844 4710 ‘auctoris
1911 4651 2116 4688 nomen

429 4703 768 4780 prailigitur,
803 4703 1205 4780 sine—eris,_n'_on
1229 4703 1633 4780 conimentitis,
1666 4720 1850 4780 neque
1892 4721 2116 4780 sursum

430 4776 623 4852 neque
681 4783 947 4852 deorsum
993 4776 1362 4852 _adulte‘ratis.
1390 4776 1943 4852 __V'erumenimvero_
1970 4777 2120 4852 inter

428 4845 708 4906 litteratos
749 4848 1029 4919 ejusmodi
1063 4847 1213 4919 tituli
1248 4861 1346 4919 seu
1389 4845 1592 4919 littera:
1644 4852 1778 4919 sunt
1821 4849 2118 4919 auctorita-

426 4930 510 4974 tes
569 4917 884 4975 cardinales
939 4934 1120 4972 cansa'
1180 4917 1409 4984 litisque
1461 4917 1790 4968 decretorize
1831 4917 2114 4983 videntur,

427 5009 531 5046 nec
563 4993 793 5046 suffulta
825 4993 911 5044 bis
939 4991 1070 5058 jura
1099 4987 1457 5056 longitudine
1500 4988 1776 5058 temporis
1815 4988 2118 5058 emoriun-

425 5070 538 5115 tur.
581 5068 652 5116 At
682 5078 815 5114 vero
851 5057 1150 5114 dubitandi
1207 5059 1364 5110 locus
1424 5073 1536 5110 non
1579 5057 1925 5126 relinquitur
1976 5059 2113 5126 quin

425 5133 706 5202 ejusmodi
761 5132 978 5184 codices
1017 5127 1365 5202 autographi
1415 5127 1548 5202 ipsa
1595 5131 1759 5181 mtate
1821 5127 2114 5202 Batramni

424 5198 619 5272 scripti
649 5208 704 5254 et
734 5202 946 5254 exarati
999 5201 1167 5272 eique
1225 5199 1452 5272 ascripti
1508 5198 1660 5272 sint,_
1695 5200 2113 5272 cumq-nomine

423 5267 551 5341 ejus
573 5273 832 5326 exornati
866 5267 1246 5341 reperiantur.
1281 5271 1350 5341 Ex
1375 5267 1720 5341 iapograpbo
1762 5267 2114 5341 octingentof

422 5338 547 5396 rum
574 5359 852 5396 annorum
914 5338 1158 5394 abbatim
1217 5339 1509 5393 Lobiensis
1563 5338 1774 5407 publici
1817 5339 1963 5406 juris
2010 5339 2113 5391 feci

420 5430 550 5467 cum
585 5413 843 5466 versione
874 5414 1104 5477 Gallica,
1137 5411 1298 5480 cujus
1313 5425 1474 5462 usum
1499 5409 1641 5462 mihi
1673 5409 1885 5461 fecerat
1913 5409 2114 5462 doctis-

2160 4614 2199 4666 C

2231 2099 2610 2150 instrumenta
2646 2100 2750 2151 nisi
2779 2101 3049 2152 ementita
3103 2100 3431 2166 probentur,
3484 2098 3778 2150 obtrectari
3805 2105 3870 2146 aut

2230 2169 2541 2220 contradici
2575 2186 2687 2221 non
2722 2176 2975 2238 possunt.
3013 2170 3194 2237 igitur
3225 2185 3352 2220 cum
3402 2170 3729 2220 dissertator
3756 2169 3871 2219 codi-

2231 2256 2320 2291 ces
2373 2241 2789 2308 manuscriptos
2851 2240 3143 2292 Ratramni
3201 2241 3431 2291 nomine
3490 2241 3786 2308 inscriptos
3834 2254 3875 2288 in

2232 2310 2356 2363 falsi
2387 2312 2708 2378 suspicione
2739 2327 2849 2363 non
2912 2317 3108 2378 ponat,
3152 2311 3430 2378 jactur-am
3486 2310 3876 2362 Contradicendt

2232 2386 2327 2433 aut
2369 2381 2647 2434 refutandi
2679 2388 2880 2450 sponte
2915 2382 3109 2433 fecisse
3152 2381 3408 2433 videatur
3440 2397 3669 2433 necesse
3706 2388 3795 2431 cst.

2305 2452 2723 2504 Illustrissimus
2793 2453 2988 2504 Petrus
3050 2453 3118 2504 de
3188 2453 3387 2510 Marca,
3458 2451 3879 2519 archiepiscopus

2233 2523 2585 2589 Parisiensis,
2619 2523 2675 2574 iu
2711 2526 2872 2588 cujus
2921 2523 3260 2574 sententiam
3316 2522 3572 2574 novitate
3629 2524 3878 2590 perculsus

2230 2593 2562 2645 dissertator
2614 2599 2814 2662 sponte
2861 2593 3034 2655 venit,
3103 2593 3384 2660 ejusmodi
3442 2594 3667 2645 codices
3722 2608 3881 2644 manu-

2232 2669 2468 2732 εει-,νιος
2499 2680 2600 2714 nec
2632 2664 2868 2720 viderat.
2903 2679 3002 2714 nec
3031 2664 3087 2715 in
3120 2679 3310 2715 rerum
3364 2669 3569 2715 natura
3624 2678 3881 2730 superesse

2231 2733 2587 2785 intellexerat
2622 2750 2633 2786 :
2676 2739 2732 2786 et
2765 2749 2960 2786 revera
2989 2734 3043 2785 in
3077 2734 3345 2802 opinione
3372 2735 3440 2786 de
3490 2733 3779 2786 Ratramni
3805 2749 3880 2784 nn-

2230 2804 2386 2856 minc
2420 2804 2800 2856 lucubrationi
2843 2805 2910 2858 de
2951 2803 3198 2872 Corpore
3231 2809 3288 2856 et
3343 2804 3636 2872 Sanguine
3695 2805 3880 2857 Domini

2229 2875 2370 2927 falso
2418 2876 2660 2943 ascripto
2709 2890 2827 2926 non
2880 2875 3302 2942 permansisset,
3362 2890 3465 2927 nec
3497 2875 3704 2927 Joanni
3751 2875 3882 2926 δαιτί)

2230 2945 2566 2996 vindicasset
2607 2945 2662 2997 in
2717 2945 2956 3013 epistola
3008 2946 3072 2997 ad
3116 2947 3391 2998 domuum
3445 2945 3653 2998 Lucam
3705 2945 3883 2998 Bachr-

2230 3015 2402 3078 rium,
2437 3015 2653 3068 ordinis
2679 3015 2733 3068 S.
2774 3015 3057 3068 Benedicti
3096 3015 3482 3068 doctissimum
3518 3022 3577 3068 et
3616 3015 3885 3068 illustrissi-

2232 3101 2388 3138 mum
2424 3087 2791 3148 monaclinm,
2845 3102 2996 3138 anno
3056 3087 3284 3138 Domini
3341 3088 3495 3149 1659,
3539 3088 3587 3139 si
3641 3085 3884 3155 ejusmodi

2231 3157 2453 3208 codices
2502 3156 2570 3208 ad
2623 3173 2788 3208 aures
2832 3156 2955 3224 ejus
3007 3157 3424 3224 pervenissent;
3470 3158 3576 3210 hoc
3636 3159 3783 3210 enim
3837 3158 3884 3205 de

2230 3233 2390 3279 tanto
2421 3227 2563 3290 viro,
2592 3231 2708 3278 tam
2743 3228 2926 3288 docto,
2962 3232 3074 3278 tam
3117 3227 3282 3279 boum.
3313 3228 3477 3280 fama!
3525 3228 3678 3280 inter
3709 3229 3886 3280 littera-

2232 3303 2318 3349 tos
2347 3297 2554 3366 cupido
2586 3298 2746 3349 valde
2776 3298 3048 3349 credibile
3077 3303 3178 3350 est.
3217 3298 3328 3366 Ego
3370 3313 3504 3350 vero
3549 3299 3889 3367 probabiliter

2231 3367 2492 3420 existimo
2523 3368 2590 3419 ad
2623 3369 2923 3438 pristinam
2956 3367 3294 3420 sententiam
3324 3369 3561 3421 rediisse
3607 3371 3690 3421 vel
3736 3369 3888 3438 potius

2231 3438 2484 3508 pristti
2545 3437 2841 3490 sententiae
2895 3438 3306 3502 defensionem,
3358 3445 3418 3491 ut
3464 3455 3526 3491 ex
3570 3437 3809 3493 tractatu
3843 3439 3891 3489 de

2233 3508 2581 3561 Eucharistia
2613 3508 2944 3578 iintelligere
2989 3509 3149 3560 facile
3181 3515 3286 3571 est,
3320 3509 3392 3562 ab
3444 3511 3568 3579 ejus
3629 3511 3892 3563 contuber-

2231 3579 2345 3631 nali
2396 3584 2451 3631 et
2503 3580 2928 3641 consanguineo
2986 3579 3186 3631 abbate
3231 3581 3448 3646 Fagetio
3506 3581 3724 3649 publici
3784 3580 3892 3646 juris

2233 3652 2399 3712 facto,
2455 3654 2511 3701 et
2565 3665 2630 3701 ex
2689 3650 2868 3700 libera
2927 3650 3178 3719 prmdicti
3235 3651 3502 3703 antistitis
3569 3652 3889 3704 confessione

2232 3723 2442 3772 domno
2474 3719 2634 3772 Luca!
2669 3719 2940 3772 Dacherio
2973 3720 3117 3772 facta
3148 3725 3458 3789 antequam
3513 3721 3564 3772 ei
3627 3724 3890 3790 epistolam

2232 3790 2386 3862 illam
2439 3790 2721 3862 celebrem
2784 3790 3135 3862 inscriberet,
3181 3797 3339 3843 tomo
3396 3792 3441 3844 ll
3494 3791 3890 3862 Spicilegiipu-

2233 3861 2518 3912 blicatam.
2570 3861 2646 3913 De
2693 3861 2989 3914 clarissimi
3051 3861 3220 3930 hujus
3278 3861 3548 3914 antistitis
3606 3861 3890 3916 sinceritate

2232 3931 2530 3984 dubitandi
2563 3932 2747 3983 locum
2814 3948 2926 3984 non
2975 3931 3210 4000 reliquit
3261 3932 3630 3987 doctissimus
3677 3935 3890 3988 Mabillo'

2230 4002 2358 4054 nius
2385 4001 2442 4054 in
2475 4001 2806 4071 praefatione
2846 4003 3108 4072 secundae
3141 4003 3317 4071 partis
3357 4003 3548 4072 quarti
3593 4005 3789 4059 saeculi
3823 4005 3890 4056 Bel

2230 4072 2523 4131 nedictini,
2547 4087 2674 4138 pag.
2708 4073 2796 4136 45,
2841 4071 2867 4141 §
2900 4075 2956 4137 6;
2991 4089 3103 4142 qua
3130 4071 3418 4143 conceptis
3448 4076 3644 4129 verbis
3678 4082 3889 4130 mentea

2231 4143 2353 4211 ejus
2393 4143 2792 4196 testiﬁcatione
2836 4144 2992 4196 omni
3043 4144 3375 4211 exceptione
3424 4147 3648 4213 majore
3698 4163 3764 4200 ex
3824 4147 3887 4198 bat

2230 4213 2585 4265 confessione
2616 4213 2862 4282 explicat
2895 4230 2908 4267 ε
2949 4236 2967 4261 ι
3004 4213 3148 4277 Quid
3184 4214 3252 4268 de
3289 4214 3393 4268 hoc
3437 4215 3744 4270 Ratramni
3787 4217 3888 4270 lilm

2231 4284 2465 4336 sentiret
2488 4283 2906 4336 eruditissimus
2935 4286 3170 4337 antistes
3223 4285 3684 4353 interrogaverat
3721 4289 3886 4342 Dache

2229 4354 2348 4406 rius
2382 4373 2394 4406 :
2424 4354 2610 4407 verbis
2649 4355 2945 4422 respondit
2982 4371 3040 4407 se
3073 4355 3249 4424 probe
3295 4357 3544 4421 sentire;
3580 4365 3644 4410 at
3701 4365 3884 4411 senten

2229 4425 2369 4477 tiam
2402 4424 2653 4494 proferre
2687 4430 2938 4496 rogatus,
2969 4425 3029 4478 in
3058 4426 3226 4479 aliam
3263 4432 3483 4496 partem
3525 4429 3695 4483 abiit.
3735 4450 3762 4479 ι)

2301 4497 2539 4565 Insuper
2567 4511 2681 4565 qua
2719 4495 2906 4567 specie
2963 4497 3214 4549 veritatis
3270 4497 3518 4550 Joannes
3548 4498 3755 4554 Scotus
3811 4513 3888 4567 pel

2229 4581 2427 4618 sonam
2462 4575 2519 4618 et
2586 4570 2801 4618 larvam
2858 4566 3173 4631 Ratramni,
3230 4567 3480 4620 hominis
3533 4569 3687 4624 forte
3748 4566 3887 4624 adlnt

2229 4635 2359 4696 vivi,
2393 4636 2540 4688 inter
2578 4636 2855 4689 litteratos
2909 4637 3046 4689 clari
3100 4644 3155 4690 et
3213 4639 3660 4704 consuetissimi,
3725 4642 3888 4694 induit

2231 4706 2328 4774 qui
2368 4706 2608 4758 faciliter
2673 4707 2923 4759 abnuere
2981 4713 3037 4760 et
3090 4708 3450 4762 insolentiam
3510 4714 3885 4765 retunderer

2229 4776 2439 4852 larvam
2497 4778 2718 4852 eripere
2770 4782 3094 4852 poteratac
3140 4779 3497 4852 mendacium
3551 4783 3878 4852 rexprobnre

2229 4847 2386 4920 Quod
2417 4847 2799 4920 patrocinium
2839 4847 2898 4900 in
2943 4849 3122 4920 celato
3172 4849 3405 4902 nomine
3455 4851 3563 4903 sibi
3617 4847 3885 4920 procurar

2228 4917 2435 4986 potuit,
2469 4919 2812 4987 imperatore
2859 4919 3056 4971 Carolo
3111 4921 3278 4973 Calvo
3329 4917 3629 4974 doctorum
3698 4932 3886 4976 semen

2226 4987 2363 5040 tiam
2395 4989 2726 5062 decerpere
2753 4988 2958 5041 Christi
3011 4989 3067 5041 in
3098 4990 3470 5062 _Eucharistia
3507 4994 3706 5062 palam
3754 4996 3885 5062 inqn

2226 5057 2420 5111 rente?
2473 5057 2616 5121 Quid
2673 5059 2895 5112 diversa
2966 5060 3342 5113 sentientibus
3412 5057 3699 5118 catholice
3760 5057 3885 5116 viris

2224 5129 2454 5180 nemine
2486 5129 2719 5180 homine
2762 5129 2999 5181 crimine
3034 5130 3265 5182 hmresis
3309 5139 3574 5185 accusato
3630 5139 3737 5186 aut
3769 5150 3886 5187 accti

2225 5204 2593 5275 sante._opus
2625 5199 2731 5250 fuit
2765 5202 3160 5275 _commentito
3209 5203 3444 5275 nomine
3501 5205 3884 5275 pseudepigra

2223 5268 2338 5338 pha
2368 5269 2639 5340 adespota
2671 5269 2876 5339 scripta
2901 5271 2956 5322 in
3000 5271 3203 5340 vulgus
3259 5268 3561 5326 emittere?
3612 5268 3747 5328 Haec
3778 5268 3884 5327 ehi:

2224 5341 2347 5392 luce
2379 5339 2698 5392 meridiana
2751 5340 2960 5392 clarius
2999 5346 3198 5408 patent
3245 5357 3309 5393 ex
3361 5344 3619 5397 secundo
3681 5361 3884 5399 numer

2223 5409 2351 5483 libri
2389 5410 2457 5463 de
2489 5410 2742 5483 Corpore
2774 5417 2828 5462 et
2849 5411 3138 5477 Sanguine
3171 5412 3420 5483 Domini,
3455 5429 3518 5466 ex
3549 5431 3671 5483 quo
3727 5419 3880 5470 intr-ll

421 5486 602 5537 simus
631 5483 1010 5556 Mabillonius,
1045 5479 1278 5556 ordinis
1301 5481 1362 5556 Si
1397 5480 1682 5556 _Benedicti
1718 5481 2114 5556 illustris_mo-
2156 5505 2194 5556 ι)
2224 5479 2412 5556 girnus
2443 5484 2622 5556 totam
2655 5480 3280 5556 hanccontroversiam
3313 5482 3466 5536 inter
3497 5479 3724 5556 _tideles
3757 5495 3812 5539 et
3843 5503 3884 5538 οε

421 5556 655 5619 nachus,
687 5553 1017 5607 sinceritate
1049 5559 1106 5605 et
1135 5551 1367 5604 sublimi
1397 5551 1718 5603 humilitate
1765 5549 2110 5618 perinsiguis

418 5625 477 5679 in
509 5642 570 5679 re
624 5625 894 5678 litteraria
928 5621 1313 5692 diplomatica,
1370 5627 1427 5674 et
1480 5620 1867 5692 discernendis
1904 5621 2051 5692 veris
2081 5636 2112 5672 a

417 5696 572 5750 falsis
601 5689 1007 5766 manuscriptis
1062 5692 1374 5766 codicibus_
1399 5690 1804 5766 peritissimus.
1867 5689 2113 5766 A_l_t_er_i_us

417 5760 917 5838 septingentorum
976 5778 1258 5838 annorum
1325 5760 1582 5838 abbatite
1647 5761 1846 5838 Salem_
1894 5761 2113 5814 Weillcr

417 5829 770 5893 mentionem
806 5837 941 5890 facit
971 5836 1030 5889 in
1072 5835 1280 5888 Itinere
1321 5829 1655 5884 Germanico
1694 5846 1706 5882 :
1759 5829 1850 5882 cui
1897 5845 2109 5883 nomen

2222 5550 2984 5626 iliolicosvirosexstitiSse.
3023 5552 3230 5626 Verum
3291 5568 3421 5605 cum
3479 5554 3756 5610 ducentis
3811 5575 3878 5626 po

2222 5620 2351 5694 libri
2387 5621 2680 5694 Itatramni
2715 5621 3036 5694 editionem
3065 5623 3267 5694 _annis,
3298 5633 3674 5694 rexsnrgente
3728 5620 3883 5681 luere

2225 5690 2566 5758 Berengarii,
2629 5691 2726 5759 qui
2780 5703 2944 5743 secta?
2982 5692 3307 5746 istiusmodi
3359 5690 3572 5749 nomen
3625 5698 3879 5752 dederan

2221 5759 2430 5836 librum
2489 5760 2724 5836 Joannis
2782 5761 2932 5814 Scoti
2990 5763 3058 5836 ad
3117 5779 3234 5816 sua:
3283 5779 3479 5836 causa!
3525 5772 3882 5836 patrociniut

2220 5830 2618 5899 prodiderunt,
2648 5847 2942 5902 nunquam
2981 5833 3248 5889 dixerunt
3281 5834 3424 5888 libro
3469 5830 3543 5890 de
3589 5840 3882 5910 Corpore.
