3920 6224
103 362 186 412 173
835 365 1292 420 DlSSERTATlO
1329 366 1397 419 IN
1443 367 1574 421 LIB.
1618 366 1706 421 DE
1747 367 2069 423 CORPORE
2112 370 2198 424 ET
2238 370 2577 425 SANGUINE
2620 370 2877 426 DOMINI.
3512 378 3606 429 l7~i

105 494 386 572 Sanguine
423 497 608 572 citato
668 497 984 572 subjectum
1013 498 1196 572 _fuisse
1227 515 1448 572 nomen
1476 570 1481 572 _
1505 499 1802 572 Ratramni
1841 503 1886 555 A
1918 500 2090 567 guine
2115 500 2341 553 Domini
2370 501 2659 555 mentione
2690 518 2915 571 semper
2945 503 3256 572 postposita
3293 509 3350 557 et
3379 503 3605 558 silentio

103 572 195 618 aut
227 569 518 622 Bertrami
553 570 676 622 loco
722 569 959 622 Joannis
1007 569 1174 623 Scott.
1224 570 1336 622 Nec
1385 570 1486 622 viri
1541 570 1807 623 catholici

99 637 198 706 qui
250 639 534 692 adversus
587 642 993 708 Berengarium
1048 656 1277 692 causam
1330 640 1460 693 fidei
1513 642 1805 694 catholicae

99 709 372 761 tuendam
412 717 758 780 receperunt
803 711 1081 779 ejusmodi
1135 710 1383 763 nominis
1431 712 1806 765 mutationem

94 786 687 852 autnxscnlrrioneu
764 782 1143 850 objectaruut.
1212 783 1428 836 Revera
1503 783 1808 852 scriptores

93 850 337 918 quidam
382 853 673 915 catholici,
725 852 1063 905 humilitatis
1103 868 1293 918 causa,
1343 854 1523 906 celato
1572 850 1806 906 nomine

91 936 228 972 snas
256 923 698 975 lucubrationes
747 923 884 975 olim
933 925 992 975 in
1024 922 1314 991 publicam
1373 924 1555 976 lucem
1597 925 1804 976 emise-

93 998 255 1056 rnut,
291 993 384 1045 nti
439 994 723 1060 contingit
770 993 986 1045 auctori
1033 993 1309 1046 librorum
1368 994 1437 1047 de
1478 995 1806 1047 Imitatione

90 1062 336 1129 Christi,
378 1064 538 1116 libris
571 1065 640 1117 de
683 1063 1059 1117 Sacramentis
1089 1063 1144 1118 S.
1200 1064 1502 1131 Ambrosii,
1537 1066 1806 1118 Commoâ€”

89 1133 311 1185 nitorio
363 1134 650 1187 Vincentii
685 1134 995 1187 Lirinensis
1034 1140 1090 1186 et
1143 1134 1400 1204 pluribus
1447 1135 1596 1200 aliis,
1650 1136 1805 1204 ejus-

90 1205 262 1275 modi
287 1206 601 1257 nominum
629 1205 1008 1258 dissimulatio
1041 1205 1225 1259 locnm
1258 1205 1414 1259 dedit
1440 1205 1801 1275 inscriptioni

88 1279 146 1325 et
176 1274 544 1342 subjectioni
572 1275 846 1328 falsorum
880 1275 1180 1329 nominum
1211 1281 1383 1346 atque
1428 1292 1492 1329 ex
1543 1274 1630 1329 his
1676 1277 1804 1329 infi-

87 1351 213 1397 nita
287 1347 656 1398 eruditorum
724 1346 977 1399 virorum
1038 1346 1329 1400 involucra
1387 1352 1585 1400 exorta
1652 1352 1802 1409 sunt,

87 1432 384 1486 ranaeque
417 1417 487 1469 de
520 1416 804 1486 plerisque
835 1417 1162 1470 auctoribus
1190 1416 1530 1485 conjecturae
1559 1418 1620 1470 in
1652 1433 1806 1470 men-

88 1491 179 1538 tes
221 1487 539 1540 hominum
598 1487 982 1540 incurrerunt.
1035 1488 1140 1540 Sed
1189 1488 1278 1540 vix
1343 1493 1468 1557 post
1515 1489 1804 1540 inventam

86 1564 281 1610 artem
353 1559 852 1627 typographicam,
916 1558 1198 1611 industria
1255 1558 1537 1627 ejusmodi
1614 1559 1805 1612 dedita

89 1644 275 1696 opera
336 1630 685 1698 subjiciendi
747 1629 983 1682 nomina
1031 1630 1424 1681 commentitia
1480 1646 1584 1698 pro
1656 1629 1804 1682 veris

89 1704 332 1767 reperta
393 1706 499 1764 est,
558 1716 621 1752 ac
674 1699 900 1768 coxiges
959 1701 1190 1752 litterati
1231 1716 1335 1752 ova
1392 1715 1492 1752 sua
1545 1699 1602 1752 in
1662 1699 1806 1752 alie-

89 1786 170 1820 no
201 1769 346 1822 nido
401 1785 600 1838 parere
648 1772 960 1840 cmpernnt.
1020 1771 1322 1823 Inventum
1383 1770 1532 1823 enim
1576 1771 1806 1824 difficile

91 1840 319 1893 habent
377 1847 541 1911 ante,
574 1841 692 1893 lizec
735 1846 1044 1911 tempora.
1100 1841 1296 1910 paucis
1340 1841 1608 1911 exceptis,
1667 1842 1802 1894 scri-

88 1917 293 1979 ptores
364 1910 767 1980 pseudonymi,
837 1912 969 1964 licet
1036 1911 1309 1980 anonymi
1370 1910 1491 1964 non
1571 1912 1803 1965 desint:

90 1982 418 2050 scriptores
447 1981 678 2044 scilicet,
730 1981 847 2051 qui,
895 1982 1074 2034 celato
1126 1981 1362 2051 proprio
1413 1981 1647 2035 nomine
1694 1983 1808 2034 suis

93 2052 823 2105 lucubrationibusfalsum
851 2068 914 2105 ac
940 2052 1760 2122 supposititinmimposuerint
1791 2069 1802 2105 :

89 2123 184 2174 vix
230 2124 391 2174 enim
423 2122 480 2174 in
515 2122 755 2175 historia
787 2126 1079 2176 vetustatis
1120 2124 1398 2183 invenies,
1433 2128 1641 2192 praeter
1661 2127 1808 2193 Apo-

90 2193 319 2261 logiam
353 2193 639 2262 Origcnis,
672 2209 802 2262 quae
837 2195 1068 2246 nomine
1103 2195 1388 2262 Pamphili
1425 2193 1690 2262 martyris
1717 2197 1803 2246 in-

92 2266 338 2331 scripta,
399 2264 628 2316 Eusebii
694 2264 1055 2318 Caesariensis
1110 2280 1142 2316 a
1195 2265 1484 2334 plerisque
1533 2264 1803 2318 creditur.

91 2335 338 2386 Constat
367 2334 520 2402 apud
555 2350 754 2387 omnes
786 2335 994 2388 librum
1031 2335 1100 2386 de
1133 2336 1379 2405 Corpore
1428 2338 1485 2387 et
1517 2335 1806 2397 Sanguine

94 2405 338 2457 Domini
395 2407 557 2472 jussu
618 2405 980 2474 imperatoris
1049 2405 1238 2458 Caroli
1299 2406 1447 2458 Calvi
1529 2406 1805 2475 scriptum

93 2476 306 2538 fuisse;
337 2481 751 2545 auctoremque
780 2492 900 2528 esse
928 2475 1114 2528 virum
1151 2476 1377 2528 doctum
1409 2476 1468 2528 in
1519 2493 1634 2545 quo
1665 2476 1807 2528 sub-

93 2547 256 2598 limis
287 2546 593 2598 humilitas
619 2562 747 2598 cnm
783 2546 1063 2616 sapientia
1086 2547 1354 2612 decertat,
1390 2548 1552 2614 cujus
1584 2552 1807 2599 senten-

93 2618 236 2668 tiam
272 2618 347 2668 de
383 2619 488 2669 hoc
519 2617 791 2684 mysterio
822 2633 918 2670 rex
976 2622 1342 2685 percontatus
1392 2617 1596 2670 fuerat.
1646 2617 1805 2669 Insu-

89 2703 198 2756 per
230 2688 529 2756 applicata
565 2694 755 2741 mente
785 2692 841 2740 et
882 2688 1172 2739 voluntate
1225 2691 1505 2757 praicavet
1547 2703 1619 2740 ne
1670 2687 1803 2756 quid

95 2774 156 2810 ex
188 2760 393 2826 seipso
446 2758 717 2827 proferat,
769 2758 865 2811 sed
915 2757 1222 2810 sententias
1270 2759 1504 2811 Patrum
1555 2758 1806 2827 undique

95 2828 294 2896 prodit
329 2834 389 2880 et
418 2829 614 2896 spirat.
650 2827 796 2892 Quid
825 2844 962 2897 ergo
989 2829 1033 2880 si
1057 2827 1426 2881 metuendum
1455 2835 1576 2882 erat
1601 2833 1657 2881 et
1678 2844 1805 2898 quae

92 2915 273 2951 causa
304 2899 648 2966 subjiciendi
681 2899 963 2967 ejusmodi
1015 2899 1423 2963 lucubrationi,
1454 2903 1550 2961 ;tot
1579 2904 1803 2952 senten-

95 2970 187 3022 tiis
259 2971 498 3022 Patrum
547 2970 789 3038 expletze
840 2984 1052 3023 nomen
1108 2969 1606 3023 commentitinm?
1659 2968 1802 3036 Quid

93 3040 408 3108 proprium
450 3041 634 3092 celare
684 3039 922 3106 juvabat
974 3039 1266 3093 hominem
1327 3039 1699 3109 instigatione
1753 3045 1807 3092 et

87 3113 254 3174 jussu
326 3111 696 3178 imperatoris
772 3111 1154 3163 scribentem?
1216 3112 1337 3163 Haec
1389 3112 1541 3162 enim
1599 3111 1800 3162 Joanni

1915 572 2195 644 altissimo
2224 574 2468 644 sepulta.
2497 571 2708 644 Revera
2751 571 2992 642 scriptor
3021 571 3337 644 anonymus
3367 592 3395 626 a
3427 575 3607 628 Cello-

1917 642 2014 707 tio,
2047 642 2329 695 Jesniticae.
2357 643 2653 714 societatis
2679 644 2969 709 theologo,
3013 642 3221 713 publici
3248 646 3395 714 juris
3427 647 3605 700 factus

1916 713 1976 764 in
1999 713 2314 782 appendiee
2345 714 2412 766 ad
2448 713 2756 766 Historiam
2787 714 3177 780 Gotteschalci,
3222 713 3371 768 inter
3401 718 3605 770 adVer-

1917 785 2094 835 sarios
2123 784 2404 837 Paschasii
2435 783 2654 836 abbatis
2695 785 3048 836 Corbeiensis
3096 786 3466 840 Ratramnnm
3501 804 3602 841 no-

1917 854 2175 906 minatim
2197 859 2484 926 recenset.
2518 854 2622 926 Sed
2653 853 2801 906 inter
2828 871 3178 923 anonymum
3213 863 3268 909 et
3309 858 3603 926 Erigcrnm

1917 926 2164 997 multum
2192 925 2430 977 interest
2459 941 2471 997 _:
2517 925 2730 994 quippe
2761 941 2887 997 cum
2922 941 2950 977 e
2975 932 3170 997 contra
3203 925 3462 995 Erigerns
3483 930 3604 997 ipse

1915 995 2182 1047 adversus
2215 995 2574 1048 Paschasinm
2620 996 2928 1065 scripserit,
2987 996 3072 1048 nti
3123 995 3518 1065 intelligimus
3537 1015 3604 1052 ex

1915 1068 2312 1118 continuatore
2346 1065 2606 1120 Chronici
2639 1066 2879 1119 abbatize
2915 1066 3206 1120 Lobiensis
3245 1069 3344 1136 qui
3397 1071 3602 1121 exscri-

1915 1138 2028 1204 psit
2057 1137 2178 1188 hzec
2209 1136 2380 1189 verba
2406 1152 2470 1188 ex
2507 1136 2784 1190 Chronico
2825 1137 3126 1202 Sigeberti.
3171 1138 3389 1190 abbatis
3434 1139 3603 1192 Gem-

1917 1207 2193 1260 blacensis
2227 1223 2238 1260 :
2274 1229 2298 1254 u
2331 1208 2628 1276 Congessit
2673 1209 2840 1260 etiam
2896 1209 3157 1276 Erigerus
3207 1215 3405 1262 contra
3459 1210 3605 1263 Rad-

1915 1277 2139 1329 bertnm
2173 1278 2349 1330 multa
2381 1277 2786 1330 catholicorum
2835 1279 3063 1331 Patrum
3112 1281 3318 1348 scripta
3364 1282 3432 1332 de
3461 1280 3603 1333 Cor-

1916 1363 2054 1416 pore
2083 1353 2152 1420 et
2187 1348 2490 1420 Sanguine
2550 1349 2794 1402 Domini.
2836 1369 2855 1395 Î¹
2919 1349 3053 1412 Quae
3113 1349 3289 1402 videri
3358 1356 3601 1420 possunt

1915 1425 2053 1470 tom.
2081 1419 2147 1470 Vl
2180 1418 2466 1487 Spicilegii
2525 1419 2881 1480 Dacheriani,
2934 1421 3032 1472 fol.
3092 1423 3214 1472 591.
3277 1418 3387 1474 Nec
3433 1421 3607 1474 etiam

1917 1488 2198 1557 ejusmodi
2235 1493 2532 1541 nominum
2571 1489 2844 1542 Bertrami
2877 1494 2932 1542 et
2971 1490 3265 1543 Ratramni
3311 1493 3605 1544 conversio

1917 1565 2015 1611 aut
2043 1559 2240 1611 mixtio
2286 1560 2470 1612 fraudi
2524 1559 2633 1612 fuit
2675 1560 2998 1628 Sigeberto,
3044 1561 3366 1614 duodecimi
3414 1564 3605 1615 saeculi

1917 1629 2199 1702 scriptori,
2231 1635 2294 1681 ut
2323 1629 2671 1702 dissertatori
2706 1633 2906 1699 placet,
2939 1647 3226 1702 namvero
3259 1650 3320 1684 ac
3352 1633 3605 1702 genuino

1917 1700 2135 1752 auctori
2165 1700 2314 1752 hunc
2345 1700 2556 1752 librum
2591 1704 2660 1753 de
2695 1703 2941 1770 Corpore
2975 1706 3028 1755 et
3059 1700 3375 1765 Sanguine
3399 1703 3606 1756 Christi

1917 1770 2176 1838 aseripsit
2202 1770 2530 1839 Sigebertus
2561 1770 2619 1823 in
2650 1786 2750 1822 suo
2794 1772 3304 1825 ecclesiasticornm
3355 1772 3607 1841 Scripto-

1850 1851 1888 1904 B
1919 1858 2042 1894 rum
2078 1841 2366 1909 Catalogo,
2421 1841 2634 1894 scilicet
2674 1841 3016 1894 nominatim
3067 1842 3398 1910 Ratramno,
3452 1844 3604 1912 quod

1919 1912 2148 1982 quidem
2181 1919 2247 1964 ad
2278 1907 2448 1964 fidem
2487 1912 3142 1983 antiquorumrcodicnm
3199 1907 3609 1983 manuScripto-

1867 2028 1870 2032 .
1915 1999 2043 2035 rum
2073 1983 2412 2052 expressisse
2442 1983 2668 2035 videtur
2716 1982 2980 2036 dilucide.
3032 1984 3094 2036 Et
3148 1998 3341 2036 revera
3402 1984 3445 2035 si
3479 1982 3602 2053 qni-

1916 2054 2046 2106 dam
2088 2054 2368 2121 Sigeberti
2398 2053 2620 2124 codices
2650 2053 3025 2122 manuscripti
3054 2054 3372 2120 incurrant,
3401 2054 3456 2106 in
3483 2055 3607 2124 qui-

1914 2123 2022 2176 bus
2054 2124 2333 2176 Bcrtrami
2364 2139 2570 2176 nomen
2609 2123 2832 2191 legatur
2881 2139 2993 2176 non
3040 2125 3350 2187 Hatram-ni,
3409 2141 3607 2178 recen-

1917 2195 2092 2247 tiores
2123 2200 2335 2246 suntet
2369 2195 2740 2263 emporentici
2776 2209 2787 2246 :
2826 2210 2927 2246 nec
2957 2195 3095 2247 alibi
3142 2196 3346 2264 legisse
3395 2195 3607 2249 disser-

1917 2270 2160 2317 tatorem
2203 2269 2342 2334 puto
2381 2281 2551 2335 quam
2595 2263 2653 2316 in
2680 2264 2852 2335 typis
2900 2265 3178 2334 expressis
3209 2263 3349 2318 isiue
3395 2281 3530 2319 cura
3553 2273 3610 2319 et

1916 2336 2029 2388 fide
2055 2335 2332 2403 Sigeberti
2366 2334 2802 2403 exemplaribus.

1987 2406 2061 2459 Ex
2098 2406 2183 2458 his
2215 2406 2373 2458 facile
2406 2412 2490 2456 est
2522 2405 2841 2474 intelligere
2872 2421 3045 2475 quam
3095 2421 3295 2475 parum
3339 2406 3504 2460 firma
3535 2408 3609 2462 sit

1917 2477 2114 2529 critica
2143 2475 2543 2540 dissertatoris,
2593 2476 2728 2528 dum
2778 2475 2882 2529 sibi
2916 2475 3101 2544 lingit,
3153 2493 3283 2546 pag.
3339 2482 3460 2545 l66,
3493 2480 3606 2531 Pa-

1913 2547 2598 2618 schasiumï¬‚adbertum,
2649 2546 2908 2618 abbatem
2941 2547 3337 2618 Corbeiensem
3387 2549 3604 2618 signiï¬-

1915 2633 2042 2670 care
2068 2617 2310 2669 voluisse
2339 2621 2627 2670 auctorem
2662 2615 2796 2669 libri
2829 2617 2896 2670 de
2937 2617 3185 2685 Corpore
3233 2622 3289 2669 et
3317 2615 3605 2687 Sanguine

1917 2687 2144 2742 Domini
2210 2689 2298 2740 his
2361 2688 2548 2739 verbis
2599 2687 2659 2739 in
2717 2687 2959 2756 epistola
3006 2687 3073 2739 ad
3159 2688 3601 2756 Frudgardum:

1918 2779 1940 2806 â€¹â€¹
1993 2759 2257 2820 Quamvis
2313 2774 2380 2811 ex
2435 2758 2541 2810 hoc
2597 2757 2830 2827 quidam
2889 2757 2958 2810 de
3015 2758 3338 2826 ignorantia
3393 2765 3602 2826 errent,

1915 2845 2085 2881 nemo
2114 2835 2304 2881 tamen
2337 2831 2422 2880 est
2461 2828 2644 2881 adhuc
2678 2828 2735 2880 in
2791 2832 2989 2897 aperto
3047 2827 3146 2897 qui
3199 2829 3305 2882 hoc
3359 2829 3436 2882 ita
3483 2845 3604 2883 esse

1915 2899 2264 2951 contradicat
2295 2898 2446 2968 quod
2495 2903 2650 2951 totus
2703 2897 2855 2951 orbis
2893 2897 3071 2951 credit
3119 2903 3172 2951 et
3219 2900 3538 2954 confitetur.
3575 2919 3604 2951 Î¹)

1917 2970 2048 3024 Haec
2079 2969 2231 3022 enim
2261 2969 2430 3022 verba
2459 2969 2538 3022 sic
2576 2969 2986 3037 interpretatur
3013 2968 3360 3023 dissertator.
3410 2971 3606 3024 lnnnit

1915 3039 2066 3093 haud
2099 3039 2290 3105 dubie,
2320 3039 2531 3108 inquit,
2569 3060 2589 3084 ÏƒÎ¹
2626 3039 2715 3091 bis
2745 3038 2932 3092 verbis
2962 3044 3162 3091 notum
3198 3041 3303 3093 sibi
3335 3041 3602 3094 volumen

1915 3111 2238 3180 esseicnjus
2296 3110 2494 3162 artifex
2555 3125 2672 3162 non
2735 3109 2970 3162 auderet
3023 3117 3188 3180 Î³Ï…Î¼Î½á¿‡
3233 3110 3387 3180 Ïˆ]Î¿á½±
3445 3112 3607 3164 aiunt

89 3183 265 3232 Scoto
299 3182 641 3248 neutiquam
675 3182 1042 3252 conveniunt,
1075 3196 1246 3250 quem
1285 3180 1458 3252 etiam
1510 3181 1802 3252 improba-
1844 3197 1884 3250 (Î¶
1914 3179 2104 3252 ÎºÎµÏ†Î±Î»á¿‡
2166 3180 2480 3252 congredi,
2523 3181 2616 3232 sed
2647 3181 2899 3252 larvatus
2948 3179 3261 3252 incederet.
3317 3181 3607 3234 Scribebat

93 3252 209 3303 bile
242 3256 405 3303 esset
434 3258 490 3304 et
517 3250 853 3304 incredibile
883 3251 1112 3304 tinxisse
1144 3257 1198 3303 et
1247 3251 1554 3320 subjecisse
1605 3267 1662 3304 se
1696 3251 1802 3303 im-

93 3323 397 3387 peratoris
418 3323 581 3390 jussu
641 3321 709 3374 ad
761 3321 1126 3374 scribendum
1177 3321 1386 3374 librum
1446 3322 1807 3392 compulsum

97 3393 298 3445 fuisse.
335 3392 570 3445 Nemini
601 3392 758 3445 enim
808 3393 1033 3445 homini
1083 3393 1291 3444 mentis
1342 3393 1592 3461 compoti
1651 3393 1810 3445 frons

93 3465 243 3514 adeo
272 3463 476 3532 periit,
512 3466 594 3527 ut,
655 3477 791 3532 rege
823 3467 879 3514 et
924 3463 1268 3532 imperatore
1311 3461 1370 3515 in
1425 3463 1560 3514 vivis
1609 3478 1807 3532 snper-

94 3537 251 3596 stite,
287 3535 486 3603 palam
520 3539 574 3586 et
605 3534 832 3602 publice
864 3533 1079 3602 lingere
1111 3532 1317 3603 audeat
1347 3549 1404 3585 se
1434 3534 1625 3602 magni
1660 3533 1810 3602 prin-

93 3605 242 3672 cipis
270 3602 444 3672 jussu
475 3604 723 3656 scribere
755 3604 822 3656 de
854 3619 1080 3656 summo
1113 3602 1410 3672 religionis
1440 3604 1692 3672 negotio,
1727 3619 1808 3655 se-

95 3691 212 3743 que
241 3675 301 3727 in
335 3675 655 3727 imminens
681 3674 1000 3743 periculum
1025 3690 1088 3726 ac
1115 3675 1240 3726 vitaa
1279 3673 1560 3743 fammque
1609 3673 1807 3727 discri-

98 3760 238 3797 men
268 3746 562 3798 adducere
608 3751 666 3798 et
703 3746 904 3798 saltem
956 3745 1377 3798 accusationem
1435 3744 1654 3797 falsarii
1685 3760 1806 3796 om-

99 3832 202 3867 nes
237 3814 598 3868 verecundiae
629 3815 775 3868 fines
812 3815 1184 3884 impudenter
1231 3815 1584 3868 transeuntis
1634 3815 1808 3867 susti-

99 3902 262 3938 nere.

169 3955 495 4026 Imaginosi
561 3955 791 4009 videtur
843 3956 1195 4026 etiamiesse
1255 3954 1474 4009 cerebri
1538 3957 1811 4009 Bertrami

95 4025 318 4080 nomen
349 4027 464 4079 sibi
498 4025 843 4096 persuadere
887 4027 947 4096 in
1011 4025 1373 4079 Ratramnum
1425 4027 1493 4078 ab
1552 4027 1808 4078 exeuntis

95 4099 299 4150 saeculi
339 4095 572 4150 noniâ€™et
601 4097 855 4150 ineuntis
885 4095 1093 4149 decimi
1125 4096 1511 4150 libcllionibus
1538 4113 1634 4149 seu
1661 4113 1810 4148 ama-

96 4168 428 4221 nuensibus
463 4183 798 4220 conversum
830 4167 1023 4219 fuisse.
1067 4167 1206 4219 Nam
1248 4183 1312 4218 ea
1361 4171 1523 4219 mtate
1569 4167 1713 4219 liber
1739 4167 1808 4219 de

94 4242 361 4308 Corpore
391 4243 451 4292 et
478 4238 771 4308 Sanguine
814 4235 1060 4300 Domini,
1109 4237 1199 4289 vel
1242 4237 1674 4308 hreretiensrvel
1706 4253 1802 4308 ica-

93 4307 376 4374 tholâ€™icus,
420 4310 484 4362 in
538 4307 804 4361 manibus
835 4308 1097 4360 omnium
1130 4308 1481 4360 versabatur.
1518 4307 1576 4360 Si
1614 4307 1809 4359 catho-

95 4382 273 4443 iicus,
332 4379 473 4449 quid
507 4395 735 4432 necesse
768 4383 889 4431 erat
919 4377 1126 4449 Joanni
1156 4378 1322 4449 scoto
1353 4378 1534 4449 celato
1575 4379 1808 4449 nomine

95 4453 156 4502 in
189 4447 406 4520 vulgus
435 4449 736 4502 emittere?
766 4449 822 4503 Si
852 4464 986 4502 vero
1014 4447 1583 4520 hmresirinqninatus
1629 4448 1806 4520 habe-

95 4518 451 4590 batuï¬‚qna
481 4520 670 4588 specie
702 4524 923 4588 poterat
952 4534 1160 4590 nomen
1191 4519 1243 4590 ei
1271 4518 1515 4590 inscribi
1559 4519 1806 4590 auctoris

96 4593 167 4642 de
193 4588 486 4661 religione
512 4590 791 4661 catholica
821 4589 1050 4661 egregie
1091 4588 1305 4661 meriti,
1355 4589 1460 4661 viri
1509 4589 1805 4661 sanctitate

95 4670 152 4713 et
184 4659 455 4714 doctrina
489 4660 881 4728 illustrissimi,
935 4659 1048 4712 imo
1105 4659 1397 4712 Ratramni
1449 4659 1806 4713 Corbeiensis

100 4732 384 4784 monachi
418 4736 475 4783 et
505 4730 848 4800 presbyteri,
894 4728 1118 4783 abbatis
1175 4728 1530 4792 Orbacensis,
1578 4734 1650 4800 ut
1682 4729 1804 4782 Flo-

93 4803 362 4855 Ã©uau-dus
393 4799 587 4864 refert,
639 4799 802 4869 cujus
855 4817 963 4870 ope
1015 4800 1266 4870 episcopi
1314 4799 1588 4854 Gallicani
1621 4800 1809 4852 Eccle-

95 4875 246 4926 siam
283 4872 607 4927 Occidentis
637 4872 909 4925 adversus
938 4871 1160 4924 Graecos
1200 4871 1472 4924 tuendam
1518 4870 1809 4922 existima-

98 4950 342 4996 serant'
379 4943 478 5012 qui
511 4943 830 4995 doctrinam
863 4941 918 4994 S.
962 4941 1268 5012 Augustini
1319 4941 1388 5012 de
1435 4940 1809 5012 Prmdestina-

97 5025 262 5067 none
314 5011 550 5066 nervosa
608 5012 940 5065 defenderat
984 5011 1151 5079 jussu
1209 5011 1395 5065 Caroli
1452 5011 1604 5065 Calvi
1661 5011 1812 5080 regis

100 5084 414 5138 Î“ÎµÏ„Î¹Î·Îµá½¶á½·Îµá¿–
447 5083 633 5136 Fateri
683 5083 857 5152 igitur
887 5097 1118 5135 necesse
1176 5085 1260 5152 est
1293 5082 1463 5152 hanc
1514 5081 1809 5134 ï¬ctionem

97 5165 150 5208 et
185 5155 637 5224 impositionem
660 5151 910 5224 neminis
943 5151 1239 5205 Ratramni
1263 5151 1409 5224 libro
1432 5151 1502 5204 de
1522 5152 1811 5224 Sanguine

98 5222 375 5295 corporis
416 5224 627 5277 Christi
659 5222 887 5295 defendi
918 5238 1034 5295 non
1067 5237 1234 5291 posse
1283 5222 1392 5295 nisi
1424 5239 1456 5274 a
1509 5223 1814 5274 temerario

99 5292 336 5348 eritâ€”sco.
381 5297 558 5349 Porro
587 5310 653 5347 ex
685 5293 774 5346 his
807 5293 1051 5346 maxime
1084 5292 1456 5361 consequitur
1485 5308 1600 5344 non
1649 5308 1815 5361 posse

105 5370 356 5436 Erigere
391 5365 622 5429 ascribi,
645 5364 796 5436 quod
829 5369 1064 5433 propter
1095 5362 1241 5436 hanc
1268 5362 1527 5436 nominis
1550 5364 1820 5416 Bertrami'

105 5456 158 5490 in
191 5432 500 5492 á¾—ÏƒÎ¹Î½-Î±Î¹Î·Î·á½·
529 5432 965 5487 translationem
1013 5433 1317 5486 undecimo
1361 5432 1570 5487 sacculo
1622 5439 1813 5486 aucto-

107 5525 226 5561 rem
265 5508 408 5561 libri
439 5507 508 5560 de
531 5505 783 5574 Corpore
804 5510 860 5557 et
887 5504 1177 5573 Sanguine
1201 5503 1426 5557 Domini
1445 5503 1816 5574 Ratramnnm

107 5577 492 5650 appellaverit
527 5573 687 5650 :_h0c
717 5575 1047 5650 eniminter
1076 5590 1238 5628 veras
1259 5579 1342 5650 _et
1370 5575 1650 5650 genuinas
1699 5573 1818 5628 Eri-

274 5645 735 5719 Iucnbrationes
773 5644 980 5719 nullibi
1018 5645 1093 5719 _iu
1147 5645 1339 5719 oculos
1392 5643 1676 5719 incurrit,
1718 5659 1821 5719 nec

111 5714 265 5793 apud
308 5719 492 5771 ullum
529 5715 824 5770 undecimi
863 5715 1057 5793 saeculi
1109 5715 1460 5793 scriptorem.
1485 5714 1819 5793 ecclesiasti-

111 5784 266 5852 á¼€á½·Ï‰,
306 5805 428 5859 quo
454 5790 586 5842 lites
617 5791 677 5840 et
704 5786 1104 5859 controversia
1137 5784 1465 5859 Berengarii
1495 5789 1822 5859 contestata:

115 5871 169 5915 et
189 5856 614 5928 redintegrata
644 5862 798 5920 sunt,
835 5857 1002 5926 hujus
1032 5857 1156 5910 libri
1189 5856 1258 5910 de
1307 5859 1556 5925 Corpore
1592 5860 1646 5908 et
1683 5856 1821 5908 San-

1918 3250 2109 3304 autem
2143 3252 2287 3304 hanc
2317 3250 2618 3319 epistolam
2646 3251 2976 3303 Paschasius
3008 3251 3112 3303 sub
3154 3267 3368 3304 annum
3419 3255 3540 3305 860.
3577 3274 3603 3299 Î·

1921 3322 2222 3375 Enimvero
2255 3321 2298 3374 si
2334 3336 2529 3392 revera
2555 3321 2701 3374 hanc
2731 3321 3030 3390 epistolam
3087 3321 3155 3374 ad
3209 3322 3602 3392 Frudgardum

1918 3409 2070 3446 anno
2103 3394 2206 3446 860
2257 3391 2480 3461 scripsit
2538 3392 2888 3455 Paschasius,
2967 3391 3481 3460 improbabi!eiest
3533 3395 3600 3446 ad

1920 3463 2126 3516 librum
2159 3463 2225 3516 de
2257 3462 2503 3530 Corpore
2537 3467 2592 3514 et
2619 3462 2908 3531 Sanguine
2941 3462 3168 3514 Domini
3204 3462 3496 3516 Ratramni
3527 3481 3607 3516 re-

1920 3533 2167 3603 spexisse
2193 3552 2210 3586 :
2241 3534 2454 3602 quippe
2486 3549 2614 3586 cum
2656 3534 2866 3585 scilicet
2896 3533 3062 3585 annis
3110 3532 3224 3585 fere
3275 3534 3603 3602 quindecim

1961 3607 2048 3656 ost
2079 3604 2230 3656 hunc
2260 3619 2474 3656 annum
2507 3603 2854 3672 compositus
2885 3604 2979 3666 sit,
3005 3619 3118 3672 quo
3139 3607 3399 3673 tempore
3432 3606 3602 3656 Caro-

1940 3691 2005 3728 us
2039 3675 2237 3728 Calvus
2269 3674 2338 3726 ad
2380 3673 2684 3742 imperium
2717 3673 3036 3743 Occidentis
3068 3675 3347 3743 pervenit,
3377 3674 3459 3726 uti
3483 3690 3603 3743 per-

1917 3751 2179 3815 spectum
2207 3744 2484 3797 habemus
2520 3759 2585 3795 cx
2633 3744 2802 3815 titulo
2849 3742 3198 3815 prvefationis
3237 3743 3407 3815 hujus
3448 3745 3601 3807 libri,

1916 3813 2006 3868 his
2031 3814 2216 3867 verbis
2250 3819 2558 3880 concepto:
2597 3833 2624 3862 Â«
2656 3813 2736 3865 Ad
2769 3813 3031 3865 Carolum
3066 3813 3329 3881 Magnum
3359 3814 3604 3883 impera-

1916 3891 2124 3949 torem,
2149 3905 2176 3934 Â»
2203 3884 2371 3954 quiin
2397 3883 2958 3954 antiquiscodicibus
2979 3884 3381 3951 manuscriptis
3403 3900 3598 3937 oecur-

1918 3957 2009 4023 rit,
2039 3956 2108 4009 ad
2138 3953 2382 4026 quorum
2415 3953 2589 4006 ï¬dem
2628 3953 2774 4026 liber
2812 3953 2879 4006 de
2926 3955 3174 4022 Corpore
3212 3960 3266 4006 et
3310 3954 3602 4023 Sanguine

1918 4024 2490 4095 Dominiâ€˜primnlum
2549 4024 3051 4095 typisrexpressus
3081 4031 3165 4076 est.
3228 4041 3379 4077 anno
3444 4027 3600 4080 l352.

1922 4099 2062 4151 Nam
2093 4113 2161 4149 ex
2179 4094 2457 4149 "omnibus
2487 4094 2767 4147 chronicis
2792 4094 3169 4162 intelligimus
3201 4096 3461 4149 Carolum
3486 4097 3608 4151 Cal-

1918 4183 2073 4231 vum,
2115 4169 2220 4220 hoc
2251 4167 2416 4218 titulo
2446 4165 2835 4234 designatum,
2871 4165 2937 4218 ad
2973 4165 3279 4234 imperium
3314 4183 3427 4219 non
3468 4183 3604 4235 per-

1920 4238 2138 4290 venisse
2172 4243 2302 4289 ante
2355 4252 2569 4289 annnm
2623 4238 2746 4302 875,
2796 4252 2910 4305 quo
2967 4253 3000 4287 a
3055 4253 3280 4289 summo
3339 4239 3605 4306 pontifice

1916 4309 2134 4361 Joanne
2157 4308 2276 4360 Vlll
2312 4311 2619 4359 coronatus
2665 4306 2799 4378 fuit,
2851 4306 2905 4358 vi
2959 4311 3016 4358 et
3063 4308 3238 4359 armis
3299 4308 3606 4378 profligato

1921 4379 2202 4432 Ludovico
2234 4393 2364 4446 rege
2412 4376 2751 4441 Germanize,
2810 4384 3192 4446 cognomento
3247 4376 3603 4442 Germanico,

1920 4449 2019 4518 qui
2054 4448 2400 4502 Francofurti
2435 4463 2586 4500 anno
2613 4447 2930 4500 continenti
2961 4450 3084 4509 876,
3115 4450 3182 4501 28
3214 4449 3479 4518 AAngusti
3519 4450 3604 4501 in-

1919 4516 2092 4572 teriit.
2132 4519 2362 4572 Constat
2401 4518 2573 4571 etiam
2621 4518 2773 4586 apud
2814 4533 3014 4571 omnes
3067 4516 3352 4572 Carolumw
3377 4521 3605 4573 Calvum

1917 4589 2139 4642 duobus
2161 4595 2383 4641 tantum
2411 4588 2576 4640 annis
2604 4588 2935 4658 imperasse,
2963 4593 3251 4641 mortuum
3283 4590 3496 4642 scilicet
3517 4590 3608 4641 die

1916 4662 1946 4711 6
1977 4659 2236 4714 Octobris
2266 4675 2416 4712 anno
2451 4662 2574 4712 877.
2605 4659 2710 4712 Sed
2746 4664 2900 4728 patet
2927 4659 3286 4711 abundanter
3316 4675 3486 4727 quam
3527 4664 3606 4710 te-

1919 4745 2071 4783 mere
2103 4730 2433 4783 dissertator
2459 4731 2517 4782 in
2574 4745 2822 4781 errorem
2881 4729 3146 4781 inductus
3186 4729 3278 4793 sit,
3334 4730 3467 4780 dum
3501 4728 3607 4780 hoc

1917 4816 2067 4853 anno
2099 4803 2203 4854 860
2235 4801 2596 4853 Paschasinm
2628 4800 2927 4868 epistolam
2963 4799 3036 4850 ad
3062 4798 3453 4864 Frndgardnm
3477 4799 3609 4850 serio

1923 4870 2095 4940 psisse
2126 4871 2378 4924 defendit
2409 4887 2420 4923 :
2455 4871 2666 4938 quippe
2695 4885 2822 4921 cum
2856 4885 2922 4921 eo
2954 4869 3146 4936 plures
3179 4868 3314 4919 anni
3347 4883 3379 4918 a
3407 4877 3608 4940 morte

1919 4939 2204 4995 Paschasii
2227 4943 2347 5010 jam
2382 4941 2720 4993 effluxerant
2747 4955 2918 5007 quam
2947 4944 3076 4990 ante
3108 4952 3330 5010 annum
3349 4939 3451 5010 853
3474 4953 3608 5010 con-

1920 5012 2113 5081 tigisse
2141 5007 2389 5081 necesse,
2424 5011 2661 5071 videtur,
2689 5024 2901 5081 nempe
2925 5007 3245 5081 q_no_abbas
3297 5007 3610 5081 Corbeien-

1922 5076 2016 5146 sis,
2051 5083 2282 5134 nomine
2314 5080 2455 5145 Odo,
2493 5078 2741 5131 secundo
2781 5077 3018 5130 concilio
3049 5076 3441 5130 Snessoniensi
3472 5079 3608 5132 sub-

1922 5153 2168 5220 scripsit,
2223 5151 2322 5220 qui
2376 5150 2432 5202 in
2483 5147 2998 5220 locumipaschasii
3035 5154 3418 5220 successerat.
3458 5149 3614 5220 Dicet

1923 5217 2158 5276 fortasse
2189 5217 2520 5274 dissertator
2550 5218 2910 5272 Paschasium
2942 5217 3231 5270 abdicasse
3279 5235 3474 5272 curam
3515 5219 3612 5272 ab-

1925 5294 2091 5346 batize
2123 5290 2480 5342 Corbeiensis
2512 5305 2578 5340 eo
2608 5304 2755 5340 anno
2786 5290 2888 5342 852
2934 5293 3032 5341 aut
3090 5291 3215 5352 853,
3267 5296 3324 5341 et
3354 5290 3611 5342 nondum

1926 5361 2294 5426 obiisse;sed
2347 5368 2634 5428 utcunque
2662 5375 2753 5411 res
2812 5362 2902 5424 sit,
2963 5375 3079 5412 non
3143 5358 3406 5428 probabit
3463 5361 3616 5412 ultra

1926 5447 2138 5486 annum
2174 5434 2274 5484 859
2334 5431 2418 5482 vel
2473 5432 2540 5482 60
2597 5428 2846 5482 vixisse:
2908 5429 3166 5498 adeoque
3229 5430 3615 5483 abundantius

1926 5501 2144 5573 patebit
2176 5502 2382 5554 librum
2415 5499 2712 5573 Batramni
2756 5500 2814 5553 in
2871 5506 3124 5573 mentem
3145 5571 3156 5573 _
3185 5501 3480 5573 Paschasii
3521 5501 3615 5553 inâ€”

1929 5570 2154 5626 currere
2182 5587 2295 5624 non
2364 5570 2620 5640 potuisse
2676 5571 2733 5623 in
2792 5571 3037 5640 epistola
3091 5571 3161 5624 ad
3196 5570 3610 5637 Frudgardum.

1929 5657 2056 5696 cum
2092 5658 2202 5694 non
2235 5640 2343 5694 nisi
2377 5642 2922 5712 imperanteCarolo
2957 5642 3145 5707 Calvo,
3179 5641 3267 5693 cui
3311 5642 3417 5692 sub
3451 5641 3618 5693 titulo

1930 5713 2294 5782 imperatoris
2336 5711 2643 5782 inscriptos
2690 5711 2818 5776 fuit,
2879 5735 2895 5759 Î¹
2948 5713 3014 5765 ad
3066 5713 3328 5764 Carolum
3385 5712 3616 5763 Calvum

1929 5785 2358 5851 imperatorem,
2392 5805 2419 5832 â€ºâ€º
2448 5783 2795 5854 compositus
2827 5783 2917 5854 sit,
2953 5783 3354 5854 intrascilicet
3381 5795 3615 5854 pannum

1931 5856 2055 5920 875,
2092 5869 2207 5923 quo
2238 5854 2308 5908 ad
2340 5851 2650 5926 imperium
2683 5853 2940 5923 pervenit
2965 5851 3211 5913 Carolus,
3237 5855 3293 5904 et
3333 5852 3454 5910 877,
3505 5865 3618 5918 quo
