3920 6224
435 401 532 450 175

1151 389 1603 446 DlSSERTATIO
1643 389 1713 442 IN
1757 391 1883 446 LIB.
1927 391 2016 444 DE
2068 388 2395 446 CORPORE
2445 389 2532 444 ET
2572 389 2912 443 SANGUINE
2967 389 3230 444 DOMINI.

3785 397 3850 444 l'ni

433 542 652 581 veneno
695 541 728 580 a
781 524 1005 580 medico
1061 522 1334 577 Zedechia
1390 521 1498 575 sibi
1553 520 1858 591 propitiato
1911 519 2122 573 exstin-
2159 521 2204 573 Α
2306 523 2396 586 At,
2429 517 2620 588 inquit
2651 517 3022 591 dissertator,
3083 521 3342 591 tempore
3381 517 3716 591 _Berengarii
3767 537 3848 573 non

435 605 556 652 ctus
585 601 685 650 est.

505 671 582 723 Ex
613 669 700 722 bis
730 666 978 722 dilucide
1011 665 1379 733 consequitur
1410 678 1580 732 quam
1629 661 1736 716 sibi
1781 661 2126 732 persuadeat

431 755 736 811 perperam
779 738 1112 811 dissertator
1159 737 1548 811 liincmarom,
1606 733 1984 811 Bhemensem
2029 748 2124 811 ar-

431 803 882 880 chiepiscopum,
911 807 1147 880 hujusce
1179 806 1309 858 libri
1333 807 1400 880 de
1434 805 1684 880 Corpore
1730 809 1786 856 et
1839 803 2124 880 Sanguine

433 875 687 944 Doniini,
723 875 909 949 'quem
967 875 1708 949 Ratramuo“vindicamus.
1735 945 1749 949 _
1771 875 2123 949 mentionem

432 954 630 1006 fecisse
665 945 816 1004 anno
868 952 989 1014 8359,
1023 955 1176 1002 tomo
1225 949 1240 999 1
1293 947 1418 999 libri
1465 946 1532 998 de
1595 945 2123 1010 Prmdestinatione,

435 1039 566 1091 cap.
605 1025 696 1082 2t,
731 1037 863 1090 pag.
897 1023 1000 1074 232
1034 1036 1045 1072 :
1081 1019 1160 1071 ibi
1190 1015 1986 1091 enim_conceptis_verbisait
2011 1031 2124 1066 non

436 1086 834 1156 Batramniim,
882 1093 974 1144 sed
1021 1091 1298 1143 Joannem
1351 1087 1576 1140 Scotum
1625 1086 1694 1138 ab
1735 1086 2001 1138 omnibus
2033 1102 2128 1153 pa-

436 1165 550 1217 lam
593 1181 655 1215 ac
717 1161 943 1232 publice
1001 1161 1250 1232 reputari
1311 1164 1620 1232 auctorem.
1686 1158 1938 1232 capitum
1996 1172 2125 1224 qua:

437 1227 787 1288 confutanda
817 1227 1112 1300 receperat
1143 1230 1332 1300 dictus,
1365 1229 1734 1300 llincmarus._
1755 1227 1862 1280 Sed
1895 1229 2129 1300 insuper

439 1322 570 1374 quae
636 1311 865 1374 contra,
901 1298 1091 1374 ﬁdem,
1131 1299 1392 1374 Ecclesiae
1449 1315 1514 1374 ex
1558 1298 1815 1374 doctrina
1875 1303 1930 1350 et
1981 1299 2126 1351 libro

436 1369 670 1429 J-oannis
724 1373 872 1428 Scoti
920 1373 1294 1440 exscripserat
1341 1370 1400 1422 in
1461 1371 1603 1422 libro
1645 1369 1713 1422 de
1763 1372 2014 1437 Corpore
2074 1375 2129 1421 et

437 1446 724 1515 Sanguine
759 1444 1005 1506 Domini,
1039 1439 1141 1495 sub
1173 1443 1404 1515 nomine
1437 1439 1733 1515 Batramni
1791 1440 2127 1508 neutiquam

437 1511 761 1568 occurrunt.
805 1515 932 1567 Haec
986 1515 1138 1566 enim
1199 1514 1370 1565 verba
1427 1513 1510 1562 vel
1565 1511 1868 1563 verborum
1932 1527 2128 1562 sensus

439 1604 553 1658 quo
581 1603 819 1658 numero
852 1587 1218 1658 innotescunt
1251 1582 1396 1651 apud
1426 1581 1840 1635 Ratramnum‘?
1880 1586 1932 1634 l°
1985 1597 2127 1640 ριτοῐ)

437 1654 596 1711 fama
637 1675 714 1710 srr
768 1657 977 1709 DlilTAS.
1015 1657 1071 1707 2°
1119 1654 1280 1717 Qroo
1329 1669 1523 1705 ANUELI
1572 1669 1688 1704 sIN'r
1735 1668 1942 1704 erl‘na
1994 1669 2128 1705 con-

441 1728 712 1782 ronALEs?
766 1731 916 1790 Qi'oo
973 1741 1142 1778 smus
1203 1740 1422 1776 HOMIle
1463 1739 1569 1775 nos
1621 1739 1698 1774 sir
1737 1739 1788 1775 l.\‘
1839 1725 2124 1776 conpone?

441 1803 498 1852 3°
548 1801 705 1862 Quor)
745 1813 1086 1850 SACRAMENTA
1148 1811 1366 1847 ALTABIS
1425 1810 1532 1846 NON
1574 1809 1752 1846 vanus!
1813 1809 2012 1846 conpes
2069 1810 2128 1846 1-11"

443 1887 666 1922 SANGUIS
743 1885 857 1921 SINT
937 1871 1130 1920 υυλεικι
1209 1882 1302 1917 SFD
1384 1881 1595 1916 TANTUM
1681 1880 1920 1916 MEMHRIA
2007 1880 2124 1916 \‘Eltl

441 1957 697 1993 CORPORIS
731 1956 790 1990 ET
829 1953 1110 1990 SANGL‘INIS
1151 1952 1292 1988 EJtTS.
1343 1935 1556 1988 Revera
1611 1934 1744 1987 dicit
1791 1935 2128 1986 ltatramuus

441 2028 601 2064 num.
639 2013 704 2062 99
740 2017 794 2061 et
829 2011 926 2061 100
962 2025 973 2060 :
1014 2028 1038 2056 «
1070 2007 1228 2069 Quod
1265 2008 1369 2058 iste
1399 2007 1561 2074 panis
1593 2013 1649 2058 et
1682 2007 1843 2064 calix,
1879 2006 1974 2075 qui
2007 2022 2129 2058 cor-

441 2097 548 2150 pus
578 2087 631 2134 et
663 2080 894 2146 sanguis
933 2079 1136 2132 Christi
1183 2077 1614 2150 nominaturet
1639 2077 1868 2150 _existit,
1914 2093 2128 2150 memo-

441 2147 582 2204 riam
617 2155 988 2219 reprtesentat
1043 2148 1348 2201 lluminicm
1399 2147 1701 2216 passionis,
1745 2148 2131 2215 quemadmo-

441 2223 573 2274 dum
629 2222 748 2289 ipse
806 2220 948 2272 dixit
979 2219 1034 2272 in
1095 2219 1395 2286 Evangelio
1433 2234 1444 2269 :
1487 2219 1602 2289 [loc
1644 2219 1918 2289 fucithin
1957 2233 2130 2270 meam

440 2287 1004 2345 commemorationem.
1067 2309 1091 2336 ››
1146 2289 1302 2352 Quod
1361 2288 1590 2356 quidem
1651 2287 2006 2340 verissimum
2076 2293 2131 2339 et

439 2364 729 2416 catholica:
761 2361 890 2414 ﬁdei
935 2358 1514 2422 congruentissimum
1549 2363 1650 2410 est.
1699 2359 1816 2410 Non
1865 2361 2014 2410 enim
2051 2359 2132 2410 ait

441 2435 784 2486 ltatraniuus
821 2447 924 2484 non
967 2446 1076 2484 esse
1105 2445 1287 2482 rerum
1339 2443 1552 2497 corpus,
1604 2429 1721 2480 imo
1771 2445 1902 2480 vero
1937 2444 2129 2496 corpus

441 2511 489 2556 et
523 2506 752 2566 sanguis
776 2501 984 2556 Christi
1014 2502 1328 2552 nominatur
1358 2504 1406 2551 et
1458 2501 1666 2551 cmistit.
1733 2499 1844 2551 Nec
1901 2500 1980 2551 ait
2009 2517 2129 2552 esse

442 2579 652 2626 tantum
698 2575 1030 2636 memoriam,
1083 2587 1214 2622 nam
1273 2571 1332 2622 in
1379 2571 1483 2621 hac
1531 2585 1665 2621 voce
1708 2585 1921 2622 rexrex
1973 2571 2130 2622 virus

441 2644 709 2696 immanis
759 2642 990 2694 ham-sis
1034 2640 1310 2692 consistit.
1367 2640 1648 2692 Prmtcrea
1703 2655 1771 2692 ne
1831 2656 1894 2692 ex
1945 2641 2130 2693 verbis

443 2712 738 2767 Ratramni
767 2712 1171 2764 contumeliam
1221 2715 1490 2779 caperent
1520 2709 1622 2762 viri
1673 2709 1954 2774 catholici,
1995 2727 2127 2764 cou-

441 2785 646 2837 tinenti
686 2798 950 2836 sermone
987 2781 1249 2850 prudenti
1298 2781 1566 2833 cautione
1597 2780 1666 2834 ab
1705 2781 1860 2833 omni
1908 2797 2127 2834 veneno

441 2861 498 2908 et
528 2856 676 2908 malo
710 2853 942 2907 haeresis
972 2852 1218 2905 declinat
1245 2850 1333 2904 his
1363 2851 1546 2904 verbis
1579 2867 1592 2902 :
1629 2869 1655 2900 α
1698 2851 1807 2904 Nec
1855 2852 2128 2920 quoniam

443 2926 546 2978 ista
578 2926 820 2978 dicimus
849 2929 1082 2992 putetur
1112 2922 1168 2975 in
1215 2922 1484 2991 mysterio
1532 2923 1874 2975 sacramenti
1925 2938 2129 2991 corpus

443 2996 668 3049 Domini
697 2994 780 3044 vel
816 2991 1154 3062 sanguinem
1181 2991 1361 3062 ipsius
1399 3008 1512 3044 non
1558 3007 1590 3044 a
1637 2993 1904 3046 ﬁdelibus
1957 2993 2127 3060 sumi,

441 3066 670 3136 quando
701 3065 985 3136 ﬁdesnon
1013 3063 1166 3136 quod
1200 3063 1398 3116 oculus
1421 3063 1598 3136 videt,
1633 3064 1727 3136 sed
1757 3063 1920 3136 iqood
1949 3065 2132 3136 credit

443 3132 664 3205 accipit.
699 3155 726 3182 »
757 3132 1062 3190 Enimvero
1094 3135 1140 3186 si
1173 3149 1288 3205 non
1317 3132 1631 3205 accipiatur
1663 3134 1720 3205 in
1755 3133 2121 3205 Eucharistia,

443 3204 700 3259 sive’non
759 3206 1026 3258 credatur
1085 3204 1280 3273 accipi,
1342 3204 1491 3272 quod
1553 3204 1753 3256 oculus
1802 3204 1975 3269 videt,
2029 3205 2124 3258 sed

441 3279 591 3347 quod
625 3275 802 3329 credit
845 3276 1284 3347 ﬁdes,_necesse
1339 3279 1423 3347 est
1470 3273 1624 3347 credi
1671 3290 1870 3347 verum
1919 3275 2128 3329 Christi

441 3343 646 3416 corpus
677 3347 854 3414 accipi
891 3363 902 3399 :
939 3345 1154 3415 quippe
1189 3361 1318 3398 cum
1351 3343 1489 3396 ﬁdes
1551 3344 1630 3416 ibi
1666 3345 1878 3416 credat
1929 3361 2126 3416 verum

441 3414 646 3472 Christi
675 3433 881 3485 corpus
909 3414 1169 3480 existere,
1201 3418 1514 3468 nominatur
1557 3414 1772 3467 scilicet
1823 3420 1874 3468 ct
1911 3415 2124 3470 existit.

441 3490 678 3558 Insuper
711 3489 830 3541 hinc
868 3487 1112 3556 capitula
1142 3502 1270 3558 quae
1299 3487 1505 3558 refutat
1538 3485 1875 3558 Hiucmarus
1923 3486 2125 3540 obser-

439 3565 532 3612 vat
561 3556 726 3612 étate
757 3575 858 3610 sua
891 3559 1078 3627 palam
1125 3557 1368 3626 ascripta
1407 3556 1602 3622 fuisse,
1653 3556 1902 3617 nemine,
1951 3558 2126 3610 recla-

439 3637 654 3696 mante,
711 3628 916 3683 Joanni
973 3627 1287 3697 Scotigenm
1347 3631 1403 3680 et
1461 3627 1787 3688 Prudentia,
1864 3627 2126 3680 Trecensi

439 3703 724 3771 episcopo,
779 3699 1112 3771 neutiquam
1145 3715 1277 3752 vero
1297 3698 1636 3771 Rati-amna,
1669 3697 1832 3771 cujus
1855 3699 2032 3771 virtus
2065 3714 2127 3751 ac

438 3767 598 3838 fides,
625 3767 869 3824 sordidm
901 3767 1130 3822 haeresis
1157 3769 1367 3834 nescia,
1411 3768 1765 3821 intaminatis
1812 3767 2126 3822 honoribus

439 3843 635 3912 fulget.
681 3843 824 3911 Lege
873 3841 1082 3894 librum
1132 3841 1200 3912 de
1247 3839 1752 3912 Prtedestinatione
1809 3839 2122 3904 Hincmari,

437 3909 559 3982 cap'.
597 3916 684 3976 2t,
719 3909 847 3980 pag.
886 3913 988 3964 350
1023 3927 1100 3982 ενι(
1123 3911 1376 3974 Quorum
1406 3909 1803 3982 capitulorum
1835 3915 2118 3982 auctores,

443 3979 650 4051 inquit,
685 3979 770 4034 vel
799 3979 988 4050 potius
1019 3981 1126 4034 sibi
1157 3985 1653 4051 compugnatorcs,
1697 3986 1754 4032 et
1791 3979 1848 4032 in
1883 3980 2125 4051 quibus-

440 4050 568 4104 dam
619 4052 873 4104 veritatis
935 4053 1386 4120 impognatores,
1450 4050 1790 4120 jaﬁctitantur
1837 4065 1870 4102 a
1929 4050 2124 4104 multis

441 4122 782 4174 Prudentius
812 4119 1121 4190 episcopos
1143 4127 1198 4173 et
1224 4122 1472 4172 Joannes
1499 4119 1818 4190 Scotigena.
1855 4139 1882 4170 ι)

507 4192 624 4244 Νοη
651 4191 766 4259 juri
798 4198 889 4242 aut
921 4189 1126 4242 rationi
1184 4189 1597 4260 congruentius
1651 4190 1758 4243 sibi
1815 4189 2122 4258 persuadet

439 4262 782 4320 dissertator.
815 4277 938 4328 pag.
981 4264 1098 4321 167,
1147 4259 1379 4332 vultum
1427 4259 1694 4332 retexisse
1743 4275 1853 4332 seu
1887 4261 2123 4332 paropi-

436 4333 564 4385 dem
603 4331 912 4384 detraxisse
946 4330 1160 4383 auctori
1191 4331 1318 4382 libri
1350 4331 1418 4384 de
1450 4331 1700 4400 Corpore
1739 4335 1794 4382 et
1832 4330 2122 4400 Sanguine

439 4347 564 4385 nem
603 4347 912 4384 detraxisse
946 4347 1160 4383 auctori
1193 4347 1318 4382 uori
1350 4347 1418 4384 ue
1450 4347 1700 4453 υοῐὲροιθθ
1739 4347 1794 4382 et
1832 4347 2122 4400 Sanguine

439 4403 664 4456 Domini
707 4402 1107 4464 Adrevaldum,
1155 4401 1498 4453 monachum
1587 4401 1951 4453 loriacensem
1984 4407 2124 4455 tem-

435 4489 573 4542 pore
608 4471 790 4528 Caroli
825 4471 996 4537 Calvi,
1031 4471 1086 4542 in
1111 4471 1301 4542 libello
1321 4487 1386 4542 ea
1419 4471 1486 4524 de
1509 4471 2116 4542 causascriptocontra

433 4541 674 4613 ineptias
733 4542 965 4613 Joannis
1025 4541 1192 4606 Scoti,
1247 4541 1430 4613 relato
1504 4545 1642 4613 tom.
1679 4541 2114 4613 XllSpicilegii

435 4611 787 4667 Dacheriani.
859 4612 1157 4666 Enimvero
1219 4611 1442 4664 libellus
1499 4611 1800 4665 Adrevaldi
1875 4611 2116 4682 scriptos

429 4691 686 4755 tempore
719 4685 906 4738 Caroli
940 4683 1131 4755 Calvi_,_
1166 4682 1252 4734 vel
1299 4682 1408 4755 fuit
1447 4687 1754 4755 antequam
1805 4682 2113 4755 imperium
2151 4703 2158 4709 -

429 4752 750 4826 capesseret
784 4756 868 4808 vel
901 4759 1045 4826 post.
1078 4752 1136 4806 Si
1175 4755 1328 4826 ante,
1387 4753 1599 4826 larvam
1654 4753 2114 4826 detraherehnou

429 4822 614 4894 potuit
647 4825 795 4880 libro
827 4822 1084 4878 nondum
1132 4822 1416 4889 confecto;
1451 4823 1496 4874 si
1541 4838 1697 4894 vero,
1723 4831 1868 4892 post,
1905 4824 2116 4878 scilicet

429 4893 499 4949 ab
526 4913 675 4949 anno
697 4899 797 4951 875
831 4895 896 4948 ad
930 4909 1144 4947 annum
1179 4896 1304 4954 87-7,
1350 4893 1637 4962 quomodo
1691 4893 1904 4948 larvam
1935 4895 2116 4948 detra-

429 4966 562 5018 here
595 4967 820 5036 potuit?
867 4967 1078 5036 quippe
1109 4980 1238 5016 cum
1297 4980 1362 5016 ea
1405 4967 1572 5036 rotate
1627 4965 1844 5036 nemini
1890 4965 2108 5018 homini

426 5035 666 5089 dubium
735 5035 1041 5096 suboleret,
1113 5051 1180 5087 ex
1232 5039 1420 5106 mente
1479 5035 1924 5106 dissertatorisk
1969 5037 2108 5106 quin

427 5111 626 5159 auctor
655 5106 784 5159 libri
815 5112 962 5159 esset
1002 5107 1250 5159 Joannes
1294 5105 1511 5170 Scotus,
1567 5109 1622 5158 et
1675 5105 1796 5174 ipse
1848 5105 2112 5160 Adreval-

423 5177 532 5230 dus
557 5193 674 5229 non
705 5183 900 5230 contra
931 5176 1170 5245 ineptias
1203 5177 1497 5230 Ratramni
1530 5181 1628 5229 aut
1657 5175 1958 5246 Bertrami,
2011 5178 2108 5230 sed

423 5247 658 5300 Joannis
689 5247 834 5301 Scoti
866 5247 1206 5301 nominatim
1236 5247 1543 5317 scripserit.

497 5319 774 5372 Praeterea
805 5317 850 5369 si
883 5317 1224 5371 Ratramnus
1265 5316 1465 5371 fuisset
1513 5319 1709 5370 auctor
1749 5316 1978 5370 illarum
2019 5317 2106 5371 in-

421 5389 708 5457 eptiarum
763 5403 904 5457 quas
957 5389 1061 5442 sub
1119 5388 1349 5442 nomine
1395 5387 1632 5442 Joannis
1691 5387 1844 5442 Scoti
1895 5389 2106 5442 refutat

421 5459 792 5522 Adrevaldus,
851 5457 1122 5512 deberent
1177 5459 1498 5512 istiusmodi
1551 5458 1785 5527 ineptiae
1851 5457 1910 5510 in
1961 5458 2105 5511 libro

421 5529 716 5583 Rati-amni
747 5529 1005 5598 reperiri,
1051 5531 1134 5582 vel
1166 5529 1401 5582 omnino
1434 5530 1518 5582 vel
1550 5547 1612 5582 ex
1647 5533 1826 5598 parte.
1869 5532 1941 5582 At
1973 5545 2104 5582 vero

417 5600 745 5653 nullatenus
773 5598 1076 5652 incurrunt
1109 5598 1167 5652 in
1197 5598 1390 5652 oculos
1429 5599 1676 5652 hominis
1730 5605 1988 5652 accurate
2021 5599 2102 5652 le-

415 5671 640 5738 gentis;
671 5671 866 5740 itaque
897 5685 966 5723 ne
998 5669 1234 5740 quidem
1265 5670 1333 5724 de
1359 5669 1506 5724 libro
1539 5669 2004 5740 Batramni,qsive
2033 5669 2102 5724 de

411 5740 562 5795 libro
581 5738 1148 5811 quem—defendimus
1173 5740 1244 5811 de
1275 5741 1522 5809 Corpore
1575 5744 1632 5792 et
1668 5738 1961 5810 Sanguine
1993 5740 2104 5793 Do-

411 5811 580 5879 mini,
599 5809 878 5882 cogitavit
909 5809 1282 5864 Adrevaldus.

2235 591 2339 643 sub
2369 591 2482 642 alio
2510 589 2739 642 nomine
2771 604 2944 658 quam
2978 589 3214 642 Joannis
3244 588 3392 642 Scoti
3425 590 3674 658 cognitus
3715 595 3778 642 est
3803 591 3853 642 li-

2233 660 2336 714 ber
2367 661 2434 714 de
2469 659 2712 730 Corpore
2745 663 2800 712 et
2837 659 3129 728 Sanguine
3190 660 3436 712 Domini.
3499 661 3758 712 Solitarius
3794 661 3852 714 Si-

2233 733 2502 800 gebertus
2534 731 2743 783 iterum
2773 731 3002 782 ascribit
3037 731 3352 782 Bertramo.
3395 731 3690 798 Responsio
3727 732 3856 783 facilis

2234 807 2318 854 est
2349 803 2558 855 librum
2586 803 2653 854 de
2687 801 2933 870 Corpore
2965 805 3021 853 et
3050 801 3342 868 Sanguine
3377 801 3600 854 Domini
3627 801 3854 854 Ratramni

2235 889 2267 926 a
2299 873 2676 926 sectatoribus
2727 871 3056 940 Bcrengarii
3105 873 3438 941 neutiquam
3487 871 3546 923 in
3597 873 3672 924 sui
3699 875 3855 924 erroris

2255 943 2615 996 iatrocinium
2684 943 2971 1012 proditum
3033 942 3228 1006 fuisse,
3287 943 3382 996 sed
3450 943 3627 994 solum
3679 943 3854 994 Joannis

2273 1015 2383 1066 cuti
2411 1013 2698 1067 erroribus
2739 1012 3070 1082 Berengarii
3101 1012 3284 1082 magis
3324 1013 3634 1083 propitium
3675 1020 3722 1066 et
3761 1029 3855 1066 con-

2235 1085 2564 1138 docibilem.

2309 1157 2547 1226 Insuper
2607 1153 2924 1208 continenti
3013 1169 3279 1226 sermone
3343 1153 3500 1207 addit
3581 1153 3859 1226 dissertator.

2239 1231 2299 1279 ut
2353 1225 2556 1295 probet
2617 1227 2956 1295 opusculum
3005 1225 3214 1278 Joanni
3263 1225 3431 1279 Scoto
3482 1225 3762 1294 ascriptum
3799 1241 3856 1275 rc-

2235 1313 2366 1350 vera
2394 1299 2461 1350 ad
2495 1298 2868 1363 Ratramuum
2921 1295 3208 1363 pertinere
3266 1301 3322 1348 et
3375 1295 3426 1348 ei
3485 1295 3862 1363 adjudicaridr-

2237 1367 2393 1430 bere,
2433 1368 2742 1436 Epistulam
2775 1362 3020 1420 Ascelini
3061 1366 3328 1418 monachi
3381 1365 3450 1419 ad
3496 1362 3861 1434 Berengarium.

2237 1439 2576 1507 exscriptam
2613 1444 2666 1490 et
2709 1438 3056 1506 publicatam
3089 1437 3239 1490 inter
3285 1443 3446 1490 notas
3497 1438 3704 1490 domini
3749 1437 3862 1507 Luca

2238 1506 2502 1562 Dacherii
2535 1509 2604 1562 ad
2663 1508 2846 1560 Vitam
2883 1507 3197 1572 Lanfranci,
3263 1507 3678 1563 Cantuarieusis
3727 1506 3866 1558 archi-

2238 1581 2514 1649 episcopi,
2546 1596 2676 1649 pag.
2833 1579 2888 1631 in
2925 1595 3036 1648 qua
3071 1578 3320 1647 prodidit
3353 1580 3470 1630 haec
3515 1579 3676 1631 verba
3707 1579 3864 1649 quibus

2239 1647 2795 1716 designari'librom
2859 1647 3152 1702 Batramni
3205 1665 3374 1719 quem
3427 1649 3775 1711 vindicamus,
3800 1647 3870 1699 ile-

2237 1721 2463 1774 fundit:
2527 1722 2854 1774 «Joannem
2903 1720 3132 1774 Scotum
3181 1735 3284 1772 nec
3339 1721 3756 1776 inconsiderate.
3796 1733 3868 1768 uer

2239 1792 2430 1862 impie,
2478 1808 2578 1844 nec
2635 1792 2865 1860 indigne
2924 1791 3236 1862 sacerdotio
3296 1807 3421 1842 meo
3483 1791 3864 1862 habeozquem

2169 1870 2208 1924 Β
2243 1859 2360 1914 toto
2395 1863 2520 1914 nisu
2553 1859 2786 1932 totaque
2818 1863 3132 1913 intentione
3165 1861 3233 1914 ad
3287 1862 3394 1914 hoc
3451 1865 3636 1914 solum
3685 1859 3869 1932 tendere

2241 1933 2424 1998 video,
2457 1939 2522 1986 ut
2553 1931 2703 1985 mihi
2723 1933 3060 2002 persuadeat
3089 1933 3212 1994 hoc,
3249 1932 3511 1984 videlicet
3565 1931 3706 2002 quod
3749 1935 3794 1982 in
3819 1931 3870 1980 al-

2239 2003 2346 2056 tari
2409 2011 2794 2071 consccratur,
2873 2019 3057 2072 neque
3123 2018 3252 2055 vere
3313 2003 3520 2056 Christi
3587 2015 3867 2071 sanguinem

2240 2091 2378 2126 esse.
2413 2094 2439 2122 ))

2311 2145 2518 2196 Verum
2542 2144 2650 2197 hoc
2682 2159 2892 2214 genere
2931 2143 3252 2214 argumenti
3285 2147 3400 2195 tam
3455 2143 3714 2213 iniquum
3743 2157 3872 2214 quam

2237 2215 2574 2284 probrosum
2608 2221 2663 2266 et
2696 2213 3006 2268 ltatramuo
3041 2215 3324 2282 ejusmodi
3376 2214 3709 2266 sententiam
3749 2213 3873 2262 ascri-

2239 2283 2393 2348 bere,
2423 2302 2552 2338 cum
2585 2286 2898 2354 praesertim
2931 2301 3224 2354 nunquam
3273 2285 3354 2337 sic
3384 2285 3606 2337 locutus
3637 2283 3743 2354 sit.
3765 2283 3874 2354 Nihil

2239 2357 2419 2426 magis
2451 2353 2680 2428 assensu
2731 2357 3020 2409 communi
3055 2353 3349 2428 hominum
3399 2357 3675 2428 alienum,
3701 2353 3874 2428 videtur

2239 2443 2410 2496 quam
2443 2427 2550 2480 sibi
2583 2429 2797 2496 lingere
2819 2435 2874 2478 et
2907 2429 3151 2480 formare
3187 2427 3476 2478 hominem
3508 2426 3606 2495 qui
3659 2427 3746 2477 hoc
3773 2426 3874 2490 quod

2237 2501 2294 2550 in
2323 2499 2492 2550 altari
2535 2503 2894 2560 consecratur,
2954 2513 3060 2550 non
3119 2498 3302 2551 credat
3349 2513 3468 2550 rere
3513 2510 3710 2564 corpus
3751 2509 3873 2562 nepa

2237 2583 2359 2621 rere
2387 2568 2597 2622 Christi
2643 2571 2958 2634 sanguinem
3015 2573 3240 2634 essc;et
3270 2573 3460 2620 tamen
3527 2568 3634 2618 sibi
3689 2581 3874 2636 persua-

2239 2638 2388 2702 deat,
2425 2645 2480 2692 et
2513 2639 2842 2708 neutiquam
2879 2638 3121 2704 dubitet,
3173 2653 3277 2706 per
3327 2643 3662 2707 mysterium
3690 2635 3874 2708 Eucha-

2237 2711 2411 2762 ristia?
2439 2725 2644 2778 panem
2680 2707 2734 2761 et
2765 2712 2958 2762 vinum
3007 2709 3068 2760 in
3119 2709 3375 2776 corporis
3403 2714 3460 2760 et
3519 2707 3800 2778 sanguinis
3821 2721 3873 2778 su

2237 2777 2511 2832 conversa
2577 2779 2976 2844 substantiam,
3035 2795 3068 2832 a
3125 2779 3388 2832 ﬁdelibus
3421 2779 3717 2831 sumenda.
3772 2777 3874 2838 Quin:

2237 2850 2390 2903 enim
2423 2866 2525 2902 nos
2556 2850 2724 2903 docet
2769 2852 2910 2903 ﬁdes
2957 2848 3256 2902 Ecclesia)?
3289 2849 3426 2918 quid
3457 2866 3524 2901 ea
3583 2851 3690 2902 lide
3739 2845 3874 2918 credi

2239 2937 2366 2974 mus
2399 2926 2454 2973 et
2485 2921 2865 2974 conﬁtemur?
2895 2920 3004 2973 nisi
3037 2936 3139 2990 per
3181 2917 3514 2989 mysterium
3561 2917 3874 2990 Eucharistia

2238 3007 2444 3061 panem
2477 2996 2532 3043 et
2561 2995 2753 3044 vinum
2783 3007 2910 3062 quae
2939 2987 3342 3062 consecrantur
3371 2991 3426 3042 in
3446 2990 3648 3062 altari,
3683 3005 3800 3040 vere
3845 2987 3873 3037 it

2239 3061 2612 3114 substantiam
2650 3061 2904 3130 corpOris
2947 3066 3008 3132 et
3055 3061 3350 3132 sanguinis
3401 3061 3611 3114 Christi
3658 3075 3871 3113 convcrs.

2239 3148 2270 3184 a
2301 3132 2568 3184 ﬁdelibus
2599 3133 2766 3199 sumi,
2801 3151 2834 3186 a
2867 3131 3030 3185 nobis
3057 3131 3310 3201 percipi?
3341 3136 3414 3185 At
3464 3147 3596 3184 vero
3645 3133 3750 3184 hoc
3785 3143 3868 3201 con

2169 3218 2208 3271 ο
2239 3203 2416 3272 ceptis
2447 3203 2632 3256 verbis
2663 3220 2759 3256 ore
2801 3203 2944 3256 dixit
2984 3199 3268 3255 et'man'u
3307 3202 3536 3271 scripsit
3587 3209 3777 3254 noster
3813 3199 3871 3252 ita

2237 3271 2498 3326 tramnus
2546 3275 2659 3326 sive
2691 3275 3014 3326 Bertramus
3045 3273 3140 3326 lib.
3165 3273 3233 3326 de
3251 3273 3502 3343 Corpore
3555 3279 3614 3326 et
3639 3271 3868 3343 Sanguin

2239 3343 2486 3408 Domini,
2520 3360 2680 3396 num.
2724 3345 2790 3398 30
2823 3361 2834 3397 :
2871 3345 3076 3396 «Tunc
3105 3341 3437 3412 intelligetis
3469 3344 3620 3413 quod
3641 3359 3754 3396 non
3777 3341 3872 3392 sica

2237 3413 2497 3466 inﬁdeles
2535 3415 2886 3468 arbitrantur
2941 3429 3170 3466 carnem
3231 3430 3416 3467 meam
3475 3431 3508 3467 a
3560 3413 3872 3468 credentibu

2236 3485 2674 3550 comedendam;
2709 3485 2815 3538 hoc
2875 3489 2977 3550 est,
3032 3491 3092 3537 ut
3123 3501 3296 3554 supra
3347 3487 3530 3550 docet,
3583 3486 3788 3538 eodem
3815 3499 3872 3534 nu

2236 3570 2411 3618 mero,
2457 3571 2570 3608 non
2631 3571 2733 3624 per
2787 3561 2975 3624 partes
3025 3555 3310 3608 frustatim
3360 3556 3811 3608 distribuendam
3857 3567 3872 3602 ε

2234 3625 2684 3695 discerpendam,
2721 3627 2816 3678 sed
2849 3642 2984 3678 vena
3019 3642 3121 3695 per
3151 3626 3507 3694 mysterium,
3541 3643 3754 3696 panem
3769 3630 3871 3676 etsi

2235 3711 2371 3748 num
2399 3696 2454 3748 in
2485 3696 2738 3764 corporis
2768 3701 2824 3749 et
2853 3696 3148 3765 sanguinis
3181 3697 3294 3750 mei
3347 3712 3618 3750 conversa
3669 3697 3871 3750 substet

2235 3766 2370 3820 tiam
2403 3783 2434 3820 a
2467 3767 2733 3820 ﬁdelibus
2764 3768 3060 3820 sumenda.
3097 3786 3122 3818 ι)

2305 3837 2642 3890 Incredibile
2685 3841 2790 3904 est,
2825 3837 3189 3906 incogitabile
3247 3843 3302 3890 et
3349 3841 3584 3906 'prorsus
3640 3832 3866 3888 essum

2233 3907 2349 3978 nisi
2375 3908 2568 3960 omnia
2599 3907 2950 3978 naturalis:et
2973 3907 3324 3960 rationabilis
3345 3908 3633 3978 aequitatis
3649 3909 3786 3977 jura
3807 3907 3869 3957 vii

2231 3977 2398 4031 lauda
2427 3981 2557 4045 sint,
2583 3977 3016 4031 hominem'non
3038 3979 3362 4032 credentem
3391 3977 3870 4048 q’uodinaltaricoi

2229 4053 2474 4102 sacratur
2492 4065 2661 4116 neque
2689 4064 2808 4102 vere
2827 4064 3020 4118 corpus
3049 4064 3217 4117 neque
3239 4065 3360 4102 vere
3380 4051 3584 4105 Christi
3601 4053 3869 4114 sanguine

2231 4133 2360 4186 esse,
2401 4119 2628 4172 credere
2649 4119 2865 4172 sincere
2887 4119 3200 4173 secundum
3234 4120 3612 4172 substantiam
3661 4119 3868 4172 invisib

2235 4190 2341 4242 leni
2357 4231 2368 4250 ,
2385 4190 2490 4242 hoc
2503 4195 2586 4242 est
2599 4205 2700 4258 per
2713 4207 2804 4242 om
2817 4191 3190 4259 nipotentiam
3205 4189 3391 4256 Verbi,
3405 4207 3614 4260 corpus
3627 4197 3690 4244 et
3705 4205 3869 4258 sangi.

2232 4275 2362 4312 nem
2399 4261 2604 4314 Christi
2638 4277 2768 4312 vere
2798 4261 3036 4314 existere
3066 4261 3125 4314 in
3158 4261 3322 4314 altari
3356 4277 3368 4314 :
3403 4261 3526 4314 hzec
3575 4262 3740 4314 enim
3793 4261 3870 4312 adi

2233 4335 2578 4400 repugnant,
2625 4336 2688 4383 ut
2729 4330 2786 4383 in
2833 4333 3034 4386 eodem
3079 4331 3312 4385 cerebro
3361 4347 3478 4384 non
3531 4331 3869 4386 interturba

2233 4417 2466 4469 prorsus
2533 4401 2886 4454 insociabilia
2959 4403 3277 4456 videantur.
3336 4403 3758 4456 Verumtamen
3813 4403 3870 4456 li:

2231 4471 2432 4543 ultima
2461 4471 2628 4524 verba
2669 4477 2920 4526 mentem
2970 4472 3266 4526 Ratramni
3307 4473 3536 4541 penitus
3581 4474 3870 4543 explicant

2158 4573 2198 4628 Ο
2224 4542 2576 4628 quippe'cum
2595 4559 2832 4628 exunum.
2849 4545 2916 4596 49
2934 4543 3220 4628 ἀὶρὶίιιὶιργὶ
3242 4545 3529 4628 exscripta
3547 4542 3694 4628 sint.
3742 4547 3867 4628 Legi

2229 4633 2255 4661 α
2287 4613 2358 4664 Ex
2391 4613 2479 4666 his
2509 4613 2778 4668 omnibus
2809 4629 2935 4683 quae
2965 4619 3098 4668 sunt
3145 4613 3416 4666 hactenus
3447 4614 3598 4667 dicta
3633 4623 3867 4667 monstr

2227 4687 2346 4735 tum
2380 4686 2464 4735 est
2494 4684 2642 4751 quod
2675 4699 2882 4752 corpus
2914 4689 2970 4736 et
3001 4684 3234 4753 sanguis
3263 4685 3474 4738 Christi
3497 4701 3624 4754 quae
3657 4683 3867 4738 ﬁdelia

2226 4769 2324 4806 ore
2349 4753 2402 4806 in
2437 4753 2680 4806 Ecclesia
2709 4755 3124 4824 percipiuntur,
3169 4755 3364 4824 ﬁgurae
3419 4753 3552 4808 sunt
3597 4757 3868 4808 secundo

2223 4824 2470 4892 speciem
2530 4825 2831 4878 visibilem.
2893 4829 2966 4878 At
3012 4841 3146 4878 vero
3199 4825 3514 4878 secundum
3571 4827 3868 4880 invisibile

2225 4893 2622 4957 substantiam,
2683 4895 2740 4948 id
2797 4899 2883 4948 est
2938 4895 3118 4948 divini
3175 4897 3495 4964 potentiam
3555 4897 3758 4964 Verbi,
3803 4914 3867 4950 ve

2221 4979 2427 5033 corpus
2459 4973 2514 5018 et
2563 4965 2795 5034 sanguis
2829 4965 3034 5020 Christi
3089 4967 3366 5020 existunt.
3405 4994 3424 5012 ιι
3479 4967 3694 5020 Eadem
3761 4969 3868 5021 iter

2224 5051 2382 5088 num.
2421 5038 2486 5089 99
2521 5052 2533 5089 :
2564 5058 2584 5082 ι
2621 5036 2933 5110 Addamus
2960 5037 3110 5110 quod
3159 5037 3263 5110 iste
3313 5036 3479 5105 panis
3517 5043 3587 5110 et,
3618 5039 3784 5110 calix
3839 5055 3868 5110 ι]

2220 5121 2428 5174 corpus
2459 5111 2516 5158 et
2545 5107 2776 5176 sanguis
2808 5106 3012 5160 Christi
3039 5109 3385 5172 nominatur,
3419 5113 3476 5159 et
3505 5109 3726 5162 existit.
3761 5132 3784 5157 ι

2289 5175 2394 5230 Sed
2431 5181 2495 5230 ut
2523 5175 2927 5245 probationum
2981 5183 3301 5230 nostrarum
3352 5179 3800 5234 accessionibus
3851 5197 3867 5232 ι

2219 5245 2299 5300 hil
2331 5247 2494 5310 desit,
2531 5263 2729 5316 (μιξεΓο
2761 5247 3007 5302 libenter
3037 5264 3068 5299 a
3098 5248 3464 5300 dissertatore
3499 5265 3636 5302 num
3679 5251 3802 5304 sibi
3835 5251 3868 5302 li

2217 5332 2352 5386 gere
2381 5317 2560 5386 possit
2589 5317 2886 5371 hominem
2917 5334 3148 5386 prorsus
3183 5319 3529 5372 abnuentem
3561 5319 3705 5374 ﬁdei
3749 5323 3860 5374 Ecc

2217 5389 2314 5440 sise
2345 5388 2656 5453 catholicae,
2689 5388 2902 5442 scilicet
2929 5389 3233 5458 hochuod
3259 5388 3318 5442 in
3351 5389 3518 5442 altari
3543 5399 3865 5445 consecrat

2217 5461 2582 5530 nequeﬂlvere
2637 5475 2842 5530 corpus
2888 5473 3093 5530 neque,
3135 5475 3268 5512 vere
3318 5458 3526 5512 Christi
3571 5465 3865 5530 sanguini

2213 5545 2336 5600 esse
2365 5529 2473 5582 sibi
2505 5529 2964 5598 persuadentem.
2997 5529 3098 5600 qui
3136 5531 3292 5582 nefas
3322 5530 3612 5584 existimet
3655 5529 3796 5587 non
3853 5551 3866 5586 ς

2213 5599 2341 5670 lum
2398 5615 2607 5668 negare
2669 5615 2874 5668 corpus
2913 5599 3038 5670 esse
3083 5601 3541 5670 sanguinemqoe
3579 5601 3816 5658 Christi

2213 5669 2588 5740 Eucharistia,
2621 5685 2818 5722 verum
2849 5669 3024 5722 etiam
3075 5669 3345 5740 cogitare.
3395 5669 3520 5725 Haec
3579 5671 3756 5726 enim
3821 5691 3862 5728 n

2214 5739 2404 5792 minus
2457 5742 2844 5808 repugnantia
2902 5745 2958 5794 et
3021 5739 3378 5794 insoCiabilia
3425 5746 3580 5795 sunt.
3637 5745 3865 5800 Altam

2211 5809 2404 5863 nullus
2433 5809 2734 5864 dubitandi
2781 5810 2931 5864 locus
2967 5809 3318 5882 relinquitur
3365 5811 3508 5882 quin
3561 5812 3866 5870 Ratramn
