3920 6224
83 328 166 375 177
810 327 1261 383 DISSERTATIO
1303 328 1368 381 IN
1412 328 1539 384 LIB.
1587 326 1675 382 DE
1713 326 2043 384 CORPORE
2086 327 2172 382 ET
2211 327 2556 384 SANGUINE
2599 326 2852 384 DOMINI.
3489 332 3583 382 I78

73 453 365 523 conceptis
395 455 586 508 verbis
616 454 765 510 dicat
790 470 949 527 num.
991 459 1091 510 15:
1127 478 1154 504 «
1202 456 1636 527 Compelluntur
1667 474 1773 511 ne-
1813 461 1854 511 A
1890 457 2103 512 tramni
2136 457 2295 511 nulla
2324 457 2535 512 habere
2585 459 3113 514 dissimilitudinem
3162 476 3194 513 a
3237 461 3384 515 libro
3413 461 3582 514 Joan-

71 540 199 593 gare
234 541 452 594 corpus
494 542 615 579 esse
647 526 1098 597 sanguineumque
1148 526 1374 589 Christi,
1422 529 1575 598 quod
1618 530 1774 582 nefas

71 601 149 647 est
185 611 307 648 non
358 599 548 650 solum
583 597 790 662 dicere,
835 614 1033 651 verum
1078 600 1245 651 etiam
1277 597 1548 668 cogitare.
1581 620 1608 650 »
1642 603 1775 664 Quae

69 681 190 718 cum
225 668 310 719 ita
354 669 490 729 sint,
525 669 648 721 luce
684 668 1002 722 meridiana
1055 669 1263 722 clarius
1311 675 1528 723 constat
1562 670 1770 724 librum

68 739 304 790 Joannis
343 738 520 801 Scoti,
555 739 626 792 de
671 755 784 809 quo
821 739 1171 792 mentionem
1218 740 1352 793 facit
1396 742 1688 794 Ascelinus
1718 743 1774 794 in

70 809 308 876 epistola
373 810 442 862 ad
496 810 923 881 Berengarium,
983 812 1317 881 neutiquam
1398 812 1604 865 debere
1679 813 1774 866 Ra-

71 885 295 952 tramno
357 880 582 946 ascribi,
628 881 726 934 sed
786 897 888 934 suo
938 880 1176 935 auctori
1203 883 1408 935 Joanni
1456 883 1774 952 Scotigena:

72 950 328 1004 restitui.
1117 980 1120 984 '

129 1023 223 1086 At,
260 1021 462 1091 inquit
507 1021 858 1088 dissertator,
918 1038 1047 1093 quae
1095 1022 1155 1076 in
1185 1022 1331 1076 libro
1360 1023 1592 1078 Joannis
1624 1025 1774 1078 Scoti

71 1101 408 1157 occurrunt,
467 1094 702 1145 totidem
761 1093 990 1163 syllabis
1037 1093 1315 1162 exscripta
1371 1102 1672 1147 recurrunt
1715 1096 1774 1148 in

73 1163 209 1214 libro
247 1163 575 1229 Ratramni,
629 1179 785 1233 num.
821 1166 909 1230 88,
943 1169 1008 1217 ut
1052 1179 1114 1217 ex
1148 1165 1388 1234 epistola
1417 1166 1664 1218 Ascelini
1694 1165 1776 1218 in-

74 1234 334 1301 telligere
382 1233 547 1286 facile
579 1240 690 1288 est:
729 1235 904 1306 «rHoc
933 1240 1144 1300 autem,
1179 1236 1390 1289 scilicet
1425 1252 1608 1306 neque
1645 1253 1773 1289 vere

70 1319 278 1373 corpus.
333 1320 523 1373 neque
578 1305 916 1375 sanguinem
971 1322 1112 1370 esse,
1171 1311 1423 1360 astruere
1473 1305 1676 1360 nititur
1706 1324 1772 1360 ex

73 1381 407 1448 sanctorum
449 1377 680 1428 Patrum
729 1376 1018 1448 opusculis
1066 1393 1195 1446 quae
1246 1377 1493 1448 exponit,
1527 1393 1770 1447 quorum

74 1447 226 1497 illam
285 1448 468 1498 sancti
507 1447 762 1515 Gregorii
793 1447 1114 1499 orationem
1175 1448 1268 1500 hic
1316 1448 1584 1501 adnotare
1617 1448 1771 1501 sufﬁ-

70 1524 210 1568 ciat:
254 1520 552 1583 Pc-rﬁciant
583 1521 640 1570 in
678 1517 831 1570 nobis
883 1525 997 1581 tua,
1049 1521 1286 1585 Domine,
1332 1534 1653 1587 quaesumus,
1684 1535 1771 1572 sa-

71 1593 353 1640 cramenta
379 1589 526 1656 quod
577 1591 872 1652 continent,
908 1595 966 1643 ut
993 1605 1109 1656 quae
1147 1606 1286 1642 nunc
1339 1593 1509 1657 Specie
1538 1593 1774 1655 gerimus

70 1673 251 1711 rerum
289 1661 521 1712 veritate
566 1661 864 1727 capiamus.
901 1659 1080 1722 Quam
1105 1662 1442 1728 exponendo
1474 1661 1774 1728 praedictus

72 1731 326 1782 Joannes
368 1729 519 1782 inter
563 1736 768 1782 caetera
799 1736 1006 1783 nostra:
1039 1731 1172 1784 ﬁdei
1217 1731 1498 1784 contraria
1527 1747 1538 1782 :
1571 1732 1772 1799 Specie,

76 1800 290 1870 inquit,
324 1806 597 1871 geruntur
631 1803 757 1865 ista,
789 1816 894 1853 non
921 1804 1185 1865 veritate;
1224 1801 1378 1871 quod
1416 1817 1532 1855 non
1580 1802 1771 1854 catho-

73 1872 188 1933 lice,
250 1871 496 1931 dictum,
557 1870 606 1924 si
649 1871 795 1924 bene
853 1877 1013 1924 tuam
1055 1870 1413 1941 vigilantiam
1472 1873 1620 1940 novi,
1657 1889 1772 1926 non

75 1957 334 2010 ignoras.
374 1961 400 1990 ιο

138 2012 546 2080 Objectionem
591 2015 748 2065 tuam
799 2011 959 2066 facile
991 2011 1271 2082 friabilem
1306 2013 1570 2068 omittere
1609 2018 1771 2082 pote-

75 2090 152 2134 rat
182 2085 546 2135 dissertator.
600 2084 818 2137 Revera
863 2083 1019 2137 enim
1057 2080 1187 2138 haec
1219 2086 1398 2138 oratio
1439 2080 1772 2138 Sacramen-

77 2154 198 2206 tarii
242 2153 434 2206 sancti
491 2154 748 2224 Gregorii
792 2155 1080 2224 conceptis
1129 2156 1312 2208 verbis
1363 2156 1570 2225 legitur
1621 2155 1773 2222 apud

79 2226 479 2287 ltatramnum,
515 2225 612 2277 sed
661 2225 721 2277 in
757 2225 1132 2293 patrocinium
1178 2242 1371 2278 sensus
1412 2226 1670 2279 catholici
1720 2230 1775 2279 et

72 2297 138 2346 ab
173 2295 459 2363 opinione
493 2295 731 2348 Joannis
760 2295 908 2349 Scoti
956 2297 1287 2349 alienissimi
1335 2313 1460 2350 eam
1491 2298 1765 2366 prodidit.

75 2366 299 2434 Quippe
347 2367 588 2419 Joannes
617 2366 816 2419 Scotus
851 2383 912 2420 ex
961 2367 1049 2420 his
1080 2368 1286 2432 verbis,
1337 2384 1454 2437 quae
1492 2383 1631 2422 nunc
1661 2384 1774 2436 spe-

85 2440 146 2488 :z’e
174 2439 444 2501 gerimus,
478 2452 659 2490 rerum
687 2440 915 2490 veritate
961 2441 1261 2506 capiamus,
1313 2439 1655 2492 defendebat
1685 2440 1772 2492 in-

77 2508 254 2574 telligi
288 2522 498 2576 corpus
531 2508 742 2561 Christi
781 2509 840 2560 in
872 2509 1055 2578 ﬁgura
1086 2514 1308 2562 tantum
1342 2509 1603 2572 existere,
1637 2526 1772 2563 neu-

76 2579 300 2646 tiquam
352 2594 482 2630 vero
522 2581 646 2647 ejus
705 2579 1088 2645 existentiam,
1143 2595 1262 2632 rem
1314 2586 1369 2633 et
1398 2581 1774 2633 substantiam

73 2651 128 2700 in
189 2649 554 2702 Eucharistia
609 2651 866 2718 reperiri.
917 2651 1023 2703 Sed
1073 2666 1303 2703 sensum
1350 2666 1580 2720 prorsus
1631 2653 1775 2703 alie-

76 2735 205 2770 num
243 2727 305 2771 et
359 2728 776 2788 repugnantem
824 2737 886 2773 ex
932 2720 1035 2772 hac
1089 2722 1346 2774 oratione
1387 2721 1625 2791 percipit
1667 2723 1773 2775 tta-

73 2798 365 2843 trarnnus.
419 2791 790 2844 Existimabat
835 2791 987 2844 enim
1019 2807 1224 2861 corpus
1257 2797 1310 2844 et
1340 2793 1680 2861 sanguinem
1717 2793 1776 2844 in

73 2862 286 2929 ﬁgura,
341 2861 447 2912 hoc
487 2867 572 2913 est
617 2861 722 2914 sub
769 2863 1090 2915 velamento
1140 2869 1194 2914 et
1226 2865 1516 2930 conopeis,
1566 2863 1776 2931 speciei

73 2931 384 2984 invisibilis
415 2947 609 2984 revera
654 2933 922 2985 existere:
950 2933 1046 2985 sed
1077 2949 1188 2985 non
1215 2933 1273 2986 in
1314 2934 1499 3001 ﬁgura
1529 2939 1774 3000 tantum,

74 3009 126 3053 et
177 3019 289 3070 per
337 3003 459 3054 haec
506 3004 702 3068 verba,
744 3019 922 3055 rerum
957 3006 1183 3056 veritate
1221 3008 1520 3072 capiamus,
1573 3005 1778 3057 intelli-

75 3073 250 3140 gebat
295 3073 819 3126 manifestatiouem
855 3079 909 3126 et
952 3081 1208 3144 apertam
1261 3077 1516 3143 corporis
1560 3082 1614 3127 et
1647 3091 1777 3127 san-

72 3145 270 3209 guinis
299 3144 511 3196 Christi
559 3143 1002 3197 declarationem
1053 3146 1208 3197 omni
1239 3145 1423 3214 ﬁgura
1463 3161 1696 3198 vacuam
1731 3151 1782 3198 et

71 3225 398 3283 expertem.
450 3214 832 3277 Quamobrem
883 3216 962 3268 sic
1005 3217 1247 3285 explicat
1295 3217 1611 3269 orationem
1654 3232 1780 3269 san-

69 3294 142 3336 cti
184 3285 486 3355 Gregorii:
526 3307 546 3331 ι
605 3286 750 3338 Uicit
798 3286 949 3355 quod
995 3286 1054 3339 in
1098 3286 1284 3356 specie
1337 3288 1429 3338 illa
1476 3292 1774 3355 geruntur,

74 3372 184 3406 non
224 3357 289 3407 in
333 3357 587 3421 veritate,
620 3356 675 3408 id
732 3361 816 3408 est
853 3372 954 3425 per
991 3357 1448 3423 similitudinem,
1501 3374 1614 3410 non
1677 3373 1780 3426 per

70 3428 251 3491 ipsius
313 3428 399 3478 rei
428 3426 967 3479 manifestationem.
1007 3451 1026 3474 ι
1064 3428 1119 3481 Si
1153 3428 1273 3480 haec
1304 3428 1474 3481 verba
1502 3444 1598 3496 per
1626 3430 1779 3480 simi-

70 3497 392 3554 iitudinem.
442 3513 550 3549 non
601 3513 701 3565 per
743 3499 916 3565 ipsius
962 3501 1043 3550 rei
1074 3502 1584 3564 manifestationem,
1627 3498 1781 3550 addi-

72 3569 254 3619 disset
284 3568 535 3620 Joannes
563 3568 784 3632 Scotus,
827 3585 1123 3638 nunquam
1164 3585 1294 3622 eum
1327 3571 1565 3622 crimine
1599 3569 1779 3622 haere-

69 3638 139 3688 sis
191 3638 556 3706 postulasset
612 3639 948 3705 Ascelinus;
1005 3641 1127 3692 haec
1180 3640 1333 3692 enim
1379 3655 1483 3692 vox
1533 3641 1779 3693 veritatis

72 3711 330 3775 quadam
381 3708 755 3777 amphibolia,
798 3710 853 3762 id
887 3716 969 3761 est
1013 3710 1481 3780 zequivocatione,
1536 3710 1777 3774 laborat,

78 3781 154 3829 uti
212 3780 657 3832 observavimus
716 3781 772 3832 in
834 3782 1162 3849 praefatione
1220 3781 1456 3848 hujusce
1519 3781 1780 3850 opusculi

75 3851 403 3902 [tatramuL
439 3851 544 3903 Nec
566 3853 752 3903 solum
780 3851 1063 3920 signiﬁcat
1106 3851 1187 3904 rei
1245 3851 1601 3904 existentiam
1651 3867 1779 3920 quae

70 3922 169 3970 sub
204 3922 429 3989 ﬁguris
482 3937 576 3974 seu
624 3921 763 3973 velis
815 3937 878 3973 ac
923 3921 1290 3991 paropidibus
1333 3922 1640 3984 consistere
1679 3938 1778 3990 po-

72 3999 193 4051 test,
235 4007 451 4043 verum
502 3991 674 4044 etiam
725 3993 1166 4060 patefactionem
1214 4009 1308 4044 seu
1369 3992 1777 4044 manifestatio-

69 4077 196 4114 nem
232 4061 412 4114 omni
454 4062 637 4131 ﬁgura
667 4079 731 4114 ac
771 4070 953 4132 tropo,
987 4065 1132 4128 velo,
1186 4063 1450 4132 paropidi
1482 4062 1780 4115 insociabi~

69 4133 198 4183 lem.
252 4132 542 4201 Adeoque
591 4133 956 4197 Ratramnus,
1021 4139 1083 4185 ut
1129 4149 1358 4186 sensum
1405 4150 1472 4186 ex
1521 4133 1778 4185 oratione

66 4203 245 4256 sancti
315 4203 584 4272 Gregorii
661 4219 832 4273 quem
899 4205 1177 4257 tuendum
1236 4204 1451 4271 recepit
1516 4204 1776 4272 explicet,

68 4275 236 4326 aliam
300 4274 632 4327 orationem
685 4289 840 4327 num.
879 4277 942 4326 75
983 4291 1049 4326 ex
1096 4274 1302 4327 Missali
1335 4273 1540 4326 Gelasii
1570 4290 1784 4326 assum-

71 4355 195 4408 psit,
230 4348 298 4396 in
339 4361 465 4413 quo
505 4345 622 4396 base
655 4345 824 4398 verba
856 4345 1143 4413 leguntur,
1179 4349 1239 4398 ut
1277 4344 1421 4412 quod
1461 4347 1516 4396 in
1547 4347 1782 4410 imagine

65 4418 474 4483 sunlingimus,
513 4418 839 4468 sacramenti
887 4417 1182 4480 manifesta
1228 4418 1654 4484 participatione
1690 4430 1778 4468 su-

69 4502 300 4539 mamus.
336 4486 498 4537 Hanc
520 4486 997 4552 orationem,suis
1022 4488 1188 4538 rebus
1220 4502 1337 4539 non
1365 4486 1778 4538 conducibilem

69 4557 154 4608 δρᾶ
203 4557 682 4618 incommodam,
760 4572 873 4609 non
940 4555 1194 4625 prodidit
1262 4558 1505 4610 Joannes
1561 4556 1774 4609 Scotus.

67 4628 310 4680 Sansum
353 4628 705 4679 catholicum
749 4644 778 4678 a
826 4627 1135 4680 Ratramno
1183 4627 1314 4680 huic
1367 4627 1484 4678 voci
1533 4628 1782 4680 veritatis

68 4701 400 4766 ascriptum
457 4697 752 4766 adoptavit
798 4697 1164 4762 Lanfrancus,
1215 4696 1638 4750 Cantuariensis
1690 4712 1783 4748 ar-

67 4769 511 4837 chiepiscopus,
564 4767 701 4821 ﬁdei
740 4768 1030 4821 catholicae
1063 4767 1332 4821 adversus
1374 4766 1783 4836 Berengarium

67 4841 339 4892 defensor
408 4838 769 4902 fortissimus,
826 4839 909 4891 uti
967 4855 1031 4891 ex
1067 4839 1300 4908 Dialogo
1355 4839 1478 4907 ejus
1516 4837 1784 4891 adversus

69 4908 503 4978 Berengarium
565 4909 960 4979 intelligimus,
1015 4909 1074 4961 in
1137 4924 1250 4978 quo
1298 4909 1420 4962 haec
1484 4909 1780 4979 leguntur;

77 5005 88 5025 ι
119 4981 401 5033 Postulat
434 4979 649 5049 quippe
699 4978 960 5033 sacerdos
1011 4984 1072 5032 ut
1116 4995 1322 5049 corpus
1365 4979 1568 5034 Christi
1631 4978 1784 5048 quod

69 5055 158 5103 sub
189 5051 408 5122 specie
453 5051 620 5120 panis
649 5050 878 5119 vinique
912 5065 1060 5122 nunc
1106 5049 1783 5122 geritur,qmanifestavi-

73 5120 238 5175 sione'
261 5121 439 5174 sicut
484 5136 681 5172 revera
728 5127 812 5174 est
843 5120 1188 5191 quandoque
1247 5120 1526 5189 capiatur,
1585 5121 1784 5191 ueritas

73 5195 210 5247 enim
246 5209 366 5263 pro
406 5193 848 5263 manifestatione
865 5190 934 5244 in
974 5193 1156 5263 sacris
1183 5191 1390 5244 litteris
1422 5190 1728 5263 reperitur.
1759 5211 1781 5239 ι

73 5265 192 5324 Quis
242 5261 399 5316 vero
451 5261 599 5314 dicat
641 5261 815 5316 verba
857 5261 1088 5315 Joannis
1137 5261 1284 5315 Scoti
1331 5261 1566 5315 totidem
1616 5263 1785 5330 plane

79 5335 290 5400 :j;llabis
321 5335 390 5388 in
441 5331 742 5385 Lanfranci
772 5332 919 5385 libro
951 5332 1240 5400 reperiri?
1271 5332 1572 5386 Contendit
1603 5332 1787 5384 adhuc

79 5409 188 5471 plus
214 5420 417 5486 quam
459 5407 644 5486 potest
681 5402 1018 5486 dissertator
1047 5403 1106 5486 in
1129 5419 1196 5456 eo
1229 5402 1787 5486 quodbereugarius

83 5493 130 5528 in
167 5472 560 5545 epistola’ad
608 5473 986 5545 Lanfrancum
1036 5473 1113 5545 ait
1166 5472 1508 5545 sententiam
1555 5472 1788 5526 Joannis

83 5543 212 5601 Scoti
232 5562 365 5601 esse
407 5544 766 5597 contrariam
814 5543 1111 5597 Paschasio
1153 5549 1210 5598 et
1237 5544 1359 5598 fore
1391 5543 1561 5596 aliam
1594 5559 1627 5596 a
1657 5558 1786 5596 san-

89 5620 170 5669 :tis
201 5615 478 5686 epistola
514 5613 584 5666 ad
633 5613 1009 5686 Lanfrancum
1057 5613 1135 5686 ait
1177 5613 1523 5686 sententiam
1553 5612 1788 5666 Joannis

87 5688 211 5742 Scoti
236 5684 373 5741 esse
423 5686 782 5738 contrariam
827 5684 1126 5738 Paschasio
1159 5688 1214 5737 et
1243 5685 1362 5737 fore
1394 5685 1565 5738 aliam
1598 5700 1631 5736 a
1659 5699 1787 5736 san-

92 5760 174 5812 etis
225 5755 580 5821 Ambrosio,
628 5755 972 5825 Hieronymo
1023 5763 1078 5808 et
1123 5755 1441 5825 Augustino
1470 5753 1789 5825 cuicunque

95 5829 356 5884 adversari
412 5825 676 5880 voluerit
720 5824 922 5888 Joanni
951 5824 1146 5891 Scoto;
1197 5824 1655 5880 lucubrationem
1685 5824 1790 5878 Ra-

1885 530 1972 582 nis
2021 528 2196 594 Scoti,
2253 528 2466 598 quippe
2518 545 2648 583 cum
2701 532 2924 584 eosdem
2984 532 3176 585 Patres
3235 532 3580 586 Ratramnus

1884 600 2153 672 proferat,
2209 601 2422 672 scilicet
2455 601 2863 670 Augustinum,
2914 601 3325 672 Hieronymum
3357 608 3412 656 et
3443 605 3576 656 Am-

1884 671 2160 724 brosium.
2216 671 2389 724 Addit
2435 672 2609 723 etiam
2673 672 2974 741 Erigenam
3021 671 3171 726 inter
3225 674 3579 727 adversarios

1884 741 2165 814 Paschasii
2198 756 2489 794 recensere
2524 743 2900 814 Batramnum
2929 745 3070 814 :sed
3105 744 3241 814 quid
3276 751 3396 797 tum
3420 745 3446 797 ?
3481 746 3577 798 Ni-

1883 813 1963 865 hil
1991 812 2144 884 enim
2181 817 2332 866 vetat
2388 813 2732 866 sententiam
2770 813 3001 866 Joannis
3053 812 3200 868 Scoti
3253 831 3577 884 repugnare

1884 883 2205 947 Paschasio,
2254 889 2306 937 et
2363 884 2735 936 Rati-amilum
2792 900 2920 937 cum
2981 900 3046 936 eo
3102 883 3441 938 concordem
3473 887 3574 939 do-

1883 955 2085 1018 cuisse,
2121 955 2238 1006 imo
2280 969 2410 1007 vero
2444 954 2526 1008 ita
2576 972 2633 1007 se
2664 971 2782 1008 rem
2829 955 3039 1007 habere
3089 956 3251 1008 valde
3281 957 3575 1024 probabile

1883 1030 1984 1077 est.
2023 1026 2303 1077 Pratterea
2351 1025 2396 1077 si
2430 1040 2495 1077 ex
2525 1042 2590 1078 eo
2642 1026 2797 1095 quod
2840 1027 3184 1079 Hatramnus
3224 1027 3357 1079 citet
3387 1031 3576 1095 Augu-

1883 1096 2119 1158 stinum,
2163 1096 2524 1149 Ambrosium
2577 1100 2631 1149 et
2689 1097 3122 1167 Hieronymum,
3169 1113 3282 1150 non
3325 1097 3577 1151 differta

1880 1168 2098 1220 Joanne
2147 1167 2332 1233 Scoto,
2386 1167 2731 1220 Laut‘rancus
2781 1168 3150 1221 concordabit
3189 1169 3248 1221 in
3296 1169 3574 1236 Berenga-

1881 1237 1986 1300 rio,
2025 1238 2344 1291 Sanctesius
2375 1253 2504 1290 cum
2537 1239 2786 1304 Calvino,
2833 1238 3137 1291 Perronius
3179 1254 3307 1291 cum
3355 1239 3576 1292 Plesseo

1884 1309 2150 1361 Morneio.
2203 1310 2357 1361 Itane
2399 1309 2529 1361 licet
2575 1309 2795 1362 ratione
2835 1315 2890 1362 et
2929 1325 3094 1362 sensu
3129 1309 3580 1378 intemperanter

1883 1379 2086 1450 abuti?
2137 1379 2427 1447 Ejusmodi
2466 1379 2891 1433 ratiocinationi
2941 1395 3004 1432 ac
3048 1380 3389 1450 conjecturae
3420 1381 3578 1433 locus

1883 1449 2119 1502 fortasse
2151 1466 2263 1502 non
2297 1452 2515 1503 deesset
2549 1451 2594 1502 si
2621 1460 2830 1520 praeter
2858 1451 3265 1520 Augustinum,
3301 1451 3572 1519 Hierony—

1882 1536 2020 1573 num
2046 1525 2102 1573 et
2122 1521 2484 1573 Ambrosium
2511 1523 2700 1574 nullos
2725 1523 2918 1575 Patres
2939 1522 2998 1574 in
3022 1522 3274 1574 medium
3294 1523 3576 1591 proferret

1883 1591 2243 1655 Ratramuus,
2268 1591 2362 1642 sed
2392 1592 2623 1660 insuper
2641 1593 2910 1644 continuo
2943 1592 3193 1658 prodidit
3215 1593 3268 1646 S.
3299 1592 3571 1644 lsidorunt

1887 1662 2276 1732 Hispalensem
2327 1677 2487 1714 num.
2556 1663 2642 1727 40,
2694 1664 2760 1714 45
2809 1667 2864 1715 et
2909 1664 3013 1725 47;
3074 1663 3126 1716 S.
3191 1663 3570 1732 Fulgentium,

1887 1731 2041 1786 num.
2087 1735 2189 1797 89;
2237 1731 2752 1785 Sacramentarium
2811 1733 2864 1786 S.
2923 1732 3200 1802 Gregorii,
3258 1731 3416 1786 num.
3469 1735 3570 1796 88;

1818 1812 1854 1864 Β
1886 1803 2104 1857 Missale
2135 1803 2361 1866 Gelasii,
2393 1819 2552 1866 num,
2602 1806 2704 1868 85;
2742 1805 2810 1856 de
2861 1803 3086 1872 quibus,
3123 1804 3355 1874 dempto
3386 1803 3575 1856 Sacra-

1887 1875 2167 1927 mentario
2211 1875 2266 1927 S.
2303 1874 2584 1943 Gregorii,
2632 1875 2792 1927 nulla
2831 1875 3047 1927 mentio
3102 1876 3254 1943 apud
3292 1876 3571 1928 Joannem

1883 1944 2133 1998 Scotum.
2185 1945 2467 2000 Caeterum
2531 1944 2798 2014 Erigerus
2850 1961 2967 1998 non
3015 1944 3157 1998 dixit
3196 1946 3571 1998 Ratramnum

1884 2032 2003 2068 esse
2048 2015 2435 2068 adversarium
2471 2015 2777 2077 Paschasii,
2829 2016 2926 2068 sed
2957 2031 3279 2085 anonymus
3333 2015 3574 2084 scriptor

1885 2086 2124 2150 Cellotii,
2153 2103 2322 2156 quem
2352 2102 2480 2139 cum
2513 2085 2744 2155 Erigere
2772 2086 3124 2139 confundere
3156 2086 3431 2155 injurium
3467 2091 3568 2138 est'

1884 2157 2150 2220 Quamvis
2183 2157 2336 2209 enim
2376 2157 2434 2208 in
2467 2156 2658 2226 aliquo
2716 2157 2910 2210 codice
2968 2157 3355 2226 manuscripto
3398 2157 3573 2226 quin—

1885 2234 2191 2294 gentorum
2219 2228 2449 2280 fortasse
2482 2242 2763 2280 annorum
2801 2227 3027 2281 libellus
3057 2227 3332 2296 anonymi
3363 2243 3570 2294 prazse-

1886 2301 2028 2352 t'erat
2059 2314 2268 2352 nomen
2303 2298 2542 2367 Erigeri,
2587 2298 2788 2350 melius
2835 2304 3238 2368 argumentum
3283 2313 3570 2368 assumen-

1884 2370 2020 2424 dum
2053 2375 2137 2423 est
2165 2371 2236 2422 ad
2277 2369 2670 2423 ascribendam
2719 2369 2839 2422 viro
2873 2367 3115 2438 sapienti
3146 2373 3203 2421 et
3233 2368 3299 2421 de
3330 2367 3572 2420 Ecclesia

1885 2457 1996 2494 non
2031 2439 2318 2492 immerito
2347 2445 2460 2492 tam
2493 2440 2718 2492 {utilem
2751 2456 2813 2491 ac
2846 2455 3046 2492 vanam
3091 2439 3566 2492 lucubrationem.

1958 2511 2213 2580 Denique
2248 2509 2575 2562 dissertator
2631 2512 2710 2562 ait
2757 2525 2886 2580 pag.
2928 2513 3024 2563 168
3065 2509 3467 2580 Berengarium
3513 2509 3572 2580 in

1887 2579 2133 2649 epistola
2188 2581 2256 2633 ad
2316 2580 2682 2644 Richardum,
2748 2579 2926 2633 relata
2979 2585 3137 2633 tomo
3192 2581 3237 2632 ll
3285 2579 3574 2647 Spic11egii

1889 2651 2245 2716 Dacheriani,
2278 2651 2466 2704 dicere
2514 2652 2790 2704 Joannem
2839 2651 3066 2704 Scotum
3118 2651 3411 2718 scripsisse
3459 2665 3575 2701 mo-

1889 2723 2011 2775 nitu
2053 2728 2110 2774 et
2166 2722 2421 2790 precario
2473 2721 2657 2774 Caroli
2708 2722 2883 2784 Calvi,
2940 2722 3100 2790 cujus
3151 2722 3367 2791 pariter
3410 2720 3574 2789 jussu

1887 2793 2174 2862 scripsisse
2228 2793 2602 2845 Ratramnum
2648 2792 2813 2844 multi
2857 2792 3167 2862 opinantur
3210 2791 3330 2862 sub
3359 2807 3571 2862 annum

1888 2861 2014 2926 855,
2055 2879 2166 2932 quo
2194 2879 2344 2915 anno
2379 2864 2558 2915 multa
2595 2861 3040 2916 catholicieﬁdei
3087 2861 3372 2915 contraria
3402 2861 3462 2912 in
3488 2877 3574 2932 re-

1888 2950 2000 3004 gno
2035 2930 2238 2997 Caroli,
2284 2935 2404 3002 ipso
2455 2949 2685 3004 quoque
2733 2949 2846 2986 non
2882 2935 3093 3002 nescio,
3126 2934 3372 2986 Annales
3404 2930 3574 2985 Berti-

1890 3005 2047 3058 niani
2084 3004 2404 3072 prodidere.

1962 3077 2042 3128 Ad
2070 3076 2189 3128 haec
2218 3075 2384 3143 plura
2408 3074 2750 3142 respondere
2782 3073 2944 3128 facile
2975 3079 3078 3127 est.

1965 3148 2010 3198 Ι.
2037 3147 2175 3199 Cum
2200 3147 2443 3198 multum
2477 3145 2822 3198 discriminis
2864 3145 3180 3198 intercedat
3209 3145 3360 3197 inter
3379 3159 3575 3212 preces

1893 3223 1949 3270 et
1981 3218 2160 3286 jussa,
2195 3219 2436 3268 multum
2474 3232 2704 3285 quoque
2735 3215 2962 3269 ditferre
2994 3232 3220 3269 necesse
3253 3216 3323 3268 sit
3369 3215 3575 3266 librum

1887 3288 2119 3342 Joannis
2171 3286 2320 3341 Scoti
2377 3292 2431 3340 et
2480 3287 2816 3350 ltatramni;
2866 3287 3080 3356 quippe
3145 3302 3274 3338 cum
3332 3286 3576 3339 Joannes

1889 3359 2087 3412 Scotus
2122 3359 2338 3410 monitu
2373 3363 2427 3409 et
2477 3357 2733 3425 precario
2787 3358 2993 3416 Caroli,
3045 3357 3577 3423 Ratramnusjussu

1890 3428 2194 3498 scripserit.
2253 3429 2345 3481 llis
2391 3428 2576 3479 verbis
2617 3429 2817 3497 incipit
2848 3429 2991 3480 liber
3021 3428 3350 3482 Ratramni:
3393 3428 3577 3482 Jussi-

1889 3501 2009 3565 stis,
2041 3501 2270 3566 gloriose
2311 3500 2602 3567 princeps;
2646 3505 2702 3551 et
2749 3515 2814 3551 ex
2856 3499 3097 3566 epistola
3131 3498 3456 3566 Berengarii
3487 3498 3574 3549 in-

1889 3571 2202 3639 telligimus
2231 3571 2502 3622 Joannem
2537 3569 2764 3621 Scotum
2796 3572 3078 3636 scripsisse
3124 3568 3335 3622 mon-ita
3369 3574 3418 3620 et
3444 3583 3573 3639 pref

1889 3636 2053 3694 carie.
2106 3641 2468 3705 Hatramnus,
2511 3639 2743 3691 humilis
2784 3641 3094 3692 monachus
3130 3641 3188 3692 in
3229 3640 3315 3690 sui
3345 3636 3574 3690 claustri

1891 3711 2116 3764 abditus
2148 3710 2418 3773 tenebris,
2462 3710 2634 3778 jussis
2665 3711 3027 3777 imperatoris
3056 3727 3120 3762 ac
3169 3711 3318 3779 regis
3354 3710 3576 3779 obtem-

1889 3787 2053 3851 perat
2082 3785 2138 3833 et
2168 3780 2224 3832 in
2261 3782 2440 3832 lucem
2473 3781 2690 3851 prodit:
2737 3781 2982 3833 Joannes
3014 3778 3250 3843 Scotus,
3273 3778 3576 3851 supercilio

1891 3848 2133 3905 doctoris
2165 3851 2366 3915 elatus,
2405 3850 2679 3919 principis
2712 3851 2942 3903 monitis
2973 3857 3027 3904 et
3059 3852 3319 3920 precibus
3347 3848 3569 3900 annuit.

1963 3923 2030 3975 Il.
2064 3922 2314 3975 l-lzereses
2339 3922 2546 3989 quibus
2577 3920 2901 3989 agitabatur
2941 3923 3257 3989 respublica
3279 3936 3427 3972 anno
3449 3921 3571 3985 855,

1891 4008 2131 4063 quarum
2159 3990 2502 4043 mentionem
2525 3991 2737 4063 faciunt
2758 3992 3000 4045 Annales
3027 3992 3360 4056 Bertiniani,
3382 3991 3572 4063 erutu-

1889 4061 2025 4132 pere
2059 4078 2169 4114 non
2203 4067 2516 4131 potuerunt
2547 4077 2607 4113 ex
2654 4061 2797 4113 libro
2834 4063 3147 4127 Ratramni,
3184 4063 3283 4130 qui
3311 4077 3438 4114 cum
3474 4062 3574 4113 Ca-

1891 4135 2010 4186 rolo
2039 4133 2207 4185 Calvo
2250 4132 2582 4200 imperatori
2611 4132 2916 4200 inscriptus
2952 4135 3043 4197 sit,
3086 4134 3160 4185 ad
3187 4134 3436 4189 Carotum
3466 4133 3576 4185 Ma-

1890 4220 2054 4272 gnum
2079 4206 2475 4272 imperatorem,
2499 4218 2610 4254 non
2632 4203 2821 4271 potuit
2840 4204 2988 4256 efﬁci
3019 4208 3074 4256 et
3099 4203 3156 4256 in
3181 4204 3364 4256 lucem
3387 4202 3572 4255 emitti

1893 4281 2022 4327 ante
2053 4281 2279 4341 tempus
2311 4274 2460 4340 quod
2493 4274 2773 4326 interfluit
2812 4273 2961 4326 inter
2991 4291 3206 4327 annum
3235 4277 3336 4328 875
3368 4279 3423 4326 et
3449 4272 3575 4330 8’77.

1891 4361 2004 4414 quo
2034 4344 2199 4396 desiit
2228 4343 2535 4414 imperium
2568 4344 2753 4397 Caroli
2792 4344 2984 4408 Calvi;
3022 4345 3304 4414 siquidem
3339 4359 3403 4396 ex
3438 4343 3579 4396 anti-

1892 4415 2021 4485 quis
2049 4414 2332 4467 codicibus
2367 4415 2788 4483 manuscriptis,
2820 4415 3130 4485 exscriptus
3160 4416 3231 4468 sit
3263 4415 3354 4468 hic
3380 4414 3577 4466 titulus

1824 4510 1864 4562 ι)
1891 4487 1964 4562 ait
1994 4485 2251 4562 Curetum
2278 4486 2498 4562 Calvam
2527 4487 2929 4562 imperatorem_._
2965 4491 3036 4540 At
3069 4503 3198 4562 vero
3220 4485 3578 4562 cuntinenter

1892 4557 1969 4609 ait
1995 4556 2327 4608 dissertator
2358 4558 2554 4608 eadem
2602 4557 2832 4625 pagina,
2876 4557 3082 4610 librum
3123 4558 3190 4610 de
3241 4559 3488 4621 Corpore
3523 4559 3576 4606 et

1890 4626 2176 4695 Sanguine
2218 4625 2446 4680 Domini
2479 4626 2650 4679 fuisse
2695 4627 3029 4680 damnatum
3064 4628 3124 4679 in
3164 4626 3399 4678 concilio
3445 4626 3577 4677 Ver-

1889 4697 2124 4751 cellensi
2155 4701 2211 4749 et
2252 4696 2556 4749 Parisiensi
2587 4713 2736 4750 anno
2773 4699 2925 4764 1050,
2972 4698 3317 4765 tandemque
3352 4696 3576 4748 tlamnis

1890 4773 2204 4821 crematum
2232 4766 2291 4819 in
2323 4767 2563 4819 concilio
2604 4768 2864 4821 Romano
2909 4768 3014 4821 sub
3056 4767 3282 4820 Nicolao
3333 4767 3378 4818 ll
3427 4781 3575 4817 anno

1897 4841 2049 4916 1059,
2084 4854 2214 4891 cum
2253 4837 2623 4916 inscriptione
2653 4839 2901 4890 nominis
2941 4836 3362 4916 Joannis.Sc‘oti
3386 4850 3575 4916 ;'quo:

1891 4909 2046 4962 niam
2078 4913 2212 4960 tunc
2256 4906 2531 4976 temporis
2578 4922 2744 4960 verus
2785 4913 2982 4961 auctor
3021 4913 3143 4959 erat
3191 4905 3474 4959 indicatus
3521 4910 3578 4976 et

1889 4984 2244 5050 perspectus,
2288 4975 2467 5050 eaque
2517 4977 2616 5050 de_
2633 4993 2803 5030 causa
2849 4977 3190 5050 paucissima
3231 4975 3578 5050 exemplaria

1891 5046 2107 5103 exstare
2150 5048 2254 5101 sub
2303 5046 2532 5100 nomine
2585 5047 2877 5100 Ratramni
2921 5048 3035 5100 sive
3075 5047 3375 5114 Bertrami,
3420 5046 3578 5116 quod

1892 5121 2096 5173 horum
2129 5118 2500 5172 conciliorum
2549 5119 2903 5189 temporibus
2953 5117 3313 5189 suppositum
3364 5133 3577 5171 nomen

1895 5189 2432 5260 recognoscebatur:
2469 5193 2522 5242 et
2545 5188 2702 5260 addit
2726 5204 2850 5241 eam
2875 5189 2946 5241 ob
2971 5188 3089 5242 rem
3116 5205 3228 5241 non
3250 5189 3435 5260 visum
3459 5205 3579 5241 esse

1893 5263 2000 5314 sub
2032 5258 2266 5313 nomine
2325 5258 2620 5314 Ratramni
2651 5263 2781 5312 ante
2837 5275 3056 5314 annum
3094 5262 3249 5322 l5'26,
3311 5259 3380 5313 ad
3407 5275 3576 5328 quem

1896 5345 2074 5400 usque
2104 5345 2174 5401 ex
2197 5346 2263 5401 eo
2286 5335 2543 5400 tempore
2565 5331 2744 5384 altum
2774 5330 2962 5385 fuerat
2981 5331 3133 5401 apud
3156 5346 3352 5384 omnes
3379 5329 3448 5383 de
3475 5331 3580 5383 hoc

1897 5399 2040 5455 libro
2072 5399 2385 5454 silentium.
2407 5399 2543 5454 ’Jam
2589 5417 2721 5454 vero
2753 5402 2798 5455 si
2831 5418 2918 5455 res
2948 5399 3031 5455 ita
3053 5402 3185 5464 sint,
3229 5402 3380 5455 dicat
3417 5401 3581 5453 nobis

1895 5471 2227 5524 dissertator
2257 5470 2356 5540 qui
2387 5471 2512 5524 ﬁeri
2551 5472 2807 5540 potuerit
2840 5476 2899 5526 ut
2945 5477 3028 5527 tot
3059 5472 3316 5539 concilia,
3349 5475 3429 5524 tot
3474 5471 3583 5523 vir-

1894 5542 2167 5610 illustres,
2228 5539 2594 5610 Lanfrancus,
2663 5542 2977 5610 Ascelinus,
3045 5543 3365 5607 Durandus,
3443 5542 3581 5594 adeo

1895 5609 2175 5690 consopiti
2206 5609 2418 5690 fuerint
2447 5611 2686 5690 urbane
2715 5609 3053 5690 ἐτερωνυμίαγ
3079 5611 3307 5690 silentio
3347 5616 3583 5690 praeter-

1897 5679 2174 5744 miserint,
2212 5696 2316 5734 nec
2352 5684 2469 5751 tam
2516 5679 2863 5736 insolentem
2894 5679 3146 5737 nominis
3175 5679 3582 5751 subjeétionem

1893 5751 2102 5808 Joanni
2130 5751 2296 5805 Scoto
2327 5750 2790 5817 obtrectaverint,
2827 5760 2884 5805 et
2908 5752 3247 5806 memoriam
3281 5750 3584 5806 Ratramni

1896 5821 2221 5887 viri'docti,
2269 5820 2369 5891 pii,
2402 5819 2472 5874 de
2520 5822 2762 5875 Ecclesia
2803 5823 3091 5876 Gallicana
3137 5821 3380 5875 inﬁnitis
3407 5821 3584 5874 titulis
