3920 6224
335 337 435 393 179

1042 337 1492 393 DISSERTATIO
1533 338 1597 392 IN
1642 337 1768 394 LIB.
1815 338 1900 392 DF:
1939 335 2270 394 CORPORE
2314 337 2403 394 ET
2440 333 2794 392 SANGUINE
2839 332 3100 391 DOMINI.

3753 336 3835 386 l8’t

337 474 484 529 bene
512 472 723 538 meriti,
763 474 834 528 ab
867 473 1153 543 ejusmodi
1198 473 1433 528 haeresis
1472 473 1818 528 contumelia
1848 479 1904 528 et
1933 491 2028 544 op-
2066 474 2107 523 A
2139 489 2252 527 non
2274 473 2444 528 modo
2467 490 2651 542 nuper
2681 489 2712 526 a
2735 471 3085 527 Tridentinis
3115 471 3443 527 censoribus
3473 469 3834 541 summisque

347 545 574 614 probrio
603 561 719 598 non
747 545 1176 598 vindicaverint.
1215 547 1326 614 Ego
1368 561 1498 598 vero
1538 546 1718 599 fateor
1749 563 1837 598 me
1870 546 2031 599 intel-

344 615 523 684 ligere
546 631 658 668 non
689 632 851 685 posse
883 632 1089 687 exrquo
1122 616 1451 670 dissertator
1477 615 1582 668 sibi
1616 616 1855 668 suaserit
1884 623 2034 687 post-

347 703 520 751 quam
543 693 793 738 cremata
823 686 1038 740 fuerint
1069 687 1417 756 exemplaria
1447 687 1575 740 libri
1607 687 1674 740 de
1707 686 1956 756 Corpore
1978 693 2034 740 et

346 757 638 826 Sanguine
682 758 930 820 Domini,
967 774 1078 810 non
1113 759 1230 810 visa
1276 774 1394 810 esse
1447 763 1575 811 ante
1621 774 1835 811 annum
1876 760 2028 819 1525,

347 827 452 879 sub
494 828 725 880 nomine
767 828 1066 881 Bertramii
1094 836 1191 880 aut
1223 829 1516 881 Ratramni
1546 845 1674 880 nam
1704 829 2034 895 Sigebertus

347 899 554 950 saeculo
605 915 703 958 xu.
753 898 965 951 scilicet
1013 915 1162 951 anno
1207 900 1644 966 quadragesimo
1694 905 1819 968 post
1851 899 2029 952 conci-

348 968 488 1020 lium
531 969 874 1022 Romanum.
909 976 1165 1022 recenset
1195 970 1401 1022 librum
1435 970 1503 1021 de
1536 970 1779 1038 Corpore
1811 974 1866 1021 et
1890 970 2034 1024 San-

347 1039 522 1104 guine
556 1040 784 1092 Domini
818 1039 922 1092 sub
949 1040 1180 1092 nomine
1210 1040 1501 1092 Ratramni
1535 1040 1685 1092 inter
1713 1039 1920 1109 scripta
1951 1057 2036 1092 ca-

347 1109 555 1163 tholica
587 1115 641 1161 et
679 1111 993 1163 orthodoxa
1022 1111 1385 1173 Trithemius,
1411 1111 1584 1163 abbas
1614 1111 2038 1179 Spauemiensis

349 1181 552 1232 saeculo
604 1196 671 1232 xv
709 1180 766 1232 in
812 1182 1082 1250 Catalogo
1129 1181 1477 1249 Scriptorum
1529 1182 2036 1234 ecclesiasticorum

351 1249 499 1304 idem
537 1256 784 1320 praestat,
819 1258 874 1303 et
905 1249 1141 1320 vestigia
1180 1251 1460 1320 Sigeberti
1493 1251 1832 1321 ingeminat.
1858 1257 2040 1305 Antea

354 1325 682 1390 Anonymus
747 1321 1118 1386 Cellntianus,
1173 1325 1308 1387 sive,
1359 1330 1420 1375 ut
1477 1328 1639 1391 putat
1686 1322 2037 1386 dissertator,

352 1391 632 1458 Erigerus.
688 1393 1063 1446 Ratramnum
1103 1393 1357 1461 ejusdem
1405 1393 1537 1445 libri
1575 1399 1864 1446 auctorem
1901 1395 2043 1446 indi-

350 1461 522 1541 gitat:
587 1467 642 1514 et
687 1463 953 1541 Joannes
985 1463 1324 1541 _I:‘i_sc_herius,
1387 1463 1686 1541 episc0pns
1742 1463 2038 1528 Rotfeusis,

349 1534 658 1604 ipsoanno
684 1537 837 1588 1526.
870 1534 1019 1587 Nihil
1046 1535 1219 1604 igitur
1242 1539 1353 1587 tam
1379 1552 1410 1586 a
1432 1551 1564 1586 vero
1585 1535 1835 1587 alienum
1868 1551 2040 1604 quam

351 1603 503 1672 quod
539 1603 678 1656 dixit
723 1603 1278 1673 dissertatorusque
1327 1604 1397 1657 ad
1450 1621 1662 1658 annum
1701 1607 1832 1658 l5'26
1863 1603 2039 1658 altum

350 1674 501 1744 apud
547 1691 746 1726 omnes
792 1677 914 1744 ejus
962 1675 1093 1728 libri
1139 1675 1243 1727 sub
1273 1675 1565 1729 Ratramni
1609 1677 1840 1729 nomine
1873 1676 2043 1729 fuisse

350 1743 660 1798 silentium.
712 1745 993 1799 Caeterum
1045 1745 1090 1798 si
1139 1745 1266 1813 quis
1317 1745 1489 1799 libros
1516 1746 1748 1799 Joannis
1779 1747 1929 1800 Scoti
1977 1747 2046 1800 de

2141 545 2508 616 pontiﬁcibus
2538 560 2777 599 censura
2801 548 3027 599 notatus
3057 547 3160 598 est.
3192 567 3212 591 ι

2829 665 3140 704 RESPONSIO.

2214 754 2274 810 Si
2312 761 2486 809 tanta;
2531 753 2900 808 admirationi
2950 755 3139 808 locum
3189 753 3442 807 inveniat
3489 753 3838 819 dissertator,

2145 844 2206 879 ex
2239 843 2306 879 eo
2342 826 2498 896 quod
2533 829 2809 879 tuendum
2849 827 3164 895 cet-.uperint
3196 825 3402 878 librum
3443 826 3748 880 Ratramni
3781 828 3840 878 de

2143 898 2394 966 Corpore
2419 898 2782 965 etSauguine
2822 897 3046 949 υυιιιιηὶ
3081 896 3184 948 viri
3225 896 3456 965 quidam
3484 897 3750 963 theologi
3781 904 3842 948 ta-

2147 968 2311 1021 metsi
2337 984 2574 1021 censura
2599 973 2855 1020 notatum
2886 975 2942 1020 et
2972 968 3030 1019 in
3067 967 3312 1019 indicem
3346 966 3632 1019 librorum
3668 967 3842 1035 prohi-

2146 1039 2402 1092 bitorum
2445 1040 2762 1106 relegatum
2813 1037 2883 1090 ab
2933 1037 3421 1090 examinatoribus
3479 1038 3776 1106 deputatis
3817 1055 3845 1090 a

2146 1109 2391 1162 concilio
2421 1109 2756 1162 Tridentino
2789 1113 2846 1161 et
2878 1108 2946 1160 ab
2979 1109 3239 1176 ipsismet
3267 1108 3540 1161 Romanis
3576 1109 3846 1176 pontitici-

2149 1180 2253 1233 bus
2297 1181 2571 1249 majorem
2603 1180 2770 1232 faciet
2799 1179 3234 1249 admirationem
3273 1179 3508 1248 antiqua
3545 1181 3720 1230 missa
3755 1180 3844 1232 La-

2149 1257 2268 1304 tina
2299 1248 2470 1319 quam
2507 1250 2766 1304 Matthias
2804 1250 3030 1303 Flaccus
3073 1248 3326 1319 Illyricos
3361 1250 3627 1318 proxime
3663 1250 3846 1319 elapso

2149 1324 2355 1374 saeculo
2402 1321 2729 1388 Argentinae
2773 1321 2921 1391 typis
2961 1319 3221 1372 mandari
3259 1321 3520 1391 curavit.
3551 1320 3846 1374 Enimvero

2152 1394 2464 1461 primulum
2501 1393 2679 1444 lucem
2731 1390 3016 1461 publicam
3050 1391 3187 1443 vidit
3220 1408 3326 1459 ope
3368 1390 3630 1443 hominis
3674 1392 3846 1444 haere-

2151 1463 2266 1523 tici,
2311 1462 2796 1532 quemadmodum
2828 1462 2974 1515 liber
3005 1462 3323 1522 Ratramni,
3359 1466 3416 1514 et
3442 1461 3511 1514 ab
3557 1464 3848 1514 examina-

2153 1531 2374 1586 toribus
2408 1533 2632 1585 concilii
2655 1532 2968 1586 Tridentini
3001 1531 3357 1601 aequabiliter
3384 1533 3436 1584 in
3471 1533 3667 1584 indice
3699 1534 3850 1584 libris

2155 1604 2456 1674 prohibitis
2489 1610 2745 1673 coaptata
2788 1603 2936 1674 fuit,
2966 1606 3043 1655 uti
3097 1606 3413 1671 perspicere
3468 1603 3644 1656 facile
3677 1609 3763 1654 est
3797 1603 3848 1654 in

2152 1673 2354 1728 indicis
2385 1675 2699 1744 appendice
2733 1673 3016 1737 secunda;
3065 1680 3458 1744 verumtamen
3490 1674 3674 1726 hodie
3705 1674 3850 1742 ejus-

2158 1745 2308 1798 modi
2335 1743 2502 1798 miss’a
2526 1744 2729 1815 Illyrici
2747 1745 3024 1815 catholica
3044 1750 3098 1796 et
3119 1743 3430 1815 orthodoxa
3455 1751 3768 1812 reputatur
3790 1745 3853 1796 ab

353 1815 860 1890 Praedestinatione
908 1821 1006 1868 aut
1059 1818 1414 1890 [laet-9033mm»
1463 1821 1719 1890 μερίσμῳ
1763 1817 2046 1890 applicata

2214 1815 2423 1890 nnibus
2451 1814 2631 1890 doctis
2655 1814 2923 1890 Ecclesiae
2948 1814 3338 1890 scriptoribus,
3373 1821 3428 1868 et
3459 1815 3713 1890 ab__ipsis
3741 1830 3854 1890 pro-

355 1890 544 1937 mente
575 1887 747 1949 legat,
781 1891 996 1939 tantam
1029 1887 1157 1955 styli
1189 1887 1568 1940 differentiam
1610 1887 2042 1952 animadvertet,

355 1961 440 2028 tot
478 1957 670 2009 Patres
699 1957 918 2010 Graecos
951 1957 1214 2026 mysticus
1256 1963 1309 2010 et
1356 1959 1624 2011 asceticos
1655 1960 1853 2011 citatos
1885 1975 2045 2028 repe-

357 2027 464 2078 riet
495 2043 742 2096 quorum
776 2027 1001 2081 nullum
1043 2028 1344 2095 vestigium
1385 2034 1482 2081 aut
1516 2029 1739 2082 sulcum
1782 2029 2043 2082 interno-

354 2113 508 2169 scere
538 2097 669 2169 licet
701 2098 757 2150 in
796 2097 956 2150 libris
992 2099 1308 2163 Ratramni,
1342 2099 1633 2153 utlibrum
1685 2099 1752 2153 de
1800 2101 2046 2169 Corpore

356 2173 410 2239 et
439 2167 978 2239 SanguineDomini
1007 2169 1110 2221 sub
1153 2170 1448 2223 Ratramni
1484 2170 1716 2223 nomine
1749 2167 2046 2239 vulgatum

353 2238 557 2290 Joanni
603 2238 916 2312 Scotigenae
950 2239 1275 2308 adjudicare
1315 2246 1370 2293 et
1410 2241 1663 2294 insolens
1693 2247 1750 2294 et
1779 2238 2046 2312 superva-

357 2325 598 2360 caneum
621 2325 741 2361 esse
777 2309 1050 2364 videatur.

427 2379 828 2451 Verumtamen
861 2381 950 2434 hic
985 2397 1162 2434 unum
1194 2381 1631 2450 praetermittere
1665 2398 1778 2436 non
1817 2399 2046 2451 possum

355 2449 508 2517 quod
542 2449 774 2517 hujusce
806 2451 916 2504 litis
956 2449 1208 2504 omnino,
1231 2453 1609 2506 decretorium
1655 2470 1774 2505 esse
1806 2449 2046 2505 videtur.

358 2521 588 2571 Constat
631 2521 785 2593 enim
828 2522 1104 2574 Joannem
1153 2522 1386 2593 Scotum
1440 2539 1646 2589 corpus
1687 2523 1894 2576 Christi
1924 2530 2051 2593 post

359 2590 829 2644 resurrectionem
869 2608 972 2644 nec
1015 2592 1272 2644 sensibus
1306 2593 1598 2646 tractabile
1649 2609 1750 2645 nec
1780 2590 2046 2646 carneum

359 2659 732 2726 existimasse,
781 2666 846 2713 ut
883 2661 1253 2731 intelligimus
1291 2678 1356 2714 ex
1389 2663 1532 2715 libro
1576 2679 1606 2714 v
1637 2663 1706 2716 de
1762 2664 2049 2718 Divisione

361 2734 598 2802 naturae,
624 2747 753 2799 pag.
781 2734 905 2792 293,
941 2749 1100 2785 num.
1133 2735 1196 2786 37
1227 2749 1239 2785 :
1280 2755 1300 2780 ι
1353 2733 1616 2802 Quisquis
1647 2739 1838 2786 autem
1871 2735 2050 2788 sancti

355 2801 639 2853 Ambrosii
674 2802 1046 2872 Gregoriique
1078 2803 1374 2872 Theologi,
1409 2801 1736 2867 diligentius
1767 2805 1916 2858 dicta
1961 2806 2047 2858 in-

357 2873 633 2945 spexerit,
667 2871 918 2926 inveniet
953 2871 1206 2944 profecto
1237 2891 1354 2927 non
1389 2877 1768 2928 mutationem
1800 2877 2050 2945 corporis

359 2943 573 3014 terreni
621 2943 680 3014 in
724 2943 1201 3014 cmlestecorpus,
1235 2946 1332 2998 sed
1365 2945 1601 2998 omnino
1649 2943 1950 3000 transitum
1992 2947 2048 3000 in

357 3012 546 3085 ipsum
579 3013 840 3085 spiritum
870 3029 884 3067 :
919 3031 1028 3067 non
1053 3012 1110 3067 in
1135 3015 1294 3068 illum
1320 3016 1416 3085 qui
1450 3017 1648 3078 aether,
1673 3017 1767 3069 sed
1802 3017 1858 3069 iu
1886 3019 2048 3069 illum

359 3081 456 3150 qui
474 3082 790 3155 intellectus
804 3085 1097 3137 vocitatur.
1120 3107 1138 3133 ν
1162 3081 1489 3139 Ambrosius
1513 3087 1793 3155 siquidem
1815 3103 2044 3141 onmem

2153 1887 2488 1940 testantibus
2512 1886 3130 1956 hominibustanquam
3153 1887 3270 1937 suis
3288 1885 3667 1955 dogmatibus
3696 1887 3852 1938 valde

2156 1973 2484 2028 repugnans
2517 1963 2573 2010 et
2599 1957 2838 2028 adversa
2883 1957 3235 2028 repudiatur.
3284 1957 3414 2025 Ejus
3447 1957 3630 2028 tidem
3683 1962 3739 2009 et
3773 1958 3852 2028 ὁρ-

2156 2024 2396 2088 θοδόξιαν
2456 2027 2758 2080 vindicavit
2814 2024 3668 2079 eminentissimus’cardinalis
3713 2024 3858 2080 Bona

2156 2099 2364 2152 Iterum
2401 2099 2793 2165 liturgicarum
2825 2098 2924 2150 lib.
2957 2115 2994 2161 ι,
3028 2113 3148 2164 cap.
3190 2100 3271 2162 t2,
3297 2114 3630 2168 novamque
3663 2098 3858 2150 editio-

2157 2186 2285 2222 nem
2319 2169 2444 2222 tieri
2473 2169 2530 2222 in
2563 2168 2886 2238 Appendice
2909 2168 2974 2220 ad
3007 2168 3215 2221 librum
3239 2169 3306 2220 de
3332 2169 3522 2221 Rebus
3547 2168 3853 2232 liturgicis.

2155 2245 2210 2292 et
2233 2241 2292 2292 P.
2328 2241 2606 2304 Cointius,
2633 2239 3046 2293 Oratoriidom.
3075 2240 3204 2291 Jesu
3240 2239 3556 2307 Presbyter,
3593 2239 3654 2290 in
3680 2243 3863 2292 Anna-

2157 2310 2305 2363 libus
2337 2310 2737 2363 Ecclesiasticis
2793 2311 3158 2374 Francorum,
3193 2315 3535 2362 curaverunt
3577 2311 3859 2362 emenda-

2156 2380 2358 2433 tiorem
2387 2388 2442 2434 et
2471 2381 2652 2448 magis
2673 2381 3025 2443 castigatam,
3056 2381 3202 2432 sicut
3227 2380 3515 2432 Ratramni
3540 2379 3769 2433 librum
3799 2381 3861 2432 de

2157 2451 2405 2520 Corpore
2425 2457 2480 2504 et
2500 2451 2788 2519 Sanguine
2811 2450 3036 2504 Domini
3055 2451 3503 2503 emendatiorem
3525 2466 3590 2503 ex
3619 2453 3862 2520 antiquo

2155 2523 2346 2574 codice
2398 2522 2780 2592 manuscripto
2830 2537 2957 2574 cum
3009 2537 3143 2573 cura
3196 2528 3255 2592 et
3301 2520 3410 2573 tide
3441 2522 3859 2592 expressimus.

2160 2593 2427 2645 Eamdem
2480 2594 2708 2645 missam
2754 2592 3005 2645 Latinam
3046 2591 3416 2661 inquisitores
3461 2591 3740 2661 llispani,
3781 2610 3863 2644 re-

2156 2669 2366 2730 gnante
2399 2665 2665 2732 Philippo
2692 2663 2962 2726 secundo,
2995 2678 3232 2714 censura
3252 2663 3587 2728 all'ecerunt,
3626 2663 3861 2730 instiga-

2157 2734 2310 2786 tione
2346 2733 2684 2786 Ferdinandi
2731 2734 3005 2796 Toletani,
3057 2733 3215 2786 ducis
3265 2733 3544 2794 Albensis,
3607 2733 3865 2785 hominis

2158 2805 2345 2856 studio
2368 2804 2659 2872 religionis
2673 2804 2964 2856 catholicae
2983 2819 3094 2855 non
3112 2804 3294 2855 solum
3312 2803 3636 2871 ﬂagrantis,
3663 2821 3866 2856 verum

2158 2874 2329 2926 etiam
2365 2876 2623 2936 furentis,
2673 2890 2844 2943 quem
2885 2874 3023 2927 dicit
3067 2875 3277 2927 Jesuita
3321 2874 3634 2927 Famianus
3667 2875 3868 2929 Strada

2158 2961 2222 2996 ex
2253 2946 2466 2998 bellicis
2497 2945 2795 2998 tormentis
2829 2945 3016 2997 fusum
3049 2944 3379 3006 Antuerpiaz.
3410 2944 3464 2996 in
3490 2945 3706 2997 eadem
3755 2947 3869 2998 bel-

2159 3015 2262 3066 lica
2293 3022 2578 3068 tormenta
2611 3015 2860 3068 refusum
2887 3015 3077 3066 fuisse.
3105 3015 3404 3067 Enimvero
3431 3015 3567 3067 nihil
3608 3017 3684 3067 ad
3699 3017 3867 3068 mira-

2155 3086 2311 3138 tione
2339 3087 2572 3153 diguum
2598 3085 2644 3138 si
2667 3086 2734 3138 ab
2756 3085 3039 3152 ejusmodi
3064 3085 3362 3157 tribunalis
3382 3086 3711 3148 judicibus,
3739 3088 3865 3157 qui-

357 3154 828 3226 compositionem
877 3155 1080 3219 aufert,
1138 3157 1214 3208 ita
1263 3162 1326 3208 ut
1389 3163 1517 3226 post
1572 3154 2043 3212 resurrectionem
2085 3171 2124 3225 ρ
2157 3157 2261 3209 bus
2312 3157 2622 3210 inerrantia
2671 3157 2829 3208 nulla
2859 3172 2891 3208 a
2937 3156 3075 3208 cmlo
3129 3156 3335 3208 tradita
3380 3163 3484 3220 est,
3515 3154 3793 3223 judicata
3823 3164 3871 3210 et

358 3238 582 3294 corpus,
616 3230 672 3276 et
699 3225 910 3289 anima,
959 3231 1016 3278 et
1045 3225 1594 3294 intellectus,unum
1629 3228 1740 3280 sint
1779 3234 1836 3280 et
1867 3245 2042 3282 unum

359 3292 596 3371 simplex
626 3311 812 3371 neque
839 3311 904 3348 ex
935 3296 1117 3371 tribus
1149 3292 1538 3371 copjunétum,
1570 3303 1627 3371 et
1656 3314 1784 3368 quae
1821 3299 1912 3352 hic
1947 3301 2055 3353 tria

358 3363 640 3440 videntur,
698 3366 813 3440 illic
871 3383 1015 3420 unus
1073 3363 1393 3440 intellectus
1439 3363 1700 3422 efﬁcitur.
1751 3371 2055 3438 Gregorius

359 3434 621 3487 similiter
671 3442 726 3488 et
775 3436 1169 3490 incunctanter
1222 3439 1426 3492 astruit
1486 3434 1884 3492 mutationenf
1930 3455 2054 3492 cor-

360 3507 512 3574 poris
541 3510 796 3574 tempore
838 3509 1266 3561 resurrectionis
1299 3509 1354 3561 in
1413 3511 1686 3572 animam,
1737 3509 1946 3563 animae
1993 3511 2052 3564 in

359 3573 738 3641 intellectum,
789 3582 844 3630 et
885 3579 1202 3632 intellectus
1235 3580 1290 3632 iu
1332 3581 1531 3642 Deum,
1560 3597 1622 3633 ac
1654 3580 1731 3632 sic
1763 3581 1955 3634 omnia
1995 3581 2051 3634 in

357 3646 623 3699 omnibus
657 3648 802 3700 Deus
837 3649 965 3715 erit,
1000 3649 1144 3702 sicut
1173 3666 1270 3702 aer
1302 3651 1555 3707 vertitur.
1591 3650 1646 3703 in
1682 3651 1884 3704 lucem.
1922 3673 1948 3701 »
1990 3654 2056 3706 Et

355 3716 612 3789 ejusdem
655 3719 781 3772 libri
816 3735 974 3773 num.
1016 3723 1110 3774 38:
1147 3720 1259 3775 «Si
1309 3738 1443 3789 ergo
1475 3721 1875 3774 transformata
1921 3739 2052 3775 caro

355 3786 561 3840 Christi
605 3794 688 3862 est
730 3791 788 3842 in
835 3791 933 3862 Dei
985 3790 1250 3844 virtutem
1309 3799 1366 3845 et
1385 3786 1636 3862 'spiritus
1676 3793 2054 3858 incorruptio-

354 3873 507 3931 nem,
541 3859 793 3931 profecto
841 3861 964 3926 ipsa
993 3879 1122 3914 caro
1161 3864 1339 3914 virtus
1379 3859 1463 3915 est
1499 3869 1553 3915 et
1605 3863 2053 3931 incorruptibilis

353 3928 623 4002 spiritus;
658 3947 720 4002 ac
749 3930 796 3982 si
827 3932 923 3984 Dei
955 3934 1132 3984 virtus
1163 3935 1417 3998 spiritus,
1455 3934 1665 4002 ubique
1701 3939 1786 3985 est
1815 3928 1930 3986 non
1963 3949 2052 3985 so-

355 3999 673 4071 lum_super
703 4001 823 4053 loca
852 4007 906 4053 et
937 4006 1216 4070 tempora,
1253 4020 1446 4055 verum
1481 3999 1650 4056 etiam
1683 4019 1853 4071 super
1884 4019 2053 4055 omne

353 4068 503 4141 quod
549 4075 635 4121 est
665 4071 807 4122 nulli
857 4068 1094 4124 dubium
1152 4073 1289 4141 quin
1342 4073 1462 4136 ipsa
1503 4090 1632 4124 caro
1690 4068 1956 4125 virtutem
1998 4080 2052 4126 et

354 4137 618 4205 spiritum
677 4141 1078 4193 transformata
1126 4137 1282 4194 nullo
1314 4143 1434 4194 loco
1473 4143 1850 4207 contineatur,
1894 4145 2050 4196 nullo

354 4211 610 4281 iempore
661 4215 942 4281 mutetur;
986 4212 1079 4263 sed
1127 4212 1268 4264 sicut
1334 4212 1430 4265 Dei
1482 4212 1660 4265 virtus
1702 4218 1759 4265 et
1797 4213 2048 4281 spiritus,

356 4277 600 4349 Verbum
645 4279 906 4332 videlicet
951 4281 1099 4349 quod
1131 4282 1302 4335 etiam
1351 4283 1412 4334 in
1451 4283 1728 4336 unitatem
1769 4277 1880 4336 sibi
1921 4284 2046 4337 sub.

352 4347 575 4420 stantiae
610 4354 918 4416 acceperat,
951 4347 1145 4404 omnia
1177 4353 1298 4404 loca
1341 4359 1397 4404 et
1432 4357 1690 4420 tempora
1727 4359 1783 4405 et
1821 4353 2052 4407 univer-

351 4417 790 4490 saliteromnem
812 4420 1398 4490 circumscriptionem
1428 4417 1676 4476 excedat.
1716 4444 1735 4469 ι
1761 4425 1884 4476 Jam
1922 4441 2051 4478 vero

2163 3229 2542 3280 condemnata
2590 3227 2839 3279 virorum
2870 3226 3164 3279 doctorum
3223 3243 3396 3293 opera
3427 3227 3653 3280 auxilio
3689 3237 3753 3281 et
3781 3229 3866 3282 de-

2164 3299 2484 3350 fensoribus
2513 3302 2734 3365 egeant.
2771 3297 2922 3349 Inter
2947 3296 3370 3349 lucubrationes
3391 3298 3785 3351 illustrissimi
3814 3317 3872 3352 ac

2164 3368 2476 3421 doctissimi
2507 3369 2724 3421 Claudii
2757 3367 3061 3436 Espenczei,
3095 3367 3344 3419 doctoris
3392 3369 3654 3436 theologi
3711 3371 3870 3423 Pari-

2165 3439 2381 3503 siensis,
2413 3439 2562 3491 inter
2591 3439 2783 3492 Patres
2813 3443 3172 3508 purpuratos,
3208 3438 3267 3489 ni
3299 3455 3473 3505 prava
3495 3440 3751 3493 consilia
3785 3442 3876 3493 ob-

2164 3508 2767 3578 stitissentcoaptandi,
2797 3514 2858 3559 ut
2879 3509 3542 3562 testiﬁcatnrDJacohus
3567 3514 3874 3575 Augustus

2163 3581 2432 3632 Thuanus
2457 3586 2514 3632 et
2540 3580 2784 3646 ipsemet
2822 3580 3172 3647 Espencazus,
3206 3579 3327 3646 ejus
3361 3583 3786 3635 commentarii
3821 3584 3876 3635 iu

2165 3650 2574 3722 Epistolam‘ad
2607 3650 2795 3702 Titum
2827 3655 2881 3722 et
2911 3654 3184 3702 tractatus
3229 3651 3297 3702 de
3330 3650 3713 3722 Continentia
3763 3670 3875 3722 pra!

2163 3721 2380 3774 ueteris
2410 3719 2714 3783 evincunt;
2747 3719 2958 3789 quippe
3001 3736 3128 3772 cum
3161 3736 3277 3772 non
3310 3721 3496 3772 solum
3532 3719 3874 3775 eruditione

2163 3808 2387 3843 summa
2418 3791 2771 3859 expleantur,
2817 3807 3014 3843 verum
3062 3791 3230 3842 etiam
3273 3791 3475 3859 spiritu
3528 3793 3776 3845 consilii
3824 3798 3875 3845 et

2163 3861 2515 3933 fortitudinis
2547 3861 2754 3928 scripta
2795 3860 2909 3913 sint
2940 3861 3208 3933 adversus
3242 3861 3452 3933 abusus
3479 3867 3537 3913 et
3573 3863 3720 3933 vitia
3753 3865 3877 3933 qui-

2161 3931 2266 3984 bus
2296 3935 2472 3984 ferme
2505 3947 2705 3984 omnes
2736 3947 2800 3983 eo
2833 3934 3035 3984 saeculo
3070 3931 3539 3984 deformabantur
3573 3931 3874 4000 homines,

2163 4009 2555 4054 verumtamen
2576 4002 2718 4054 tanti
2749 4001 2851 4053 viri
2881 4007 3150 4054 tractatus
3170 4001 3383 4069 proditi
3414 4005 3471 4053 in
3506 4002 3712 4056 iudice
3748 4023 3882 4058 exa-

2163 4073 2505 4124 minatorum
2537 4071 2760 4125 concilii
2787 4072 3101 4125 Tridentini
3147 4088 3275 4124 cum
3314 4073 3632 4126 Batramno
3670 4085 3880 4128 nostro

2161 4149 2217 4194 et
2262 4144 2431 4195 missa
2481 4143 2674 4195 Latina
2724 4143 2927 4211 Illyrici
2974 4142 3278 4195 infeliciter
3330 4149 3546 4206 errant,
3603 4161 3731 4198 non
3785 4149 3883 4199 mi-

2161 4214 2288 4265 nori
2332 4213 2750 4265 existimatione
2803 4213 2960 4279 digni
2993 4213 3141 4279 apud
3174 4229 3370 4264 omnes
3431 4213 3727 4269 eruditos.
3770 4219 3882 4271 Nec

2160 4283 2314 4336 enim
2337 4284 2805 4337 dubitandilocus
2827 4283 3170 4352 relinquitur
3191 4282 3328 4352 quin
3361 4282 3481 4351 ipse
3523 4284 3885 4340 dissertator

2162 4360 2353 4406 noster
2383 4355 2746 4420 Espencazum
2781 4353 2928 4405 inter
2959 4354 3215 4406 doctores
3244 4354 3550 4406 catholicos
3579 4363 3638 4408 et
3676 4359 3884 4413 omni-

2161 4424 2266 4476 bus
2306 4424 2578 4476 doctrina:
2622 4429 2677 4476 et
2725 4423 2856 4476 tidei
2898 4423 3154 4476 numeris
3196 4423 3491 4476 absolutos
3537 4437 3880 4483 recenseat.

351 4487 479 4569 quis
501 4489 781 4569 ejusmodi
809 4487 1178 4569 opinamenta
1202 4493 1421 4569 auctori
1458 4493 1588 4546 libri
1619 4494 1686 4546 de
1717 4493 1965 4569 Corpore
1995 4503 2052 4548 et
2092 4517 2133 4568 ο
2163 4495 2527 4569 Percontarer
2556 4494 2799 4569 libenter
2824 4510 2861 4569 a
2891 4494 3262 4569 dissertatore
3288 4494 3547 4569 nunquid
3583 4498 3883 4569 articulos

349 4560 640 4632 Sanguine
673 4561 899 4614 Domini
941 4562 1228 4616 ascribat?
1274 4564 1372 4632 qui
1404 4579 1632 4631 prorsus
1675 4560 1962 4618 contraria
1994 4573 2048 4618 et

349 4634 466 4683 toto
495 4631 772 4684 diametro
804 4633 1068 4700 opposita
1099 4631 1316 4695 doceat,
1339 4639 1396 4685 et
1428 4634 1743 4694 praesertim
1785 4651 1944 4688 num.
1981 4639 2049 4690 30

350 4703 470 4754 haec
501 4702 671 4755 verba
703 4702 786 4755 ori
819 4703 1024 4757 Christi
1056 4704 1303 4756 inducit:
1339 4723 1365 4752 (ι
1408 4703 1547 4757 Cum
1598 4712 1725 4773 post
1765 4721 2042 4758 resurrec-

347 4773 560 4825 tionem
604 4773 776 4825 visuri
810 4777 930 4827 sitis
979 4791 1068 4827 me
1109 4776 1282 4827 caelos
1314 4790 1704 4839 ascensurum,
1748 4792 1877 4829 cum
1909 4777 2046 4830 inte-

345 4843 430 4909 gri
470 4843 722 4908 corporis
787 4845 902 4897 sive
963 4844 1255 4913 sanguinis
1310 4845 1416 4896 mei
1480 4845 1856 4914 plenitudine.
1905 4869 1930 4894 ››
1983 4849 2044 4900 Et

347 4929 504 4966 num.
539 4917 642 4967 99:
679 4938 705 4962 ‹‹
738 4918 809 4967 At
841 4931 972 4968 vero
1020 4916 1239 4982 Corpus
1285 4915 1422 4968 illud
1454 4915 1508 4967 in
1543 4932 1656 4985 quo
1712 4931 1911 4984 passus
1960 4925 2042 4971 est

345 4990 399 5055 et
428 4986 734 5038 resurrexit
781 4987 1054 5045 Christus,
1101 4984 1396 5054 proprium
1446 4984 1572 5053 ejus
1606 5003 1812 5055 corpus
1855 4987 2044 5041 existit

343 5053 701 5125 de_\iirginis
752 5057 937 5108 Mariae
968 5053 1549 5125 corpore’sumptum,
1603 5053 1885 5125 palpabile
1925 5060 2040 5112 sive

345 5123 562 5194 visibile
613 5127 783 5178 etiam
835 5132 963 5193 post
1009 5123 1506 5188 resurrectionem,
1557 5123 1709 5180 sicut
1737 5128 1852 5194 ipse
1881 5128 2040 5182 disci-

341 5193 490 5258 polis
537 5193 649 5246 ait:
702 5197 927 5263 Palpate
964 5202 1015 5248 et
1054 5198 1230 5250 videte
1281 5201 1412 5264 quia
1463 5201 1694 5264 spiritus
1741 5193 1955 5252 carnem
1989 5207 2038 5253 et

339 5279 631 5337 ossainon»
665 5265 822 5318 habet
860 5269 998 5337 sicut
1038 5284 1118 5320 me
1160 5267 1358 5322 videtis
1404 5269 1613 5322 habere.
1655 5290 1674 5315 ι
1715 5269 1810 5323 His
1859 5270 2038 5337 igitur

339 5334 586 5408 amplius
619 5335 912 5408 immorari
946 5353 1055 5390 non
1099 5355 1244 5408 opus
1275 5346 1376 5402 est,
1409 5339 1500 5392 sed
1553 5334 1930 5408 ad_tuendam
1982 5347 2036 5393 et

338 5402 732 5480 vindicandam
789 5406 956 5480 hujus
998 5402 1150 5461 libri'
1178 5409 1347 5462 tidem
1396 5416 1454 5461 et
1482 5405 1794 5480 νὸρθοδόξιαν
1836 5410 2035 5463 leviter

337 5473 671 5550 placideque
724 5478 1028 5545 procedere
1072 5480 1250 5547 juvat.
1297 5503 1315 5525 ιι
1376 5473 1552 5548 Hujus
1593 5486 1769 5532 autem
1816 5479 1962 5544 libri,
2004 5500 2027 5528 ι)

337 5545 522 5623 inquit
555 5545 885 5623 dissertator
913 5545 1186 5623 βέλει-’166
1219 5557 1274 5603 et
1303 5553 1427 5623 ‘288.
1456 5545 1736 5604 columna
1767 5551 2028 5623 interiori

333 5613 597 5668 editionis
645 5633 806 5671 novae
855 5613 1398 5673 Amstelodamn-usis
1453 5637 1611 5674 num.

332 5681 642 5762 [tatramno
671 5688 963 5762 tribuitur,
1013 5691 1111 5760 qui
1140 5690 1243 5744 hac
1286 5696 1452 5762 aetate
1486 5691 1868 5759 patrocinium
1907 5681 2027 5742 sus-

329 5759 585 5823 ciperent
617 5759 776 5814 valde
810 5760 988 5814 miror
1017 5759 1235 5831 aliquos
1275 5778 1396 5813 esse
1433 5761 1690 5814 inventos
1722 5765 2019 5831 postquam

2159 4565 2292 4616 cleri
2325 4565 2597 4619 Gallicani
2627 4565 2695 4617 de
2741 4568 3016 4632 potestate
3067 4565 3464 4628 ecclesiastica,
3497 4567 3624 4634 regi
3676 4570 3860 4623 Chris

2159 4634 2474 4687 tianissimo
2505 4635 2724 4688 oblatos
2757 4651 2906 4686 anno
2962 4637 3116 4694 1682,
3165 4651 3309 4703 quos
3351 4651 3543 4686 revera
3596 4638 3670 4689 ab
3712 4641 3886 4693 Iuno.

2157 4705 2341 4758 ceutio
2381 4705 2446 4758 XI
2503 4705 2906 4757 condemnatos
2961 4705 3130 4758 fuisse
3173 4721 3287 4756 non
3328 4707 3579 4770 ignorat.
3624 4708 3880 4765 defendi

2157 4792 2319 4843 posse
2351 4775 2674 4828 existimet?
2692 4779 2777 4828 An
2805 4791 2972 4844 aequo
3003 4777 3088 4827 vel
3123 4775 3322 4845 iniquo
3345 4775 3539 4828 animo
3573 4777 3775 4834 ferret
3811 4785 3885 4835 vi-

2156 4846 2380 4913 tuperio
2410 4847 2557 4898 aflici
2599 4861 2864 4897 censuras
2917 4846 3217 4898 Facultatis
3275 4845 3611 4898 Parisiensis
3663 4851 3885 4904 adver-

2155 4933 2248 4969 sus
2278 4916 2648 4969 Veruautium
2703 4919 2800 4968 aut
2831 4915 3184 4968 .Amadzeum
3237 4917 3621 4985 Guymenium
3679 4921 3880 4986 latas;

2153 5004 2222 5038 an
2269 4986 2546 5055 ejusmodi
2588 5001 2959 5039 censnrarum
2995 4986 3262 5038 defensor
3309 4987 3358 5038 ei
3400 4987 3880 5046 admirationem

2153 5058 2450 5110 moveret?
2479 5057 2628 5119 Quas
2650 5063 2839 5108 tamen
2875 5055 3062 5108 sciunt
3091 5073 3290 5108 omnes
3315 5072 3426 5108 non
3459 5059 3652 5111 solum
3686 5060 3758 5113 in
3797 5064 3881 5115 in-

2150 5127 2270 5180 dice
2295 5128 2570 5180 librorum
2595 5126 3025 5195 prohibitorum
3048 5127 3366 5192 collocatas,
3396 5127 3491 5178 sed
3518 5127 3589 5179 ab
3609 5131 3882 5187 Alexan-

2146 5199 2248 5250 dro
2279 5199 2372 5250 VII
2406 5213 2631 5250 somn-:0
2666 5197 2934 5266 pontiﬁce
2965 5196 3166 5249 vetitas
3194 5202 3248 5249 et
3290 5197 3640 5264 proscriptas
3676 5202 3878 5257 fuisse

2145 5268 2299 5321 bulla
2328 5269 2658 5339 authentica
2699 5267 2971 5321 adversas
3011 5284 3104 5339 eas
3133 5283 3407 5339 censuras
3453 5268 3589 5339 data
3629 5270 3876 5339 Romae,

2145 5338 2408 5405 imposita
2459 5354 2625 5401 poena
2669 5337 3275 5390 excommunicationis
3306 5337 3432 5405 ipso
3465 5337 3615 5390 facto
3655 5337 3875 5396 incuré

2143 5409 2334 5461 renda:
2357 5425 2430 5480 vn
2456 5408 2736 5480 Kalendas
2765 5407 3066 5480 Juliianni
3094 5409 3276 5475 (1663)
3312 5407 3621 5462 undecimo
3649 5416 3879 5480 ponti-

2143 5480 2341 5532 ticatus
2372 5478 2672 5533 Alexandri
2695 5478 2946 5546 septimi.

2213 5549 2433 5602 Nullius
2486 5548 2731 5600 auctoris
2784 5548 2911 5602 libri
2967 5547 3145 5616 magis
3187 5563 3427 5601 censura
3476 5551 3662 5603 vexati
3725 5563 3879 5609 sunt

1686 5624 1802 5680 166,
1848 5641 1875 5668 ‹‹
1927 5620 2065 5690 qui‘
2137 5619 2602 5690 quamOrigenis
2627 5618 2976 5690 Adamantii;
3009 5635 3124 5670 non
3150 5635 3269 5690 una
3293 5618 3410 5670 vice
3441 5619 3537 5672 sed
3575 5621 3876 5690 pluribus

2135 5689 2431 5758 pontilices
2462 5693 2518 5758 et
2547 5688 2784 5740 concilia
2816 5693 2986 5740 etiam
3043 5689 3333 5758 generalia
3369 5689 3871 5758 proscripserunt

2133 5757 2778 5827 Origenianadogmata.
2796 5757 3198 5812 Verumtamen
3219 5775 3330 5811 non
3347 5757 3666 5814 humillimi
3685 5763 3868 5836 inge-
