3920 6224
93 270 182 322 181

812 270 1272 327 DlSSERTATlO
1322 270 1389 325 IN
1449 269 1573 327 LIB.
1618 272 1707 327 DE
1747 271 2070 328 CORPORE
2113 272 2199 328 ET
2239 273 2579 329 SANGUINE
2622 273 2882 328 DOMlNl.

3497 276 3593 327 182

83 403 160 456 nii
190 407 324 457 Jesn
340 407 422 458 ita
453 407 642 460 Petrus
671 407 896 461 Halloia:
919 405 1242 460 Leodiensis
1270 406 1462 475 amplo
1496 406 1785 460 volumine
1824 411 1870 462 A
1900 405 2127 460 differre
2171 407 2596 461 dissertatorem
2655 426 2684 461 a
2731 407 3129 462 defensoribus
3183 409 3476 463 Ratramni
3510 409 3591 462 εἰμ-

81 477 137 526 in
158 475 320 540 folio,
357 478 482 545 pari
511 484 894 530 crassamento
927 493 1055 530 cum
1099 477 1409 544 majoribus
1442 477 1624 541 libris,
1659 478 1784 531 Ori-

79 561 285 613 genem
318 547 581 601 defendit.
638 554 693 601 et
719 551 841 617 ejus
869 548 934 601 ad
972 549 1303 601 Pontificem
1354 549 1669 601 maximum
1705 549 1788 601 ln-

79 618 419 670 nocentium
453 619 492 672 Χ
524 634 757 672 causam
795 618 935 686 egit.
988 619 1293 683 Origenem
1350 619 1648 672 defensum
1683 635 1780 688 ap-

81 688 475 753 probaverunt
511 696 760 759 quatuor
788 689 1039 742 celebres
1072 697 1280 758 pietate
1303 694 1358 741 et
1388 690 1623 742 scientia
1656 689 1789 742 iusi-

77 773 215 821 gnes
259 759 505 812 Jesuitie
563 768 618 812 et
656 761 1072 826 exaininarnnt,
1108 760 1282 829 jussis
1323 760 1786 829 obtemperantes

80 831 141 880 lt.
176 830 234 882 Ρ.
268 831 516 896 Carafee,
553 831 725 884 totius
755 831 1040 883 societatis
1087 830 1338 900 praefecti
1371 831 1673 900 generalis,
1725 831 1783 884 in

75 900 320 972 collegio
385 901 644 954 Romano
700 917 850 954 anno
880 902 1046 966 1646;
1080 901 1186 953 ista
1226 902 1474 972 denique
1521 901 1785 970 Origenis

75 970 335 1022 defensio
377 988 511 1024 cum
552 974 782 1025 licentia
815 973 1116 1025 visitatoris
1143 970 1438 1036 Flandritr,
1479 971 1698 1041 Anglia:
1731 978 1787 1025 et

76 1041 519 1113 Gallo-Belgicw
547 1042 851 1113 provinciae
890 1042 1106 1113 publici
1156 1043 1302 1111 juris
1331 1043 1476 1095 facta
1507 1049 1590 1095 est
1645 1043 1782 1096 Leo-

76 1112 150 1163 dii
180 1129 343 1164 anno
391 1112 562 1167 “348.
618 1112 1021 1166 Verumtamen
1081 1114 1353 1182 Origenes
1385 1113 1651 1166 defensus
1694 1113 1782 1166 in-

75 1198 303 1248 gressus
321 1184 474 1236 viain
493 1184 831 1237 universalis
859 1184 1246 1254 inquisitionis
1271 1185 1483 1244 Boium,
1513 1184 1570 1237 in
1592 1183 1781 1237 indice

78 1254 361 1306 librorum
381 1254 806 1320 prohibiturum
834 1257 1015 1308 locum
1032 1255 1280 1308 obtinuit
1301 1254 1777 1322 acceptissimum,

76 1324 168 1376 sed
224 1325 282 1376 in
337 1325 703 1379 bibliothecis
750 1327 1097 1380 Jesuitarum
1144 1325 1324 1392 magis
1368 1325 1778 1389 honoriﬁcum;

79 1395 276 1446 nullihi
295 1396 457 1447 enim
477 1396 535 1448 in
550 1396 694 1448 serie
711 1396 985 1449 librorum
1006 1396 1429 1464 prohibitorum
1455 1401 1655 1465 reptat.
1682 1397 1780 1449 De-

79 1466 248 1532 nique
282 1465 579 1518 famosum
606 1467 813 1519 librum
841 1466 1102 1520 Ludovici
1153 1466 1374 1519 Molinae
1430 1467 1658 1520 Jesuitm
1711 1467 1780 1519 de

75 1536 395 1590 Concordia
425 1538 626 1605 gratiae
658 1544 713 1589 et
745 1537 906 1589 liberi
939 1537 1159 1589 arbitrii
1185 1538 1253 1589 ab
1281 1537 1649 1590 L'niversitate
1682 1536 1775 1590 Sa-

77 1608 484 1659 lamanticensi
540 1625 694 1660 anno
749 1610 905 1673 l593,
945 1610 1012 1660 2'2
1045 1607 1178 1660 Julii
1226 1608 1579 1672 damnatum,
1626 1612 1680 1659 et
1709 1609 1778 1659 ab

73 1677 362 1746 episcopis
391 1677 686 1747 Hispania:
707 1679 1088 1747 periculosum
1112 1686 1168 1730 et
1188 1694 1494 1731 erroneum
1525 1679 1775 1730 declara-

1897 478 2213 550 lentioinon
2245 479 2796 550 praetermittendum
2822 485 2921 543 est,
2949 479 3100 550 quod
3131 480 3253 549 ipse
3279 480 3504 550 primus
3529 481 3590 534 in

1895 548 2030 620 orbe
2070 549 2391 604 Christiano
2441 550 2758 602 doctrinam
2799 548 2981 620 hujus
3006 548 3372 620 epistulaa'ad
3407 551 3586 606 Caesa-

1894 619 2043 671 rium
2095 621 2439 672 monachum
2498 620 2829 673 defenderat
2874 619 2930 673 et
2969 619 3146 674 fetum
3199 621 3348 675 inter
3386 638 3586 675 omnes

1895 690 2149 762 eruditos
2176 690 2234 743 in
2265 690 2444 762 spurii
2483 698 2540 743 et
2577 692 2734 743 nothi
2767 691 3085 760 suspicione
3119 693 3388 760 positum,
3423 693 3584 762 inge-

1895 761 2128 813 nuitatis
2173 761 2301 828 jure
2351 761 2525 814 donet
2571 778 2634 813 ac
2684 767 2878 814 sancto
2930 763 3331 830 Cbrysostomo
3391 761 3582 816 Latine

1895 847 2007 883 non
2039 831 2228 885 Graece
2260 831 2521 901 loquenti
2554 832 2799 884 vindicet
2829 838 2885 884 et
2911 849 3024 884 non
3058 833 3257 884 leviter
3283 835 3584 888 reluctanti

1893 902 2196 970 adjudicet.
2251 903 2389 955 Cum
2422 918 2451 955 e
2499 908 2692 955 contra
2740 902 2929 971 plures
2971 903 3273 971 scriptores
3322 905 3580 957 ecclesia-

1893 972 2037 1035 stici,
2069 972 2306 1026 scientia
2338 977 2394 1026 et
2426 973 2633 1042 pietate
2661 990 2788 1042 jure
2820 974 3091 1037 illustres,
3131 973 3260 1042 libri
3289 973 3581 1028 Ratramni

1893 1042 1961 1095 de
2014 1046 2262 1116 Corpore
2316 1049 2371 1096 et
2419 1039 2707 1114 Sanguine
2756 1043 2985 1116 Domini
3023 1039 3356 1116 Ὀρθοὸόξιαν
3414 1045 3580 1098 susti-

1894 1114 2124 1166 nuerint
2144 1120 2199 1167 et
2237 1121 2365 1166 ante
2393 1120 2448 1167 et
2480 1120 2608 1184 post
2637 1115 2986 1167 cardinalem
3032 1114 3405 1179 Perroninm;
3439 1132 3580 1184 qua-

1891 1185 1971 1236 les
2024 1185 2256 1237 fuernnt
2284 1185 2528 1238 Joannes
2569 1185 2883 1246 Fischerus,
2926 1184 3344 1238 illustrissimus
3378 1185 3580 1240 Christi

1893 1259 2143 1324 martyr;
2177 1255 2520 1324 Sigebertns,
2551 1257 2726 1308 abbas
2761 1255 3176 1310 Gemblacensis
3216 1256 3423 1308 saeculo
3468 1273 3576 1320 xu;

1889 1325 2137 1378 Joannes
2168 1326 2512 1379 Trithemius
2541 1326 3006 1396 Spanhemiensis
3032 1342 3097 1379 xv
3125 1343 3137 1391 ;
3183 1327 3442 1380 dcctores
3476 1327 3579 1380 Lo-

1891 1396 2189 1448 vanienses
2255 1403 2382 1464 post
2465 1398 2766 1450 concilium
2836 1397 3264 1462 Tridentinum;
3337 1397 3578 1451 Jacobus

1889 1466 2222 1530 Gretzerus;
2252 1467 2535 1520 Antonius
2582 1468 2957 1531 Possevinns;
3001 1469 3285 1521 Gilbertus
3314 1468 3578 1536 lli-angui-

1889 1553 2038 1600 nus;
2071 1538 2404 1589 Godefridus
2454 1539 2830 1598 Hermannus,
2877 1539 3072 1591 doctor
3127 1539 3316 1590 socius
3366 1538 3574 1592 Sorbo-

1888 1610 2048 1660 nicus
2087 1609 2189 1659 sub
2231 1609 2464 1660 nomine
2517 1609 2828 1676 Hicmnymi
2880 1611 2946 1662 ab
2995 1611 3202 1674 Angela
3251 1609 3442 1674 Furti;
3483 1611 3573 1662 Ja-

1885 1679 2060 1731 cobus
2100 1678 2488 1743 Samboevnis,
2522 1695 2692 1731 sacrae
2728 1679 3028 1748 theologia:
3060 1680 3118 1731 in
3153 1680 3410 1732 Sorbona
3441 1696 3572 1749 pro-

75 1755 217 1809 tum,
237 1749 1078 1818 quotidieJesuita:pluresque
1092 1756 1243 1802 notae
1262 1750 1603 1802 nonintiime
1619 1749 1769 1802 theo-
1818 1762 1856 1815 υ
1884 1749 2089 1802 fesssor
2119 1752 2344 1818 regius;
2379 1751 2625 1802 domnus
2670 1751 2914 1804 Joannes
2945 1749 3319 1812 Mabillonius,
3359 1749 3558 1802 doetis-

75 1819 190 1885 logi
223 1819 568 1882 defendunt,
613 1819 1100 1889 quemadmodum
1135 1826 1192 1871 et
1220 1819 1391 1871 libros
1418 1821 1487 1872 de
1518 1820 1775 1872 Romano

77 1889 352 1942 Pontifice
380 1890 688 1943 cardinalis
717 1890 1064 1955 Bellarmiui,
1089 1897 1154 1942 ut
1183 1889 1355 1942 refert
1396 1891 1636 1943 Jacobus
1671 1891 1774 1944 Fu-

76 1960 255 2023 Iigati,
299 1962 448 2013 alter
476 1961 712 2026 Jesuita,
741 1962 797 2013 in
827 1961 952 2014 Vita
976 1961 1226 2024 Roberti,
1266 1961 1614 2025 Bellarmini,
1649 1977 1772 2030 cap.

79 2035 128 2082 tl
170 2047 183 2082 :
213 2048 348 2101 quae
385 2048 515 2084 cum
547 2038 624 2084 ita
649 2031 780 2097 sint,
814 2032 1052 2084 dubium
1076 2047 1188 2084 non
1219 2038 1304 2084 est
1329 2031 1502 2084 libros
1539 2047 1774 2084 censura

77 2106 304 2153 notatos
335 2120 402 2155 ac
462 2119 548 2154 res
573 2102 854 2172 judicatas
900 2102 1274 2171 recognitioni
1312 2103 1585 2154 obnoxias
1634 2119 1776 2168 esse,

75 2172 190 2224 sive
216 2173 582 2240 adjudicium
608 2173 1050 2227 instanratitium
1078 2174 1280 2226 referri
1303 2189 1498 2242 posse;
1522 2173 1778 2242 adeoque

73 2259 272 2294 causas
302 2245 360 2295 in
393 2243 590 2296 caduci
641 2260 832 2296 casum
866 2243 1144 2311 delapsas,
1187 2244 1246 2296 in
1293 2243 1529 2312 gradum
1581 2245 1779 2312 reponi

74 2314 349 2366 curriculi
374 2314 690 2382 judicialis.
722 2315 836 2367 Hoc
880 2315 1139 2367 Ecclesiae
1171 2320 1271 2366 aut
1305 2313 1596 2381 religionis
1634 2315 1780 2366 nihil

79 2391 320 2436 interest
347 2401 360 2438 ε
399 2385 558 2437 licuit
580 2388 730 2436 enim
753 2400 1090 2454 semperque
1123 2385 1310 2436 licebit
1341 2386 1564 2454 aliquos
1591 2393 1782 2437 aucto-

77 2470 164 2505 res
180 2455 253 2506 ab
277 2455 642 2508 accusatione
659 2457 877 2508 violatae
910 2455 1534 2508 tideivindicare.Adeo
1568 2455 1780 2524 quippe

77 2525 218 2576 nihil
254 2531 411 2578 vetat
443 2527 654 2578 litteras
685 2526 919 2578 Honorii
952 2527 968 2578 l
1021 2541 1183 2595 papas
1211 2542 1244 2577 a
1290 2527 1638 2578 contumelia
1665 2527 1780 2578 lite-

77 2595 218 2646 resis
267 2596 774 2649 Monothelitarum
833 2612 1096 2665 purgare.
1143 2597 1254 2648 Hoc
1286 2596 1416 2664 jure
1463 2597 1777 2661 Facundus,

79 2665 514 2746 Hermianensis
536 2667 1240 2746 Africae.episcopus,_tria
1270 2667 1526 2746 capitula
1563 2666 1784 2746 fortiter

74 2754 132 2787 ac
178 2753 422 2789 nervose
455 2737 712 2790 defendit
750 2737 808 2788 in
841 2737 1082 2805 gratiam
1106 2738 1220 2790 Ibaa
1270 2737 1551 2795 Edesseni.
1598 2738 1782 2790 Theo-

71 2807 198 2858 dori
231 2807 605 2876 Mopsuestini
654 2814 711 2861 et
760 2807 1104 2860 Theodoreti
1157 2807 1410 2876 episcopi
1463 2807 1610 2876 Cyri,
1671 2823 1784 2876 quo

73 2878 248 2930 etiam
342 2878 636 2930 Ratramni
717 2878 1039 2931 doctrinam
1099 2879 1367 2931 tuendam
1453 2878 1780 2946 recipimus.

75 2949 284 3000 Molina
315 2955 373 3001 et
405 2948 803 3011 Bellarminus,
859 2949 916 3002 in
954 2949 1166 3002 indices
1218 2949 1496 3002 librorum
1530 2948 1784 3018 prohibi-

73 3028 263 3071 torum
281 3020 522 3080 detrusi,
553 3019 708 3071 exiis
738 3021 950 3072 exitum
984 3019 1204 3072 facilem
1233 3020 1621 3072 obtinuerunt.
1672 3019 1777 3073 Sed

1885 1821 2062 1871 simus
2120 1820 2431 1872 monachus
2487 1820 2664 1873 sancti
2725 1820 3029 1886 Benedicti,
3085 1824 3140 1872 et
3198 1819 3407 1872 infiniti
3476 1820 3573 1872 alii

1886 1890 2138 1959 theologi
2171 1890 2512 1943 Parisienses
2557 1891 2676 1960 qui,
2715 1891 2770 1944 in
2815 1890 3070 1943 tliesibns
3116 1889 3253 1954 suis,
3299 1891 3570 1944 innocen-

1884 1963 2022 2013 tiam
2052 1970 2110 2032 et
2163 1963 2548 2032 integritatem
2595 1962 2888 2015 Hatramni
2940 1969 3069 2014 ante
3102 1967 3159 2014 et
3211 1967 3338 2029 post
3371 1961 3569 2014 editio-

1886 2047 2017 2084 nem
2051 2031 2580 2085 Latino-Gallicam
2623 2048 2751 2084 cum
2787 2032 3113 2101 praefatione
3139 2038 3194 2084 et
3223 2033 3368 2084 notis
3399 2047 3569 2101 quam

1887 2103 2317 2169 procuravimus
2347 2120 2496 2154 anno
2545 2105 2676 2156 1686
2709 2105 3077 2156 fortissimum
3110 2103 3444 2172 praesidium
3485 2109 3569 2154 at—

1887 2174 2159 2226 tulerunt.
2219 2175 2366 2225 Inter
2417 2190 2556 2241 quos
2608 2174 2841 2226 honoris
2888 2189 3055 2225 causa
3110 2174 3407 2225 nominare
3457 2189 3568 2225 non

1887 2250 2136 2296 metuam
2167 2243 2542 2296 clarissimum
2587 2245 2812 2296 Petrum
2849 2243 3055 2307 Berthe,
3096 2245 3312 2296 socium
3363 2243 3567 2296 Sorbo-

1888 2315 2098 2379 nicum,
2133 2325 2342 2367 nostra:
2370 2314 2644 2367 Sorbonm
2669 2317 2788 2383 jam
2824 2313 3234 2382 peritissimum
3267 2313 3569 2366 bibliothe-

1887 2388 2127 2447 carium,
2179 2385 2497 2437 Academiae
2557 2386 2892 2438 Parisiensis
2952 2392 3229 2436 rectorem
3292 2384 3580 2452 amplissi-

1890 2471 2068 2521 mum,
2104 2457 2159 2508 in
2195 2472 2258 2507 ea
2291 2456 2434 2507 thesi
2467 2471 2638 2524 quam
2666 2458 2926 2508 minorem
2971 2455 3313 2507 ordinarium
3354 2471 3578 2507 nuncu—

1891 2541 2093 2594 pavere
2127 2526 2371 2595 majores
2423 2526 2622 2590 nostri,
2657 2527 2840 2578 dicata
2891 2532 2946 2577 et
2989 2525 3260 2593 inscripta
3294 2524 3578 2577 Ludovico

1892 2597 2091 2664 Magno
2123 2596 2354 2648 nomine
2387 2596 2708 2648 Academia:
2743 2595 3107 2659 Parisiensis;
3142 2595 3231 2647 cui
3264 2595 3493 2663 praefuit
3524 2601 3582 2647 ct

1890 2667 2223 2735 subscripsit
2265 2683 2368 2736 pro
2419 2683 2520 2719 sua
2578 2666 2834 2736 priesidis
2891 2672 2946 2718 et
2998 2670 3154 2718 actus
3206 2667 3578 2736 moderatoris

1890 2735 2276 2804 amplitudine
2303 2735 2718 2790 illustrissimus
2763 2753 2826 2789 ac
2859 2735 3364 2789 reveren-tissimus
3402 2736 3578 2788 Fran-

1889 2807 2071 2860 ciscns
2113 2809 2179 2860 de
2233 2809 2456 2877 Harlay,
2507 2808 2962 2877 archiepiscopus
2995 2805 3343 2877 Parisiensis,
3387 2807 3578 2874 regio-

1895 2893 2018 2930 rum
2053 2880 2317 2931 ordinum
2364 2876 2812 2937 cOmmendator,
2848 2879 3117 2931 Sorbona:
3158 2876 3430 2946 provisor,
3469 2877 3579 2930 Re-

1893 2949 2001 3017 giae
2040 2951 2298 3002 Navarrae
2352 2949 2595 3001 director
2640 2965 2703 3000 ac
2751 2949 3031 3018 superior,
3081 2947 3171 3000 die
3221 2949 3289 3002 20
3318 2946 3576 3016 Septem-

1894 3019 2028 3085 bris,
2059 3035 2206 3071 anno
2253 3021 2406 3082 1685,
2442 3019 2502 3072 in
2533 3035 2646 3089 qua
2676 3019 2796 3072 haec
2826 3019 2994 3071 verba
3020 3019 3286 3070 columna
3306 3022 3337 3070 6
3368 3018 3576 3070 exscri-

73 3089 529 3168 siastriuginlns
577 3096 918 3157 argumenta
976 3091 1042 3142 ad
1099 3090 1507 3168 conterendam
1553 3090 1768 3168 calum-
1811 3113 1851 3168 ρ
1889 3095 1984 3160 pta
2028 3096 2192 3143 sunt:
2238 3111 2264 3168 if
2315 3090 2479 3168 Unde
2517 3106 2620 3143 nec
2656 3089 2985 3168 Anastasius
3037 3089 3271 3168 -_Sinaita,
3327 3103 3429 3140 nec
3471 3089 3576 3168 Da-

75 3161 227 3211 niam
271 3177 393 3231 qua
434 3160 588 3213 fama
621 3164 743 3226 ejus
805 3166 858 3231 et
893 3176 1103 3213 nomen
1136 3160 1536 3231 inquinantur,
1573 3160 1774 3228 proba-

73 3231 206 3282 bilia
229 3237 288 3283 et
313 3230 387 3283 ad
443 3231 761 3284 faciendam
815 3229 986 3284 fidem
1026 3229 1426 3293 firma,'mnlto
1461 3231 1780 3284 mirabilius

71 3308 152 3350 est
187 3302 575 3354 Ratramnum
612 3302 832 3369 judices
863 3301 1147 3354 invenisse
1178 3301 1421 3370 injurios
1469 3308 1639 3372 quam
1689 3302 1781 3355 de-

73 3374 336 3424 fensores
367 3371 670 3441 propitios.

519 3477 744 3530 VERBA
783 3477 1342 3532 DlSSERTATORlS.

142 3565 351 3616 Verum
379 3566 544 3617 etiam
572 3581 696 3617 mox
724 3564 935 3619 dicetur
959 3565 1296 3633 jampridem
1335 3581 1368 3616 α
1386 3563 1652 3632 plenariis
1691 3577 1778 3628 sy-

71 3636 224 3686 nodis
257 3638 628 3702 universaque
663 3636 900 3688 Ecclesra
950 3638 1241 3688 damnatus
1280 3639 1330 3688 et
1357 3637 1475 3702 igni
1504 3635 1778 3695 addictus,

71 3710 319 3766 proxime
338 3722 468 3758 vero
498 3709 771 3770 superiore
797 3711 955 3759 aztute
1005 3707 1073 3759 ub
1121 3707 1506 3759 illustrissimis
1577 3706 1774 3756 doctis-

71 3779 333 3842 simisque
395 3777 736 3830 antistitibus
762 3776 1036 3831 Sanctesio
1075 3777 1405 3837 Ebroicensi,
1438 3782 1486 3827 et
1527 3777 1778 3829 Perronio

70 3847 372 3910 cardinati,
441 3847 844 3915 archiepiscopo
896 3849 1206 3911 Seuonensi,
1268 3852 1514 3915 apertum
1593 3845 1778 3900 docere

71 3921 317 3970 [meum
341 3916 641 3984 deprehcus
649 3931 727 3971 us.

767 4020 1082 4060 BBSPONSIO.

137 4094 363 4147 Revera
397 4107 517 4145 non
562 4092 878 4146 difﬁtemur
907 4093 1120 4146 librum
1177 4091 1284 4145 sub
1317 4091 1482 4144 titulo
1532 4092 1601 4145 de
1649 4093 1776 4146 Cor-

73 4180 204 4228 pore
244 4170 302 4215 et
366 4162 664 4230 Sanguine
694 4164 917 4216 Domini
949 4164 1284 4216 damnatum
1331 4163 1505 4216 fuisse
1546 4163 1603 4214 in
1638 4179 1773 4215 con-

71 4235 196 4286 uilio
227 4233 583 4286 Vercellensi
612 4233 716 4286 sub
747 4235 932 4286 Leone
964 4235 1050 4300 IX,
1107 4240 1165 4287 et
1203 4238 1518 4286 crematum
1577 4233 1774 4286 Romae

73 4307 172 4355 -ub
203 4305 473 4368 Nicolao,
511 4303 577 4366 ll,
638 4319 790 4356 anno
830 4306 990 4367 l055;
1050 4305 1145 4356 sed
1204 4319 1436 4372 prorsus
1469 4303 1773 4355 abnuimus

74 4375 460 4428 itatramnum
495 4379 593 4426 aut
624 4374 983 4427 Paschasium
1025 4375 1260 4442 hujusce
1290 4372 1420 4426 libri
1485 4379 1770 4426 auctorem

1890 3159 2188 3214 mascenns
2238 3161 2386 3213 inter
2443 3162 2685 3226 ϐιαιως,
2739 3175 2842 3213 nec
2907 3159 3251 3224 Paschasius,
3303 3165 3403 3211 aut
3450 3161 3573 3224 ejus

1888 3233 2229 3283 verbotenus
2278 3232 2476 3291 hostis,
2509 3232 2569 3284 in
2599 3248 2702 3284 suo
2733 3230 2884 3300 quod
2927 3235 3106 3282 exstat
3141 3245 3334 3298 opere,
3376 3229 3576 3284 Batra-

1890 3319 2057 3355 mnus
2095 3303 2153 3354 in
2197 3302 2404 3354 Latinis
2463 3303 2680 3372 aliquid
2713 3307 3082 3366 novaverunt,
3137 3300 3233 3372 sed
3266 3300 3458 3364 tidem,
3513 3305 3615 3368 ut_

1887 3374 2110 3426 fortiter
2139 3373 2552 3432 defenderunt,l
2576 3372 2656 3425 ita
2695 3373 2926 3441 penitus
2956 3371 3357 3441 intaminatam
3397 3387 3577 3422 serva-

1889 3451 2041 3495 runt.
2080 3463 2106 3493 »
2141 3443 2263 3496 Jam
2296 3459 2426 3495 vero
2467 3443 2601 3513 quid
2638 3440 2808 3494 restat
2840 3442 2945 3495 nisi
2978 3448 3042 3493 ut
3078 3441 3266 3513 ipsum
3298 3440 3572 3513 disserta-

1886 3520 2068 3566 torem
2113 3530 2304 3565 secum
2368 3511 2500 3581 ipse
2543 3528 2906 3582 componam,
2959 3518 3013 3564 et
3068 3511 3573 3564 admirabilitatem

1887 3583 2008 3653 ejus
2057 3585 2485 3636 accommodem
2547 3583 2662 3636 sive
2717 3583 3149 3635 admirationem
3199 3597 3570 3653 compescant.

1888 3652 2185 3707 Enimvero
2227 3669 2354 3706 cum
2411 3655 2550 3706 adeo
2607 3654 2849 3705 libenter
2892 3652 3214 3704 auctoritati
3268 3652 3574 3703 cardinalis

1890 3723 2143 3776 Perronii
2177 3723 2692 3792 obtemperandum
2729 3739 2850 3775 esse
2899 3729 3126 3788 reputet
3168 3722 3236 3773 de
3272 3721 3412 3772 libro
3461 3721 3570 3774 Ra-

1886 3795 2116 3855 tramni,
2143 3793 2328 3846 eidem
2363 3794 2680 3859 refragatur
2704 3793 3070 3844 vehementer
3102 3795 3158 3842 et
3191 3798 3475 3858 repugnat
3504 3792 3573 3842 de

1887 3865 2089 3916 haeresi
2161 3864 2720 3925 Stercoranistarnm,
2790 3862 3247 3930 sententiamque
3318 3867 3572 3914 nostram

1885 3935 1954 3987 de
2011 3935 2286 4003 figmento
2329 3934 2564 4002 hujusce
2628 3932 2880 3997 haeresis,
2945 3931 3260 4000 postposita
3318 3930 3468 3983 fama
3518 3940 3574 3983 et.

1885 4002 2198 4057 eminentia
2228 4005 2508 4067 Perronii,
2536 4004 2753 4056 alfatim
2780 4002 3146 4072 amplectitur
3177 4017 3309 4072 pag.
3339 4003 3430 4054 171
3457 4017 3572 4054 suae

1887 4075 2318 4127 dissertationis.

1953 4145 2090 4208 Quae
2137 4147 2246 4198 huc
2297 4160 2479 4214 usque
2522 4143 2766 4197 diximus
2815 4158 3119 4214 personam
3169 4141 3462 4214 Batramni
3519 4148 3576 4197 et

1883 4222 2173 4268 auctorem
2209 4215 2339 4268 libri
2367 4212 2434 4268 de
2471 4215 2719 4284 Corpore
2767 4219 2830 4284 et
2853 4212 3144 4282 Sanguine
3201 4213 3424 4284 Domini
3480 4229 3574 4281 ge-

1886 4289 2123 4338 neratim
2157 4290 2433 4354 spectant.
2469 4283 2596 4338 Jam
2637 4300 2769 4336 vero
2803 4283 3120 4336 doctrinam
3157 4283 3402 4354 hujusce
3445 4284 3574 4336 libri

1884 4353 2206 4425 expendere
2260 4361 2316 4409 et
2353 4356 2425 4408 ab
2464 4354 2623 4408 omni
2670 4354 2902 4407 haeresis
2958 4353 3283 4425 suspicione
3311 4355 3573 4425 liberare

739 4424 1770 4514 constet—vapu—domnesﬁhuncnl—ibrnin
1811 4461 1853 4514 ι)
1885 4424 2049 4514 nobis
2093 4425 2373 4479 incumbit
2410 4425 2669 4496 adeoque
2715 4425 2784 4478 ab
2815 4424 2973 4478 omni
3012 4424 3358 4478 contumelia
3389 4425 3571 4478 vindi-

75 4513 444 4569 mmbustum
501 4513 734 4566 Joannis
788 4515 936 4568 Scoti
991 4513 1223 4582 nomen,
1307 4513 1538 4566 nemine
1595 4515 1768 4566 recla-

77 4595 288 4651 mante,
356 4584 763 4654 prmsetulisse,
849 4585 954 4638 sub
1009 4601 1191 4654 eoque
1240 4583 1473 4637 nomine
1521 4583 1579 4636 in
1641 4600 1768 4652 gra-

76 4658 209 4708 tiam
240 4671 490 4728 suorum
522 4669 776 4728 errorum
804 4670 837 4707 a
884 4655 1258 4728 sectatoribus
1281 4654 1608 4728 Berengarii
1633 4670 1770 4728 pro-

77 4731 251 4780 latum
279 4726 483 4779 fuisse.
521 4725 597 4778 De
628 4731 830 4778 caetero
859 4725 1165 4778 cardinalis
1213 4725 1518 4778 Perronius
1545 4731 1600 4779 et
1626 4725 1773 4778 San-

73 4797 281 4848 ctesius
364 4794 633 4865 opinioni
679 4795 971 4848 communi
1024 4794 1366 4864 scriptorum
1415 4811 1531 4848 suae
1589 4796 1773 4848 aetatis

76 4877 234 4919 :rena
254 4865 690 4937 permiserunt,
716 4865 816 4935 qui
851 4865 1108 4937 nimium,
1128 4865 1287 4918 vanis
1329 4866 1772 4937 Protestantium

77 4935 382 4990 hominum
414 4935 783 5006 sermonibus
820 4951 878 4989 se
934 4936 1349 5006 permittentes,
1384 4936 1666 5004 ejusmodi
1706 4937 1772 4989 li-

77 5015 238 5061 t-rnm
302 5014 527 5060 temere
588 5005 1254 5074 nimiopere’erroribus
1339 5006 1775 5060 Calvinistarum

79 5079 397 5147 propitium
451 5075 562 5128 sibi
603 5076 1197 5147 persuaserunt.rSed
1229 5076 1350 5147 haec
1398 5077 1777 5130 nihilominus

77 5146 308 5201 obstant
361 5149 541 5216 justm
599 5146 761 5198 istius
809 5147 934 5200 libri
975 5146 1291 5200 defensioni
1326 5161 1389 5198 ac
1426 5147 1774 5216 patrocinio;

79 5219 288 5289 quippe
323 5233 490 5289 cum;
518 5216 667 5289 ipse
695 5216 1022 5289 dissertator
1065 5217 1374 5289 epistolam
1399 5217 1576 5271 sancti
1609 5219 1780 5288 Chry-

82 5285 316 5341 {asto—mi
349 5289 419 5340 ad
461 5285 775 5340 Cesarium
807 5285 1148 5340 monachum
1203 5287 1478 5340 tuendam
1519 5285 1776 5357 recipiat,

82 5375 246 5426 quam
263 5358 586 5410 cardinalis
609 5357 914 5410 Perronius
943 5373 1087 5426 opus
1112 5358 1542 5426 supposititium
1556 5374 1590 5410 a
1610 5359 1779 5412 Petro

87 5430 357 5482 \‘ermillo
389 5433 669 5495 martyre,
716 5427 982 5480 haeretico
1030 5428 1380 5490 Florentino,
1444 5429 1780 5482 fabricatum

87 5517 134 5551 οη
167 5498 426 5562 gratiam
466 5496 794 5550 Calvinismi
837 5497 1142 5562 existimat,
1177 5497 1321 5550 sicut
1350 5499 1560 5551 librum
1595 5499 1786 5552 Batra-

86 5565 198 5623 ωιιὶ
219 5569 298 5621 ab
326 5566 776 5636 (Ecnlampadio
803 5567 998 5621 ﬁctum
1020 5574 1321 5637 potaverat
1337 5569 1458 5636 ipse
1481 5569 1786 5622 Petronius

85 5650 135 5691 ιιι
175 5641 384 5693 Sixtus
414 5637 684 5690 Senensis
716 5654 729 5690 :
766 5639 915 5699 quod
967 5643 1327 5707 perspectum
1361 5639 1569 5692 habere
1625 5640 1785 5692 facile

87 5717 165 5762 μή.
220 5726 287 5763 ex
353 5710 605 5778 tractatu
635 5708 704 5761 de
757 5708 1112 5762 Eucharistia
1143 5709 1422 5771 Perronii,
1481 5725 1610 5778 pag.
1663 5712 1786 5763 38l-

89 5783 203 5840 383,
236 5787 294 5833 et
324 5775 678 5833 Bibliotheca
726 5778 868 5832 Sixti
918 5779 1200 5833 Senensis.
1242 5779 1319 5831 De
1352 5775 1583 5848 reliquo'
1611 5780 1669 5832 in
1721 5795 1789 5832 eo

1883 4512 2030 4548 care.

1949 4567 1990 4620 l.
2023 4566 2382 4631 Ratramnus,
2418 4565 2608 4635 inquit
2643 4566 2974 4619 dissertator
3005 4581 3134 4634 pag.
3178 4566 3272 4618 174
3306 4565 3574 4635 editionis

1881 4637 2100 4703 primae,
2147 4637 2245 4689 lin.
2293 4639 2344 4702 8,
2409 4634 2514 4690 nou
2571 4637 2707 4704 quid
2760 4638 2996 4690 Ecclesia
3041 4635 3246 4695 doceat,
3297 4635 3393 4686 sed
3438 4634 3574 4701 quid

1879 4710 1995 4775 ipse
2033 4710 2302 4776 privatim
2339 4710 2557 4770 sentiat,
2617 4709 2831 4774 aperire
2874 4721 2928 4759 se
2971 4710 3081 4757 tum
3134 4706 3192 4757 in
3250 4706 3573 4771 praefatione

1883 4781 2069 4831 tumin
2093 4779 2234 4832 calce
2263 4778 2380 4846 ejus
2411 4778 2543 4830 libri
2571 4780 2865 4845 signiﬁcat.

2565 4914 2877 4952 RESPONSIO.

1956 5009 2076 5061 lmo
2102 5023 2232 5060 vero
2257 5023 2268 5060 :
2296 5021 2428 5059 nam
2459 5020 2588 5056 cum
2604 5004 2839 5072 jusserit
2869 5001 3190 5072 {imperator
3227 5001 3572 5072 sententiam

1884 5094 2046 5132 suam
2085 5077 2328 5130 scribere
2357 5076 2426 5127 de
2447 5069 2686 5140 corpore
2715 5078 2774 5126 et
2802 5070 3080 5138 sanguine
3122 5069 3347 5140 Domini
3374 5071 3434 5124 in
3461 5072 3571 5125 Eu-

1885 5149 2171 5214 charistia,
2201 5147 2390 5214 palam
2413 5139 2714 5214 profitetur
2742 5158 2800 5195 se
2829 5141 2968 5214 nihil
2999 5156 3066 5214 ex
3088 5139 3322 5211 prOprio
3353 5143 3572 5212 prmdio

1887 5219 2029 5272 velle
2062 5211 2373 5280 assumere,
2423 5213 2518 5266 sed
2550 5228 2779 5281 semper
2823 5211 3076 5282 vestigiis
3116 5211 3443 5282 sanctorum
3478 5214 3574 5267 Pa-

1888 5296 2040 5342 trum
2073 5287 2375 5347 inbmrere,
2415 5288 2467 5335 et
2511 5284 2877 5352 antiquorum
2911 5281 3007 5334 seu
3059 5281 3346 5351 majorum
3389 5284 3575 5336 sulcos

1889 5359 2149 5413 diductos
2189 5370 2302 5408 non
2351 5354 2657 5420 declinare,
2718 5354 2800 5405 uti
2851 5353 3196 5421 intelligitur
3250 5352 3340 5404 his
3387 5353 3573 5407 verbis

1891 5443 2048 5482 num.
2081 5431 2111 5480 5
2147 5424 2465 5503 descriptis,
2499 5439 2636 5503 quas
2662 5438 2765 5477 nec
2797 5422 3208 5503 commentario
3239 5437 3342 5474 nec
3369 5423 3572 5502 ampli-

1890 5501 2050 5552 licata
2097 5491 2473 5563 explicatione
2517 5491 2810 5560 indigent:
2843 5515 2870 5542 «
2921 5494 3065 5557 Quid
3098 5507 3164 5546 ex
3193 5491 3302 5563 hoc
3334 5491 3574 5546 sentiam

1891 5567 2115 5637 aperire
2136 5561 2389 5626 tentabo,
2424 5579 2537 5617 non
2573 5565 2806 5637 proprio
2837 5565 3013 5637 fletus
3059 5561 3314 5637 ingenio,
3351 5563 3573 5637 sedve-

1893 5631 2062 5708 stigia
2091 5639 2322 5691 Patrum
2354 5631 2778 5708 prosequendo.
2802 5634 2919 5708 {Et
2944 5649 3102 5687 num.
3137 5631 3258 5694 l02,
3299 5631 3570 5708 in_calce:

1896 5732 1923 5758 «
1965 5701 2226 5779 imperio
2260 5701 2458 5759 vestra:
2525 5701 2935 5779 magnitudinis
2990 5718 3189 5779 parere
3218 5701 3573 5779 ocupientes,

1895 5770 2232 5849 pra-sumpsi
2266 5792 2470 5848 parvus
2514 5777 2584 5831 de
2621 5770 2790 5828 rebus
2833 5775 2902 5828 de
2937 5770 3053 5828 non
3092 5770 3346 5826 minimis
3375 5771 3577 5839 dispu-
