3890 6230
262 273 357 325 183

976 267 1420 324 DISSERTA'I‘IO
1459 267 1527 322 IN
1570 268 1697 323 LIB.
1744 268 1830 322 DE
1870 264 2194 321 COltl’OltE
2235 264 2323 318 ET
2362 263 2707 319 SANGUINE
2752 262 3011 320 DOMINI.
3662 268 3749 321 t84

258 409 397 473 tare,
442 421 558 459 non
613 407 912 473 sequentes
967 400 1363 455 mstimationis
1410 405 1621 455 nostra;
1666 414 1939 471 praesum-
1975 400 2021 452 Α
2051 395 2397 473 incurreret.
2456 396 2674 473 _Eccam
2732 397 3137 473 quaestionem-
3184 399 3457 473 Carolum
3510 400 3743 473 Calvum

257 475 536 545 ptionem,
562 474 656 527 sed
690 472 975 545 majorum
1004 473 1297 545 intuentes
1323 472 1743 545 auctoritatem.
1778 492 1805 521 »

331 549 395 602 II.
434 542 616 600 Exeo
652 544 808 614 quod
860 559 1018 597 num.
1070 545 1150 614 30A
1188 544 1381 596 multis
1428 543 1714 596 adversari
1760 560 1817 596 se
1866 542 1947 614 ia-

258 622 446 670 teatur
475 612 838 680 Batramnus,
890 612 1180 667 contendit
1219 614 1551 667 dissertator
1597 620 1795 667 contra
1847 613 1946 666 do-

257 688 499 742 ctrinam
524 687 783 740 Ecclesia:
827 685 1169 755 disputasse.

949 788 1259 826 RESPONSIO.

329 865 480 929 Esto,
506 862 563 917 id
587 863 832 917 fateatur
864 862 1229 926 Ratramnus,
1272 862 1368 915 sed
1401 862 1708 915 multitudo
1743 863 1951 915 adver-

259 935 541 989 sariorum
592 933 941 987 coalescebat
979 949 1044 986 ex
1102 932 1167 984 iis
1217 933 1313 1001 qui
1366 933 1581 986 nullam
1637 949 1755 985 esse
1796 932 1950 1001 ﬁgu-

260 1023 405 1067 ram,
447 1005 545 1059 sed
591 1006 786 1058 omnia
821 1006 880 1057 in
929 1006 1126 1073 aperto
1175 1004 1429 1072 pateﬁeri
1479 1004 1536 1056 in
1596 1003 1952 1056 Eucharistia

261 1076 671 1130 defendebant:
722 1093 849 1145 quae
907 1073 1191 1127 sententia
1248 1090 1481 1142 prorsus
1544 1090 1780 1127 erronea
1847 1077 1947 1135 est,

264 1148 564 1202 Paschasio
621 1153 675 1200 et
710 1148 1019 1201 Ratramno
1074 1145 1436 1213 mquabiliter
1490 1161 1838 1214 repugnans,
1896 1150 1953 1197 et

263 1219 529 1272 omnibus
585 1217 836 1287 antiquis
893 1214 1149 1270 Ecclesiaa
1198 1215 1539 1287 doctoribus
1579 1217 1849 1287 adversa.
1893 1216 1951 1268 Id

265 1289 625 1343 abundanter
652 1286 810 1357 patet
849 1305 913 1340 ex
964 1288 1049 1340 his
1085 1301 1243 1349 num.
1295 1290 1360 1341 32
1392 1286 1609 1338 verbis:
1651 1309 1671 1333 ι
1712 1287 1808 1339 llic
1832 1286 1950 1355 jam

264 1361 364 1413 illa
408 1360 699 1412 suboritur
753 1358 1013 1428 quaestio,
1061 1371 1231 1428 qnam
1282 1357 1518 1427 plurimi
1568 1362 1954 1426 proponentes

263 1431 579 1500 loquuntur
609 1445 723 1482 non
758 1426 813 1482 in
850 1431 1055 1497 ﬁgura,
1086 1426 1184 1479 sed
1216 1426 1555 1500 in’veritate,
1585 1428 1638 1500 id
1661 1432 1745 1480 est
1780 1428 1954 1479 mani-

262 1499 401 1554 feste
435 1501 597 1554 ﬁeri:
635 1501 739 1553 ista
770 1500 1022 1554 dicentes
1075 1504 1402 1551 sanctorum
1451 1499 1670 1567 scriptis
1722 1500 1953 1551 Patrum

263 1572 543 1625 contraire
583 1571 1042 1641 comprobantur.
1088 1588 1115 1641 ›ξ
1167 1568 1273 1641 Sed
1322 1569 1459 1641 quid
1493 1570 1650 1641 tum?
1687 1569 1953 1641 Nunquid

264 1659 382 1707 non
415 1638 742 1696 Paschasius
774 1643 982 1695 multos
1012 1658 1070 1693 se
1105 1638 1313 1693 habere
1340 1638 1552 1693 fatetur
1580 1640 1948 1704 adversarios,

266 1730 381 1766 non
411 1729 569 1765 secus
599 1728 662 1765 ac
694 1712 1078 1766 Ratramnus?
1118 1711 1271 1777 quod
1322 1710 1696 1777 intelligimus
1747 1727 1814 1763 ex
1869 1711 1956 1762 his

265 1784 451 1836 verbis
481 1783 735 1851 epistola:
767 1783 835 1837 ad
870 1782 1257 1853 Frudgardum
1294 1798 1424 1851 pag.
1480 1784 1609 1835 1625
1638 1798 1649 1833 :
1686 1803 1707 1829 ι
1746 1782 1959 1853 Tamen

267 1855 337 1907 ad
378 1853 817 1922 intelligentiam
854 1854 1023 1921 hujus
1054 1853 1310 1924 mysterii
1350 1854 1543 1919 plures
1574 1852 1855 1905 commovi
1881 1868 1894 1915 ;
1923 1873 1957 1924 ί»)

270 1929 326 1977 et
351 1924 516 1977 initio
564 1924 734 1992 hujus
773 1924 1047 1996 epistolae,
1088 1923 1217 1996 pag.
1256 1926 1420 1996 l6l9:
1468 1924 1672 1996 Quaeris
1726 1925 1864 1976 enim
1897 1923 1961 1996 de

269 2011 327 2048 re
345 2012 412 2048 ex
442 2011 551 2063 qua
589 1996 747 2048 multi
769 1995 1041 2048 dubitant.
1077 1994 1139 2049 In
1166 1995 1365 2047 eadem
1398 1994 1636 2062 epistola
1675 1994 1961 2062 conceptis

270 2065 455 2119 verbis
486 2067 795 2119 Ratramno
824 2066 1132 2120 assentitur
1172 2064 1525 2130 Paschasius,
1562 2064 1772 2134 pagina
1808 2065 1961 2117 scili-

272 2142 359 2190 cet
394 2139 545 2201 l620,
597 2137 704 2189 litt.
760 2137 816 2203 E,
850 2136 943 2207 in
982 2152 1093 2207 qua
1138 2141 1355 2190 textum
1405 2136 1702 2207 Batramni
1755 2151 1823 2189 ex
1855 2135 1963 2207 hoc

272 2223 513 2260 numero
560 2210 627 2260 32
684 2205 1041 2277 exscripsisse
1088 2207 1349 2261 videtur:
1392 2229 1410 2253 α
1470 2206 1537 2259 Et
1577 2206 1704 2259 ideo
1739 2207 1784 2258 si
1834 2205 1962 2275 quis

272 2278 410 2331 dicit
447 2278 591 2331 hanc
636 2294 863 2330 carnem
906 2282 962 2331 et
999 2278 1149 2331 hunc
1196 2278 1532 2346 sanguinem
1577 2277 1652 2329 sic
1695 2278 1814 2345 ipsa
1842 2293 1963 2329 esse

272 2348 486 2418 absque
542 2348 811 2417 mysterio
857 2354 912 2401 et
964 2353 1338 2411 sacramento,
1400 2364 1503 2400 nec
1556 2348 1613 2400 in
1664 2348 1848 2416 ﬁgura
1896 2364 1960 2399 ex

272 2425 433 2489 parte
477 2420 843 2482 sumendum,
879 2424 940 2472 ut
977 2420 1061 2473 illi
1094 2426 1229 2473 tunc
1261 2419 1516 2472 carnales
1552 2418 1965 2489 carnalitersa-

272 2488 518 2568 pientes,
543 2490 995 2568 totumdissipat.
1033 2512 1051 2537 ι
1082 2492 1351 2568 Adeoque
1374 2488 1603 2568 difﬁcile
1624 2488 1967 2568 intelligitur

276 2560 414 2628 quid
446 2560 801 2613 conducibile
829 2560 899 2612 sit
921 2560 1273 2613 dissertatori
1296 2576 1358 2612 ex
1391 2560 1498 2611 hoc
1522 2575 1762 2611 numero
1791 2563 1877 2623 52,
1907 2564 1967 2611 ut

278 2632 652 2683 Itatramnum
674 2630 960 2683 adversari
984 2631 1241 2683 Ecclesia:
1263 2630 1565 2684 Catholicae
1589 2630 1961 2682 demonstret.

351 2701 442 2753 III.
499 2701 632 2753 Eam
683 2701 755 2753 ob
804 2717 923 2753 rem
982 2701 1060 2752 sic
1104 2700 1413 2753 continenti
1472 2716 1735 2753 sermone
1782 2700 1969 2770 pergit

280 2770 631 2835 dissertator,
666 2786 798 2839 pag.
847 2773 981 2825 175:
1021 2774 1263 2825 Primum
1304 2773 1495 2837 igitur,
1534 2771 1723 2839 inquit
1750 2771 1817 2824 de
1860 2771 1964 2823 Ita-

279 2847 527 2906 tramno,
560 2857 719 2894 num.
755 2844 806 2904 8,
847 2846 1080 2910 ﬁguram
1116 2859 1147 2895 a
1181 2843 1402 2895 veritate
1430 2842 1721 2908 distinguit
1752 2847 1969 2896 eatenus

281 2913 424 2979 quod
454 2917 511 2965 in
545 2915 724 2980 ﬁgura
772 2913 925 2965 aliud
970 2913 1299 2979 intelligitur
1347 2928 1509 2979 quam
1557 2912 1777 2966 dicitur.
1833 2915 1971 2976 Quo-

282 2985 425 3035 circa
453 2998 546 3036 nec
598 2986 728 3036 vitis
777 2982 989 3036 Christi
1038 3000 1130 3037 nec
1174 2985 1425 3051 palmites
1470 2986 1719 3051 apostoli,
1759 2985 1860 3036 etsi
1914 2985 1970 3035 in

280 3056 451 3106 sacris
498 3056 722 3121 paginis
754 3053 812 3106 id
860 3070 1045 3107 nomen
1084 3055 1313 3107 habent:
1362 3058 1411 3105 et
1466 3054 1682 3121 quando
1726 3054 1973 3110 Christus

283 3124 487 3177 dicitur
513 3130 675 3176 natus
705 3140 982 3192 passusve,
1029 3140 1149 3177 vere
1188 3139 1382 3192 passus
1409 3141 1469 3178 ac
1518 3141 1637 3178 vere
1687 3130 1848 3178 natus
1882 3128 1971 3177 in-

286 3195 565 3259 telligitur,
602 3196 718 3255 hoc,
751 3198 951 3262 inquit,
993 3199 1193 3248 veritas
1230 3201 1307 3247 est
1336 3197 1393 3248 in
1442 3198 1774 3260 narratione,
1798 3195 1857 3248 id
1895 3200 1975 3249 est

284 3265 434 3317 nuda
466 3269 515 3317 et
554 3270 744 3332 aperta
792 3281 976 3319 vocum
1027 3266 1435 3332 signiﬁcatione.
1494 3267 1620 3321 Cum
1665 3272 1827 3332 negat
1870 3265 1973 3318 ibi-

287 3336 405 3388 dem
436 3340 485 3388 et
515 3338 720 3403 passim
752 3339 807 3388 in
855 3341 960 3389 toto
1010 3351 1183 3404 apere,
1234 3338 1531 3403 praesertim
1565 3352 1709 3389 num.
1768 3339 1854 3401 32,
1890 3336 1975 3389 id-

289 3406 433 3474 quod
458 3412 537 3459 est
576 3408 633 3458 in
677 3408 847 3460 altari
882 3422 991 3459 esse
1025 3421 1216 3473 corpus
1266 3408 1484 3459 Christi
1530 3409 1588 3459 in
1621 3409 1865 3473 veritate,
1916 3423 1977 3459 ac

288 3476 458 3529 solum
489 3479 569 3530 ait
590 3492 700 3530 esse
731 3480 787 3529 in
813 3479 1059 3543 mysterii
1082 3480 1281 3545 ﬁgura,
1316 3484 1476 3545 negat
1502 3492 1611 3530 esse
1641 3479 1803 3546 hujus
1834 3480 1977 3531 vocis

288 3562 479 3614 corpus
519 3548 734 3600 Christi
762 3549 965 3601 nudam
1004 3552 1054 3601 et
1098 3553 1343 3615 apertam
1389 3550 1865 3615 signiﬁcationem:
1894 3564 1977 3601 ne-

287 3623 380 3686 gat
408 3619 643 3684 intelligi
671 3619 856 3671 debere
887 3618 1031 3686 quod
1059 3618 1262 3672 dicitur
1290 3621 1408 3673 vult
1433 3635 1489 3672 eo
1525 3619 1800 3673 duntaxat
1837 3618 1981 3687 quod

287 3688 481 3743 videtis
506 3704 699 3758 corpus
731 3691 1053 3757 signiﬁcari.

976 3793 1287 3832 RESPONSIO.

362 3865 482 3918 Non
514 3869 672 3919 tanto
720 3865 1028 3919 verborum
1059 3866 1295 3920 circuitu
1346 3883 1490 3936 opus
1540 3870 1624 3919 est
1661 3882 1762 3919 nec
1792 3882 1856 3918 ex
1888 3882 1979 3918 ca-

288 3934 398 3988 libe
443 3937 634 3989 oleum
693 3937 1010 4004 exprimere
1059 3937 1130 3990 ad
1184 3934 1647 4005 perspiciendum
1700 3936 1837 4006 quid
1878 3952 1981 4004 per

288 4010 521 4071 ﬁguram
570 4012 627 4059 et
664 4010 943 4060 veritatem
992 4007 1275 4076 intelligat
1333 4009 1693 4060 ltetramnus.
1739 4008 1978 4060 Mentem

291 4076 442 4128 enim
496 4076 677 4145 aperit
718 4077 1030 4128 clarissime
1079 4093 1238 4129 num.
1284 4082 1313 4129 7
1347 4085 1400 4129 et
1434 4081 1507 4130 8:
1548 4100 1566 4123 ι
1618 4077 1837 4145 Figura.
1894 4077 1982 4129 in-

292 4146 438 4216 quit,
470 4150 554 4197 est
582 4146 942 4216 obumbratio
970 4147 1250 4216 quaedam
1301 4147 1644 4215 quibusdam
1676 4147 1979 4199 velamini-

290 4215 396 4268 bus
429 4215 770 4280 ostendens;
824 4215 981 4268 verbi
1016 4215 1254 4284 gratia;
1304 4218 1542 4270 verbum
1598 4217 1853 4270 volentes
1896 4217 1980 4270 di-

292 4301 439 4348 cere,
486 4301 691 4354 panem
742 4290 1124 4354 nuncupatus,
1179 4287 1324 4339 sicut
1374 4286 1433 4339 in
1488 4287 1754 4341 Oratione
1796 4288 1981 4341 Domi-

294 4356 417 4427 nica
456 4370 660 4427 panem
712 4356 1112 4424 quotidianum
1144 4356 1334 4427 nobis
1377 4357 1822 4427 expostulamus.
1879 4359 1981 4411 Ve-

294 4426 432 4502 ritas
460 4442 594 4502 vero
629 4426 810 4502 (num.
844 4428 905 4502 8)_
947 4426 1155 4502 estrei
1204 4426 1506 4502 manifesta
1548 4428 1978 4502 demonstratio,
2022 4449 2066 4502 Ι)

294 4496 470 4568 nullis
496 4497 860 4568 tenebrarum
892 4497 1241 4566 imaginibus
1275 4498 1555 4564 obvelata,
1598 4499 1693 4551 sed
1739 4498 1898 4568 puris
1927 4504 1985 4551 et

294 4567 527 4637 apertis,
563 4573 737 4637 utque
768 4567 993 4636 planius
1024 4568 1381 4637 eloquamur,
1415 4567 1765 4621 naturalibus
1803 4570 1976 4634 signi-

294 4638 652 4693 ﬁcationibus
694 4638 1000 4701 insinuata,
1051 4644 1249 4707 utpote
1292 4654 1419 4691 cum
1476 4639 1682 4692 dicitur
1725 4640 1977 4693 Christus

292 4714 460 4764 natus
506 4710 576 4763 de
607 4710 859 4777 Virgine,
893 4724 1109 4778 passus,
1152 4709 1471 4773 cruciﬁxus,
1513 4715 1773 4763 mortuus
1804 4717 1858 4762 et
1888 4727 1977 4763 se-

292 4783 504 4850 pultus.
546 4801 566 4828 ι
599 4782 870 4851 Adeoque
922 4796 1161 4851 necesse,
1197 4784 1281 4832 est
1312 4796 1440 4833 cum
1484 4780 1571 4851 ait
1594 4796 1795 4851 Vnum,
1826 4783 1892 4835 32
1923 4786 1980 4833 et

294 4851 417 4904 aliis
452 4852 731 4921 quosdam
780 4851 887 4904 sibi
926 4850 1270 4921 persuadere
1311 4866 1513 4919 corpus
1545 4850 1751 4904 Christi
1784 4850 1842 4903 in
1878 4852 1980 4904 Eu-

294 4920 562 4975 charistia
593 4938 737 4987 esse,
772 4938 878 4975 non
920 4924 975 4975 in
1004 4920 1207 4989 ﬁgura,
1238 4921 1333 4973 sed
1362 4924 1417 4974 in
1446 4923 1693 4985 veritate,
1736 4938 1830 4974 eos
1864 4938 1981 4991 Spe-

293 4998 443 5045 ctare
475 4993 734 5045 homines
782 4992 881 5063 qui
920 4992 979 5044 in
1026 4991 1377 5063 Eucharistia
1416 4992 1634 5044 nullam
1673 4992 1977 5046 obumbra-

292 5062 527 5127 tionem,
563 5062 1035 5127 nullum’velum,
1079 5062 1293 5116 nullam
1340 5062 1583 5131 ﬁguram
1625 5078 1744 5115 esse
1784 5063 1978 5116 crede-

290 5132 445 5196 bant,
480 5133 574 5185 sed
604 5135 799 5186 omnia
832 5133 1129 5186 manifesta
1162 5138 1216 5185 et
1242 5135 1392 5186 clara
1426 5138 1638 5202 patere.
1678 5134 1797 5186 Non
1826 5134 1977 5186 enim

293 5220 357 5257 eo
389 5203 799 5257 devolvebalur
841 5204 1084 5273 quaestio
1123 5220 1295 5273 quam
1336 5204 1672 5257 discutiebat
1714 5205 1977 5258 Ratram-

290 5290 418 5337 nus,
470 5278 662 5327 utrum
712 5290 917 5341 corpus
975 5274 1181 5328 Christi
1236 5291 1428 5328 revera
1485 5292 1579 5327 seu
1633 5276 1867 5340 realiter,
1918 5280 1981 5328 ut

290 5346 608 5414 quuuntur
649 5345 927 5413 theologi,
975 5344 1029 5398 in
1064 5345 1411 5399 Eucharistia
1440 5346 1725 5409 existeret,
1776 5346 1861 5398 vel
1892 5362 1977 5398 so-

292 5414 588 5469 lummodo
626 5415 687 5469 in
717 5415 903 5485 ﬁgura
944 5431 1039 5469 seu
1091 5416 1332 5485 ﬁgurate
1373 5421 1551 5480 esset;
1588 5415 1658 5467 de
1704 5415 1810 5468 hoc
1837 5416 1976 5485 dog-

290 5491 443 5539 mate
476 5485 690 5555 quippe
723 5485 941 5540 nemini
979 5485 1198 5540 homini
1237 5486 1476 5539 dubium
1514 5485 1846 5539 subolebat:
1881 5486 1977 5538 sed

288 5557 655 5626 quterebatur
686 5573 758 5611 an
798 5556 1093 5610 manifeste
1127 5562 1183 5610 et
1220 5557 1367 5610 clare
1398 5556 1574 5610 oculis
1605 5556 1981 5625 subjiceretur

287 5625 344 5679 et
367 5625 718 5683 divideretur
748 5627 869 5682 sine
913 5627 1058 5694 velo,
1096 5627 1219 5679 sine
1250 5630 1438 5696 tropo,
1470 5628 1591 5679 sine
1622 5628 1822 5693 ﬁgura,
1856 5626 1979 5679 sine

287 5696 742 5765 obumbratione,
803 5698 890 5752 vel
942 5713 1013 5751 an
1070 5697 1356 5751 occultum
1419 5702 1477 5750 et
1538 5697 1804 5762 celatum,
1873 5697 1979 5749 sub

286 5767 505 5821 umbris
539 5784 638 5823 seu
682 5769 887 5840 ﬁguris
923 5783 1122 5822 verum
1155 5784 1361 5837 corpus
1404 5767 1650 5820 existens
1695 5766 1753 5819 in
1786 5767 1979 5820 oculos

2056 467 2420 537 proposuisse
2454 467 2765 540 Batramno
2798 469 3239 523 examinandam
3272 471 3660 540 intelligimus
3686 488 3743 524 ex

2057 555 2215 593 num.
2259 542 2289 592 5
2330 554 2342 590 :
2379 560 2404 585 «
2464 539 2623 602 Quod
2655 539 2715 593 in
2748 540 2995 594 Ecclesia
3048 556 3144 593 ore
3198 539 3750 595 ﬁdelium’sumitur

2057 626 2261 679 corpus
2321 614 2377 662 et
2437 610 2672 678 sanguis
2703 611 2931 675 Christi,
2975 612 3182 681 quaerit
3221 619 3421 665 vestrae
3466 614 3745 679 magnitu-

2058 682 2207 734 dinis
2237 681 2573 733 excellentia
2644 682 2700 734 in
2734 682 3006 734 mVsterio
3039 682 3139 735 ﬁat
3184 698 3255 735 an
3291 683 3347 735 in
3410 684 3675 749 veritate,
3702 684 3750 737 id

2057 757 2140 805 est
2201 757 2391 804 utrum
2416 751 2632 824 secreti
2681 755 2832 821 aliqu
2865 754 2893 804 τὶ
2941 753 3228 806 contineat
3256 754 3411 824 quod
3444 755 3633 806 oculis
3664 771 3749 807 so-

2060 824 2367 895 lummodo
2396 822 2525 875 ﬁdei
2556 827 2743 891 pateat
2765 840 2829 876 ac
2877 828 2997 875 sine
3029 822 3418 895 cujuscunque
3472 826 3751 877 velatione

2061 893 2317 962 mysterii
2360 894 2466 945 hoc
2524 901 2786 962 aspectus
2843 895 3133 947 intueatur
3184 893 3440 964 corporis
3500 896 3752 948 exterius

2059 965 2213 1036 quod
2258 964 2467 1036 mentis
2498 964 2650 1036 visus
2704 965 2941 1033 aspiciat
2971 966 3230 1032 interius,
3265 971 3329 1019 ut
3367 972 3552 1020 totum
3605 967 3748 1036 quod

2061 1035 2363 1107 agituriin
2421 1035 2900 1089 manifestationis
2958 1036 3082 1089 luce
3136 1038 3426 1089 clarescat.
3498 1059 3525 1084 n
3564 1035 3753 1107 Itaque

2060 1122 2189 1159 cum
2270 1106 2613 1159 Ralramnus
2672 1107 2885 1175 passim
2959 1112 3129 1174 negat
3168 1124 3376 1176 corpus
3431 1106 3755 1160 Christi'in

2061 1176 2411 1229 Eucharistia
2460 1193 2580 1229 esse
2635 1177 2694 1230 in
2750 1181 2993 1242 veritate,
3046 1194 3164 1230 non
3226 1184 3531 1247 propterea
3615 1194 3753 1246 pra:-

2060 1250 2288 1301 sentiam
2326 1248 2521 1300 realem
2580 1254 2875 1318 pernegat,
2928 1249 3023 1301 sed
3088 1249 3446 1301 solummodo
3507 1265 3752 1318 praesen-

2062 1319 2199 1373 tiam
2241 1318 2523 1372 visibilem
2554 1326 2612 1371 et
2664 1320 2720 1372 in
2775 1335 2975 1373 sensus
3033 1319 3314 1372 humanos
3342 1325 3753 1381 incurrentem,

2062 1389 2276 1442 scilicet
2338 1390 2571 1454 claram,
2655 1391 3038 1459 perspicuam,
3089 1392 3261 1442 nullis
3314 1391 3598 1459 tegetibus
3660 1407 3756 1442 seu

2062 1460 2358 1523 lodicibus,
2405 1462 2540 1513 velis
2574 1466 2671 1512 aut
2722 1461 2921 1528 ﬁguris
2970 1462 3304 1514 involutam.
3336 1462 3395 1513 In
3429 1478 3496 1513 eo
3529 1477 3645 1513 non
3680 1466 3757 1513 est

2061 1548 2093 1582 a
2125 1535 2313 1583 mente
2344 1536 2402 1583 et
2437 1532 2721 1584 sententia
2751 1534 2803 1584 S.
2840 1532 3124 1584 Paschasii
3159 1533 3398 1584 alienus.
3454 1533 3757 1584 Enimvero

2063 1604 2545 1672 quemadmodum
2600 1603 2787 1671 inquit
2838 1603 3179 1655 Hatramnus
3246 1619 3404 1655 num.
3440 1605 3507 1655 49
3545 1620 3556 1656 :
3598 1623 3629 1653 (ι
3664 1604 3758 1656 Se-

2064 1673 2313 1726 cundum
2366 1672 2711 1726 invisibilem
2769 1672 3163 1735 substantiam,
3210 1673 3261 1726 id
3305 1678 3389 1725 est
3422 1673 3599 1725 divini
3661 1689 3757 1742 po-

1999 1751 2038 1804 Β
2068 1744 2306 1797 tentiam
2358 1744 2542 1810 Verbi,
2595 1760 2725 1797 vere
2772 1760 2979 1812 corpus
3033 1750 3090 1797 et
3146 1744 3377 1813 sanguis
3409 1744 3621 1798 Christi
3654 1744 3762 1796 exi-

2066 1820 2240 1869 stunt.
2278 1835 2303 1865 o
2342 1815 2506 1869 Num.
2552 1820 2617 1868 77
2662 1831 2673 1867 :
2710 1835 2737 1862 κ
2769 1814 3024 1867 Exterius
3072 1814 3250 1882 igitur
3301 1815 3454 1883 quod
3492 1820 3761 1884 apparet,

2067 1902 2180 1940 non
2203 1890 2283 1939 est
2316 1885 2441 1954 ipsa
2492 1902 2599 1951 res,
2642 1886 2739 1938 sed
2789 1886 2979 1954 imago
3007 1886 3143 1956 rei;
3201 1892 3391 1938 mente
3424 1902 3561 1938 vero
3604 1887 3760 1956 quod

2068 1958 2311 2011 sentitur
2371 1962 2427 2009 et
2482 1956 2840 2025 intelligitur,
2900 1955 3105 2008 veritas
3162 1956 3266 2009 rei.
3325 1975 3351 2006 ι)
3406 1957 3575 2009 Num.
3640 1961 3762 2009 15:

2073 2050 2093 2075 ιι
2133 2030 2349 2097 Negare
2378 2043 2581 2096 corpus
2629 2043 2750 2080 esse
2782 2027 2988 2081 Christi
3022 2042 3123 2079 nec
3144 2026 3227 2078 fas
3256 2031 3357 2089 est,
3412 2043 3526 2080 non
3577 2028 3766 2079 solum

2069 2100 2258 2152 dicere
2285 2114 2504 2161 verum,
2540 2099 2710 2152 etiam
2744 2098 3068 2166 cogitare.»
3107 2098 3169 2149 Et
3203 2113 3361 2150 num.
3397 2100 3463 2150 30
3501 2114 3514 2151 :
3550 2119 3578 2144 ‹‹
3608 2099 3768 2151 Tunc

2070 2170 2403 2238 intelligetis
2455 2170 2608 2238 quod
2696 2185 2831 2233 non,
2881 2168 3025 2221 sicut
3071 2168 3331 2220 inﬁdeles
3384 2168 3764 2231 arbitrantur,

2070 2257 2299 2295 carnem
2342 2256 2530 2293 meam
2558 2258 2589 2293 a
2614 2239 2978 2292 credentibus
3020 2239 3450 2302 comedendam,
3482 2240 3579 2293 sed
3634 2255 3769 2292 vere

2070 2329 2175 2381 per
2214 2311 2547 2381 mysterium
2574 2326 2778 2380 panem
2812 2312 2867 2361 et
2898 2310 3091 2381 vinum
3127 2309 3186 2361 in
3220 2310 3478 2378 corporis
3524 2317 3587 2381 et
3645 2326 3771 2361 san-

2072 2380 2403 2451 guinismei
2429 2398 2703 2434 conversa
2745 2380 3155 2444 substantiam,
3204 2397 3231 2432 a
3265 2380 3631 2433 credentibus
3678 2397 3769 2432 su-

2074 2453 2301 2506 menda.
2366 2454 2444 2506 Ita
2501 2452 2835 2504 Paschasius
2879 2451 3046 2503 docet
3109 2451 3167 2503 in
3237 2451 3344 2503 hoc
3400 2457 3768 2504 sacramento

2071 2528 2304 2592 ﬁguram
2356 2529 2406 2576 et
2466 2526 2745 2575 veritatem
2799 2537 3114 2590 permanere
3157 2520 3358 2574 iisdem
3420 2521 3536 2574 fere
3582 2522 3775 2574 verbis

2074 2598 2171 2649 lib.
2228 2594 2296 2647 de
2341 2594 2587 2663 Corpore
2639 2598 2694 2645 et
2748 2592 3036 2660 Sanguine
3100 2592 3324 2645 Domini
3369 2594 3599 2663 caput
3633 2609 3772 2662 pag.

2078 2667 2213 2719 1564
2245 2680 2258 2717 :
2290 2685 2315 2712 «
2367 2662 2582 2717 Veritas
2632 2679 2768 2727 ergo
2826 2667 2911 2715 est
2958 2664 3093 2715 dum
3145 2679 3351 2733 corpus
3393 2662 3604 2717 Christi
3658 2665 3772 2715 vir-

2075 2741 2195 2790 tute
2227 2734 2469 2804 Spiritus
2523 2735 2581 2787 in
2612 2734 2782 2785 verbo
2823 2734 2999 2803 ipsius
3034 2750 3099 2786 ex
3147 2736 3311 2802 panis
3354 2733 3591 2802 vinique
3636 2734 3772 2787 sub-

2076 2806 2283 2859 stantia
2342 2806 2611 2869 efﬁcitur;
2675 2804 2856 2873 ﬁgura
2908 2820 3040 2857 vero
3104 2805 3241 2857 dum
3286 2804 3546 2857 sacerdos
3607 2805 3777 2873 quasi

2076 2878 2229 2931 aliud
2276 2877 2526 2929 exterius
2578 2891 2783 2945 gerens
2815 2875 2888 2928 ob
2917 2875 3368 2929 recordationem
3408 2891 3583 2927 sacras
3653 2892 3780 2945 pas-

2079 2948 2256 3031 sionis
2279 2948 2345 3031 ad
2381 2963 2558 3013 aram,
2590 2946 2740 3031 quod
2772 2948 2945 3027 semel
2970 2951 3193 3031 gestum
3226 2951 3328 3025 est,
3364 2945 3663 3026 .quotidie.
3688 2963 3781 2998 ll]-

2083 3021 2259 3071 molat
2316 3022 2557 3087 Agnum.
2609 3016 2719 3071 Sed
2786 3018 2833 3069 si
2888 3017 3163 3069 veraciter
3228 3016 3587 3085 inspicimus,
3644 3016 3782 3084 jure

2013 3102 2052 3155 Ο
2083 3089 2252 3143 simul
2285 3086 2493 3141 veritas
2518 3094 2574 3141 et
2598 3088 2783 3155 ﬁgura
2826 3086 3032 3140 dicitur
3067 3092 3161 3151 ;ut
3191 3087 3263 3140 sit
3296 3088 3480 3158 ﬁgura
3512 3088 3597 3139 vel
3647 3088 3780 3140 cha-

2084 3166 2265 3213 racter
2294 3160 2549 3212 veritatis
2582 3158 2735 3229 quod
2766 3158 3012 3211 exterius
3043 3159 3289 3211 sentitur
3318 3175 3331 3211 :
3367 3159 3579 3211 veritas
3609 3174 3773 3221 vero,

2083 3231 2364 3301 quidquid
2400 3231 2468 3283 de
2499 3228 2609 3283 hoc
2638 3228 2907 3301 mysterio
2927 3229 3364 3301 interiusirecte
3421 3229 3781 3301 intelligitur

2084 3298 2181 3354 aut
2203 3298 2495 3354 creditur?
2526 3322 2551 3350 »
2578 3300 2760 3369 Igitur
2789 3298 3071 3352 Paschasii
3101 3306 3157 3352 et
3189 3299 3483 3352 Batramni
3514 3315 3633 3351 non
3672 3301 3787 3352 tne.

2084 3379 2221 3425 runt
2262 3372 2497 3426 diversa:
2555 3376 3056 3439 repugnantesque
3114 3371 3433 3433 sententite,
3495 3386 3604 3422 nec
3636 3372 3789 3423 inter

2085 3460 2143 3496 se
2172 3443 2487 3512 deprleliati
2516 3447 2667 3495 sunt.
2730 3440 2844 3512 Etsi
2898 3442 3049 3493 enim
3102 3441 3432 3512 Paschasius
3472 3441 3789 3494 crediderit

2087 3510 2336 3583 aliquam
2361 3529 2481 3566 esse
2514 3513 2572 3565 in
2598 3510 2945 3583 Eucharistia
2978 3512 3242 3583 ﬁguram,
3288 3510 3678 3583 nihilominus
3705 3528 3790 3564 ca-

2085 3581 2329 3637 tholicus
2381 3589 2500 3636 est:
2567 3582 2707 3652 quin
2740 3581 2912 3634 fuerit
2940 3584 3113 3634 etiam
3154 3582 3500 3635 Ratramnus
3535 3582 3787 3635 dubium

2086 3671 2197 3708 non
2233 3659 2345 3721 est;
2382 3669 2677 3723 nunquam
2704 3653 2856 3704 enim
2907 3652 3047 3704 dixit
3099 3667 3292 3723 corpus
3348 3654 3567 3723 Christi
3614 3654 3792 3705 solum

2086 3728 2143 3778 in
2169 3725 2352 3792 ﬁgura
2380 3740 2491 3778 esse
2517 3722 2573 3777 in
2620 3724 3002 3787 Eucharistia,
3060 3723 3140 3775 uti
3199 3722 3253 3775 ei
3307 3722 3531 3775 afﬁnxit
3572 3723 3790 3775 disser-

2086 3801 2236 3849 tator
2260 3812 2385 3865 pag.
2419 3797 2545 3860 175;
2580 3810 2719 3865 nam,
2752 3794 2897 3846 hanc
2964 3809 3157 3845 vocem
3192 3809 3385 3865 sonti:
3438 3793 3793 3865 excogitavit

2089 3863 2442 3931 dissertator,
2501 3870 2557 3918 et
2589 3865 2649 3917 in
2708 3863 2944 3932 integras
2985 3868 3039 3916 et
3070 3863 3308 3916 eruditio
3364 3864 3792 3917 lucubrationis

2088 3937 2256 3990 sulcis
2288 3952 2316 3989 a
2342 3937 2649 3990 Ratramno
2674 3934 2914 4001 diductis
2951 3934 3152 3987 nullibi
3186 3934 3451 3987 occurrit.

2160 4008 2246 4061 IV.
2298 4009 2472 4073 Negat
2528 4009 2698 4073 igitur
2740 4021 2858 4059 vere
2922 4003 3034 4058 dici
3059 4020 3232 4074 posse,
3289 4007 3383 4058 hoc
3409 4004 3556 4073 quod
3590 4005 3795 4057 ridetis

2089 4080 2147 4131 in
2215 4079 2386 4131 altari
2423 4080 2536 4141 Dei,
2576 4091 2699 4130 vere
2746 4081 2822 4128 est
2865 4091 3057 4143 corpus
3116 4078 3321 4132 Christi
3375 4075 3521 4143 quod
3595 4082 3796 4128 natum

2088 4153 2265 4202 estea:
2310 4150 2566 4215 Virgine;
2618 4146 2775 4216 quod
2824 4162 3091 4215 expresse
3148 4152 3323 4216 negat
3381 4161 3537 4198 num.
3598 4147 3689 4209 50,
3727 4149 3795 4198 59

2090 4224 2148 4272 et
2181 4221 2299 4272 lOt.

2790 4319 3093 4357 RESPONSIO.

2165 4427 2398 4482 Etiamsi
2428 4427 2597 4481 unica
2640 4428 2710 4481 sit
2763 4426 3101 4479 substiantia
3156 4426 3215 4479 in
3250 4427 3603 4480 Eucharistia
3636 4428 3795 4482 scili~

2092 4504 2198 4565 cet,
2229 4506 2295 4552 ut
2324 4499 2513 4569 inquit
2547 4500 2891 4553 Batramnus
2926 4514 3084 4550 num.
3125 4500 3207 4563 l6,
3244 4513 3349 4551 non
3395 4500 3505 4551 sint
3545 4499 3801 4553 duarum

2086 4572 2385 4623 existentia'
2410 4585 2589 4623 rerum
2622 4573 2761 4621 inter
2791 4584 2846 4622 se
2860 4569 3219 4633 diversarum,
3252 4573 3651 4622 verumtamen
3675 4586 3801 4624 non

2086 4644 2271 4710 potest
2298 4640 2407 4693 dici
2435 4640 2620 4709 ipsum
2653 4655 2860 4708 corpus
2890 4638 3099 4693 Christi
3130 4639 3187 4691 in
3222 4639 3586 4710 Eucharistia
3607 4640 3801 4693 videri

2086 4709 2186 4763 seu
2203 4710 2395 4763 sensui
2426 4711 2722 4763 oculorum
2751 4710 2972 4776 subjici.
3016 4710 3133 4763 Hoc
3163 4725 3293 4761 vero
3331 4709 3671 4763 Paschasius
3717 4718 3801 4764 at-

2087 4797 2197 4851 que
2228 4796 2426 4833 omnes
2455 4781 2717 4833 catholici
2758 4780 3027 4851 fatentur.
3070 4779 3297 4851 Etiamsi
3330 4779 3504 4851 igitur
3534 4782 3801 4835 rotunde

2086 4849 2322 4921 negaret
2354 4851 2696 4905 Ratramnus
2750 4849 2937 4921 videri
2984 4866 3189 4921 corpus
3221 4850 3425 4921 Christi
3457 4850 3517 4902 in
3574 4852 3801 4905 Eucha-

2086 4920 2264 4987 ristia,
2327 4922 2469 4975 nulli
2512 4920 2943 4991 reprehensioni
2990 4920 3263 4973 obnoxius
3319 4920 3797 4991 efﬁeret.Enim-

2086 5008 2219 5045 vero
2251 4994 2359 5045 hoc
2396 4992 2549 5061 quod
2580 4990 2827 5044 videtur
2870 4992 2931 5043 in
2973 4991 3328 5044 Eucharistia
3361 4997 3446 5043 est
3520 4990 3757 5045 visibile
3785 5012 3797 5056 ;

2087 5078 2290 5132 corpus
2317 5068 2508 5116 autem
2531 5062 2738 5116 Christi
2784 5077 2981 5113 verum
3014 5062 3164 5131 quod
3220 5077 3416 5114 revera
3447 5066 3530 5113 est
3582 5062 3645 5115 in
3682 5064 3798 5117 Eu-

2086 5131 2353 5187 charistia
2378 5134 2483 5187 sub
2510 5132 2805 5203 speciebus
2837 5131 3157 5203 visibilibus
3189 5148 3301 5184 non
3334 5137 3417 5185 est
3446 5131 3503 5184 in
3532 5148 3593 5203 se
3644 5134 3799 5187 visui

2087 5204 2447 5273 subjectum:
2493 5202 2628 5274 ergo
2671 5204 2786 5274 hoc
2818 5203 2984 5274 quod
3027 5202 3253 5256 videtur
3304 5202 3366 5274 in_
3434 5202 3800 5274 Eucharistia

2087 5272 2203 5327 non
2234 5280 2319 5327 est
2349 5272 2831 5343 corpus‘Christi;
2889 5272 3105 5342 quippe
3169 5288 3299 5325 cum
3355 5272 3463 5326 hoc
3508 5273 3671 5341 quod
3709 5282 3803 5328 est

2088 5344 2330 5411 visibile,
2374 5360 2477 5399 nec
2506 5344 2568 5397 in
2595 5359 2795 5397 sensus
2824 5348 3008 5412 potest
3051 5344 3360 5403 incurrere,
3406 5358 3522 5395 non
3555 5344 3633 5396 sit
3663 5361 3797 5412 cor-

2088 5431 2194 5483 pus
2219 5407 2448 5480 Christi,
2499 5415 2594 5469 sed
2626 5407 2841 5477 velum,
2876 5413 3100 5472 umbra.
3142 5413 3298 5485 lodix
3332 5418 3409 5485 et
3430 5414 3620 5483 ﬁgura
3652 5407 3795 5485 quae

2086 5485 2337 5555 contegit
2387 5490 2442 5538 et
2493 5486 2701 5538 occulit
2762 5499 2971 5552 corpus
3030 5484 3261 5537 Christi.
3324 5483 3524 5537 Sciunt
3581 5483 3801 5539 omnes

2087 5572 2294 5624 corpus
2348 5556 2551 5610 Christi
2607 5556 2667 5609 in
2695 5558 3052 5608 sacramento
3102 5559 3331 5624 captum
3392 5570 3673 5609 sensuum
3738 5564 3801 5612 et

2088 5624 2385 5681 oculorum
2417 5642 2704 5694 superare,
2736 5624 2870 5695 quia
2912 5641 3124 5694 corpus
3153 5630 3239 5678 est
3266 5624 3565 5694 spirituale
3613 5632 3668 5679 et
3703 5632 3798 5681 to-

2090 5702 2201 5750 tum
2246 5697 2535 5765 spirituale
2560 5700 2657 5759 est,
2708 5694 2899 5765 inquit
2945 5695 3308 5759 Paschasius;
3359 5696 3455 5748 sed
3489 5696 3674 5750 solam
3710 5699 3799 5751 di-

2090 5767 2470 5832 mensionem,
2524 5765 2868 5829 albedinem,
2898 5781 3163 5835 saporem
3221 5771 3278 5818 et
3330 5766 3570 5821 odorem
3601 5772 3796 5823 sensi-
