3890 6230
86 320 169 374 185
778 321 1232 379 DISSERTATIO
1271 322 1339 378 IN
1380 324 1514 379 LIB.
1566 325 1656 380 DE
1699 324 2024 381 CORPORE
2068 326 2155 380 ET
2195 326 2541 381 SANGUINE
2583 326 2848 382 DOMINI.

3473 331 3575 383 186

75 454 177 527 bus
208 453 438 523 percipi,
477 454 589 527 nisi
638 455 783 509 forte
813 453 1110 509 sententiae
1131 454 1447 527 recentium
1474 470 1758 524 quorum-
1800 458 1839 510 A
1873 472 2119 526 suosque
2152 456 2329 509 libros
2375 456 2506 521 igne
2541 457 2854 527 absumpsit
2883 474 3073 512 coram
3124 458 3352 513 Nicotao
3383 474 3579 513 secun-

71 525 199 577 dam
232 526 711 595 philosophorum
756 526 990 595 placeat,
1045 541 1215 595 quam
1258 525 1609 595 amplissime
1658 533 1768 578 tra-

68 596 241 647 ctavit
308 597 571 649 R.Patcr
641 599 878 664 Magnau
920 605 942 629 δ
1007 612 1070 648 ex
1139 597 1337 649 ordine
1403 596 1767 650 Minimorum

69 666 123 719 S.
181 667 462 721 Francisci
513 668 581 721 de
635 669 826 732 Paula,
884 666 982 736 qui
1032 666 1376 720 existimavit
1432 669 1610 722 Deum
1668 683 1769 737 per

70 753 414 789 concursum
447 754 622 808 quem
656 739 899 807 przebuit
930 738 1065 807 pani
1091 745 1222 791 ante
1253 739 1762 803 consecrationem,

72 808 337 861 eamdem
383 817 513 878 post
556 810 614 861 in
643 810 835 861 oculos
889 824 1146 861 exercere
1180 809 1490 861 motionem
1542 825 1641 862 seu
1688 810 1767 862 fa-

71 896 199 931 cere
249 880 691 948 impressionem
733 895 905 949 quam
948 880 1111 948 panis
1152 886 1207 932 et
1245 882 1439 932 vinum
1488 879 1772 933 faciebant

72 956 205 1002 ante
264 951 786 1015 consecrationem;
840 951 923 1002 vel
982 949 1329 1003 clarissimus
1380 950 1444 1003 D.
1498 951 1768 1013 Rohault,

73 1020 459 1089 philosophus
495 1022 875 1083 Cartesiauus,
917 1020 973 1073 in
1029 1021 1170 1073 libro
1218 1021 1519 1073 vernacule
1560 1022 1769 1089 scripto

73 1107 126 1143 1n
177 1108 296 1161 quo
337 1093 519 1157 docet,
572 1108 774 1161 corpus
822 1092 1047 1153 Christi,
1090 1108 1218 1144 cum
1270 1092 1556 1160 integrum
1605 1108 1769 1143 occu-

74 1169 169 1229 pet
247 1165 437 1214 locum
516 1180 684 1230 quem
761 1163 1074 1230 occupabat
1146 1179 1349 1232 corpus
1423 1162 1606 1231 panis,
1686 1178 1774 1214 ea-

74 1236 204 1285 dem
258 1233 565 1301 superficie
620 1234 1031 1305 circumdatum
1084 1250 1184 1286 seu
1234 1234 1432 1305 eadem
1484 1235 1773 1305 περιφέρεια

73 1319 167 1354 seu
259 1304 727 1356 circumferentia
810 1304 1203 1363 terminatum.
1280 1304 1486 1357 debere
1547 1304 1772 1356 eodem

74 1389 313 1441 prorsus
369 1375 535 1426 modo
579 1375 802 1445 afticere
854 1377 1046 1426 oculos
1085 1392 1199 1445 quo
1248 1375 1413 1443 panis
1458 1378 1587 1425 ante
1630 1390 1772 1425 con-

76 1446 463 1497 secrationem
524 1444 824 1498 afficiebat.
875 1445 931 1499 Si
989 1461 1077 1497 res
1110 1444 1199 1499 ita
1248 1462 1305 1498 se
1349 1445 1601 1507 haberet,
1661 1446 1773 1497 du-

74 1515 169 1568 bio
216 1517 427 1583 procul
476 1516 594 1568 haec
643 1516 845 1568 albedo
886 1521 942 1568 et
982 1516 1301 1569 rotunditas
1342 1532 1473 1585 quas
1510 1516 1775 1568 videntur

74 1596 264 1638 essent
312 1587 418 1639 hoc
464 1603 670 1656 corpus
712 1586 917 1641 Christi
950 1588 1102 1656 quod
1140 1588 1428 1639 videretur
1459 1591 1514 1639 et
1541 1587 1600 1638 iu
1646 1602 1775 1638 ocu-

75 1658 156 1709 los
216 1657 575 1721 incurreret;
628 1658 727 1710 sed
775 1657 1054 1726 ejusmodi
1095 1657 1289 1727 opinio
1335 1673 1453 1710 non
1510 1657 1770 1721 delectat,

76 1728 130 1781 ni
162 1727 359 1790 fallor,
393 1728 843 1791 dissertatorem,
875 1729 992 1781 imo
1027 1726 1307 1782 subtilitas
1350 1728 1461 1780 alia
1508 1726 1772 1791 quasdam

75 1798 421 1851 scholastica
462 1798 573 1867 ipsi
618 1798 849 1863 arridet,
892 1798 1105 1852 scilicet
1142 1798 1249 1852 sibi
1294 1798 1601 1868 persuadet
1642 1813 1769 1850 cum

76 1885 275 1921 revera
315 1870 413 1922 hoc
444 1869 589 1939 quod
640 1874 737 1934 est,
771 1886 865 1922 seu
898 1870 1037 1923 latet
1070 1875 1127 1924 et
1170 1869 1448 1923 occulitur
1491 1869 1550 1921 in
1594 1885 1772 1921 sacra-

75 1946 275 1992 mento
327 1940 402 1992 sit
432 1954 639 2009 corpus
678 1940 884 1994 Christi
928 1955 1147 2005 verum,
1190 1956 1287 1993 seu
1317 1940 1508 2010 potius
1547 1939 1620 1992 sit
1650 1939 1770 2008 ipsa

78 2010 399 2063 substantia
450 2011 699 2081 corporis
748 2011 973 2078 Christi,
1016 2012 1122 2065 hoc
1171 2011 1385 2079 pariter
1430 2010 1581 2080 quod
1624 2010 1775 2081 vide-

76 2087 167 2133 tur
201 2097 328 2134 esse
358 2080 568 2151 corpus
596 2083 785 2148 ipsum
814 2082 1039 2135 Christi.
1098 2082 1207 2136 Sed
1240 2082 1581 2151 respondere
1614 2080 1773 2133 facile

79 2159 161 2205 est
188 2152 574 2205 substantiam
613 2152 864 2221 corporis
906 2152 1111 2206 Christi
1158 2168 1277 2205 esse
1326 2168 1519 2205 revera
1556 2151 1614 2204 in
1667 2152 1771 2203 Eu-

79 2223 374 2285 charistia,
408 2223 505 2275 sed
555 2238 670 2275 non
700 2227 1005 2292 propterea
1035 2223 1211 2276 oculis
1244 2222 1449 2275 nostris
1488 2237 1551 2275 ac
1590 2222 1775 2274 sensi-

79 2294 185 2345 bus
233 2293 545 2345 obuoxiam
594 2293 771 2346 eftieri
825 2309 838 2346 :
884 2294 1158 2363 quoniam
1213 2292 1460 2347 mirabili
1509 2292 1678 2345 modo
1721 2294 1777 2343 et

78 2371 301 2416 naturae
346 2364 564 2417 viribus
604 2363 906 2433 superiori,
959 2364 1045 2417 his
1086 2364 1382 2429 delitescit,
1430 2380 1531 2416 nec
1577 2364 1776 2416 ullate-

81 2450 185 2487 nus
225 2435 495 2487 sensibus
536 2432 749 2504 percipi
790 2439 991 2505 potest.
1046 2436 1123 2488 De
1168 2436 1389 2503 reliquo
1417 2434 1537 2503 jam
1586 2432 1774 2502 inqui-

82 2505 321 2558 rendum
369 2511 631 2574 superest
680 2521 793 2575 qua
849 2506 1073 2559 ratione
1121 2506 1465 2559 Ratramnus
1518 2519 1777 2575 expresse

80 2575 377 2643 negaverit
425 2592 584 2628 num.
640 2574 727 2640 50,
773 2579 839 2629 52
889 2582 946 2629 et
1002 2579 1093 2628 lOl
1137 2592 1343 2645 corpus
1388 2576 1540 2644 quod
1590 2579 1677 2627 est
1719 2574 1775 2627 in

79 2647 242 2698 altari
287 2663 413 2698 esse
456 2662 665 2716 corpus
720 2647 908 2717 ipsum
959 2647 1112 2716 quod
1163 2653 1357 2699 natum
1408 2651 1491 2717 est
1539 2662 1607 2698 ex
1656 2645 1777 2696 Vir-

79 2718 231 2785 gine.
288 2718 445 2786 Nego
491 2734 555 2770 ac
609 2716 859 2788 pernego
911 2720 1284 2771 Ratramnum
1334 2717 1390 2769 in
1440 2716 1550 2788 his
1580 2731 1779 2788 nume-

80 2790 152 2839 ris
207 2804 471 2856 unquam
529 2804 763 2858 negasse
798 2786 1025 2857 corpus
1084 2788 1236 2858 quod
1300 2788 1358 2840 iu
1427 2786 1782 2841 Eucharistia

80 2860 213 2930 latet
249 2874 375 2911 esse
415 2875 619 2930 corpus
663 2876 731 2912 ex
764 2860 995 2929 Virgine
1035 2866 1251 2927 natum,
1302 2873 1534 2928 passum
1577 2863 1634 2912 et
1684 2874 1779 2909 se-

83 2929 335 2998 pultum.

148 3000 261 3053 Sed
322 3000 565 3053 rotunde
616 2999 779 3053 fateri
836 3016 1062 3053 necesse
1119 3005 1203 3053 est
1252 3014 1517 3068 magnam
1578 2998 1783 3052 consti-

80 3074 239 3122 tuere
287 3070 674 3124 differentiam
706 3070 897 3123 habita
928 3072 1150 3124 diversa
1192 3071 1413 3123 ratione
1445 3071 1592 3123 inter
1632 3071 1781 3122 idem

1875 528 1947 580 do
1981 544 2128 596 papa
2151 543 2302 579 anno
2334 531 2462 581 1059
2504 528 2675 582 fuerit
2721 546 2884 581 verus
2918 535 2971 583 et
3014 531 3294 583 maximus
3326 530 3458 583 ﬁdei
3485 546 3578 582 ca-

1876 599 2103 651 tholicae
2136 598 2399 651 defensor
2428 600 2683 668 adeoque
2715 600 2827 652 ﬁde
2862 601 3135 668 praeditus
3156 606 3314 654 extra
3345 616 3575 654 omnem

1876 669 2261 737 suspicionem
2298 669 2500 738 posita.
2536 673 2607 722 At
2655 686 2786 722 vero
2819 671 2897 722 sic
2930 671 3081 723 fatur
3110 671 3167 724 in
3221 672 3454 740 Dialogo
3505 672 3576 725 ad

1876 756 2070 792 versus
2125 740 2528 809 Berengarium
2590 740 2658 793 de
2718 741 3119 794 Eucharistia:
3183 760 3209 791 α
3268 744 3408 794 Vere
3461 742 3575 795 dici

1876 827 2041 879 posse
2075 816 2129 862 et
2160 811 2348 880 ipsum
2375 826 2581 879 corpus
2608 812 2759 881 quod
2792 811 2860 863 de
2892 812 3116 880 Virgine
3139 817 3431 881 sumptum
3466 818 3570 876 est,

1877 886 1931 932 et
1960 885 2150 933 tamen
2187 898 2300 934 non
2345 882 2531 950 ipsum
2566 882 2798 951 quidem
2839 888 3115 952 quantum
3151 882 3221 935 ad
3270 884 3573 937 essentiam

1880 968 2137 1021 veraeque
2173 959 2391 1005 natura:
2424 953 2831 1021 proprietatem
2883 958 3052 1022 atque
3085 953 3352 1005 virtutem
3391 970 3403 1006 :
3456 969 3571 1006 non

1880 1028 2068 1074 autem
2112 1022 2160 1073 si
2182 1027 2410 1093 rspectes
2467 1024 2630 1092 panis
2661 1023 2893 1093 vinique
2946 1023 3212 1092 speciem.
3264 1044 3283 1069 ι
3323 1022 3379 1077 Si
3411 1025 3567 1091 ejus—

1881 1093 2034 1145 modi
2083 1092 2249 1145 verba
2289 1094 2438 1162 apud
2495 1092 2864 1147 ltatramnum
2913 1093 3561 1157 iuvenirentur,disser-

1880 1169 2125 1215 tatorem
2160 1180 2338 1233 usque
2389 1165 2456 1217 ad
2490 1165 2858 1217 articulorum
2915 1166 3201 1233 fragorem
3242 1180 3571 1217 commove-

1880 1238 2023 1287 rent.
2088 1234 2184 1287 Sat
2241 1239 2323 1287 est
2394 1236 2701 1288 Ratramuo
2777 1236 3010 1305 aliquod
3066 1234 3374 1287 discrimen
3425 1234 3577 1287 inter

1880 1321 2083 1374 corpus
2125 1310 2179 1356 et
2209 1320 2417 1374 corpus
2474 1306 2768 1369 attulisse;
2807 1304 3103 1375 nunquam
3136 1304 3280 1358 dixit
3320 1320 3423 1358 nec
3455 1320 3574 1357 esse

1880 1375 2067 1444 ipsum
2101 1392 2306 1444 corpus
2339 1376 2490 1445 quod
2524 1376 2592 1428 de
2643 1377 2813 1429 Maria
2863 1382 3159 1445 sumptum
3212 1380 3313 1428 est.
3361 1375 3468 1429 Sed
3503 1375 3574 1427 ad

1883 1452 2135 1499 mentem
2172 1447 2468 1499 itatramni
2502 1447 2911 1515 congruentius
2943 1448 3126 1500 adhuc
3156 1447 3316 1515 loqui
3348 1446 3574 1499 videtur

1880 1517 2078 1569 beatus
2112 1518 2371 1583 Atgerus,
2403 1518 2665 1586 egregius
2705 1517 2837 1570 fidei
2867 1518 3133 1570 defensor
3158 1518 3427 1569 adversus
3472 1517 3573 1569 Be-

1882 1588 2231 1658 rengarium,
2262 1588 2299 1641 l.
2330 1604 2341 1640 ι
2377 1588 2445 1641 de
2480 1588 2848 1653 Eucharistia,
2882 1605 3003 1658 cap.
3046 1592 3142 1640 t7:
3179 1610 3205 1635 «
3244 1586 3574 1657 Dupliciter,

1882 1657 2091 1727 inquit,
2125 1658 2354 1728 sanguis
2395 1658 2601 1711 Christi
2656 1664 2712 1712 et
2742 1674 2871 1711 caro
2904 1657 3247 1728 intelligitur
3279 1674 3291 1710 :
3336 1658 3423 1710 vel
3456 1657 3578 1727 spi-

1885 1728 2106 1781 ritualis
2139 1728 2235 1781 illa
2267 1734 2438 1798 atque
2484 1728 2699 1794 divina,
2743 1729 2812 1782 de
2843 1745 2956 1798 qua
2987 1729 3105 1797 ipse
3131 1729 3241 1781 ait:
3277 1730 3414 1784 Caro
3466 1743 3581 1781 mea

1813 1812 1852 1865 Β
1881 1815 2001 1852 vere
2021 1804 2099 1853 est
2136 1799 2284 1853 cibus
2314 1806 2364 1852 et
2400 1802 2624 1865 sanguis
2654 1814 2799 1853 meus
2828 1815 2948 1853 vere
2976 1806 3052 1853 est
3096 1804 3253 1868 potus
3280 1818 3295 1865 ;
3324 1799 3411 1852 vel
3448 1814 3578 1851 caro

1881 1869 1979 1922 illa
2028 1886 2156 1940 quae
2196 1870 2464 1923 crucifixa
2513 1877 2597 1923 est
2643 1875 2699 1923 et
2728 1870 2961 1940 sanguis
2996 1870 3095 1939 qui
3128 1870 3328 1922 militis
3362 1868 3574 1922 etfusus

1883 1946 1967 1994 est
1997 1941 2227 2004 lancea;
2268 1942 2420 2011 quod
2454 1958 2569 1994 non
2602 1940 2809 1994 dixisse
2844 1939 3120 2011 quantum
3171 1939 3239 1993 ad
3286 1939 3573 2011 duplicem

1883 2011 2006 2079 ejus
2036 2009 2413 2065 substantiam
2442 2012 2757 2065 credendus
2790 2009 2894 2075 est,
2930 2012 3026 2065 sed
3059 2017 3337 2080 quantum
3370 2010 3436 2062 ad
3470 2009 3576 2063 du-

1883 2082 2089 2152 plicem
2116 2082 2237 2151 ejus
2268 2083 2600 2135 substantiae
2622 2082 2863 2135 formam
2902 2098 3031 2152 qua:
3066 2098 3217 2135 nunc
3241 2081 3300 2133 in
3333 2082 3584 2152 humana

1884 2151 2048 2223 panis
2078 2157 2135 2205 et
2166 2153 2280 2205 vini
2332 2153 2673 2221 intelligitur
2727 2151 2945 2223 forma,
2971 2173 2990 2199 υ
3043 2152 3108 2205 Et
3135 2152 3305 2220 paulo
3339 2151 3578 2204 inferius

1885 2222 2085 2276 eodem
2111 2222 2292 2291 capite
2321 2240 2333 2277 :
2383 2247 2402 2272 ι
2439 2224 2662 2292 Species
2693 2228 2747 2276 et
2776 2222 3091 2276 similitudo
3128 2224 3355 2275 illarum
3388 2237 3579 2292 rerum

1886 2298 2018 2346 sunt
2035 2294 2266 2346 nomina
2294 2310 2421 2363 quae
2461 2291 2592 2347 ante
2622 2294 2878 2359 fuerunt,
2915 2293 3076 2362 panis
3118 2293 3332 2348 scilicet
3359 2297 3415 2344 et
3442 2291 3579 2363 vini,

1886 2380 2002 2417 nou
2034 2364 2289 2433 corporis
2311 2361 2545 2418 Christi.
2597 2366 2815 2434 Corpus
2860 2361 2991 2417 vero
3020 2367 3075 2416 et
3109 2364 3345 2431 sanguis
3376 2361 3580 2415 Christi

1889 2441 2159 2487 vocantur
2208 2436 2593 2503 nuncupative
2641 2452 2706 2488 eo
2766 2434 3074 2487 locutionis
3106 2434 3277 2487 modo
3330 2449 3443 2501 quo
3494 2448 3583 2503 res

1887 2505 2213 2574 signiﬁcans
2240 2507 2379 2557 solet
2410 2502 2495 2558 rei
2523 2506 2852 2574 signiticatae
2877 2504 3151 2557 vocabulo
3184 2502 3526 2571 nuncupari.
3552 2522 3578 2574 ii

1888 2572 1955 2629 Et
1981 2592 2102 2645 cap.
2146 2579 2231 2629 18:
2273 2576 2334 2628 Et
2372 2576 2441 2628 de
2472 2572 2822 2628 sacramento
2862 2575 3094 2644 quidem
3140 2575 3304 2643 panis
3364 2578 3441 2645 et,
3467 2572 3581 2624 vini

1888 2643 2355 2715 quod'signiticet
2404 2651 2461 2699 et
2491 2648 2563 2699 sit
2590 2643 2971 2715 nuncupative
3002 2661 3208 2715 corpus
3241 2643 3448 2697 Christi
3482 2659 3579 2715 sus

1889 2712 2081 2787 perius
2113 2717 2325 2770 dictum
2374 2722 2477 2771 est.
2537 2716 2697 2781 Quod
2731 2712 2861 2770 vero
2897 2712 3343 2784 verum—corpus
3377 2712 3585 2787 Christi

1889 2783 2175 2841 invisibile
2206 2794 2337 2856 post
2397 2788 2871 2841 resurrectionem
2930 2786 3003 2839 sit
3040 2783 3459 2839 sacramentum
3502 2783 3584 2835 vi-

1892 2858 2071 2911 sibilis
2111 2858 2366 2927 corporis
2398 2858 2601 2912 Christi
2637 2858 2693 2910 iu
2727 2858 2991 2927 passione
3019 2856 3309 2925 suiipsius,
3344 2859 3584 2927 testatur

1889 2925 2243 2997 Augustinus
2279 2930 2339 2981 in
2390 2930 2531 2982 libro
2573 2925 2999 2983 Sententiarum
3042 2926 3337 2996 Prosperi:
3375 2946 3402 2972 ‹‹
3441 2925 3580 2978 Caro

1894 3000 2016 3067 ejus
2048 3005 2132 3052 est
2193 3016 2365 3069 quam
2404 3000 2592 3052 forma
2632 2999 2796 3069 panis
2828 3005 3085 3067 opertam
3131 2998 3189 3069 in
3231 2999 3585 3069 sacramento

1897 3066 2228 3139 accipimus,
2272 3076 2324 3124 et
2358 3072 2587 3139 sanguis
2627 3066 2749 3139 ejus
2776 3066 2945 3139 quem
2980 3068 3085 3121 sub
3144 3067 3261 3120 vini
3312 3066 3499 3139 specie
3530 3070 3588 3118 et

81 3157 291 3219 corpus
326 3141 707 3220 quatenusin
758 3142 1002 3195 Ecclesia
1049 3142 1395 3220 celebratum
1438 3158 1540 3220 per
1574 3147 1781 3210 myste-
1817 3159 1856 3214 ο
1892 3137 2089 3220 sapore
2124 3148 2409 3210 potamus,
2443 3137 2573 3194 caro
2605 3137 2864 3220 videlicet
2893 3139 3079 3219 carnis
3113 3144 3169 3192 et
3198 3137 3431 3206 sanguis
3469 3151 3586 3220 san-

82 3214 255 3273 rium,
321 3218 375 3263 et
439 3211 741 3281 proprium
800 3228 975 3282 copus
1021 3228 1121 3265 seu
1174 3212 1619 3282 proprietatibus
1660 3227 1775 3264 cor-

81 3282 272 3351 poreis
306 3282 573 3335 affectum
616 3284 767 3352 quod
801 3300 865 3335 ex
918 3284 1127 3351 Virgne
1158 3286 1327 3338 Maria
1368 3288 1585 3347 natum,
1626 3282 1778 3334 cruci

84 3354 342 3418 afﬁxum,
378 3354 693 3421 sepultum,
728 3360 921 3422 postea
961 3354 1301 3407 mirabiliter
1333 3354 1554 3417 revixit,
1587 3359 1642 3404 et
1690 3354 1776 3406 in-

86 3425 253 3476 castos
303 3425 581 3476 ascendit.
628 3426 755 3477 Haec
806 3425 1127 3494 intelligere
1169 3441 1284 3477 non
1314 3424 1557 3477 arduum
1588 3428 1673 3475 est
1714 3438 1779 3475 ex

88 3510 248 3547 num.
284 3496 355 3547 88
389 3494 451 3546 in
489 3510 621 3565 quo,
653 3496 731 3547 sic
769 3495 920 3547 fatur
952 3512 964 3549 :
1005 3515 1031 3546 «
1075 3498 1435 3565 Quapropter
1476 3510 1680 3565 corpus
1725 3498 1781 3546 et

88 3565 320 3633 sanguis
385 3566 539 3634 quod
609 3564 670 3618 in
728 3565 968 3618 Ecclesia
1023 3564 1244 3634 geritur
1301 3566 1492 3618 ditfert
1548 3564 1780 3619 abillo

84 3651 319 3704 corpore
410 3635 469 3706 et
544 3637 821 3704 sanguine
898 3639 1051 3706 quod
1126 3637 1184 3689 in
1262 3636 1470 3689 Christi
1545 3650 1781 3704 corpore

87 3722 210 3757 cum
244 3705 632 3775 glorificatum
673 3705 1036 3770 cognoscitur
1069 3724 1081 3760 :
1118 3712 1174 3760 et
1203 3707 1310 3759 hoc
1339 3722 1544 3775 corpus
1576 3706 1782 3776 pignus

92 3782 171 3828 est
197 3781 253 3829 et
302 3777 543 3844 species,
588 3777 728 3830 illud
784 3794 920 3829 vero
980 3782 1059 3829 est
1112 3778 1235 3846 ipsa
1272 3778 1495 3829 veritas.
1536 3798 1555 3824 ι
1612 3778 1778 3830 Num.

90 3849 189 3899 89:
220 3868 247 3895 ‹‹
276 3846 759 3916 Videmusitaque
783 3848 1292 3901 multaditferentia
1310 3847 1781 3917 separarimyste-

93 3918 236 3969 rium
266 3917 603 3985 corporiset
629 3918 922 3986 sanguinis
966 3918 1173 3971 Christi
1214 3918 1364 3988 quod
1396 3933 1546 3970 nunc
1592 3934 1622 3970 a
1657 3917 1786 3970 tide-

96 3988 233 4039 tibus
266 3988 519 4059 sumitur
549 3987 607 4040 in
642 3988 903 4059 Ecclesia,
934 3994 990 4041 et
1011 3989 1152 4042 illud
1181 3987 1331 4059 quod
1362 3994 1558 4041 natum
1594 4004 1658 4040 ex
1686 3988 1788 4059 Ma-

94 4058 172 4109 ria
217 4058 472 4127 Virgine,
527 4058 683 4130 quod
748 4075 1000 4127 passum,
1055 4057 1214 4130 quod
1265 4060 1574 4128 sepultum,
1632 4057 1785 4127 quod

93 4130 419 4192 resurrexit,
456 4128 612 4197 quod
636 4130 696 4181 in
722 4130 890 4182 caelos
916 4128 1191 4196 ascendit,
1214 4130 1364 4199 quod
1396 4130 1463 4182 ad
1494 4130 1783 4182 dexteram

96 4200 273 4251 Patris
304 4201 487 4251 sedet.
526 4220 554 4248 »
608 4200 751 4252 Num
789 4202 851 4253 97
891 4216 903 4253 :
952 4221 977 4247 α
1030 4200 1460 4254 Evidentissime
1512 4206 1788 4251 monstra-

94 4274 210 4321 tum
246 4276 331 4321 est
378 4269 533 4338 quod
567 4271 731 4339 panis
774 4271 869 4339 qui
900 4286 1105 4340 corpus
1148 4270 1375 4331 Christi,
1411 4275 1465 4321 et
1494 4269 1635 4322 calix
1688 4268 1787 4338 qui

98 4341 324 4408 sanguis
351 4340 564 4392 Christi
603 4342 944 4411 appellatur,
973 4339 1162 4411 tigura
1184 4341 1256 4393 sit
1277 4341 1413 4410 quia
1428 4339 1783 4411 mysterium,

97 4417 149 4460 et
172 4411 322 4479 quod
358 4427 478 4462 non
523 4409 695 4479 parva
724 4409 1042 4465 differentia
1076 4410 1150 4463 sit
1188 4409 1337 4463 inter
1379 4426 1583 4480 corpus
1632 4409 1785 4479 quod

1888 3207 2077 3279 guinis
2124 3207 2563 3264 sacramentum.
2610 3231 2636 3263 »
2694 3213 2872 3281 Igitur
2924 3210 3158 3263 minime
3216 3207 3586 3281 consequitur

1889 3277 2263 3336 Batramnum
2296 3298 2412 3335 non
2465 3283 2573 3335 sibi
2614 3277 2962 3350 persuasisse
3012 3296 3218 3350 corpus
3258 3295 3319 3331 ex
3356 3277 3583 3350 Virgine

1889 3358 2184 3421 sumptum
2217 3353 2279 3405 in
2325 3348 2677 3406 Eucharistia
2711 3369 2827 3405 non
2875 3348 3133 3416 existere,
3168 3349 3452 3421 quamvis
3477 3348 3583 3421 dif-

1889 3418 2187 3476 ferentiam
2243 3424 2600 3477 constituerit
2658 3424 2806 3476 inter
2859 3423 3000 3476 illud
3050 3418 3257 3490 corpus
3304 3419 3456 3488 quod
3519 3418 3587 3471 de

1892 3494 2065 3547 Maria
2097 3497 2391 3563 sumptum
2444 3500 2545 3559 est,
2581 3500 2638 3548 et
2668 3494 2912 3563 idipsum
2947 3493 3094 3562 quod
3126 3493 3184 3563 in
3230 3490 3470 3563 Ecclesia
3498 3504 3587 3563 ce-

1892 3564 2189 3630 lebratur;
2224 3559 2439 3634 quippe
2482 3580 2611 3617 cum
2660 3559 3196 3634 conceptis—verbis
3224 3562 3421 3614 doceat
3461 3559 3589 3612 sub-

1891 3636 2158 3688 stantiam
2191 3632 2455 3703 panis'et
2502 3636 2615 3687 viui
2647 3650 2766 3687 esse
2813 3648 3139 3685 conversam
3183 3632 3243 3683 in
3293 3646 3497 3698 corpus
3531 3634 3587 3681 et

1893 3708 2233 3773 sanguinem
2266 3705 2495 3771 Christi,
2516 3708 2673 3765 nefas
2693 3720 2803 3757 esse
2832 3720 2938 3778 non
2957 3704 3126 3778 solum
3155 3716 3371 3778 negare,
3404 3714 3587 3751 verum

1891 3772 2055 3829 etiam
2079 3779 2313 3839 cogitare
2358 3791 2463 3829 non
2507 3790 2617 3828 esse
2645 3789 2837 3842 corpus
2869 3774 3081 3825 Christi
3107 3788 3119 3837 ;
3155 3772 3421 3842 dicatque
3453 3785 3585 3842 epr-

1892 3862 1998 3915 pus
2030 3846 2317 3899 nominari
2360 3856 2417 3898 et
2468 3846 2707 3898 existere
2735 3840 2814 3896 ut
2863 3860 3035 3912 supra
3065 3841 3437 3915 ostendimus.
3480 3840 3582 3891 Ea-

1893 3913 2020 3970 dem
2073 3933 2308 3985 prorsus
2351 3916 2634 3969 habentur
2684 3914 2835 3984 apud
2884 3915 3132 3967 Yvouem
3184 3913 3588 3985 carpotensem

1893 3987 1951 4040 in
1998 3981 2235 4055 epistola
2274 3986 2340 4039 ad
2394 3981 2736 4052 Finardum,
2778 3991 2833 4037 et
2872 3989 3039 4036 antea
3077 3982 3240 4055 apud
3279 3981 3587 4055 Babanum

1897 4052 2149 4111 Maurum
2172 4057 2228 4109 in
2255 4057 2495 4125 epistola
2516 4059 2581 4109 ad
2618 4056 2984 4111 Heribaldum
3028 4052 3584 4125 Altissiodorensem,

1896 4144 2067 4197 quam
2129 4122 2344 4196 publici
2395 4127 2542 4195 juris
2611 4127 2742 4180 fecit
2789 4124 3147 4197 doctissimus
3196 4122 3507 4197 Baluzius,‘
3538 4125 3594 4173 et

1896 4191 2066 4266 quam
2090 4191 2160 4251 ab
2187 4197 2344 4251 omni
2372 4191 2470 4250 aut
2498 4198 2728 4251 haaresis
2758 4203 2856 4250 aut
2885 4195 3093 4248 erroris
3136 4194 3453 4266 suspicione
3484 4191 3593 4244 for-

1897 4265 2029 4341 titer
2058 4269 2362 4341 vindicavit
2414 4284 2590 4341 rever.
2656 4266 3231 4341 Pateerhristianus
3288 4265 3473 4341 hupus
3500 4279 3591 4341 or-

1900 4338 2049 4391 dinis
2106 4340 2159 4392 S.
2219 4338 2544 4408 Augustini,
2596 4355 2768 4391 sacra:
2817 4338 3141 4408 Theologize
3188 4335 3476 4408 professor
3535 4335 3592 4385 iu

1896 4410 2203 4462 Academia
2250 4406 2608 4473 Lo'vauiensi,
2660 4409 2721 4462 in
2765 4407 3164 4461 dissertatione
3200 4406 3392 4457 dedita
3424 4419 3594 4470 opera

99 4475 563 4549 [er-mysterium
600 4481 784 4533 existit
814 4488 869 4533 et
916 4498 1123 4551 corpus
1154 4482 1305 4550 quod
1346 4475 1573 4550 passum
1619 4475 1701 4532 est
1728 4486 1783 4532 et
1822 4482 1865 4535 D
1892 4480 1963 4532 ad
2012 4481 2450 4549 explicationem
2496 4480 2957 4533 testimoniorum
2984 4479 3365 4551 quorumdam
3397 4475 3453 4528 S.
3481 4475 3589 4551 _Pa-

99 4553 376 4619 sepultum
440 4553 769 4604 resurrexit.
819 4573 845 4599 »
903 4554 1037 4604 Ecca
1086 4552 1256 4603 verba
1299 4552 1541 4604 debebat
1598 4551 1782 4620 specie

99 4622 336 4689 quadam
370 4622 613 4674 rationis
642 4637 707 4674 ex
732 4622 956 4689 scriptis
995 4623 1290 4676 Ratramni
1325 4622 1640 4675 exscribere
1685 4621 1793 4673 dis-

101 4697 332 4771 sertator
382 4708 415 4771 γε·
443 4708 520 4770 ex_
551 4692 757 4771 quibus
791 4692 1108 4771 potuisset,
1150 4708 1265 4771 non
1310 4692 1530 4771 violatis
1574 4691 1791 4759 legibus

97 4762 555 4815 ratiocinationis
603 4762 930 4827 dialecticas,
993 4763 1387 4833 comprobare,
1419 4763 1790 4817 Ratramuum

99 4847 205 4903 non
243 4833 566 4887 credidisse
622 4849 825 4903 corpus
877 4834 1030 4903 quod
1078 4834 1136 4886 in
1189 4832 1429 4886 Ecclesia
1473 4834 1793 4886 celebratur

94 4902 343 4972 idipsum
404 4919 529 4956 esse
588 4902 743 4971 quod
785 4904 843 4956 in
889 4908 1050 4957 utero
1092 4904 1342 4972 Virginis
1401 4902 1787 4965 etformatum,

96 4974 241 5025 cruci
272 4974 536 5039 aftixum,
564 4979 620 5027 et
650 4973 937 5041 sepultum
976 4978 1173 5043 postea
1204 4973 1429 5027 revixit.
1474 4974 1586 5026 Hoc
1614 4974 1793 5042 igitur

96 5043 151 5094 in
178 5052 433 5096 mentem
462 5045 850 5097 dissertatoris
882 5047 996 5115 jam
1044 5043 1432 5097 iutromittere
1479 5061 1582 5097 nos
1607 5044 1786 5112 juvat,

96 5118 257 5183 atque
281 5117 405 5181 ejus
450 5114 843 5184 intelligentiae
884 5115 1162 5184 subjicere
1202 5115 1348 5167 hanc
1378 5115 1633 5183 ejusdem
1666 5130 1788 5168 cor-

98 5185 243 5249 poris
286 5185 706 5249 ditferentiam,
752 5185 1019 5238 inviolata
1060 5190 1112 5237 et
1146 5187 1370 5254 integra
1416 5190 1790 5253 permanente

102 5254 165 5325 de
207 5257 521 5325 praesentia
565 5255 691 5325 veri
752 5257 1006 5325 corporis
1051 5259 1109 5308 et
1155 5256 1453 5325 sanguinis
1500 5255 1705 5309 Christi
1732 5256 1791 5308 in

102 5324 449 5379 Eucharistia
482 5324 750 5378 Ecclesia:
780 5324 1073 5379 catholicas
1112 5324 1520 5381 ﬁdefNemini
1566 5325 1790 5379 homini

100 5394 386 5465 dubitandi
420 5397 582 5449 locus
614 5396 842 5448 relictus
882 5404 966 5450 est
1000 5396 1139 5465 quin
1171 5396 1536 5457 Lanfrancus,
1570 5396 1789 5449 archie-

100 5464 353 5536 piscopus
398 5467 849 5531 Cantuariensis,
915 5464 1260 5521 fortissimus
1314 5467 1640 5536 Berengarii
1689 5466 1786 5519 ad-

101 5538 391 5604 versarius,
423 5539 590 5607 cujus
623 5536 996 5606 instigatioue
1041 5554 1143 5591 sua
1176 5538 1500 5607 sphalmata
1550 5536 1792 5606 ejuravit

172 5736 194 5760 ⁸
219 5729 511 5799 Appendix
544 5729 619 5784 ad
667 5727 1056 5800 Philosphiam
1087 5744 1323 5783 sacram.

1900 4555 2051 4602 trum
2086 4545 2481 4619 spectantium
2532 4550 2599 4603 ad
2672 4550 2938 4623 haeresim
2987 4545 3594 4623 glicrengariiprelata

1899 4624 2057 4673 tomo
2088 4618 2382 4674 Vsuarum
2418 4626 2680 4673 notarum
2712 4621 2781 4673 ad
2830 4618 3101 4681 Concilia,
3153 4633 3281 4685 pag.
3332 4618 3452 4679 3l7,
3486 4618 3593 4665 im-

1899 4707 2091 4760 presso
2128 4692 2402 4744 Bruxellis
2435 4708 2585 4744 anno
2610 4690 2813 4746 Christi
2853 4692 3003 4762 1672.
3121 4759 3127 4762 Α
3351 4756 3360 4762 ι
3561 4755 3568 4762 ,

1970 4763 2031 4813 V.
2067 4764 2230 4815 L\'um.
2270 4765 2370 4815 10:
2405 4764 2600 4821 Claret,
2653 4762 2841 4829 inquit
2874 4759 3223 4821 dissertator,
3264 4756 3395 4833 quia
3433 4756 3592 4833 panis

1899 4832 1989 4884 ille
2060 4835 2352 4900 tinumque
2412 4836 2644 4900 ﬁgurate
2702 4833 2905 4887 Christi
2977 4841 3166 4894 corpus
3241 4832 3289 4878 et
3369 4832 3592 4887 sanguis

1898 4904 2105 4956 ewistit.

2591 4994 2902 5033 RESPONSIO.

1969 5094 2105 5159 Quis
2146 5094 2365 5149 dubitat
2414 5093 2606 5162 aliqua
2655 5090 2887 5162 dicendi”
2934 5091 2989 5141 et
3039 5085 3323 5141 scribendi
3372 5084 3595 5139 ratione

1900 5182 1998 5218 seu
2030 5181 2238 5235 genere
2294 5160 2525 5235 panem'
2546 5168 2604 5235 et
2632 5160 3100 5235 vinumgtigurate
3135 5163 3434 5235 cor_pus-et
3467 5173 3597 5210 san-

1898 5228 2133 5304 guin'em
2194 5228 2399 5288 Christi
2469 5231 2760 5304 existere?
2820 5228 3192 5304 Paschasius,_
3230 5228 3595 5304 Lanfrancus,

1899 5298 2273 5361 Cuitmondus
2302 5309 2357 5357 et
2385 5319 2584 5356 omnes
2628 5302 2848 5372 antiqui
2882 5306 2939 5353 et
2983 5299 3328 5372 recentiores
3368 5298 3475 5351 viri
3505 5314 3595 5351 ca-

1897 5376 2095 5430 tholici
2155 5377 2303 5427 ultro
2364 5373 2648 5431 fatentur.
2724 5371 3042 5425 dummodo
3113 5386 3308 5423 revera
3387 5384 3593 5436 corpus

1899 5446 2106 5500 Christi
2134 5445 2372 5497 interius
2404 5450 2460 5496 et
2502 5443 2604 5496 sub
2637 5443 2958 5513 speciebus,
2982 5441 3283 5513 continerii
3299 5455 3595 5509 recognos-

1897 5523 2073 5570 catur.
2128 5517 2243 5569 Hoc
2295 5530 2427 5567 vero
2467 5510 2753 5583 conceptis
2806 5510 2992 5583 verbis
3044 5512 3210 5583 docet
3256 5512 3597 5583 Ratra‘mnus

1899 5603 2056 5640 num.
2087 5588 2146 5640 9:
2186 5608 2207 5633 ι
2243 5584 2501 5657 Exterius
2544 5580 2776 5657 quidem
2836 5582 3204 5657 panis__quod
3253 5586 3384 5634 ante
3414 5580 3598 5657 fuerat

1896 5658 2080 5729 forma
2137 5656 2529 5729 praetenditur,
2561 5652 2776 5729 'color‘
2823 5652 3161 5729 ostenditur,
3212 5666 3390 5729 sapor
3443 5652 3592 5729 acci-

1897 5728 2053 5797 pitur
2079 5744 2092 5781 :
2125 5719 2211 5781 ast
2236 5727 2475 5783 interius
2511 5719 2682 5797 longe
2706 5724 2857 5780 aliud
2883 5723 3066 5778 multo
3096 5719 3410 5793 pretiosius
3435 5719 3592 5771 mut-
