3890 6230
287 313 382 364 l8?

983 307 1438 363 DISSERTATIO
1479 309 1543 362 ΙΝ
1590 308 1722 362 LIB.
1777 308 1863 361 DE
1904 308 2227 364 CORPORE
2290 307 2375 362 ET
2424 305 2768 361 SANGUINE
2821 306 3079 362 DOMINI.
3693 309 3780 359 188

280 451 451 517 teque
507 445 873 517 excellentius
927 444 1260 517 intimatur.»
1304 463 1329 494 ι)
1367 445 1427 497 Et
1486 459 1645 517 num.
1689 446 1792 517 l0;
1817 465 1846 517 ᾳ
1880 443 1971 517 Vis
2013 445 2049 496 Α
2087 442 2183 517 sed
2214 442 2368 496 aliud
2397 443 2546 513 quod
2583 458 2865 517 non_esse_
2901 442 3217 517 secundum
3242 441 3561 517 propriam;
3589 456 3778 494 essen-

282 514 420 570 nu'm
472 533 699 586 quoque
731 515 881 586 quod
929 515 1266 568 sacerdotali
1311 514 1734 568 consecratione
1767 515 1978 569 Christi

281 585 513 656 sanguis
540 585 802 651 efﬁcitur,
865 591 1284 640 sacramentum
1314 586 1468 640 aliud
1505 585 1977 655 superﬁcietenus

281 658 545 721 ostendit,
573 657 728 711 aliud
763 657 1004 709 interius
1031 658 1310 710 continet.
1345 676 1372 706 ι)

350 729 434 781 Vl.
474 730 536 780 Et
569 745 727 782 num.
773 731 846 781 19.
887 728 1080 798 inquit
1116 728 1467 792 dissertator,
1504 743 1631 796 pag.
1665 729 1788 790 29l,
1837 727 1973 780 edit.

276 799 612 864 Amstelod.,
649 800 798 851 linea
834 801 918 858 18.
949 800 1006 851 in
1038 799 1249 850 colum.
1285 805 1476 851 exter:
1513 801 1625 852 Non
1673 802 1801 851 sunt
1831 798 1974 851 idem

277 870 420 936 quod
465 870 780 923 creduntur.
855 871 982 935 Quae
1036 872 1323 934 sententia,
1384 872 1433 922 si
1481 871 1702 936 preecise
1750 885 1812 921 ac
1861 869 1978 921 sola

275 945 561 1007 spectetur,
613 942 830 993 tametsi
877 940 1208 1007 probabilem
1258 940 1450 992 habere
1503 945 1674 1006 potest
1731 940 1974 992 intellec-

278 1016 410 1075 tum,
456 1027 572 1064 cum
628 1027 685 1063 eo
733 1020 908 1064 tamen
965 1011 1186 1064 consilio
1239 1013 1556 1077 proferatur
1594 1015 1652 1062 ut
1701 1011 1977 1063 catholicas

280 1081 401 1134 huic
447 1085 564 1134 voci
591 1082 922 1134 adversetur.
972 1081 1096 1134 Hoc
1150 1081 1293 1148 quod
1329 1081 1546 1134 videtur
1594 1083 1652 1134 in
1681 1081 1852 1134 altari
1895 1084 1975 1134 est

278 1167 470 1220 corpus
502 1152 724 1216 Christi,
745 1154 1011 1222 pestifera
1034 1157 1111 1206 est
1150 1155 1384 1206 Ineresis.

971 1289 1284 1327 RESI’ONSIO.

350 1382 506 1435 Unde
537 1381 872 1434 dissertator
923 1380 1138 1450 accepit
1193 1385 1249 1434 et
1305 1395 1367 1433 ex
1421 1380 1632 1449 quibus
1676 1380 1971 1434 Ratramni

275 1452 460 1504 verbis
482 1451 825 1504 intellexerit
855 1468 921 1504 eo
951 1453 1192 1504 consilio
1221 1451 1510 1520 scripsisse
1539 1467 1645 1504 non
1674 1457 1801 1505 sunt
1831 1452 1970 1505 idem

276 1523 419 1590 quod
464 1527 756 1575 cernuntur
804 1529 854 1575 et
902 1525 1045 1590 quod
1075 1522 1388 1587 creduntur,
1444 1526 1504 1574 ut
1541 1522 1816 1575 catholicae
1845 1524 1969 1576 huic

273 1595 389 1645 voci
418 1593 820 1659 adversaretur,
851 1595 956 1646 Hoc
987 1593 1131 1661 quod
1162 1593 1377 1645 videtur
1426 1594 1482 1644 in
1537 1594 1707 1645 altari
1731 1599 1809 1646 est
1855 1609 1964 1646 Cor-

271 1678 375 1732 pus
434 1665 657 1725 Christi,
704 1663 844 1716 nihil
891 1665 1044 1715 enim
1098 1663 1252 1716 aliud
1297 1663 1416 1714 vult
1471 1663 1810 1716 Ratramnus
1860 1664 1968 1717 nisi

275 1750 476 1802 corpus
534 1733 740 1788 Christi
793 1733 946 1802 quod
1006 1749 1202 1787 revera
1252 1734 1354 1785 sub
1409 1733 1704 1802 speciebus
1744 1734 1882 1787 latet
1915 1740 1970 1787 et

277 1803 465 1857 existit
492 1804 548 1857 in
607 1803 773 1857 altari
816 1820 933 1858 non
979 1803 1273 1856 incurrere
1321 1804 1379 1856 in
1433 1805 1645 1868 oculos,
1701 1804 1816 1856 sive
1850 1821 1966 1858 non

277 1890 396 1926 esse
428 1876 724 1927 oculorum
773 1891 941 1928 sensu
991 1874 1306 1944 subjectum
1349 1874 1463 1926 sive
1507 1875 1744 1928 visibile.
1803 1875 1963 1939 Quod

276 1945 519 1998 rotunde
572 1945 842 2005 fatentur,
879 1952 1088 2017 praeter
1139 1945 1414 2016 quosdam
1460 1946 1806 1998 recentiores
1838 1946 1965 2017 phi-

275 2017 561 2084 losophos,
593 2031 790 2068 omnes
821 2015 1114 2084 Theologi,
1164 2017 1281 2068 imo
1337 2031 1535 2068 omnes
1566 2015 1966 2070 homines‘nec

275 2096 466 2139 mente
499 2102 601 2138 nec
647 2086 824 2138 oculis
877 2086 1043 2155 capti.
1103 2086 1206 2139 Sed
1267 2102 1356 2138 res
1413 2087 1672 2154 exemplo
1722 2087 1966 2140 faciliter

273 2156 476 2209 contici
504 2155 722 2225 petest;
753 2157 908 2209 verbi
956 2157 1162 2223 gratia,
1196 2156 1241 2209 si
1273 2156 1475 2209 horum
1506 2157 1810 2210 verborum
1841 2159 1965 2211 loco

272 2243 376 2280 non
407 2233 533 2280 sunt
562 2227 701 2280 idem
749 2227 894 2296 quod
921 2232 1213 2280 cernuntur
1259 2233 1309 2279 et
1347 2227 1490 2295 quod
1535 2227 1848 2282 creduntur.
1887 2230 1966 2281 di-

272 2297 449 2350 xisset
484 2299 844 2359 Ratramnns,
885 2313 989 2350 non
1019 2304 1144 2351 sunt
1181 2297 1323 2350 idem
1366 2297 1510 2364 quod
1547 2304 1968 2366 corrumpuntur

272 2373 320 2419 et
368 2369 512 2434 quod
564 2369 870 2426 creduntur.
907 2384 1012 2421 non
1068 2374 1194 2422 sunt
1243 2369 1385 2420 idem
1435 2368 1666 2436 quodin
1708 2385 1966 2422 secessum

271 2440 561 2491 mittuntur
579 2445 628 2490 et
657 2439 800 2505 quod
820 2439 1133 2502 creduntur,
1166 2455 1270 2492 non
1299 2444 1426 2491 sunt
1455 2439 1596 2491 idem
1626 2441 1770 2506 quod
1797 2443 1965 2505 fran-

270 2515 476 2573 guntur
526 2517 575 2560 et
608 2510 751 2576 quod
803 2508 1136 2561 creduntur:
1170 2508 1456 2577 objectare
1508 2510 1838 2578 neutiquam
1871 2527 1966 2562 au-

273 2579 435 2649 deret
463 2578 796 2630 dissertator
827 2579 928 2630 has
969 2580 1402 2647 propositiones,
1439 2580 1666 2631 tametsi
1699 2581 1962 2649 probabi-

273 2647 387 2700 lem
422 2648 631 2701 habere
687 2648 908 2718 possint
948 2649 1298 2702 intellectum
1357 2665 1399 2700 δι
1455 2647 1779 2715 praecise‘et
1831 2653 1966 2704 solae

275 2725 623 2789 spectentur,
659 2734 788 2770 cum
821 2735 888 2771 eo
927 2719 1166 2770 consilio
1221 2719 1588 2789 proferantur
1620 2726 1684 2773 ut
1728 2722 1964 2773 catholi-

273 2791 350 2841 cis
381 2788 467 2840 his
520 2789 752 2842 vocibus
784 2789 1183 2843 adversentur:
1227 2788 1361 2842 ’Hoc
1401 2790 1545 2857 quod
1595 2793 1881 2858 frangitur
1909 2795 1967 2845 in

273 2861 441 2912 altari
469 2865 546 2913 est
583 2874 774 2927 corpus
829 2859 1080 2917 Christi:
1115 2862 1210 2914 hoc
1236 2860 1380 2929 quod
1435 2863 1492 2913 in
1532 2876 1790 2915 secessum
1833 2865 1967 2916 mit—

273 2932 410 2983 titur
432 2935 510 2984 est
537 2945 729 2997 corpus
761 2931 992 2984 Christi.
1037 2933 1144 2985 Hoc
1195 2931 1339 3000 quod
1361 2933 1419 2984 in
1451 2932 1620 2985 altari
1660 2935 1967 3000 corrumpi-

275 3005 478 3053 tur.....
522 3001 789 3052 Pestifera
821 3008 904 3052 est
935 3002 1184 3063 haeresis,
1221 3002 1491 3072 quoniam
1523 3018 1729 3072 corpus
1757 3003 1966 3058 Christi

273 3086 387 3123 non
438 3076 626 3134 potest
664 3072 977 3139 corrumpi,
1038 3087 1142 3125 nec
1196 3073 1252 3124 in
1300 3088 1584 3125 secessum
1644 3074 1812 3140 mitti,
1860 3091 1963 3126 nec

2089 513 2226 566 tiam
2257 519 2591 567 cernuntur.
2631 533 2657 562 ι
2699 514 2775 566 Ex
2812 513 2901 567 his
2930 514 3084 566 enim
3117 513 3493 582 intelligimus
3528 513 3781 566 Hatram-

2085 600 2226 638 nnm
2278 601 2394 638 non
2443 584 2770 654 repudiasse
2803 583 3526 647 transsubstantiationem,
3564 583 3778 652 quippe

2086 671 2214 708 cum
2258 656 2379 708 haec
2412 653 2666 708 assumat
2692 655 2760 708 ad
2791 655 3247 707 concludendum
3291 671 3386 708 eos
3425 653 3530 723 qui
3564 655 3779 706 uulieul

2088 742 2496 795 recognoscere
2543 727 2600 778 in
2649 726 2818 778 terris
2869 726 3248 778 mutationem
3292 741 3414 778 esse
3459 725 3673 778 factum
3725 727 3778 777 in

2090 797 2463 861 Eucliaristia,
2528 797 2865 865 neutiquam
2915 812 3048 848 vero
3107 796 3168 849 in
3215 795 3284 847 iis
3346 811 3475 866 qua:
3527 795 3776 866 exterius

2089 868 2387 920 manifesta
2452 872 2604 931 sunt,
2664 867 2733 920 ad
2800 867 3093 934 angustias
3151 865 3469 936 constringi
3529 865 3779 936 negandi

2086 954 2293 1007 corpus
2344 938 2550 991 Christi
2609 937 2669 990 in
2717 942 3074 990 sacramento
3125 937 3386 1002 existere,
3451 939 3604 1006 quod
3666 952 3778 989 non

2085 1009 2206 1061 sine
2237 1009 2475 1062 crimine
2521 1009 2630 1062 dici
2688 1014 2786 1061 aut
2833 1007 3071 1078 cogitari
3119 1012 3326 1075 potest.
3362 1029 3389 1055 α
3421 1011 3533 1061 Aut
3560 1007 3628 1069 si,
3693 1007 3775 1059 in-

2085 1080 2230 1148 quit,
2285 1079 2539 1148 protiteri
2592 1079 2904 1142 noluerint,
2955 1079 3379 1147 compelluntur
3430 1093 3778 1147 negarecor-

2082 1165 2189 1217 pus
2215 1167 2334 1202 esse
2373 1150 2710 1219 sanguinem
2737 1150 2943 1204 Christi
2978 1166 2989 1202 :
3029 1149 3182 1218 quod
3216 1150 3374 1202 nefas
3407 1156 3492 1202 est
3525 1163 3645 1201 non
3685 1165 3774 1199 so-

2084 1222 2199 1273 lum
2229 1221 2436 1280 dicere,
2473 1237 2668 1273 verum
2691 1222 2862 1273 etiam
2896 1219 3166 1289 cogitare.
3193 1240 3220 1267 ››
3255 1220 3368 1288 Ego
3416 1235 3558 1273 vero
3587 1219 3768 1272 fateor

2081 1291 2324 1344 libenter
2355 1308 2444 1344 me
2477 1292 2618 1344 nihil
2658 1291 3003 1344 intellexisse
3037 1305 3288 1360 unquam
3312 1290 3444 1343 tidei
3474 1289 3772 1343 catholica:

2079 1362 2515 1415 convenientius
2560 1377 2734 1432 quam
2768 1378 2993 1414 necesse
3037 1377 3158 1414 esse
3205 1377 3606 1429 recognoscere
3646 1376 3771 1432 per-

2079 1439 2263 1486 actam
2322 1434 2381 1486 in
2436 1431 2790 1486 sacramento
2849 1431 3214 1485 Eucharistias
3280 1432 3659 1484 mutationem
3719 1431 3771 1482 in

2079 1520 2278 1556 sensus
2320 1504 2605 1556 humanos
2663 1503 2901 1555 minime
2955 1503 3361 1563 incurrentem,
3413 1502 3499 1554 vel
3563 1517 3771 1569 negare

2076 1589 2282 1643 corpus
2315 1575 2522 1628 Christi
2554 1590 2749 1626 revera
2787 1574 2844 1626 in
2879 1575 2981 1626 hoc
3026 1581 3380 1626 sacramento
3435 1573 3768 1632 consistere,

2077 1645 2228 1714 quod
2263 1647 2420 1698 nefas
2459 1646 2530 1698 sit
2580 1661 2693 1698 non
2730 1647 2918 1698 solum
2959 1645 3167 1710 dicere,
3222 1660 3418 1697 verum
3449 1644 3626 1696 etiam
3677 1660 3770 1696 co-

2076 1717 2280 1785 gitare.

2010 1778 2047 1831 Β
2079 1778 2106 1785 ν
2150 1787 2286 1842 VllI.
2329 1784 2532 1855 (Ibid.)
2563 1787 2656 1841 Sic
2703 1801 2856 1839 num.
2923 1787 3005 1839 l8.
3063 1784 3376 1853 mysterium
3415 1787 3770 1854 proprietati,

2075 1858 2168 1910 hoc
2207 1861 2285 1910 est
2330 1859 2566 1925 propria:
2610 1872 2787 1909 rerum
2834 1859 3094 1922 essentia,
3146 1859 3384 1925 opponit.
3435 1858 3568 1912 Cum
3611 1862 3773 1922 negat

2073 1930 2247 1995 igitur
2293 1944 2485 1996 corpus
2533 1927 2739 1982 Christi
2779 1929 2836 1980 in
2879 1942 3061 1980 mensa
3112 1926 3396 1980 Dominica
3439 1929 3678 1980 existere
3719 1928 3774 1978 in

2072 2001 2321 2064 veritate,
2355 2005 2516 2066 negat
2556 2000 2611 2050 in
2646 2001 2877 2066 propria
2907 1999 3138 2051 essentia
3157 2000 3407 2052 existere.

2767 2119 3080 2158 RESPONSIO.

2147 2209 2487 2280 Neutiquam
2519 2210 2759 2280 opponit
2787 2226 2854 2262 eo
2884 2210 2992 2263 loci
3028 2209 3436 2278 proprietatem
3470 2209 3772 2279 mysterio,

2073 2296 2203 2333 cum
2237 2288 2468 2334 econtra
2499 2283 2618 2333 haec
2652 2297 2773 2334 esse
2799 2281 3091 2334 sociabilia
3139 2281 3496 2333 demonstret
3525 2286 3586 2333 et
3614 2297 3773 2333 com-

2076 2353 2280 2420 probet
2311 2353 2571 2420 esemplo
2603 2352 2890 2422 baptismi,
2927 2352 2984 2404 in
3012 2367 3124 2421 quo
3152 2369 3300 2421 aqua
3329 2367 3681 2419 permanens
3715 2352 3775 2404 in

2077 2439 2178 2474 sua
2227 2423 2574 2490 proprietate
2639 2422 3182 2494 naturalirinterius
3239 2424 3444 2494 occulit
3493 2424 3774 2475 virtutem

2078 2493 2392 2545 sanctitatis
2423 2499 2479 2545 et
2505 2493 2971 2545 immortalitatis.
3019 2494 3133 2546 Hoc
3162 2493 3374 2562 quippe
3424 2500 3774 2560 argumento

2074 2564 2277 2632 probat
2309 2565 2528 2632 species
2580 2563 2986 2616 Eucharisticas
3028 2565 3086 2615 in
3133 2579 3235 2614 sua
3278 2563 3633 2632 proprietate
3669 2579 3775 2616 na-

2075 2635 2247 2686 turali
2319 2635 2718 2699 consistentes,
2793 2634 2968 2686 veluti
3030 2641 3242 2701 tegetes
3299 2650 3362 2685 ac
3433 2635 3771 2702 paropides,

2076 2703 2284 2758 Christi
2352 2720 2556 2772 corpus
2614 2710 2872 2757 sanctum
2943 2708 2999 2756 et
3054 2705 3376 2757 immortale
3436 2707 3772 2756 recondere.

2078 2797 2102 2823 o
2137 2775 2335 2838 Igitur,
2369 2795 2394 2824 ι)
2421 2774 2607 2845 inquit
2633 2775 2994 2840 Ratramnus,
3033 2796 3055 2822 ι
3085 2776 3143 2827 in
3181 2775 3534 2844 proprietate
3556 2775 3776 2828 humor

2075 2845 2480 2912 corruptibilis,
2547 2846 2608 2898 in
2667 2845 2935 2915 mysterio
2989 2861 3123 2898 vero
3171 2847 3347 2898 virtus
3406 2845 3700 2899 salutaris.
3749 2866 3774 2891 ι)

2076 2915 2505 2968 Couclusionem
2555 2931 3036 2983 supervacaneam
3087 2931 3150 2968 ex
3191 2932 3258 2968 eo
3308 2917 3428 2968 loco
3462 2916 3780 2983 assumpsit

2076 2985 2428 3038 dissertator.
2465 2987 2596 3042 Cum
2645 2992 2827 3053 negat,
2857 2986 3048 3056 inquit
3103 2989 3276 3051 igitur
3316 3001 3508 3054 corpus
3563 2987 3778 3041 Christi

2074 3059 2131 3108 in
2169 3073 2352 3110 mensa
2397 3058 2682 3110 Dominica
2711 3062 2939 3110 emistere
2973 3059 3030 3109 in
3065 3060 3313 3118 veritate,
3355 3062 3517 3120 negat
3545 3060 3606 3110 in
3634 3072 3774 3126 pro-

271 3123 483 3209 frangi.
517 3145 590 3193 At
624 3157 750 3193 vero
782 3123 1137 3194 Rati‘amuus
1157 3123 1319 3204 nihil,
1341 3123 1504 3195 aliud
1532 3123 1807 3196 iniiinii

2240 3129 2469 3206 essentia
2506 3129 2762 3207 existere;
2801 3129 3015 3197 quippe
3046 3143 3175 3180 cum
3225 3143 3324 3195 per
3350 3123 3648 3181 veritatem'
3676 3146 3773 3209 so-

272 3227 378 3281 pus
417 3211 648 3271 Christi,
704 3211 856 3279 quod
910 3228 1032 3264 esse
1076 3228 1270 3265 revera
1305 3214 1362 3264 in
1410 3213 1753 3266 Eucharistia
1785 3215 1966 3268 credi-

269 3286 382 3347 tur,
418 3297 532 3333 non
566 3287 852 3353 cernatur,
893 3281 1035 3334 sicut
1063 3283 1278 3351 species
1317 3299 1443 3352 quae
1475 3284 1818 3353 franguntur
1847 3302 1968 3338 cor-

273 3356 624 3420 rumpuntur
652 3352 801 3425 etin»
829 3368 1107 3425 secessum
1138 3355 1480 3425 mittuntur,
1516 3371 1629 3407 non
1664 3361 1794 3408 sunt
1823 3355 1968 3425 idip-

271 3438 395 3494 sum
429 3438 638 3494 corpus
673 3422 902 3484 Christi,
936 3423 1085 3492 quod
1112 3425 1364 3494 creditur
1402 3424 1506 3478 sub
1545 3425 1633 3478 his
1675 3422 1970 3494 speciebus

269 3492 445 3545 latere
467 3497 524 3544 et
554 3493 815 3566 existere.
840 3494 921 3566 _Ex
957 3493 1042 3546 his
1075 3493 1616 3566 abundanterpatet
1664 3492 1836 3566 quam
1869 3514 1968 3549 su-

267 3578 682 3638 pervacaneum
717 3564 790 3638 sit
825 3562 895 3638 in
925 3568 1012 3617 tot
1042 3563 1221 3638 nubes
1261 3562 1636 3638 subtilitatem
1680 3562 1740 3619 et
1786 3567 1968 3638 aequi-

267 3634 627 3686 vocationum
709 3633 979 3687 distillare
1039 3636 1357 3700 cerebrum,
1423 3635 1492 3688 ad
1570 3633 1966 3691 stabiliendum

267 3703 413 3756 hanc
469 3704 916 3773 propositionem
969 3707 1340 3759 catholicam:
1393 3708 1502 3760 Hoc
1551 3709 1695 3775 quod
1752 3709 1970 3763 videtur

269 3777 324 3826 in
370 3776 540 3828 altari
585 3780 664 3828 est
692 3790 882 3843 corpus
913 3775 1136 3842 Christi,
1197 3776 1285 3830 cui
1321 3780 1607 3831 contraria
1665 3779 1740 3831 sit
1779 3779 1965 3832 mani-

265 3845 404 3919 feste
437 3845 735 3919 lueretica;
791 3846 1016 3919 quippe
1043 3863 1172 3900 cum
1225 3848 1365 3900 nihil
1408 3849 1562 3905 aliud
1622 3849 1725 3902 hac
1767 3865 1969 3919 propo-

266 3915 470 3967 sitione
501 3915 1194 3985 signiﬁcari"intelligatur
1224 3933 1396 3986 quam
1447 3920 1604 3972 haec:
1665 3915 1784 3973 Hoc
1824 3915 1969 3987 quod

265 3987 552 4058 frangitur
578 3989 635 4038 in
666 3987 834 4058 altari
871 3993 949 4040 est
987 4002 1180 4054 corpus
1231 3990 1456 4052 Christi,
1490 3991 1548 4041 in
1577 4005 1687 4058 qua
1720 3992 1966 4058 particu-

269 4056 324 4127 la
362 4071 462 4127 Hoc
497 4071 611 4127 non
639 4056 921 4127 signiﬁcat
975 4059 1273 4126 proprium
1332 4063 1388 4110 et
1453 4056 1732 4112 naturale
1761 4076 1968 4127 corpus

268 4125 474 4177 Christi
505 4125 609 4176 sub
641 4126 934 4191 speciebus
967 4125 1145 4178 latens
1193 4134 1251 4179 et
1280 4129 1658 4190 reconditum,
1708 4131 1799 4182 sed
1851 4125 1966 4182 cor-

266 4210 374 4263 pus
408 4195 877 4267 nuncupativum,
931 4203 993 4247 ut
1020 4196 1280 4266 loquitur
1307 4197 1507 4250 beatus
1545 4200 1804 4267 Algerus,
1838 4216 1968 4252 cor-

266 4280 373 4333 pus
405 4263 463 4316 in
493 4263 678 4339 figura
729 4265 883 4339 quod
913 4263 1212 4339 proprium
1245 4271 1298 4319 et
1336 4269 1592 4320 naturale
1620 4263 1848 4322 '0cculit
1887 4272 1967 4339 ip-

268 4349 412 4458 zulm,
476 4335 627 4403 quod
676 4335 854 4388 oculis
904 4336 1108 4389 nostris
1150 4342 1408 4406 ’Ἄφαντον
1438 4340 1629 4406 ἐγένετο
1653 4343 1726 4394 sit
1780 4335 1968 4394 invisi-

304 4421 318 4456 ι
345 4421 390 4456 e.

304 4421 390 4456 ue.

2076 3197 2323 3250 litariam
2369 3199 2451 3250 rei
2491 3199 3008 3251 manifestatiouem
3041 3214 3141 3250 seu
3189 3205 3484 3251 externam
3541 3199 3773 3267 patefa-

2077 3269 2322 3322 ctionem
2347 3269 2651 3337 intelligat,
2683 3284 2811 3338 qua:
2834 3284 3064 3321 omnem
3099 3269 3297 3335 tigurw
3328 3276 3427 3321 aut
3456 3271 3775 3322 obumbra-

2077 3339 2248 3391 tionis
2278 3339 2601 3391 societatem
2648 3339 2897 3408 perimit,
2933 3339 3262 3408 neutiquam
3299 3355 3429 3391 vero
3461 3343 3777 3392 esst-utinm

2077 3410 2373 3478 propriam
2407 3425 2620 3475 rerum,
2651 3426 2779 3478 quas
2813 3409 3126 3478 ligurarum
3168 3410 3495 3463 societatem
3531 3426 3647 3463 non
3691 3428 3776 3463 re-

2077 3480 2247 3548 spuit.
2295 3480 2430 3542 Quie
2476 3495 2604 3532 cum
2655 3481 2731 3533 ita
2779 3481 2913 3542 sint,
2961 3480 3184 3532 etiamsi
3239 3480 3458 3546 darem,
3501 3481 3653 3534 absit
3697 3488 3779 3533 ta-

2079 3567 2207 3603 men
2263 3556 2327 3621 nt
2382 3551 2769 3613 concederem,
2839 3551 3210 3604 Ratramnum
3277 3566 3488 3620 negare
3550 3553 3778 3621 Corpus

2077 3619 2283 3674 Christi
2315 3636 2433 3672 esse
2479 3621 2535 3672 in
2571 3621 2919 3673 Eucharistia
2979 3621 3038 3673 in
3085 3619 3374 3685 veritate,’
3406 3621 3550 3674 nihil
3612 3619 3774 3675 aliud

2076 3699 2312 3759 negaret
2344 3691 2448 3770 nisi
2480 3691 2694 3771 dictum
2720 3706 2926 3761 corpus
2957 3707 3068 3743 non
3103 3707 3223 3771 esse
3250 3698 3364 3771 aut_
3386 3693 3681 3771 palpabile
3711 3711 3780 3746 ac

2077 3777 2308 3830 prorsus
2337 3761 2460 3812 sine
2495 3762 2677 3830 tigura
2711 3777 3052 3830 quacunque
3087 3767 3142 3812 et
3172 3761 3613 3816 obumbratione
3647 3778 3782 3816 con-

2075 3833 2292 3884 sistere.
2349 3831 2713 3900 lucogitabile
2757 3831 2924 3902 enim,
2950 3840 3032 3885 est
3081 3831 3268 3885 dicere
3299 3833 3546 3885 voluisse
3578 3849 3780 3902 corpus

2074 3917 2179 3955 non
2243 3904 2491 3967 existere,
2562 3905 2629 3954 de
2698 3917 2811 3970 quo
2879 3901 2960 3954 ait
3024 3918 3262 3954 numero
3330 3906 3416 3966 96,
3477 3901 3780 3972 conceptis

2076 3972 2284 4036 verbis,
2331 3987 2522 4040 corpus
2559 3973 2765 4027 Christi
2795 3977 3106 4025 nominatur
3134 3978 3182 4026 et
3211 3975 3418 4026 existit.
3464 3973 3529 4026 Et
3557 3974 3780 4027 fatetur

2072 4042 2315 4096 interius
2357 4044 2479 4096 lieri
2521 4043 2895 4095 mutationem
2928 4059 3098 4111 quam
3132 4043 3382 4095 exterius
3409 4059 3615 4096 sensus
3659 4062 3780 4098 non

2073 4113 2420 4182 percipiunt,
2468 4113 2840 4182 corporisque
2888 4114 3250 4166 existentiam
3295 4113 3355 4166 in
3409 4115 3779 4169 Eucharistia

2075 4185 2195 4236 sine
2225 4183 2428 4252 grandi
2452 4184 2675 4253 piaculo
2704 4184 2900 4252 negari
2931 4200 3043 4236 non
3076 4200 3259 4251 posse.

2145 4255 2223 4307 1X.
2279 4253 2434 4322 (Pag.
2483 4254 2619 4305 edit.
2656 4255 2890 4307 Amstel.
2923 4255 3056 4317 291;
3093 4254 3235 4306 Edit.
3270 4270 3402 4306 vero
3434 4255 3782 4309 Parisiensis

2074 4324 2275 4447 prima:
2312 4340 2446 4392 pag.
2483 4326 2810 4387 l75.)11anc
2852 4340 3015 4376 unum
3056 4325 3267 4377 Joanni
3313 4327 3490 4388 Seoto,
3545 4327 3772 4380 scilicet

2124 4399 2406 4447 atramno.
2457 4395 2728 4447 placuisse
2777 4397 3134 4447 accentionem
3165 4396 3476 4447 elocutionis
3512 4411 3572 4447 IN
3612 4413 3772 4447 VERI-

2124 4399 2406 4459 atramno,
2455 4395 2728 4462 placuisse
2777 4397 3134 4463 acceptionem
3165 4396 3476 4448 elocutionis
3512 4411 3572 4449 IN
3612 4413 3777 4451 νεω-

337 4475 450 4528 νιι,
505 4474 672 4544 (ρᾶς,
731 4473 884 4540 29L)
931 4476 1037 4530 Sed
1082 4476 1227 4545 quod
1277 4483 1440 4544 caput
1492 4485 1570 4530 ρετ
1617 4478 1766 4533 docet
1824 4480 1961 4534 idem
2006 4472 2221 4545 Dure,
2282 4467 2386 4518 imo
2444 4471 2493 4545 et
2551 4467 2829 4545 catholicis
2885 4465 3129 4545 omnibus
3186 4467 3449 4545 intelliget
3506 4468 3779 4545 cordatus

266 4547 603 4613 apertissime
630 4561 778 4598 num.
828 4549 888 4598 l5
918 4561 1024 4599 non
1070 4561 1180 4600 esse
1211 4549 1427 4615 aliquid
1476 4551 1534 4601 in
1572 4552 1820 4614 veritate,
1856 4566 1967 4605 esse

266 4616 408 4690 idem
434 4620 598 4685 atque
651 4631 758 4669 non
787 4631 896 4670 esse
935 4617 1048 4671 tale
1079 4617 1394 4672 secundum
1438 4619 1728 4690 propriam
1773 4637 1963 4676 essen-

267 4687 424 4740 tiam.

961 4790 1272 4828 RESPONSIO.

343 4879 489 4932 Nihil
530 4882 614 4930 est
659 4879 840 4948 magis
872 4879 974 4933 hac
1004 4879 1351 4948 cogitatione
1386 4881 1770 4936 dissertatoris
1798 4901 1832 4936 a
1869 4901 1962 4937 ve-

270 4949 430 5024 ritate
459 4948 710 5024 alienum
738 4967 752 5016 ;
787 4951 919 5024 haec
953 4950 1108 5024 enim
1141 4950 1311 5003 verba
1340 4967 1446 5006 non
1491 4969 1601 5007 esse
1645 4955 1876 5024 aliquid
1907 4958 1964 5008 in

266 5021 492 5091 veritate
522 5020 855 5088 neutiquam
879 5021 1201 5091 signiﬁcant
1218 5037 1333 5075 non
1360 5039 1482 5076 esse
1508 5025 1618 5076 tale
1649 5020 1962 5078 secundum

269 5089 560 5157 prOpriam
599 5091 900 5144 essentiam
927 5089 953 5155 ;’
992 5091 1087 5145 sed
1143 5092 1306 5146 fateri
1359 5109 1587 5146 necesse
1631 5111 1750 5147 esse
1782 5101 1964 5148 muta-

268 5158 509 5234 tionem
535 5159 975 5234 inEucharistia
1005 5169 1290 5234 peractam
1320 5179 1432 5216 non
1463 5164 1521 5216 in
1554 5164 1622 5217 iis
1655 5181 1781 5234 quae
1815 5172 1964 5218 exte-

269 5229 711 5305 riusvidentur,
759 5247 872 5305 seu
912 5229 1229 5305 manifesta
1279 5241 1578 5303 apparent,
1634 5229 1958 5305 cuntigisse,

268 5299 364 5352 sed
391 5300 448 5352 in
493 5299 562 5351 iis
595 5314 725 5366 quae
757 5300 996 5355 interius
1048 5319 1152 5356 nec
1182 5303 1240 5357 in
1293 5299 1490 5357 sensus
1521 5299 1833 5360 exteriores
1877 5308 1962 5360 in-

267 5374 524 5421 currunt.
561 5368 676 5422 Hac
717 5371 872 5424 enim
905 5381 1023 5426 arte
1074 5375 1425 5428 demonstrat
1471 5377 1813 5430 Ratramnus
1854 5378 1963 5431 alia

269 5455 388 5511 esse
420 5456 547 5509 qua:
579 5448 895 5495 eernuntur
931 5451 988 5496 et
1028 5460 1154 5511 quae
1185 5445 1513 5511 creduntur,
1543 5463 1643 5500 seu
1674 5448 1786 5500 alia
1818 5447 1961 5501 inte-

270 5509 387 5562 rius
411 5513 678 5578 existere,
713 5512 823 5564 alia
872 5509 1170 5567 manifesta
1214 5517 1460 5569 exterius
1490 5509 1685 5570 videri.
1715 5537 1743 5568 α
1804 5519 1959 5571 Fate-

267 5581 500 5646 buntur,
531 5599 559 5631 ι)
605 5582 794 5651 inquit
823 5583 1184 5655 Batramnus,
1222 5608 1248 5634 «
1276 5587 1452 5655 igitur
1483 5604 1707 5641 necesse
1754 5594 1839 5640 est
1867 5594 1965 5641 aut

270 5656 506 5726 mutata
527 5668 650 5708 esse
675 5654 985 5707 secundum
1005 5654 1158 5709 aliud
1188 5654 1358 5724 quam
1392 5659 1705 5710 secundum
1734 5674 1961 5726 corpus,

268 5737 332 5774 ac
363 5737 468 5791 per
496 5723 600 5778 hoc
661 5740 770 5776 non
835 5741 956 5778 esse
1013 5727 1118 5779 hoc
1148 5723 1300 5797 quod
1355 5727 1412 5781 in
1445 5728 1683 5781 veritate
1716 5723 1960 5794 videtur,

2072 4538 2318 4603 quisque,
2363 4537 2459 4601 qui
2506 4537 2809 4589 meminerit
2865 4536 3181 4588 damnatum
3223 4550 3333 4588 esse
3377 4538 3780 4602 Bcrengarium

2072 4606 2216 4674 quod
2261 4608 2471 4672 pariter
2501 4606 2774 4659 asserebat
2804 4608 2860 4658 in
2891 4609 3073 4673 ﬁgura
3110 4611 3160 4659 et
3203 4608 3261 4658 in
3297 4613 3641 4661 sacramento
3690 4615 3776 4662 to-

2072 4682 2184 4729 tum
2207 4676 2334 4739 ﬁeri
2375 4676 2515 4728 nihil
2547 4692 2598 4728 IN
2645 4692 2926 4737 \‘EltlTA'l‘E;
2973 4691 3091 4728 cum
3140 4679 3438 4743 praesertim
3492 4679 3776 4744 Berenga-

2069 4748 2144 4799 rii
2175 4749 2336 4813 quasi
2363 4751 2636 4814 susceptus
2670 4761 2734 4800 ac
2764 4746 3048 4799 deticiosus
3090 4748 3318 4800 Joannes
3358 4748 3544 4801 Scotus
3588 4752 3780 4802 earsti-

2071 4818 2214 4870 terit.
2246 4817 2308 4869 In
2348 4817 2495 4869 hanc
2533 4831 2651 4868 rem
2698 4816 2948 4886 prodidit
2997 4817 3332 4870 dissertator
3373 4818 3780 4884 fragmentum

2070 4886 2363 4951 Cualterii,
2401 4886 2609 4954 prioris
2636 4886 2690 4940 S.
2745 4887 3004 4951 Victoris,
3031 4888 3271 4940 relatum
3293 4893 3452 4940 tome
3486 4889 3555 4941 lll
3610 4893 3782 4942 Ana-

2069 4958 2345 5028 lectorum
2401 4972 2694 5010 sacrorum
2739 4956 3053 5010 doctissimi
3091 4957 3424 5023 Mabillonii,
3463 4973 3596 5028 pag.
3639 4961 3779 5014 450.

2763 5077 3073 5117 ιιεεμοΝειο.

2145 5169 2288 5240 Bene
2357 5184 2420 5219 ac
2475 5166 2767 5235 sapienter
2835 5167 3137 5220 damnatus
3194 5171 3313 5240 estg
3349 5170 3779 5240 Berengarius;

2070 5238 2286 5308 quippe
2324 5253 2454 5290 cum
2499 5253 2602 5305 per
2655 5253 2845 5290 vocem
2880 5254 2935 5292 1N
2990 5252 3240 5310 ventura
3299 5237 3659 5310 intelligeret
3714 5237 3779 5296 in

2067 5310 2296 5379 propria
2324 5310 2404 5360 rei
2433 5313 2635 5360 natura
2663 5323 2756 5362 seu
2787 5311 3017 5362 essentia
3045 5327 3061 5362 :
3100 5308 3360 5378 adeoque
3389 5308 3784 5379 sibi‘persua-

2071 5378 2230 5430 deret
2257 5378 2316 5430 in
2362 5384 2718 5431 sacramento
2775 5384 2960 5430 totum
2994 5379 3118 5431 ﬁeri
3165 5379 3224 5432 in
3267 5379 3474 5448 tignra,
3524 5378 3669 5434 nihil
3717 5386 3786 5438 in

2069 5463 2126 5501 re
2149 5453 2200 5501 et
2224 5451 2454 5502 essentia
2497 5449 2758 5517 Corporis
2785 5449 3015 5502 Christi.
3057 5449 3161 5502 Sed
3196 5449 3511 5503 absurdum
3551 5459 3637 5504 est
3689 5453 3786 5506 in-

2071 5519 2278 5572 ducere
2320 5520 2726 5587 Berengarium
2756 5520 3131 5586 interpretem
3164 5519 3461 5573 Ratramni
3506 5521 3786 5577 ducentis

2071 5595 2201 5641 ante
2241 5590 2405 5642 annis
2445 5591 2565 5658 jam
2599 5589 2817 5643 dudum
2845 5589 3134 5654 defuncti;
3173 5605 3300 5643 cum
3337 5591 3460 5658 ipse
3502 5591 3787 5647 Hatram-

2072 5675 2179 5711 nus
2207 5660 2543 5730 testiﬁcatur
2573 5664 2630 5712 et
2653 5661 2840 5730 palam
2871 5660 3151 5730 significat
3177 5677 3234 5712 se
3266 5675 3372 5730 per
3393 5661 3542 5714 hanc
3573 5678 3784 5718 vocem

2072 5745 2124 5781 IN
2200 5745 2454 5783 \‘ERITATE
2504 5729 2824 5798 intelligere
2879 5729 2960 5784 rei
2993 5729 3522 5785 manifestationem
3582 5740 3780 5788 exter-
