3890 6230
112 338 206 390 189

829 334 1282 392 DlSSERTATlO
1322 334 1386 390 ΙΝ
1429 337 1555 390 LIB.
1603 336 1691 391 DE
1734 334 2060 392 CORPORIS
2095 337 2180 392 ET
2221 336 2577 392 SANGUINE
2621 338 2883 394 DOMINI.

3512 341 3607 392 l90

111 485 240 522 nam
278 468 746 538 patefactionem,
781 467 1046 522 omnibus
1084 466 1286 536 ﬁguris
1313 473 1370 522 et
1419 465 1810 522 obumbratio-
1850 471 1892 524 A
1925 466 2076 523 nobis
2107 470 2493 535 mani/ceteris,
2543 470 2903 537 mentotesque
2946 474 3161 524 nostros
3217 469 3431 524 obtutus
3489 470 3608 522 sin-

109 540 277 592 nibus
309 556 549 594 vacuam
586 547 643 593 et
685 556 914 608 prorsus
959 545 1398 609 repugnantem,
1430 539 1811 610 quemadmo-

106 612 242 664 dum
276 627 446 678 supra
478 628 545 664 ex
576 628 736 664 num.
772 614 802 665 5
833 610 1356 679 comprobavimus.

177 683 236 735 Χ.
284 683 663 736 Substantiam
721 683 913 734 deinde
954 683 1068 734 vini
1106 682 1362 749 compici,
1422 683 1503 733 ait
1556 682 1810 735 Ratram-

106 769 208 806 nus
230 769 374 805 num.
427 757 509 816 l0,
542 753 731 821 inquit
759 754 1090 804 dissertator
1114 768 1243 819 pag.
1292 753 1390 805 176
1425 751 1560 804 edit.
1607 752 1810 821 prima!

111 825 287 876 Paris.
340 824 564 877 Claudii
606 825 833 893 Muguet
886 838 1035 874 anno
1098 825 1255 888 1699,
1305 823 1422 874 sive
1469 824 1594 893 291,
1652 837 1807 874 num.

113 897 230 956 176,
268 900 545 947 tmemate
604 891 845 955 ll,edit.
886 893 1432 947 Amstelodamensis
1461 891 1597 945 anni
1652 895 1807 957 1⁸709,

109 968 176 1016 de
230 965 454 1027 Lorme,
506 981 618 1033 qua
661 971 819 1018 aetate
873 964 1125 1017 catholici
1171 969 1354 1031 aperte
1415 963 1814 1031 proﬁtebantur

113 1036 484 1088 substantiam
512 1039 674 1103 punis
707 1038 760 1088 in
791 1035 1154 1089 substantiam
1178 1036 1415 1102 Corporis
1448 1035 1651 1087 Christi
1688 1049 1811 1086 con-

111 1109 271 1164 certi,
331 1113 386 1158 ut
447 1108 656 1171 Haymo
729 1107 1183 1158 Halbrrstatensis
1236 1107 1484 1172 superius
1557 1103 1812 1157 laudatus

105 1193 235 1244 pag.
267 1179 370 1240 99;
402 1183 452 1230 et
491 1180 586 1229 hoc
626 1177 770 1245 quvd
815 1177 1056 1229 videmus
1083 1178 1142 1228 in
1172 1177 1360 1236 altari,
1415 1175 1632 1228 aiebant
1697 1190 1810 1228 esse

109 1263 214 1300 non
253 1250 420 1314 panis
464 1248 848 1313 substantiam,
887 1247 982 1300 sed
1028 1261 1220 1316 corpus
1277 1248 1455 1315 ipsum
1501 1252 1690 1300 natum
1747 1262 1814 1298 ea;

122 1320 250 1386 Virg
259 1321 364 1372 ine.

811 1422 1118 1460 RBSPONSIO.

190 1531 420 1584 Minime
478 1531 617 1583 dicit
681 1530 1024 1584 Ratramnus
1073 1528 1451 1583 substantiam
1503 1528 1618 1582 vini
1676 1545 1814 1581 con-

119 1602 287 1668 spici:
323 1603 367 1652 si
401 1602 558 1654 enim
590 1601 696 1653 huc
731 1602 1130 1654 tantummodo
1162 1600 1394 1661 diceret,
1427 1601 1707 1666 subjicere
1735 1599 1815 1650 vi-

121 1672 358 1724 deretur
409 1678 536 1741 post
584 1671 1066 1725 consecrationem
1125 1672 1244 1725 fore
1298 1670 1635 1724 substantiae
1698 1669 1815 1722 vini

122 1743 632 1810 permutationem.
682 1743 786 1796 Sed
821 1743 898 1795 ait
945 1743 1090 1796 nihil
1122 1741 1274 1796 aliud
1325 1741 1576 1810 conspici
1626 1741 1682 1794 in
1715 1757 1815 1792 su-

122 1814 355 1891 perﬁcie
387 1830 559 1891 quam
603 1813 974 1891 substantiam
1008 1813 1125 1891 viui
1157 1829 1178 1891 ε.
1203 1833 1241 1891 ιι.
1280 1812 1424 1875 Quid
1456 1812 1610 1891 enim
1661 1811 1814 1891 aliud

123 1882 180 1935 in
229 1885 534 1954 superﬁcie
566 1900 738 1953 quam
773 1883 1089 1936 substantia
1130 1883 1246 1936 vini
1285 1882 1656 1952 conspicitur.
1694 1901 1719 1932 »
1755 1883 1817 1935 Et

123 1955 384 2007 observat
422 1971 486 2007 ac
518 1956 684 2008 docet
713 1954 907 2007 vinum
939 1954 1203 2008 eﬁ‘ectum
1237 1958 1654 2007 sacramentum
1687 1969 1816 2006 san-

123 2027 313 2090 guinis
345 2026 556 2080 Christi
590 2042 691 2095 per
738 2025 1248 2086 consecrationem,
1291 2024 1445 2077 aliud
1501 2024 1560 2077 in
1610 2039 1815 2095 super-

125 2097 245 2150 ﬁcie
270 2097 521 2150 exterius
554 2094 872 2156 ostendere,
906 2100 963 2150 et
1000 2096 1154 2149 aliud
1194 2096 1433 2148 interius
1465 2094 1758 2147 continere
1802 2110 1813 2146 :

127 2191 145 2214 ι
210 2167 368 2229 Quod
413 2167 749 2220 sacerdotali
797 2167 1219 2220 consecratione
1270 2165 1476 2220 Christi
1522 2165 1818 2234 sanguinis

124 2237 369 2290 efﬁcitur
395 2244 837 2303 sacramentum,
865 2238 1015 2290 aliud
1049 2237 1520 2306 superlicieteuus
1542 2235 1817 2294 ostendit,

125 2309 276 2360 aliud
307 2308 550 2360 interius
572 2308 840 2360 continet.
883 2328 908 2356 »
953 2309 1016 2360 Et
1050 2314 1112 2360 ut
1147 2307 1360 2359 nemini
1387 2306 1626 2359 dubium
1657 2306 1821 2358 subo-

125 2380 234 2430 leat
265 2379 407 2445 quin
440 2380 595 2431 aliud
630 2379 913 2447 intelligat
942 2394 1115 2448 quam
1148 2379 1522 2430 substantiam
1568 2377 1679 2428 vini
1715 2376 1818 2429 hac

125 2449 425 2516 supeiﬁcie
473 2449 910 2518 circumseptam
958 2454 1015 2502 et
1053 2449 1318 2501 exteriori
1361 2449 1568 2516 specie,
1617 2463 1818 2518 conce-

129 2527 238 2587 ptis
293 2521 484 2571 verbis
515 2520 595 2571 ait
628 2536 786 2572 num.
829 2519 1115 2589 superiori
1145 2519 1324 2572 videri
1368 2519 1610 2572 formam
1655 2517 1818 2586 panis

127 2593 219 2657 qui
247 2593 377 2643 anle
421 2592 608 2655 fuerat
641 2591 922 2659 (adeoque
955 2590 1202 2658 amplius
1248 2605 1361 2642 non
1390 2590 1513 2658 est),
1571 2590 1817 2640 colorem

127 2661 376 2721 ostendi,
409 2677 672 2729 saporem
707 2661 947 2730 percipi,
975 2664 1070 2713 sed
1107 2660 1345 2712 interius
1389 2659 1602 2730 aliquid
1639 2659 1818 2711 multo

127 2732 436 2799 pretiosius
484 2732 769 2784 contineri
823 2729 881 2784 et.
936 2731 1302 2784 excellentius
1358 2731 1494 2797 quia
1523 2729 1815 2790 divinum;

125 2818 234 2853 non
264 2802 346 2854 ait
392 2802 708 2871 simplicem
755 2817 874 2854 esse
911 2804 1166 2855 virtutem
1212 2803 1676 2868 sanctiﬁcationis,
1724 2800 1819 2852 sed

125 2872 314 2940 ipsum
343 2889 553 2939 Corpus
585 2872 791 2927 Christi
827 2872 1047 2925 Domini
1083 2873 1230 2941 quod
1265 2888 1449 2941 neque
1482 2871 1680 2936 oculis,
1713 2886 1820 2922 ue-

123 2959 228 3012 que
279 2949 450 3010 gustu
515 2960 618 2996 nec
651 2945 766 2996 ullo
800 2959 969 2995 sensu
1004 2942 1214 3011 percipi
1253 2949 1454 3012 potest,
1491 2941 1584 2994 sed
1640 2941 1820 2993 oculis

126 3021 331 3066 mentis
356 3015 540 3067 ﬁdelis
574 3013 926 3082 conspicitur
957 3013 1368 3067 etcmneditur.
1406 3034 1432 3062 ‹‹
1483 3012 1760 3076 Exterius,
1794 3032 1813 3058 ι

124 3084 335 3154 inquit,
373 3106 394 3130 ι
432 3085 604 3153 panis
647 3091 730 3136 est
778 3084 931 3154 quod
970 3089 1103 3138 ante
1159 3084 1344 3136 fuerat
1404 3103 1430 3133 ››
1491 3082 1819 3154 (ΘΓΒΟΗᾸΗΙΒ

123 3152 246 3222 post
288 3152 925 3208 consecrationem'non
958 3158 1062 3220 est)
1123 3174 1150 3202 ‹‹
1193 3153 1377 3207 forma
1423 3152 1820 3222 praetenditur,

123 3226 273 3278 color
321 3227 668 3286 ostenditur,
700 3241 871 3293 sapor
917 3225 1222 3292 accipitur;
1258 3228 1340 3279 ast
1367 3223 1607 3276 interius
1656 3224 1822 3291 longe

123 3297 274 3348 aliud
334 3296 516 3350 multo
575 3296 876 3365 pretiosius
938 3297 1235 3364 multoque
1285 3293 1824 3365 excellentiusintie

126 3373 332 3430 matur,
385 3368 525 3436 quia
567 3363 815 3431 cceleste,
847 3366 983 3436 quia
1043 3363 1329 3429 divinum,
1390 3365 1445 3418 id
1481 3370 1563 3417 est
1616 3363 1822 3436 Christi

126 3453 350 3506 corpus,
406 3435 751 3502 ostenditur,
797 3435 946 3506 quod
994 3453 1109 3489 non
1162 3436 1424 3488 sensibus
1469 3435 1675 3500 carnis,
1726 3435 1823 3488 sed

126 3508 297 3560 animi
335 3508 522 3561 ﬁdelis
569 3508 826 3561 contuitu
881 3508 966 3560 vel
993 3507 1268 3576 aspicitur
1301 3508 1387 3559 vel
1417 3507 1758 3558 comeditur.
1798 3526 1818 3552 ι

131 3579 249 3632 llaec
284 3578 640 3630 cumulanda
677 3584 809 3631 sunt
839 3577 1255 3630 accessionibus
1288 3592 1485 3630 eorum
1515 3592 1644 3645 quas
1685 3575 1824 3629 dicit

131 3664 284 3701 nun).
322 3651 390 3702 3O
425 3664 439 3702 :
475 3669 502 3696 α
551 3649 654 3701 Sed
699 3664 829 3700 vere
881 3664 984 3716 per
1020 3647 1350 3719 mysterium
1401 3663 1607 3716 panem
1636 3651 1710 3719 et
1743 3647 1825 3698 vi-

131 3735 257 3771 num
297 3721 354 3771 in
382 3719 639 3787 corporis
671 3723 728 3771 et
763 3718 1088 3789 sanguinis
1113 3718 1222 3771 mei
1260 3733 1532 3771 conversa
1562 3718 1825 3769 substan-

132 3791 256 3842 tiam
309 3807 345 3842 a
395 3790 766 3842 cretentibus
813 3789 1111 3842 sumenda.
1168 3810 1188 3835 ι
1249 3789 1361 3858 Ego
1412 3804 1544 3840 vero
1596 3803 1826 3854 prorsus

133 3861 312 3912 nescio
346 3861 562 3925 quibus
593 3859 778 3912 verbis
819 3875 882 3912 ac
922 3859 1282 3912 sermonibus
1325 3859 1578 3912 Ecclesiae
1600 3859 1741 3911 ﬁdes
1773 3861 1828 3910 et

131 3932 310 3983 suasio
341 3931 659 3987 signiﬁcari
692 3929 888 3999 possit,
925 3930 1030 3982 nisi
1062 3946 1124 3982 ex
1159 3929 1246 3982 his
1299 3929 1610 3982 clarissime
1661 3929 1828 3980 intel-

133 4001 354 4070 ligatur.
393 4002 471 4054 De
511 4001 733 4069 reliquo
765 4002 982 4067 Haymo
1018 3999 1496 4055 Halberstatensis
1521 4015 1633 4052 non
1668 3999 1823 4062 dicit,

133 4072 216 4124 hoc
243 4071 392 4140 quod
418 4072 664 4124 uidemus
692 4074 748 4124 in
786 4071 959 4124 altari
979 4077 1057 4124 est
1081 4085 1275 4137 corpus
1308 4073 1489 4138 ipsum
1531 4075 1721 4122 natum
1761 4070 1827 4122 de

139 4143 371 4208 Virgine,
408 4143 506 4194 sed
563 4144 752 4210 potius
790 4143 896 4195 hoc
927 4141 1080 4211 quod
1115 4141 1398 4193 credimus
1432 4140 1488 4192 in
1536 4141 1828 4211 altarirest

131 4229 324 4280 corpus
360 4213 552 4281 ipsum
589 4220 788 4264 natum
840 4212 909 4264 de
949 4210 1210 4280 Virgine.
1261 4211 1484 4265 Sciebat
1521 4211 1692 4281 enim;
1720 4210 1827 4262 hoc

130 4279 271 4350 quod
328 4279 596 4334 videmus
644 4298 765 4334 esse
811 4279 1435 4350 visibile,ineutiquam
1486 4296 1620 4332 vero
1683 4279 1824 4333 invi-

133 4355 302 4415 sibile,
343 4354 516 4421 quale
574 4358 658 4404 est
701 4368 908 4420 corpus
956 4351 1162 4407 Christi
1191 4368 1387 4404 verum
1434 4351 1492 4403 in
1553 4350 1824 4404 Euchari-

132 4425 225 4475 stia
259 4423 640 4475 reconditum.
693 4423 913 4492 Quippe
961 4423 1039 4475 sic
1076 4423 1227 4475 fatur
1271 4424 1486 4490 Haymo
1540 4421 1826 4488 conceptis

133 4495 305 4546 verbis
337 4502 498 4545 tonio
532 4494 627 4547 Xll
663 4492 954 4562 Spicilegii
1005 4493 1342 4546 Dacheriani
1376 4507 1389 4544 :
1427 4514 1452 4539 α
1502 4492 1827 4544 Commutat

136 4579 263 4628 ergo
305 4564 613 4617 invisibilis
655 4565 914 4616 sacerdos
963 4580 1092 4615 suas
1126 4563 1376 4615 visibiles
1417 4567 1706 4614 creaturas
1766 4563 1825 4614 in

135 4637 504 4687 substantiam
562 4650 682 4686 suae
739 4634 924 4686 carnis
977 4639 1194 4686 secreta
1246 4639 1542 4701 potestate.
1604 4633 1665 4685 In
1713 4647 1826 4700 quo

133 4706 353 4774 quidem
389 4704 601 4758 Christi
631 4720 869 4772 corpore
909 4709 965 4757 et
1008 4703 1288 4772 sanguine
1322 4709 1556 4773 propter
1589 4718 1825 4774 sumen-

135 4781 272 4828 tium
304 4776 608 4829 horrorem
640 4790 814 4844 sapor
839 4774 1002 4844 panis
1033 4779 1090 4827 et
1117 4774 1234 4826 vini
1268 4778 1544 4844 remanet,
1587 4777 1643 4825 et
1671 4773 1825 4839 ﬁgu-

133 4862 188 4896 ra
219 4847 274 4898 in
313 4843 720 4908 substantia-ru,
754 4843 1045 4898 naturain
1091 4859 1298 4912 corpus
1331 4843 1538 4896 Christi
1585 4848 1640 4896 et
1688 4859 1825 4895 san-

135 4917 357 4983 guinem
416 4931 688 4968 conversa
729 4931 741 4969 :
770 4916 864 4967 sed
901 4914 1055 4968 aliud
1090 4913 1437 4967 renuntiavit
1471 4929 1666 4983 sensus
1697 4929 1826 4965 car-

135 4976 232 5041 nis.
277 4987 433 5039 aliud
481 4985 771 5038 renuntiat
813 4986 954 5039 ﬁdes
1002 4983 1230 5038 mentis.
1277 5006 1304 5032 ››
1355 4986 1526 5037 Porro
1551 4976 1673 5037 hinc
1711 5000 1824 5036 non

131 5056 397 5111 differunt
428 5058 501 5108 ah
549 5056 640 5109 his
690 5072 817 5124 qua;
853 5057 1172 5108 decernunt
1218 5054 1550 5109 Anastasius
1605 5053 1825 5106 Siuaita

133 5127 269 5179 libro
302 5145 375 5180 xu
407 5126 854 5194 anagogicarum
904 5125 1459 5194 Contemplationum
1505 5124 1564 5176 in
1612 5126 1821 5178 Hexae-

134 5213 320 5250 meron
350 5214 363 5250 :
417 5197 493 5247 Οὐ
526 5200 643 5269 περὶ
696 5204 790 5256 τῆς
820 5198 1070 5268 ὁρωμένος
1125 5195 1284 5246 αὑτοῦ
1337 5198 1524 5268 σαρκὸς
1557 5198 1642 5244 καὶ
1673 5197 1824 5265 αἱμά-

131 5285 206 5327 τςς
233 5267 406 5338 λέγειε
450 5273 508 5320 et
539 5265 673 5320 ante
720 5265 1000 5336 ipsum'S.
1056 5266 1356 5338 Dionysius
1392 5265 1516 5335 cap.
1555 5282 1640 5338 _nr
1688 5265 1823 5320 Hie-

133 5335 379 5398 rarcbia»,
445 5354 575 5405 pag.
635 5335 759 5400 286,
822 5353 966 5406 quos
1021 5335 1261 5388 citamus
1314 5336 1370 5388 in
1425 5335 1759 5404 praefatione
1805 5351 1818 5387 :

130 5406 291 5469 utne,
339 5409 365 5460 ὁ
415 5409 659 5462 θειοτάτη
708 5410 793 5456 καὶ
850 5408 960 5477 ἱερά
1004 5406 1200 5468 τελετὴ,
1249 5409 1314 5456 τὰ
1359 5408 1680 5478 περικειμένα
1739 5424 1821 5455 σοι

133 5477 447 5549 τιμεθλικὼς
487 5476 828 5549 ἀμφιέσματα
854 5457 953 5526 τῶν
1007 5475 1324 5547 ἀίνιγμάτων
1379 5457 1817 5549 tritonia-{raptim

132 5537 386 5619 τηλαυγῶς
434 5531 583 5620 ἠμέν,
607 5531 978 5615 ἁνάὃεί-χοητι,
1010 5531 1236 5606 καὶ
1277 5549 1450 5619 νοερᾶς
1496 5551 1639 5616 ἡμῶν
1678 5531 1820 5613 ὄψεις

134 5620 264 5689 ἡμῶν
293 5615 517 5672 ⁷ἐνιτιιίὸυ
577 5622 666 5668 καὶ
729 5616 1142 5690 (impingitur-trav
1201 5615 1366 5687 φωτὸέ
1420 5615 1816 5687 ἀποπληρωσον.

137 5687 234 5742 Sed
259 5697 363 5756 tuo,
395 5691 807 5744 divinissimum
830 5687 1259 5749 sacramentum,
1298 5690 1681 5755 circumposita
1721 5687 1823 5738 tibi

137 5762 402 5824 symbolice
459 5763 814 5826 aenigmatum
876 5761 1207 5826 operimenta
1265 5760 1530 5822 revelans,
1615 5756 1821 5824 liquido

1920 541 2106 606 gulari
2137 546 2186 592 et
2217 546 2408 608 aperta
2437 541 2549 592 luce
2587 540 2904 608 adimpleto.

1990 611 2076 664 Xl.
2117 614 2262 680 (pag.
2307 613 2431 674 291,
2483 617 2755 663 tmemate
2799 627 2880 676 in,
2931 612 3034 665 sub
3077 627 3233 666 num.
3290 613 3410 667 t76.
3466 609 3604 664 edit.

1920 681 2234 734 Amstelod.
2282 680 2459 748 1709.)
2497 681 2711 734 Nullam
2757 687 2935 734 autem
2979 688 3036 735 ut
3083 685 3433 736 mutationem
3478 680 3606 734 sub-

1920 754 2136 805 stantia
2172 753 2379 816 factum
2416 752 2602 819 probet
2648 767 2794 804 num.
2833 756 2914 815 12,
2959 754 3031 806 ad
3056 754 3329 818 judicium
3352 754 3609 820 provocat

1921 824 2190 876 οοιιιονωη
2258 839 2320 876 (ιο
2381 837 2651 887 sensuum,
2710 838 2926 875 SPECIEM
3003 839 3284 876 CltEATURJE
3360 838 3608 875 PBRMAN‘

1922 910 2062 945 sissis
2115 896 2224 957 ait;
2261 898 2310 946 et
2356 909 2503 946 num.
2541 893 2626 955 li,
2685 896 2909 960 Speciem
2947 898 2996 945 et
3039 896 3275 958 formam
3314 893 3454 945 nihil
3507 893 3608 944 lm-

1923 963 2041 1016 bere
2084 965 2141 1016 in
2180 979 2234 1016 se
2279 970 2662 1030 permutatum,
2715 963 2810 1017 hoc
2858 969 2939 1016 est
2968 967 3251 1032 propriam
3277 965 3557 1016 essent-iam
3594 978 3606 1014 :

1921 1039 2018 1088 aut
2046 1037 2095 1087 si
2115 1036 2201 1087 cui
2231 1037 2309 1086 ita
2357 1037 2532 1099 magis
2562 1034 2790 1098 arridet,
2822 1035 3060 1098 formam
3099 1039 3398 1098 externam,
3448 1048 3609 1102 quam

1921 1106 2018 1159 illa
2047 1107 2193 1158 natio
2222 1105 2554 1158 indi’vutsam
2579 1122 2611 1158 ιι
2643 1105 2954 1158 substantia
2983 1106 3236 1159 credidit.

2631 1227 2937 1264 BESPONSIO.

1999 1316 2221 1370 Utinam
2256 1316 2398 1371 nihil
2430 1334 2493 1371 ex
2529 1317 2713 1370 verbis
2755 1316 3048 1371 Hatramni
3097 1319 3378 1370 resecaret
3411 1315 3616 1368 disser-

1923 1392 2091 1450 tator,
2128 1403 2190 1440 ex
2225 1404 2290 1440 eo
2332 1388 2484 1440 enim
2518 1404 2759 1440 numero
2795 1391 2858 1442 t2
2893 1387 3242 1456 intelligeret
3297 1384 3616 1440 clarissime

1925 1457 2230 1511 stabilitam
2268 1458 2337 1511 ab
2371 1459 2490 1528 ipso
2523 1459 2832 1512 Ratramuo
2866 1459 3242 1512 mutationem
3283 1457 3614 1528 substantia:

1927 1528 2090 1598 panis
2145 1529 2202 1582 in
2240 1527 2614 1582 substantiam
2647 1529 2902 1598 corporis
2951 1528 3192 1592 Christi;
3239 1527 3455 1596 quippe
3501 1543 3616 1598 non

1927 1597 2004 1651 ait
2065 1599 2400 1669 simpliciter
2462 1604 2686 1668 speciem
2742 1597 3002 1653 creatura
3069 1602 3449 1666 permansisse,
3517 1597 3612 1669 sed

1926 1667 2454 1747 exterius'speciem
2489 1667 2773 1747 creaturae
2804 1687 2932 1747 quo;
2958 1675 3086 1722 ante
3134 1670 3321 1747 fuerat
3352 1667 3616 1747 cognosci

1925 1742 2328 1810 permansisse.
2393 1743 2656 1809 Quoniam
2721 1739 3011 1794 secundum
3067 1742 3368 1803 veritatem,
3426 1739 3483 1793 id
3536 1743 3619 1790 est

1857 1813 2265 1878 Bexteriorem
2323 1810 2862 1876 manifestationem,
2920 1813 3118 1879 species
3185 1816 3444 1864 creature
3501 1823 3618 1879 qua:

1924 1886 2111 1948 fuerat
2161 1889 2285 1936 ante
2340 1885 2700 1950 permansisse
2750 1878 3120 1949 cognoscitur;
3183 1881 3334 1950 quod
3398 1878 3618 1932 verissi-

1928 1969 2085 2006 mum
2130 1958 2185 2005 et
2236 1954 2393 2007 valde
2433 1954 2773 2006 catholicum
2826 1959 2955 2006 est:
3018 1967 3147 2005 cum
3201 1950 3375 2005 dubio
3422 1950 3615 2020 procul

1927 2024 2140 2093 species
2172 2024 2333 2091 panis
2363 2028 2418 2076 et
2443 2024 2558 2077 vini
2580 2040 2709 2093 quae
2741 2029 2873 2076 aute
2915 2023 3162 2086 fuerant,
3198 2021 3456 2093 adeoque
3491 2024 3618 2090 post

1928 2091 2412 2147 consecrationem
2462 2091 2772 2157 non—sunt,
2824 2097 3212 2163 permaneant.
3265 2091 3620 2162 Quapropter

1928 2164 2072 2217 nihil
2104 2165 2438 2217 mutationis
2459 2164 2640 2217 videri
2687 2169 2785 2217 aut
2817 2163 3144 2231 recognosci
3193 2167 3382 2232 potest
3425 2176 3532 2229 ope
3563 2164 3620 2213 et

1929 2235 2246 2288 ministerio
2302 2251 2595 2288 sensuum.
2663 2237 2761 2288 Hic
2817 2249 3024 2303 quoque
3067 2248 3173 2287 non
3215 2235 3316 2286 iste
3352 2233 3618 2285 transitus

1926 2309 2105 2372 factus
2137 2320 2246 2358 esse
2272 2307 2654 2374 cognoscitur.
2691 2305 2828 2357 Nam
2879 2312 2937 2357 ut
2967 2305 3086 2374 ipse
3134 2304 3213 2355 ait
3260 2303 3459 2374 eodem
3512 2317 3619 2354 uu-

1930 2393 2086 2428 mero
2123 2379 2207 2439 12,
2241 2376 2300 2428 in
2329 2377 2434 2428 isto
2485 2383 2861 2440 sacramento,
2907 2375 2955 2427 si
2994 2373 3224 2427 tantum
3267 2373 3327 2425 in
3372 2374 3618 2425 veritatis

1927 2448 2274 2514 simplicitate
2328 2447 2706 2500 consideratur
2745 2446 2820 2508 (id
2855 2451 2938 2498 est
2988 2445 3043 2498 in
3075 2461 3140 2497 eo
3170 2443 3322 2513 quod
3374 2443 3620 2514 exterius

1927 2513 2165 2586 apparet
2194 2523 2248 2570 et
2276 2517 2534 2569 sensibus
2566 2517 2922 2585 percipitur),
2953 2519 3002 2568 et
3030 2531 3135 2568 non
3163 2514 3318 2567 aliud
3367 2513 3622 2566 credatur

1929 2604 2092 2656 quam
2130 2588 2273 2654 quod
2312 2591 2598 2655 aSpicitur,
2645 2588 2797 2640 nulla
2849 2587 3176 2656 permutatio
3231 2587 3383 2649 facta
3431 2599 3619 2656 cogno-

1927 2654 2116 2712 scitur.
2164 2659 2282 2711 Non
2311 2654 2411 2718 ait,
2449 2659 2614 2711 Nulla
2657 2656 3004 2726 permutatio
3044 2655 3189 2710 facta
3236 2670 3357 2707 esse
3387 2654 3619 2726 convin-

1928 2731 2076 2782 citur
2116 2735 2215 2781 aut
2253 2723 2694 2794 demonstratur,
2749 2729 2845 2780 sed
2874 2728 3028 2780 nulla
3085 2727 3440 2792 cognoscitur,
3471 2723 3624 2776 scili-

1928 2806 2016 2853 cet
2048 2800 2364 2852 ministerio
2403 2815 2672 2852 sensuum
2723 2803 2778 2851 et
2823 2799 3120 2850 oculorum
3161 2795 3452 2863 aspicitur.
3513 2794 3620 2848 Sed

1929 2871 1974 2922 si
2006 2870 2156 2922 aliud
2197 2870 2462 2922 credatur
2499 2885 2669 2940 quam
2717 2869 3002 2940 aspicitur
3019 2867 3300 2940 sensibus,
3334 2870 3622 2934 permuta-

1929 2940 2009 2993 tio
2040 2940 2179 2994 facta
2215 2947 2318 3002 est,
2345 2945 2405 2993 ut
2442 2938 2533 2992 ait‘
2552 2955 2788 2992 numero
2823 2941 2890 2993 30
2923 2954 2936 2991 :
2977 2938 3086 2990 Sed
3126 2952 3248 2992 uere
3294 2951 3390 3004 per
3428 2940 3623 3004 myste-

1929 3015 2072 3064 rium
2125 3027 2318 3078 punem
2375 3017 2426 3065 ct
2457 3013 2641 3063 vinum
2697 3014 2754 3062 in
2809 3013 3048 3078 corporis
3082 3009 3473 3078 sanguinisque
3521 3006 3624 3058 mei

1929 3077 2182 3136 conversa
2205 3083 2587 3148 substantiam,
2620 3097 2653 3133 a
2685 3077 3022 3134 credentibus
3052 3077 3332 3132 sumenda.

2005 3153 2244 3222 Insuper
2276 3152 2445 3222 etiam
2482 3145 2600 3204 haec
2632 3151 2820 3215 verba,
2854 3166 2916 3202 ex
2962 3166 3200 3222 numero
3224 3150 3320 3222 lli,
3353 3163 3386 3199 a
3415 3145 3622 3222 disser-

1933 3226 2114 3276 tatore
2143 3217 2386 3291 prolata,
2418 3224 2643 3291 speciem
2670 3224 2720 3275 et
2758 3225 2994 3287 formam
3023 3221 3164 3273 nihil
3215 3219 3409 3291 habere
3468 3220 3525 3270 in
3571 3231 3626 3269 se

1928 3289 2315 3360 permutatum,
2360 3289 2561 3345 tru'nca
2617 3297 2750 3345 sunt
2803 3296 2858 3344 et
2907 3293 3169 3344 detorta:
3223 3289 3434 3359 quippe
3492 3303 3620 3340 cum

1931 3363 2018 3416 his
2044 3364 2364 3432 signiﬁcare
2396 3366 2654 3416 videatur
2685 3364 3030 3417 ltatramnus
3063 3377 3164 3431 per
3211 3361 3456 3432 speciem
3488 3373 3622 3432 ma-

1931 3430 2128 3487 teriam
2155 3439 2209 3487 et
2242 3436 2480 3488 formam
2519 3433 2949 3486 substantialem
2985 3430 3148 3501 panis
3179 3437 3234 3484 et
3256 3430 3622 3501 vininullam

1932 3505 2212 3558 sustinere
2266 3505 2667 3569 mutationem,
2717 3520 2844 3556 cum
2903 3500 3134 3555 econtra
3183 3502 3229 3553 si
3280 3500 3448 3552 verba
3504 3500 3626 3552 haec

1932 3575 2157 3641 integra
2202 3581 2258 3628 et
2314 3577 2531 3628 sincere
2574 3574 2937 3644 proferantur
2975 3588 3202 3625 sensum
3247 3586 3477 3644 prorsus
3522 3570 3623 3644 ad-

1931 3638 2157 3698 versum
2207 3652 2409 3699 sonent
2444 3661 2457 3698 :
2491 3638 2707 3698 scilicet
2751 3644 3068 3696 secundum
3117 3642 3361 3710 speciem
3413 3645 3470 3692 et
3513 3638 3623 3692 for-

1933 3731 2084 3768 mam
2134 3722 2408 3768 creaturm
2429 3732 2523 3766 seu
2559 3730 2749 3767 rerum
2778 3713 3086 3766 visibilium
3129 3711 3376 3764 exterius
3407 3715 3462 3761 et
3493 3725 3623 3776 quae

1932 3786 1990 3838 in
2025 3801 2223 3838 sensus
2263 3787 2559 3838 incurrunt
2598 3800 2801 3854 panem
2837 3790 2892 3835 et
2923 3783 3116 3834 vinum
3151 3797 3279 3850 qua:
3322 3786 3454 3854 ante
3501 3781 3622 3854 iue-

1932 3863 2061 3908 rant
2084 3857 2226 3908 nihil
2256 3856 2464 3909 habere
2504 3855 2560 3907 in
2590 3849 2647 3906 se
2699 3860 3090 3923 permutatum
3126 3867 3139 3904 :
3174 3849 3338 3919 quod
3405 3849 3627 3901 verissi-

1937 3943 2093 3978 mum
2142 3932 2309 3979 est.»
2368 3926 2692 3977 Secundum
2751 3925 2997 3992 speciem
3057 3937 3305 3991 namque
3346 3925 3624 3992 creaturae

1933 3998 2289 4064 formamque
2318 4012 2534 4060 rerum,
2560 3991 2890 4064 utrumque,
2920 3994 2975 4047 id
2997 3999 3080 4046 est
3108 3995 3358 4064 pauiset
3397 3991 3620 4064 vinum,

1933 4068 2076 4121 Dlhll
2112 4060 2323 4120 habent
2352 4067 2410 4119 in
2442 4083 2499 4120 se
2533 4060 2949 4136 permutatum;
2995 4070 3052 4117 et
3099 4060 3144 4116 si
3176 4062 3318 4116 nihil
3356 4060 3624 4136 mutatio-

1936 4140 2022 4190 nis
2053 4138 2415 4208 pertulerint,
2449 4131 2591 4189 niliil
2614 4137 2769 4189 aliud
2803 4135 3052 4208 existunt
3082 4150 3251 4204 quam
3285 4133 3437 4203 quod
3469 4131 3626 4201 prius

1933 4206 2113 4261 fuere.
2169 4230 2189 4255 ιι
2237 4207 2564 4260 Continenti
2598 4223 2861 4259 sermone
2890 4206 3192 4258 obﬁrmato
3230 4210 3458 4272 pectore
3493 4218 3620 4271 pro-

1934 4279 2032 4331 bat
2105 4294 2334 4331 necesse
2403 4294 2523 4330 esse
2579 4277 2743 4330 fateri
2819 4293 3013 4329 revera
3075 4276 3449 4328 mutationem
3505 4288 3624 4325 esse

1933 4349 2138 4402 factam
2171 4350 2430 4412 interius,
2461 4365 2589 4418 qua:
2619 4348 2852 4416 quidem
2897 4347 3150 4400 exterius
3177 4345 3428 4413 lminime
3472 4343 3624 4395 vide-

1933 4425 2028 4472 tur
2052 4425 2147 4472 aut
2185 4420 2446 4473 sensibus
2477 4418 2830 4488 percipitur:
2869 4436 2892 4467 (ι
2946 4418 3332 4486 Corporaliter
3377 4428 3626 4488 namque

1865 4499 1908 4552 Ι)
1939 4490 2076 4542 nihil
2131 4490 2186 4542 in
2219 4490 2299 4542 eis
2351 4485 2601 4542 cernitur
2636 4485 2759 4541 esse
2806 4485 3196 4556 permutatum
3238 4488 3403 4544 (num.
3448 4485 3617 4556 t5);-_

1936 4567 1992 4613 et.
2013 4561 2156 4613 bene
2190 4561 2420 4630 quidem
2455 4576 2563 4612 non
2594 4559 2730 4612 dicit
2755 4552 2893 4612 nihil
2928 4573 3049 4611 esse
3089 4561 3477 4630 permutatum.
3527 4552 3620 4630 sed

1935 4631 2075 4684 nihil
2118 4623 2358 4683 cernitur
2387 4631 2628 4684 sensibus
2681 4645 2791 4684 esse
2835 4623 3236 4697 permutatum;
3275 4625 3417 4697 alias
3469 4623 3622 4675 enim

1933 4708 2278 4780 cogerentur
2322 4718 2532 4770 negare.
2555 4717 2758 4780 corpus
2786 4695 3141 4777 esseChristi
3166 4695 3350 4780 Aquod.
3378 4709 3518 4780 ιιξηιΔ
3539 4709 3624 4770 δοῖ

1935 4765 2053 4824 lum
2100 4771 2310 4835 dicere,
2344 4765 2540 4824 verum
2592 4765 2764 4823 etiam
2805 4769 3058 4835 cogitare
3087 4766 3245 4819 nefas
3273 4771 3376 4816 est.
3409 4765 3523 4815 Aut
3575 4765 3619 4812 si

1934 4858 2047 4894 non
2077 4844 2322 4910 profiteri
2366 4841 2669 4904 voluerint,
2708 4839 3368 4910 compellunturlnegare
3415 4847 3623 4910 corpus

1933 4929 2056 4965 esse
2077 4904 2544 4979 'saiiguinemque
2595 4904 3002 4981 Christifquod
3055 4905 3376 4981 nefas‘pon
3434 4904 3618 4981 solum

1933 4983 2134 5045 dicere,
2195 4975 2388 5034 verum
2421 4975 2592 5032 etiam
2640 4975 2908 5046 cogitare.
2962 4978 3166 5030 Beatus
3211 4975 3494 5046 Algerus,‘
3539 4975 3622 5025 vir

1933 5043 2176 5106 maxime
2211 5051 2540 5110 catholicus,
2576 5053 2630 5101 et
2664 5043 3005 5100 fortissimus
3055 5043 3384 5113 Berengarii
3431 5043 3623 5096 adver-

1933 5126 2135 5186 sarius,
2196 5138 2293 5174 sua
2366 5125 2530 5173 (etate
2596 5119 2791 5170 eadem
2851 5116 3008 5176 dixit,
3071 5115 3156 5168 uti
3214 5132 3278 5169 ex
3321 5115 3505 5186 capite
3560 5116 3619 5166 17

1933 5185 2266 5262 primi’libri
2296 5191 2374 5262 de
2402 5188 2762 5262 Eucharistiae
2813 5187 3176 5262 Sacramento
3223 5185 3617 5262 intelligimus.

1933 5254 1959 5311 ἶ(
2023 5265 2173 5316 Hanc
2221 5261 2610 5328 duplicitatem
2671 5273 2791 5311 non
2856 5257 3210 5321 substantia,
3271 5255 3478 5328 inquit,
3525 5254 3620 5328 sed

1931 5334 2152 5397 formas,
2185 5323 2364 5383 sancti
2395 5335 2731 5382 notaverunt
2764 5328 2991 5398 quoties
3032 5328 3100 5380 de
3144 5323 3382 5398 corpore
3415 5323 3620 5398 Christi

1932 5404 2116 5472 ipsum
2139 5394 2262 5456 non
2295 5400 2481 5472 ipsum
2515 5394 2801 5472 dixerunt,
2843 5403 2904 5451 ut
2934 5398 3122 5472 ipsum
3157 5394 3466 5472 secundum
3497 5394 3622 5472 sub-

1931 5464 2219 5532 stantiam,
2261 5464 2376 5523 non
2431 5471 2616 5538 ipsum
2676 5470 2749 5523 sit
2794 5464 3107 5522 secundum
3156 5469 3417 5538 formam.
3470 5486 3496 5512 υ
3562 5464 3621 5516 Et

1930 5559 2052 5611 cap.
2107 5545 2215 5595 t8:
2263 5563 2288 5588 ‹‹
2336 5541 2403 5594 Ut
2431 5536 3328 5611 sicutiimmolatio‘imaginaria
3375 5536 3617 5604 ﬁgurate

1932 5606 2164 5666 vocatur
2209 5627 2382 5671 mors,
2429 5610 2720 5663 cruciﬁxio
2764 5608 2987 5668 Christi.
3041 5615 3095 5662 et
3113 5606 3243 5660 isint
3296 5606 3474 5658 forma
3511 5620 3618 5672 pa—

1933 5687 2016 5736 nis
2049 5689 2105 5736 et
2136 5682 2269 5746 vini,
2303 5682 2543 5751 ﬁgurate
2595 5685 2826 5734 vocatur
2867 5695 3072 5751 corpus
3105 5675 3309 5751 Christi
3345 5691 3358 5728 :
3408 5675 3487 5727 sic
3530 5690 3618 5751 sa-

1929 5759 2283 5808 cramentum
2315 5747 2468 5817 ﬁdei,
2513 5752 2727 5805 scilicet
2769 5747 3054 5821 baptisma
3096 5748 3338 5818 ﬁgurate
3386 5747 3618 5799 vocatur
