3890 6230
240 302 324 352 ΗΜ
905 297 1355 353 DISSERTATIO
1407 297 1473 350 IN
1531 296 1657 351 LIB.
1713 299 1800 352 DE
1851 299 2178 354 CORPORE
2224 299 2311 353 ET
2371 297 2714 353 SANGUINE
2756 297 3016 353 DOMINI.
3639 302 3733 352 l92

233 433 387 488 ﬁdes.
425 430 744 485 Notandum
776 429 930 502 quod
954 429 1022 502 in
1045 429 1229 502 altera,
1252 429 1459 502 harum
1489 428 1922 484 similitudinem
1968 434 2012 484 A
2044 429 2346 500 quidquam
2369 429 2553 498 ﬁdem,
2595 445 2714 498 quae
2745 431 2973 502 interius
3020 431 3200 484 animo
3241 429 3396 502 latet,
3431 430 3498 502 in
3542 434 3735 498 myste-

234 504 520 558 ccelestem
579 500 810 572 panem,
869 501 966 571 qui
1017 516 1147 554 vere
1205 500 1413 572 Christi
1453 517 1583 554 caro
1646 507 1748 567 est,
1809 517 1925 554 non

233 573 528 629 communi
557 571 654 626 sed
685 588 786 625 suo
815 572 975 642 quasi
1003 572 1234 642 proprio
1279 571 1450 624 modo
1500 587 1707 642 corpus
1763 572 1922 627 Chri~

234 645 306 698 sti
344 643 533 697 vocari
563 643 722 710 dixit,
767 642 902 712 quia
951 643 1162 695 scilicet
1209 659 1411 713 corpus
1454 642 1591 695 illud
1643 659 1757 696 non
1801 658 1925 695 cor-

235 716 452 786 porale,
485 715 582 768 sed
612 714 925 786 spiritualer
952 719 1008 766 et
1038 713 1296 766 divinum
1348 729 1466 782 prae
1497 714 1764 766 omnibus
1816 713 1928 765 sin-

234 785 510 856 gulariter
551 786 739 856 vidit;
777 786 834 836 in
881 785 1059 856 altera
1091 789 1278 836 autem
1314 790 1749 856 sacramentum
1799 800 1916 836 cor-

234 854 390 925 poris
429 855 655 920 Christi,
689 854 746 908 id
793 859 877 906 est
909 855 1150 907 formam
1193 854 1377 924 panis,
1429 855 1688 908 absolute
1733 871 1928 908 secun-

235 924 374 981 dum
410 926 720 996 quemdam
766 925 1002 978 modum
1055 941 1262 994 corpus
1303 924 1548 996 Christi,
1581 925 1739 990 dixit,
1792 926 1928 994 quia

237 995 536 1051 communi
558 998 741 1066 ﬁgura
774 1012 888 1048 non
921 996 1282 1048 existentium
1317 997 1469 1065 quod
1499 995 1766 1049 dicuntur
1788 996 1928 1050 illud

237 1069 348 1122 dici
405 1083 611 1134 corpus
655 1067 860 1120 Christi
916 1066 1150 1120 notavit.
1201 1068 1360 1130 Quod
1405 1072 1595 1119 autem
1645 1067 1927 1119 invisibile

235 1155 441 1209 corpus
468 1138 677 1192 Christi
709 1143 1126 1190 sacramentum
1177 1136 1414 1190 visibilis
1453 1138 1708 1206 corporis
1760 1137 1928 1190 Chri-

237 1210 308 1262 sti
339 1209 500 1275 dixit,
547 1209 984 1276 intelligibiliter
1036 1212 1255 1260 tantum
1299 1223 1400 1276 per
1458 1209 1795 1261 exteriorem
1830 1209 1930 1260 ali-

236 1296 409 1350 quam
469 1281 772 1346 actionem,
830 1284 886 1332 et
963 1295 1080 1332 non
1130 1279 1468 1332 sensualiter
1533 1279 1927 1350 accipiendum

237 1357 337 1403 est.
391 1371 412 1397 ι

305 1422 412 1474 XII.
478 1420 588 1486 Quo
645 1434 802 1474 sensu
859 1418 1064 1472 dictum
1118 1419 1186 1472 ab
1250 1420 1344 1472 illo
1394 1427 1492 1481 est,
1546 1421 1758 1474 scilicet
1820 1419 1926 1472 Ra-

237 1497 484 1556 tramno,
544 1506 702 1544 num.
752 1494 838 1556 56,
872 1491 1112 1557 intellige
1161 1492 1304 1557 quod
1353 1505 1457 1544 non
1500 1492 1557 1543 in
1612 1494 1804 1560 specie,
1836 1491 1930 1543 sed

234 1564 292 1615 in
319 1565 513 1615 virtute
547 1576 738 1628 corpus
779 1567 826 1614 et
875 1564 1099 1626 sanguis
1137 1562 1342 1616 Christi
1379 1563 1616 1615 ea-istant
1645 1578 1762 1629 qua:
1815 1578 1926 1614 cer-

233 1638 455 1687 nuntur.
503 1632 658 1696 Quod
687 1637 763 1685 est
809 1633 1193 1685 catholicorum
1229 1632 1452 1700 effatum
1484 1637 1732 1701 impetere
1765 1648 1928 1697 agen-

235 1707 379 1758 tium
432 1706 619 1772 utique
674 1704 768 1756 hoc
821 1702 965 1770 quod
1026 1702 1269 1756 cernitur
1324 1708 1402 1756 est
1461 1719 1651 1772 corpus
1727 1704 1932 1759 Christi

235 1789 419 1828 verum
429 1815 439 1826 .

935 1875 1246 1913 RESPONSIO.

311 1983 384 2037 Ex
448 1983 557 2038 hoc
605 1982 1088 2053 apophthegmate
1144 1983 1552 2038 catholicorum
1629 1985 1934 2039 hominum

239 2071 356 2108 non
425 2053 869 2124 intelligendum
919 2060 1002 2107 est
1055 2069 1226 2125 sensu
1285 2054 1502 2125 percipi
1556 2055 1932 2109 substantiam

239 2126 494 2196 corporis
535 2125 739 2196 Christi
775 2141 788 2178 :
831 2126 936 2178 hoc
971 2124 1124 2196 enim
1176 2124 1302 2196 luce
1345 2127 1535 2195 palam
1581 2127 1787 2180 falsum
1826 2133 1929 2191 est,

238 2195 352 2249 sed
379 2195 556 2268 videri
601 2211 662 2248 ac
711 2196 898 2268 oculis
917 2195 1167 2268 conspici
1205 2195 1347 2257 vela,
1408 2197 1660 2263 umbras,
1724 2197 1933 2268 quibus

238 2267 566 2338 contegitur
609 2282 809 2338 verum
873 2265 1078 2321 Christi
1138 2282 1359 2337 corpus.
1407 2269 1679 2338 Adeoque
1735 2265 1932 2322 sensus

238 2338 406 2405 hujus
425 2337 745 2409 'axiomatis
784 2353 796 2390 :
833 2338 1025 2409 «Hoc
1073 2337 1225 2409 quod
1279 2337 1531 2392 cernitur
1584 2337 1674 2392 est
1722 2356 1931 2409 corpus

241 2407 468 2470 Christi,
501 2409 608 2462 hoc
637 2412 721 2461 est
775 2407 990 2462 scilicet
1043 2408 1360 2462 substantia
1405 2425 1534 2478 qua:
1571 2411 1675 2463 sub
1719 2407 1927 2463 his—ve—

241 2478 550 2532 laminibus
583 2477 948 2531 scnsibilibus
979 2494 1174 2531 revera
1207 2479 1395 2532 existit
1430 2477 1815 2546 invisibiliter,
1848 2487 1932 2534 est

239 2548 427 2620 ipsum
479 2565 676 2620 verum
701 2564 937 2620 Acorpus
993 2549 1219 2602 Christi.
1279 2569 1328 2620 ir
1367 2549 1745 2612 Quamobrem
1808 2553 1929 2620 jure

241 2619 447 2671 merito
507 2619 643 2690 dicit
700 2618 1146 2671 Ratramnuszu
1197 2619 1454 2688 Intelligo
1509 2622 1656 2690 quod
1700 2618 1816 2674 non
1871 2623 1930 2675 in

240 2689 446 2758 specie,
471 2690 566 2742 sed
609 2689 670 2741 in
714 2690 922 2742 virtute
954 2705 1160 2758 corpus
1197 2695 1250 2743 et
1293 2689 1542 2759 sanguis
1568 2692 1774 2745 Christi
1814 2693 1925 2745 exi-

239 2765 394 2813 stunt
445 2775 574 2830 quae
618 2766 1016 2813 cernuntur.»
1069 2761 1283 2814 Revera
1341 2764 1493 2815 enim
1545 2762 1629 2816 ibi
1688 2764 1927 2817 existere

239 2847 445 2900 corpus
486 2830 696 2885 Christi
745 2831 1043 2893 credimus,
1094 2835 1314 2884 etcum
1365 2833 1684 2899 credamus,
1733 2850 1928 2887 neces-

238 2903 387 2954 sario
427 2906 799 2954 consectaneo
833 2917 946 2954 non
979 2901 1254 2955 videmus.
1299 2902 1355 2956 Si
1387 2904 1541 2956 enim
1583 2905 1928 2972 videremus,

241 2972 558 3024 diceremus
599 2972 846 3025 videmus
875 2978 930 3025 et
979 2988 1092 3025 non
1135 2973 1452 3026 diceremus
1501 2977 1767 3029 credimus
1806 2993 1927 3029 esse

240 3058 666 3118 verum_co_rpus
697 3048 752 3094 et
785 3043 1124 3118 sanguinem
1168 3045 1374 3118 Christi
1417 3062 1428 3098 :
1466 3067 1491 3092 α
1528 3047 1746 3116 Corpus
1801 3047 1926 3118 qui-

240 3113 369 3167 dem
415 3113 621 3166 Christi
661 3114 1111 3183 sanguinemque
1162 3115 1407 3168 ﬁdeliter
1456 3113 1670 3183 credis;
1726 3113 1836 3170 sed
1878 3118 1922 3169 si

241 3184 594 3252 perspiceres
635 3184 770 3253 quia
815 3184 964 3253 quod
1012 3183 1194 3236 credis
1238 3187 1494 3240 nondum
1542 3189 1696 3241 vides
1733 3205 1745 3240 :
1799 3204 1930 3241 nam

241 3254 284 3307 si
324 3254 559 3315 diceres.
604 3254 808 3328 Video,
831 3269 944 3328 non
977 3253 1213 3328 diceres,
1249 3256 1428 3328 Credo
1460 3274 1668 3327 corpus
1700 3259 1931 3328 sangui-

240 3339 489 3399 nemque
521 3341 642 3399 esse
682 3324 908 3380 Christi.
944 3326 1078 3399 »_Ex
1120 3324 1221 3378 hac
1261 3327 1467 3380 virtute
1500 3324 1769 3397 potentia?
1809 3324 1934 3399 'qua

241 3395 576 3448 Christusin
619 3395 723 3448 hoc
767 3395 1037 3463 mysterio
1082 3402 1392 3450 exornatur
1430 3395 1724 3453 contendit
1764 3395 1932 3453 vene-

240 3465 477 3520 randam
509 3481 628 3519 esse
662 3467 807 3518 hanc
836 3466 1152 3540 potentiam
1173 3484 1284 3537 qua
1308 3468 1590 3540 quidquid
1613 3473 1728 3524 vult
1755 3476 1934 3534 creat,

239 3542 295 3589 et
321 3542 572 3590 creatum
616 3537 914 3611 quomodo
974 3537 1092 3590 vult
1149 3545 1211 3592 et
1260 3537 1489 3609 quando
1541 3541 1596 3594 in
1660 3541 1716 3594 id
1782 3543 1932 3611 quod

239 3613 406 3660 antea
451 3623 565 3660 non
608 3607 796 3660 fuerat
843 3613 1137 3677 permutat
1173 3624 1189 3662 :
1219 3631 1246 3657 ‹‹
1277 3607 1445 3664 Unde
1495 3611 1634 3665 dicit
1674 3607 1934 3666 ordinem

239 3685 459 3731 naturzr.
510 3694 631 3752 non
690 3679 781 3732 hic
813 3678 1174 3752 intuendum,
1219 3681 1315 3734 sed
1367 3681 1575 3735 Christi
1615 3683 1935 3752 potentiam

241 3749 647 3823 venerandam,
681 3765 811 3823 qua:
847 3750 1126 3821 quidquid
1186 3753 1327 3823 vult,
1371 3749 1658 3823 quomodo
1707 3755 1825 3807 vult
1878 3756 1937 3806 in

237 3819 545 3889 quodcunq
560 3819 793 3892 nevolt,
821 3819 877 3892 et
905 3819 1058 3875 creat
1087 3822 1238 3892 quod
1288 3819 1406 3876 non
1435 3830 1556 3878 erat
1594 3831 1651 3878 et
1681 3831 1937 3879 creatum

238 3896 526 3957 permutat
556 3891 610 3944 in
641 3891 695 3944 id
717 3891 867 3960 quod
903 3901 1071 3945 antea
1104 3891 1216 3946 non
1251 3893 1456 3948 fuerat.
1487 3915 1512 3943 ι)

329 3961 463 4034 XIII.
518 3962 781 4015 Nolebant
817 3965 1002 4030 utique
1032 3966 1298 4025 catholici,
1338 3966 1530 4034 inquit
1579 3966 1929 4026 dissertator,

239 4045 368 4099 pag.
401 4033 523 4097 29l,
558 4037 826 4085 tmemate
864 4035 982 4097 176,
1002 4034 1134 4086 edit.
1161 4033 1606 4098 Amstelodam.;
1660 4037 1938 4089 Parisien-

241 4100 314 4174 sis
345 4116 477 4174 vero
501 4118 630 4169 pag.
664 4105 782 4164 l76,
818 4109 1092 4174 tinemate
1123 4104 1174 4168 4,
1209 4105 1346 4172 quid
1371 4121 1579 4174 aequam
1602 4106 1780 4173 ﬁdem,
1815 4123 1939 4173 qu.c

241 4171 466 4244 interius
516 4174 589 4244 in
631 4174 812 4244 animo
866 4173 1014 4237 latet,
1073 4176 1130 4226 in
1180 4171 1443 4241 mysterio
1491 4171 1730 4244 operari.
1768 4171 1939 4242 Quod

240 4240 518 4314 videretur
573 4243 628 4294 in
677 4243 849 4294 altari
889 4244 978 4294 Dei
1012 4240 1246 4296 aiebant
1281 4245 1484 4299 Christi
1520 4240 1731 4314 corpus
1781 4240 1931 4300 esse:

239 4311 598 4386 substantiam
637 4316 1008 4386 creaturarum
1063 4316 1404 4368 immutatam
1452 4331 1560 4370 esse
1604 4311 1756 4369 salva
1817 4333 1935 4386 spe-

241 4383 316 4433 cie
347 4396 448 4454 pro
491 4397 553 4434 ea
583 4383 785 4454 speciei
827 4388 1128 4454 acceptione
1181 4401 1342 4451 quam
1397 4402 1516 4454 cap.
1573 4388 1605 4440 4
1640 4383 1881 4440 diximus
1918 4404 1929 4440 :

241 4466 334 4504 nec
357 4451 476 4517 jam
503 4467 615 4505 esse
646 4451 888 4518 symbolo
931 4461 1048 4524 post
1073 4451 1523 4509 consecrationem
1575 4458 1718 4524 quod
1775 4465 1935 4510 antea

239 4524 490 4595 fuissent.
538 4524 775 4577 Interius
806 4523 1023 4590 quidem
1063 4529 1527 4579 commutationem
1563 4523 1703 4595 ﬁeri,
1753 4529 1846 4582 sed
1877 4533 1933 4582 in

241 4591 496 4667 symbolis
538 4595 864 4667 priusquam
905 4596 962 4646 in
1001 4595 1331 4649 credentium
1373 4591 1592 4651 animis.
1640 4591 1736 4652 His
1779 4602 1928 4667 capi-

243 4662 383 4716 tibus
441 4663 659 4717 totidem
711 4665 800 4716 ille
851 4667 1091 4718 maxime
1143 4667 1461 4719 adversaria
1510 4669 1603 4721 hoc
1663 4685 1767 4722 uno
1818 4662 1928 4722 loco

243 4733 416 4807 tradit
451 4737 807 4807 VRatramnus,
833 4736 1034 4788 scilicet
1069 4752 1213 4789 num.
1251 4738 1317 4790 Si
1355 4754 1366 4790 ε
1419 4741 1613 4792 Dicant
1643 4742 1739 4807 qui
1791 4741 1933 4794 nihil

249 4805 334 4856 hic
373 4806 558 4859 volunt
586 4806 877 4859 secundum
921 4809 1146 4859 interius
1192 4808 1439 4861 latentem
1485 4805 1736 4862 virtutem
1789 4814 1938 4864 acci-

241 4889 380 4940 pere,
425 4876 532 4949 _sed
577 4881 744 4949 totum
801 4877 946 4944 quod
999 4883 1244 4945 apparet,
1304 4879 1596 4932 visibiliter
1639 4883 1932 4949 aestimare,

241 4945 541 5015 secundum
580 4947 716 5014 quid
756 4949 840 5001 hic
869 4949 939 5001 sit
982 4951 1325 5002 commutatio
1353 4953 1524 5015 facta.
1575 4953 1716 5005 Nam
1756 4945 1942 5005 secun-

242 5013 371 5066 dum
452 5013 825 5071 creaturarum
881 5018 1261 5085 substantiam,
1318 5013 1461 5086 quod
1519 5023 1743 5087 fuerunt
1816 5029 1940 5076 ante

242 5087 723 5157 consecrationem
755 5089 862 5140 hoc
890 5093 946 5140 et
985 5094 1178 5157 postea
1205 5091 1544 5144 consistunt.
1586 5093 1750 5146 Panis
1771 5098 1826 5146 et
1853 5093 1940 5146 vi-

245 5170 383 5207 num
410 5156 574 5232 prius
596 5158 864 5212 exstitere
890 5175 918 5232 :_
943 5156 999 5232 in
1032 5175 1142 5228 qua
1193 5161 1366 5214 etiam
1407 5162 1592 5231 specie
1628 5163 1747 5232 jam
1796 5180 1936 5217 con-

243 5231 460 5302 sacrata
499 5242 838 5302 permanere
870 5229 1147 5302 videntur.
1196 5232 1288 5285 Est
1319 5229 1457 5302 ergo
1490 5229 1730 5287 interius
1781 5251 1936 5287 eom-

243 5301 527 5374 mutatum
560 5297 802 5374 Spiritus
846 5300 1024 5374 sancti
1059 5303 1282 5371 potenti
1321 5297 1552 5369 virtute,
1591 5306 1744 5374 quod
1797 5306 1936 5359 ﬁdes

245 5366 490 5490 aspici-th
517 5367 770 5491 uniinam
822 5371 1021 5440 pascit,
1059 5366 1312 5428 'aaternae
1366 5374 1497 5428 vita:
1542 5366 1935 5430 substantiam

245 5453 305 5489 su
352 5453 521 5491 minis
550 5454 612 5491 ra
643 5479 656 5491 .

243 5453 656 5492 δυοωιηιειτᾶι.

932 5543 1250 5585 κΕεΡοΝδιο.

312 5647 438 5726 Non
489 5647 640 5718 potis
697 5653 893 5726 estex
949 5650 1039 5704 hic
1103 5652 1398 5726 Batramni
1423 5655 1614 5726 verbis
1669 5656 1934 5726 colligere

241 5717 507 5798 quinque
531 5719 950 5798 propositiones
987 5724 1305 5798 contrarias
1336 5725 1594 5794 quinque
1628 5727 1752 5778 aliis
1794 5717 1934 5798 quas

242 5788 498 5858 prodidit
533 5788 918 5846 dissertator.
984 5796 1038 5846 t°
1104 5788 1371 5849 Nolebanl
1437 5788 1624 5864 utique
1680 5788 1938 5851 catholici

2035 499 2118 555 rio
2163 504 2398 569 operari.
2463 501 2712 564 Utinam,
2771 501 2908 554 dicit
2951 501 3313 566 Ratramnus,
3366 499 3544 554 ﬁdem
3608 518 3732 570 quae

2037 573 2278 625 interius
2309 573 2367 625 in
2395 571 2586 624 animo
2631 572 2768 624 latet
2795 572 3011 642 aliquid
3048 571 3106 624 in
3159 572 3432 641 mysterio
3466 572 3733 641 operari?

2041 642 2144 696 Ubi
2173 642 2522 695 contrarium
2563 643 2778 712 quintm
2831 641 3144 708 fabricabit,
3179 644 3311 695 huic
3349 642 3568 695 scilicet
3604 659 3616 695 :
3653 645 3734 698 In-

2038 717 2204 767 terius
2236 715 2451 782 quidem
2473 716 2933 767 commutationem
2962 713 3105 782 ﬁeri,
3147 713 3241 766 sed
3267 730 3374 766 non
3409 716 3468 766 in
3515 716 3733 782 symbo-

2038 787 2106 839 lis
2151 785 2486 855 priusquam
2523 784 2581 836 in
2621 784 2855 855 animis;
2921 799 2950 837 e
3008 790 3201 837 contra
3249 789 3369 855 toto
3419 800 3598 853 opere
3649 786 3736 837 de-

2037 853 2347 909 monstraf
2386 855 2530 908 hanc
2597 854 2979 908 mutationem
3041 871 3162 908 esse
3218 853 3506 923 objectum
3577 855 3737 922 ﬁdei,

2040 926 2297 995 adeoque
2319 926 2369 978 ei
2400 931 2529 978 ante
2561 933 2798 978 vertere.
2834 925 3050 979 Revera
3082 928 3160 978 ait
3188 941 3342 978 num.
3375 930 3428 979 tt
3463 943 3474 978 :
3509 944 3535 977 «
3572 926 3735 990 Quod

2040 1000 2086 1049 si
2119 997 2432 1050 secundum
2479 995 2755 1065 quosdam
2796 996 3037 1064 ﬁgurate
3066 996 3211 1049 nihil
3261 996 3598 1065 accipiatur,
3634 996 3729 1050 sed

2041 1072 2222 1120 totum
2251 1067 2308 1120 in
2338 1067 2568 1119 veritate
2599 1066 3002 1134 conspiciatur,
3052 1067 3190 1119 nihil
3228 1066 3320 1120 hic
3362 1068 3502 1120 ﬁdes
3531 1083 3736 1136 opera-

2039 1143 2150 1191 tur.
2190 1138 2347 1192 »Sed
2389 1137 2506 1190 haec
2534 1137 2676 1190 nihil
2710 1139 2863 1190 aliud
2915 1137 3240 1207 signiﬁcant
3283 1137 3564 1191 nisinihil
3616 1155 3738 1190 esse

2039 1207 2173 1262 ﬁdei
2208 1208 2588 1276 reputandum
2617 1207 2660 1260 si
2695 1207 2832 1260 nihil
2869 1209 3182 1275 occultum;
3219 1208 3314 1262 sed
3337 1209 3532 1261 omnia
3576 1217 3737 1262 exte-

2040 1281 2158 1332 rius
2190 1285 2245 1332 et
2272 1278 2514 1332 interius
2545 1278 2906 1332 manifestata
2949 1286 3004 1332 et
3042 1286 3252 1331 retecta
3293 1285 3444 1344 sunt,
3505 1295 3613 1333 nec
3658 1280 3738 1332 di-

2040 1351 2284 1404 cendum
2315 1366 2436 1402 esse
2481 1349 2637 1402 credo
2666 1350 2761 1402 sed
2807 1350 2982 1412 video,
3037 1350 3120 1402 uti
3160 1351 3502 1404 Batramnus
3534 1350 3737 1403 obser-

2041 1426 2135 1474 vat
2177 1437 2416 1474 numero
2452 1421 2537 1473 54.
2578 1420 2792 1490 Νδωῖδί
2841 1421 3059 1473 videres
3113 1420 3329 1474 diceres
3377 1421 3551 1484 video,
3616 1437 3737 1474 non

2041 1492 2258 1544 diceres
2321 1491 2474 1544 credo
2527 1506 2733 1559 corpus
2789 1491 3246 1560 sanguinemque
3317 1507 3436 1543 esse
3497 1492 3733 1545 Christi.

2043 1563 2187 1625 Quid
2220 1562 2280 1615 in
2320 1562 2407 1614 his
2435 1561 2621 1613 verbis
2659 1561 2876 1614 redolet
2905 1562 3210 1615 hmresim‘?
3249 1561 3393 1624 Quid
3426 1579 3458 1614 a
3490 1562 3606 1615 ﬁde
3651 1578 3737 1614 ca-

2043 1633 2248 1686 tholica
2285 1633 2535 1685 alienum
2566 1633 2860 1699 erumpit?
2908 1633 3050 1695 Quid
3083 1633 3174 1686 hic
3214 1633 3516 1702 signiﬁcat,
3571 1632 3738 1701 fidem

2043 1719 2160 1771 qua
2210 1706 2444 1756 interius
2493 1704 2622 1756 latet
2659 1703 2869 1772 aliquid
2926 1706 2980 1756 in
3031 1705 3124 1756 hoc
3192 1705 3444 1770 mysterio
3490 1706 3734 1771 operari,

1970 1776 2008 1830 Β
2041 1775 2149 1828 nisi
2177 1777 2394 1843 operari
2417 1777 2474 1827 in
2519 1776 2771 1841 mysterio
2829 1773 3111 1843 signiﬁcet
3139 1777 3356 1842 operari
3401 1777 3546 1828 circa
3585 1773 3737 1843 obje-

2043 1850 2185 1899 ctum
2223 1843 2517 1915 mysterii?
2548 1845 2761 1914 quippe
2791 1859 2920 1898 cum
2951 1845 3091 1899 ﬁdes
3139 1861 3304 1897 suum
3329 1861 3471 1914 opus
3525 1845 3738 1898 efﬁciat

2043 1916 2102 1968 in
2123 1915 2608 1986 contemplatione
2640 1916 2809 1985 hujus
2833 1916 3087 1986 mysterii
3116 1917 3218 1970 sub
3249 1916 3547 1985 speciebus
3571 1918 3739 1985 panis

2043 1991 2098 2039 et
2127 1987 2242 2039 vini
2272 2003 2470 2040 verum
2498 1986 2704 2040 Christi
2737 2002 2946 2054 corpus
2978 1994 3032 2040 et
3071 1987 3411 2056 sanguinem
3457 1987 3642 2039 celata
3685 1992 3742 2038 et

2044 2058 2265 2111 occulta
2295 2057 2528 2128 negotia
2567 2056 2874 2110 consistere
2917 2058 3197 2111 credendo
3214 2063 3269 2110 et
3307 2057 3600 2111 suadendo
3637 2074 3741 2126 per

2044 2128 2364 2181 mirabilem
2419 2128 2749 2181 substantiae
2796 2128 2964 2198 panis
3025 2134 3080 2182 et
3112 2128 3228 2181 vini
3277 2128 3735 2194 conversionem,

2040 2199 2124 2251 uti
2177 2201 2551 2254 Ratramnum
2581 2199 2783 2252 docere
2813 2199 3237 2252 observavimus
3261 2215 3325 2252 ex
3362 2215 3520 2252 num.
3557 2200 3626 2251 49
3672 2204 3729 2251 et

2044 2273 2128 2323 30.
2167 2290 2194 2317 ‹‹
2225 2273 2299 2323 At
2324 2285 2456 2323 vero
2484 2269 2799 2322 secundum
2848 2270 3194 2323 invisibilem
3229 2271 3632 2335 substantiam,
3682 2269 3739 2322 id

2042 2346 2127 2392 est
2157 2340 2334 2394 divini
2383 2340 2700 2410 potentiam
2743 2341 2924 2405 verbi,
2973 2356 3100 2393 vere
3151 2356 3358 2410 corpus
3404 2340 3741 2410 et-sanguis

2041 2411 2248 2490 Christi
2279 2411 2666 2490 existunt.....:
2697 2412 2796 2464 sed
2841 2427 2969 2463 vere
3003 2427 3103 2490 per
3132 2411 3471 2480 mysterium
3521 2427 3738 2490 panem

2041 2487 2096 2534 et
2117 2482 2314 2535 vinum
2346 2482 2402 2534 in
2443 2482 2696 2551 corporis
2728 2488 2784 2535 et
2823 2482 3116 2552 sanguinis
3149 2498 3419 2535 conversa
3468 2483 3739 2534 substan-

2041 2553 2200 2618 tiam,
2260 2569 2292 2605 a
2333 2552 2596 2606 ﬁdelibus
2647 2553 2944 2606 sumenda.
3008 2574 3028 2598 ο
3095 2554 3387 2621 Utcunque
3445 2569 3533 2604 res
3602 2553 3737 2612 sint.

2041 2638 2338 2693 nunquam
2371 2624 2714 2677 Ratramnus
2741 2623 2900 2686 dixit,
2931 2646 2950 2670 ι
2987 2623 3159 2676 ﬁdem
3184 2640 3309 2692 quin
3333 2623 3575 2675 interius
3605 2624 3743 2676 latet

2041 2693 2358 2764 quidquam
2413 2694 2472 2746 in
2506 2695 2614 2746 hoc
2650 2695 2922 2762 mysterio
2976 2695 3231 2762 operari;
3269 2716 3288 2740 ι
3337 2695 3430 2746 sed
3484 2698 3738 2759 tantum,

2046 2765 2234 2817 «ﬁdes
2310 2764 2454 2818 nihil
2514 2765 2602 2818 hic
2659 2771 2930 2832 operatur
2984 2765 3030 2817 si
3083 2764 3397 2818 secundum
3453 2765 3742 2835 quosdam

2042 2835 2284 2904 ﬁgurate
2341 2835 2484 2888 nihil
2543 2835 2632 2888 hic
2663 2836 2994 2905 accipiatur,
3040 2836 3136 2890 sed
3171 2841 3350 2888 totum
3385 2835 3444 2887 in
3496 2836 3741 2888 veritate

2041 2907 2442 2975 conspiciatur.
2479 2928 2498 2953 ι
2533 2906 2691 2969 Quod
2731 2906 3090 2959 verissimum
3121 2913 3205 2959 est
3239 2914 3296 2959 et
3348 2909 3517 2976 plane
3545 2907 3744 2959 catho-

2042 2977 2236 3042 licum,
2266 2994 2392 3030 cum
2432 2977 2489 3029 in
2531 2977 2884 3030 Eucharistia
2933 2979 3006 3030 sit
3060 2978 3244 3046 ﬁgura
3291 2984 3347 3029 et
3407 2977 3652 3040 veritas;
3688 2982 3744 3030 et

2041 3048 2400 3118 mquabiliter
2427 3047 2631 3101 falsum
2674 3048 2747 3101 sit
2793 3048 2979 3102 dicere
3037 3055 3136 3101 aut
3192 3053 3374 3100 totum
3419 3047 3743 3118 ﬁguratum

1965 3118 2004 3171 C
2035 3135 2154 3172 esse
2188 3124 2285 3172 aut
2310 3118 2453 3172 nihil
2496 3119 2830 3188 ﬁguratum.

2113 3225 2234 3280 Jam
2263 3240 2394 3278 vero
2433 3223 2841 3294 inqurrendum
2873 3228 3045 3277 restat
3095 3224 3231 3294 quid
3264 3225 3612 3277 Batramnus
3653 3223 3746 3276 his

2046 3296 2228 3348 verbis
2268 3295 2590 3365 signiﬁcare
2631 3295 2808 3348 Velit:
2858 3317 2877 3342 ι
2911 3296 3047 3348 Nam
3081 3297 3394 3348 secundum
3453 3302 3748 3347 creatura-

2045 3383 2171 3419 rum
2203 3367 2579 3420 substantiam
2611 3367 2759 3436 quod
2791 3367 3024 3419 fuerunt
3053 3373 3184 3418 ante
3226 3367 3744 3432 consecrationem,

2046 3438 2152 3490 hoc
2182 3442 2237 3489 et
2275 3441 2471 3507 postea
2517 3436 2855 3490 consistunt.
2893 3436 3055 3490 Panis
3085 3442 3142 3489 et
3173 3436 3366 3488 vinum
3400 3437 3561 3504 prius
3618 3437 3744 3489 exi-

2047 3514 2193 3560 stere
2220 3508 2276 3560 in
2310 3525 2424 3577 qua
2445 3508 2614 3560 etiam
2647 3508 2834 3576 specie
2858 3508 2976 3575 jam
3009 3523 3343 3575 permanere
3393 3507 3682 3570 videntur,
3716 3528 3743 3558 ιο

2048 3584 2104 3632 at
2136 3595 2267 3632 vero
2302 3578 2543 3631 defendo
2585 3595 2682 3646 per
2721 3585 3091 3632 creaturarum
3123 3578 3488 3631 substantiam
3542 3577 3746 3630 neuti-

2047 3665 2217 3718 quam
2252 3649 2573 3717 intelligere
2613 3665 2713 3701 ens
2753 3665 2855 3717 per
2885 3665 2942 3700 se
2976 3649 3308 3707 subsistens.
3349 3655 3411 3700 ut
3441 3648 3748 3716 Peripate-

2046 3719 2142 3772 tici
2194 3720 2528 3788 loquuntur,
2557 3720 2653 3773 sed
2697 3725 2958 3772 externas
3018 3719 3348 3772 substantia:
3409 3718 3750 3772 aﬁ'ectiones

2047 3795 2104 3843 et
2135 3793 2440 3860 qualitates
2471 3806 2599 3859 qua:
2631 3795 2798 3842 antea
2840 3788 2952 3842 fuit
2981 3796 3036 3842 et
3059 3791 3178 3859 jam
3219 3806 3344 3860 non
3372 3796 3474 3854 est,
3513 3805 3578 3841 ex
3614 3790 3746 3859 qui-

2046 3859 2164 3914 bus
2182 3870 2375 3913 tamen
2416 3876 2710 3929 superesse
2750 3876 2850 3912 nec
2887 3876 3221 3928 permanere
3261 3859 3508 3924 videtur,
3546 3866 3606 3912 et
3659 3861 3749 3913 uti

2047 3931 2373 4000 signiﬁcant
2404 3931 2521 3984 haec
2557 3931 2763 3984 verba:
2797 3933 2965 3984 Panis
3007 3937 3056 3984 et
3089 3934 3271 3984 vinum
3303 3934 3458 3998 prius
3512 3933 3750 3984 existere

2047 4004 2106 4055 in
2144 4018 2253 4070 qua
2292 4004 2454 4054 etiam
2505 4005 2677 4069 specie
2710 4003 2828 4068 jam
2877 4016 3190 4068 permanere
3235 4003 3508 4053 videntur.
3547 4001 3747 4054 Enim-

2046 4088 2180 4125 vero
2220 4074 2335 4125 haac
2368 4089 2467 4125 vox
2497 4075 2694 4140 species
2725 4072 2874 4140 apud
2909 4073 3280 4124 [latramnum
3315 4087 3430 4124 non
3463 4087 3612 4134 rem,
3647 4073 3749 4125 sed

2047 4143 2131 4196 rei
2162 4144 2499 4212 paropidem
2533 4147 2587 4196 et
2617 4143 3113 4195 obumbrationem
3161 4142 3442 4210 signiﬁcat
3470 4158 3534 4194 ac
3581 4142 3748 4194 simi-

2048 4214 2373 4280 litudinem,
2409 4220 2470 4265 ut
2500 4213 2650 4280 apud
2686 4214 2975 4266 Horatium
2998 4213 3140 4265 libro
3166 4229 3222 4276 ιι,
3253 4219 3438 4280 satyra
3468 4214 3500 4263 2
3536 4228 3550 4264 :
3585 4215 3752 4267 Ducit

2051 4287 2337 4350 tespecies,
2399 4283 2572 4337 video.
2636 4285 2710 4336 De
2771 4289 2999 4347 cmtero,
3059 4283 3391 4352 postpositis
3461 4283 3753 4351 exemplis

2051 4355 2260 4424 quibus
2304 4355 2545 4423 probare
2573 4370 2799 4422 possem
2848 4353 3112 4422 antiquos
3142 4355 3748 4424 scriptoresecclesia-

2047 4423 2217 4477 sticos
2276 4440 2380 4492 per
2437 4425 2808 4477 substantiam
2869 4424 3216 4494 signiﬁcasse
3256 4424 3339 4476 rei
3387 4423 3749 4490 aﬁectiones,

1976 4499 2017 4552 D
2045 4495 2347 4563 qualitates
2378 4511 2591 4558 rerum,
2635 4511 2750 4547 non
2795 4511 2882 4547 res
2931 4498 3102 4563 ipsas,
3135 4510 3380 4563 quorum
3444 4494 3752 4561 specimen

2040 4565 2170 4619 dedi
2204 4566 2262 4618 in
2295 4566 2627 4635 praefatione
2657 4564 2924 4618 editionis
2967 4565 3179 4618 Latinae
3209 4565 3523 4628 Ratramni,
3564 4581 3752 4634 quam

2047 4652 2167 4704 prie
2218 4636 2486 4688 manibus
2516 4637 2711 4701 habes,
2762 4635 3001 4688 dubium
3035 4636 3257 4688 nullum
3289 4640 3551 4704 superest
3599 4637 3752 4704 quin

2049 4707 2392 4760 Ratramnus
2431 4707 2712 4775 ejusmodi
2759 4706 2992 4760 atfectus
3038 4706 3245 4759 animae
3285 4705 3608 4774 signiﬁcare
3659 4723 3754 4758 vo-

2049 4777 2240 4845 luerit,
2277 4793 2391 4829 non
2434 4779 2685 4830 animam
2721 4776 2903 4846 ipsam
2935 4777 3021 4830 his
3053 4777 3236 4829 verbis
3269 4792 3281 4829 :
3319 4795 3344 4825 α
3382 4777 3524 4845 Ergo
3585 4779 3752 4845 quod

2048 4848 2288 4900 interius
2324 4853 2737 4900 commutatum
2780 4847 3024 4917 Spiritus
3064 4846 3244 4900 sancti
3275 4847 3497 4916 potenti
3529 4846 3752 4901 virtute

2047 4918 2203 4988 quod
2234 4918 2374 4971 ﬁdes
2403 4918 2622 4986 aspicit,
2661 4918 2908 4971 animam
2938 4917 3139 4987 pascit,
3180 4921 3407 4970 aeternae
3449 4917 3582 4969 vitae
3613 4918 3753 4971 sub-

2047 4989 2315 5042 stantiam
2357 4989 2773 5042 subministrat.
2833 5010 2853 5036 »
2902 4988 3229 5042 Substantia
3287 4989 3443 5040 enim
3503 4992 3748 5042 aeterna

2046 5060 2175 5112 vita:
2202 5075 2314 5112 non
2346 5065 2432 5113 est
2461 5060 2584 5129 ipsa
2623 5075 2726 5128 per
2755 5075 2813 5112 se
2853 5059 3162 5112 subsistens
3200 5057 3414 5125 anima,
3447 5058 3547 5129 sed
3565 5057 3751 5112 beati-

2047 5131 2184 5183 tudo
2222 5130 2364 5199 ipsa,
2419 5128 2520 5184 seu
2572 5129 3059 5184 incommutabilis
3113 5130 3243 5183 vitae
3292 5134 3414 5182 tota
3458 5128 3634 5182 simul
3689 5135 3748 5184 et

2046 5202 2294 5271 perfecta
2320 5200 2619 5270 possessio.

2116 5307 2248 5359 XIV.
2296 5308 2456 5362 Num.
2505 5308 2558 5369 4,
2603 5306 3000 5360 Eucharistiam
3049 5320 3166 5358 cum
3216 5305 3480 5373 baptismo
3505 5307 3743 5371 confert.

2043 5378 2201 5431 Num.
2250 5379 2332 5440 l7,
2371 5379 2434 5431 t8
2465 5383 2521 5430 et
2573 5379 2656 5443 l9,
2689 5392 2818 5446 pag.
2854 5378 2979 5441 292,
3013 5377 3148 5428 edit.
3182 5375 3739 5430 Amstelodamensis

2045 5453 2103 5500 et
2135 5447 2486 5513 Parisiensis,
2520 5463 2650 5517 pag.
2689 5449 2808 5512 176,
2838 5462 2987 5499 anno
3035 5448 3191 5510 1699,
3238 5448 3297 5499 in
3330 5447 3620 5514 baptismo,
3657 5451 3748 5501 in-

2046 5519 2186 5586 quit,
2245 5518 2351 5571 duo
2405 5523 2535 5572 sunt
2595 5519 2740 5586 quod
2783 5519 3018 5570 anterius
3070 5517 3243 5570 abluit
3281 5517 3598 5570 elementum
3641 5534 3653 5570 :
3692 5525 3746 5572 et

2045 5589 2190 5654 quod
2221 5591 2448 5641 interius
2497 5594 2698 5656 purgat
2741 5591 2917 5642 virtus
2955 5589 3398 5656 sanctiﬁcationis
3437 5590 3550 5640 sive
3607 5589 3747 5656 ﬁdes

2046 5659 2194 5711 illius
2228 5661 2324 5726 qui
2363 5658 2624 5712 abluitur.
2661 5660 2858 5726 Itaque
2879 5661 2936 5711 in
2965 5660 3136 5728 specie
3173 5661 3286 5712 sive
3305 5664 3361 5712 in
3399 5660 3748 5726 proprietate

2044 5729 2184 5781 nihil
2221 5733 2299 5782 est
2321 5734 2522 5799 prater
2549 5744 2793 5798 aquam:
2827 5731 2886 5782 in
2934 5731 3198 5799 mysterio
3245 5731 3358 5782 sive
3401 5730 3460 5781 in
3499 5729 3747 5784 credenti

2048 5798 2406 5866 intelligentia
2433 5801 2607 5853 virtus
2638 5799 2918 5854 sanabilis.
2999 5798 3004 5799 ⁷
3244 5813 3248 5816 ·
