3890 6230
159 386 250 435 193

852 526 1162 564 ιιεεροκειο.

226 618 495 672 Rotunde
545 618 727 670 fateor
774 617 1146 670 Ratramnum
1197 630 1532 685 comparare
1576 613 1856 668 Euchari-

158 692 325 743 stiam
357 706 489 743 cum
523 687 838 759 baptismo;
867 694 923 740 at
955 704 1056 756 per
1081 687 1487 759 Eucharistiam
1525 703 1638 759 non
1672 687 1857 759 solum

154 761 428 829 intelligit
483 757 693 830 panem
739 765 795 811 et
823 760 1043 830 vinum,
1094 757 1495 830 verumetiam
1527 757 1708 826 ipsam
1749 757 1857 809 Eu-

153 831 488 884 charistiam
523 836 701 884 totam
727 836 783 882 et
815 829 872 882 in
903 829 1146 897 integro,
1188 829 1398 881 scilicet
1431 843 1628 880 verum
1652 843 1858 896 corpus

153 909 210 955 et
245 918 448 955 verum
482 903 824 971 sanguinem
870 900 1099 961 Christi,
1134 899 1237 952 sub
1275 899 1572 971 speciebus
1612 899 1776 968 panis
1804 905 1859 950 et

150 974 294 1026 vini.
372 974 531 1028 Hanc
591 969 710 1025 esse
772 971 1216 1039 intelligentiam
1275 969 1572 1022 Ratramni
1631 985 1858 1022 necesse

153 1048 286 1096 est:
358 1046 574 1115 quippe
632 1059 761 1096 cum
820 1058 1008 1115 veram
1077 1041 1522 1115 substantiariim
1577 1039 1854 1093 mutatio-

155 1130 292 1167 nem
351 1113 744 1180 recognoscat,
790 1128 908 1165 non
954 1113 1095 1165 duas
1134 1113 1462 1164 existentias
1508 1117 1742 1172 asserat,
1805 1116 1860 1163 et

154 1186 379 1248 grande
436 1187 592 1239 nefas
639 1189 866 1253 reputet
914 1184 1162 1251 cogitare
1211 1182 1285 1234 ibi
1332 1197 1448 1234 non
1495 1197 1614 1234 esse
1667 1196 1858 1250 corpus

153 1259 368 1311 Christi
419 1257 563 1324 quod
613 1258 926 1308 nominatur
978 1260 1027 1307 tt
1073 1256 1279 1306 existit.
1339 1254 1461 1306 Jam
1515 1269 1645 1324 vero
1698 1253 1743 1304 si
1792 1269 1859 1304 eo

155 1343 328 1379 sensu
361 1323 709 1380 intellectam
759 1325 1168 1378 Eucharistiam
1221 1339 1350 1375 cum
1401 1323 1684 1392 baptismo
1729 1338 1857 1375 con-

157 1399 326 1461 ferat,
391 1398 528 1468 quid
593 1396 907 1468 mali‘falsi
962 1395 1014 1468 ei
1066 1393 1398 1468 exprobrari
1432 1394 1656 1462 potest?
1718 1394 1856 1446 Nam

156 1469 302 1521 sicut
337 1465 519 1521 Virtus
550 1465 1014 1520 sanctiﬁcationis
1063 1466 1131 1518 ad
1175 1466 1521 1518 elementum
1561 1481 1724 1534 aqua).
1753 1480 1859 1532 ag-

156 1546 437 1607 gregatur
466 1538 524 1593 in
569 1539 870 1606 baptismo,
909 1538 1086 1590 multo
1131 1537 1310 1604 magis
1342 1536 1520 1607 virtus
1560 1535 1857 1588 immorta-

158 1605 333 1662 litatis
371 1616 424 1662 et
453 1605 918 1662 sanctiﬁcationis
949 1607 1013 1660 ad
1047 1623 1242 1659 verum
1277 1605 1480 1659 Christi
1513 1622 1719 1675 corpus
1752 1607 1857 1658 sub

156 1681 462 1749 speciebus
520 1680 804 1733 occultum
855 1680 1086 1744 accedit,
1129 1694 1263 1749 qum.
1311 1677 1478 1749 nobis
1524 1677 1859 1729 immortali-

157 1748 334 1804 tatem
368 1759 422 1804 et
448 1757 677 1803 aitet-na:
701 1751 829 1802 vita:
860 1748 1236 1802 substantiam
1256 1748 1636 1801 administrat.
1673 1749 1854 1800 Enim-

157 1839 292 1874 vero
349 1823 459 1874 nisi
499 1838 631 1874 cum
682 1822 790 1874 lide
831 1826 887 1873 et
936 1821 1209 1872 cbaritate
1257 1821 1325 1872 ad
1374 1819 1479 1871 hoc
1524 1819 1856 1887 mysterium

157 1892 521 1957 acoedamns,
589 1893 711 1961 ipsa
767 1906 892 1944 caro
952 1890 1159 1943 Christi
1212 1890 1431 1961 occulta
1484 1904 1588 1942 non
1640 1889 1858 1957 prodest

156 1964 468 2032 quidquam
502 1980 514 2015 :
561 1960 792 2030 spiritus
813 1967 890 2015 est
920 1964 1015 2028 qui
1044 1961 1324 2027 vivi/icat:
1360 1960 1504 2012 sicut
1533 1976 1680 2032 aqua
1713 1960 1857 2032 nihil

157 2030 364 2086 attinet
405 2035 452 2086 si
497 2035 706 2086 virtute
755 2032 1222 2084 sanctilicationis
1271 2036 1478 2093 careat,
1529 2031 1584 2083 id
1623 2036 1708 2083 est
1746 2030 1858 2083 nisi

156 2105 386 2157 adultus
444 2121 604 2156 sacro
670 2103 928 2156 initiatus
983 2103 1323 2170 baptismate
1388 2101 1578 2154 credat
1634 2107 1690 2153 et
1746 2101 1856 2153 sibi

160 2175 502 2245 persuadeat
521 2177 625 2227 hac
655 2175 862 2226 virtute
883 2173 1548 2245 sanctiﬁcationisAvitan
1583 2178 1854 2245 retentam

157 2242 482 2314 comparari
517 2261 700 2314 posse.
725 2245 845 2297 Non
878 2244 1052 2312 igitur
1081 2245 1263 2296 solum
1300 2242 1558 2296 mirabile
1589 2249 1674 2295 est
1703 2243 1856 2314 quod

157 2313 364 2386 corpus
410 2313 619 2371 Christi
668 2316 726 2368 in
771 2315 1122 2368 Eucharistia
1171 2315 1391 2386 cxistat,
1445 2315 1541 2366 sed
1585 2313 1855 2386 quodibi

156 2389 221 2440 ad
257 2383 532 2440 nostram
597 2386 1101 2438 sanctiﬁcationem
1153 2383 1438 2438 consistat.
1493 2386 1554 2436 In
1600 2399 1696 2436 ore
1744 2383 1853 2436 ini-

155 2473 400 2528 quorum
433 2464 490 2510 et
530 2457 810 2510 bonorum
854 2456 1212 2528 aaquabililer
1249 2461 1567 2528 permanet.
1609 2455 1715 2508 Sed
1751 2454 1853 2528 ad-

157 2525 353 2581 versus
400 2531 584 2582 malos
630 2525 966 2580 alimentum
1017 2527 1236 2589 mortis,
1282 2531 1337 2579 et
1385 2543 1518 2592 erga
1547 2525 1727 2578 bonos
1757 2525 1857 2578 ali-

157 2605 416 2652 mentum
470 2600 601 2651 vitae
647 2601 764 2651 vita
813 2598 962 2651 bonis
1000 2612 1246 2665 morsque
1297 2598 1456 2650 malis
1479 2611 1520 2649 a.
1574 2597 1854 2650 Caeterum

155 2671 441 2737 ejusmodi
490 2668 841 2739 comparatio
876 2684 977 2721 nec
1009 2685 1150 2721 nova
1191 2683 1296 2720 nec
1335 2667 1584 2720 insolens
1632 2673 1747 2731 est;
1789 2683 1855 2739 ea

154 2742 242 2793 usi
288 2747 424 2793 sunt
467 2737 762 2804 fortissimi
809 2740 1127 2808 prmsentiaa
1160 2739 1420 2807 corporis
1467 2742 1522 2790 et
1562 2737 1851 2790 transsub-

154 2812 544 2864 stanliationis
576 2811 920 2874 defensores,
971 2809 1054 2862 uti
1099 2809 1473 2877 intelligimus
1514 2823 1581 2861 ex
1617 2809 1854 2878 epistola

154 2883 442 2934 Paschasit
477 2882 546 2934 ad
578 2880 969 2949 Frndgardum
1006 2896 1134 2950 pag.
1175 2881 1328 2944 162t,
1361 2881 1465 2932 litt.
1501 2879 1560 2942 Β,
1593 2886 1650 2931 et
1669 2879 1852 2948 capite

154 2955 182 3004 3
229 2960 516 3004 tractatus
567 2952 635 3004 de
682 2967 921 3020 corpore
971 2959 1028 3003 et
1091 2951 1370 3018 sanguine
1424 2950 1671 3012 Domini,
1719 2965 1848 3019 pag.

161 3025 314 3076 l562.
364 3023 638 3076 Eamdem
693 3021 947 3091 prodidit
991 3022 1479 3088 comparationem
1524 3020 1722 3072 beatus
1771 3023 1855 3074 Al-

154 3109 346 3162 gerus,
397 3094 585 3161 capite
628 3090 714 3156 lO,
759 3093 856 3145 lib.
903 3107 962 3149 ll.
1007 3098 1062 3144 et
1106 3094 1137 3145 8
1186 3092 1283 3144 lib.
1320 3108 1400 3155 ιιι,
1449 3095 1506 3144 et
1544 3090 1846 3162 existimat,

155 3161 300 3232 quod
347 3165 569 3216 videtur
610 3167 834 3231 speciem
883 3163 1078 3215 habere
1127 3163 1454 3229 corporalem
1500 3161 1644 3228 quod
1692 3163 1848 3214 intel-

157 3236 351 3301 ligitur
411 3238 657 3300 fructum
718 3234 913 3287 habere
971 3235 1334 3300 spirituatem,
1398 3249 1516 3285 non
1573 3247 1733 3284 secus
1787 3248 1850 3284 ac

160 3307 506 3358 Ratramnus
565 3321 724 3358 num.
781 3307 864 3357 l9.
909 3303 1231 3358 Secundum
1269 3303 1422 3356 enim
1472 3322 1499 3352 α
1547 3302 1699 3371 quod
1737 3318 1851 3355 cer-

158 3382 374 3428 nuntur
431 3392 638 3445 corpus
694 3379 935 3445 pascunt
978 3372 1348 3443 corruptibile
1406 3373 1853 3445 ipsa_corrupti-

159 3446 324 3511 bilia;
369 3442 712 3500 secundum'
735 3462 868 3498 vero
900 3446 1052 3514 quod
1098 3442 1444 3511 creduntur,
1469 3442 1690 3497 animas
1720 3442 1848 3513 pas-

157 3523 288 3570 cunt
319 3517 380 3570 ib
412 3523 695 3570 aeternum
718 3516 964 3569 victuros
997 3516 1120 3585 ipsa
1144 3515 1510 3568 immortalia.
1576 3534 1598 3562 ι

221 3589 330 3641 XV.
392 3588 550 3658 (Pag.
610 3591 716 3640 292
764 3587 901 3641 edit.
953 3587 1220 3651 Amstel.;
1277 3585 1410 3658 edit.
1460 3585 1846 3658 Paris.,gpag.

160 3662 272 3721 177,
309 3658 415 3712 lin.
450 3656 524 3724 '2):
572 3660 730 3713 Num.
780 3659 814 3710 4
859 3664 908 3711 et
935 3672 1083 3710 num.
1121 3659 1203 3710 l9.
1255 3658 1319 3710 1n
1352 3656 1638 3724 baptismo,
1672 3656 1852 3723 inquit

158 3731 486 3783 Ratramnus
519 3731 634 3782 sive
673 3729 891 3794 foederis
936 3731 1156 3795 antiqui
1190 3730 1303 3780 sive
1347 3730 1494 3793 novi,
1526 3727 1631 3779 duo
1674 3730 1800 3778 sunt
1835 3742 1846 3779 :

159 3815 295 3867 aqua
323 3815 447 3867 quae
487 3802 730 3853 cernitur
758 3804 807 3852 et
837 3800 1149 3867 spiritualis
1184 3800 1431 3866 potentia
1461 3812 1578 3865 qua
1606 3797 1854 3851 creditur

159 3873 412 3935 interius;
463 3886 533 3923 ea:
588 3876 814 3937 utroque
858 3871 1174 3936 mysterium
1233 3871 1295 3936 ﬁt
1338 3868 1465 3921 dum
1514 3870 1852 3933 cognoscitur

161 3941 286 4008 quid
319 3942 626 4009 symbolum
657 3941 944 4008 signiﬁcet.
993 3941 1094 3994 Ubi
1119 3955 1224 3992 non
1254 3939 1665 3993 Eucharistiam
1696 3937 1850 3991 modo

157 4012 377 4079 perinde
419 4028 484 4065 ac
513 4014 778 4065 salutaris
814 4012 1022 4064 lavacri
1058 4011 1260 4063 undam
1284 4012 1407 4077 ﬁeri
1434 4012 1717 4075 mysticam
1747 4011 1846 4068 ait,

160 4088 410 4150 quoniam
468 4086 583 4136 viso
627 4082 864 4148 symbolo
907 4096 1052 4134 mens
1099 4081 1256 4134 aliud
1291 4081 1549 4146 intelligit
1593 4079 1738 4148 quod
1774 4081 1852 4132 vi-

160 4155 259 4218 det,
305 4169 373 4205 ex
422 4169 535 4222 qua
573 4153 703 4221 ﬁdei
755 4153 1118 4219 intelligentia
1172 4154 1494 4219 mysterium
1544 4151 1764 4204 dicatur
1800 4154 1850 4202 et

158 4226 277 4291 ﬁat;
336 4239 524 4277 verum
578 4227 742 4277 etiam
792 4228 1132 4276 sacramenta
1181 4238 1331 4275 nova
1378 4223 1510 4288 legis
1557 4224 1615 4274 in
1661 4235 1849 4288 parem

160 4309 366 4346 misum
393 4295 632 4348 devolvit
660 4297 716 4346 in
748 4309 852 4361 quo
881 4298 1008 4346 sunt
1044 4297 1383 4346 sacramenta
1425 4293 1642 4359 antiqui
1680 4291 1847 4357 fade-

160 4367 253 4416 ris.
304 4365 459 4430 Quod
505 4371 556 4418 et
609 4365 676 4417 de
715 4365 984 4418 veteribus
1031 4362 1322 4432 sacriﬁciis
1365 4378 1483 4416 cum
1520 4378 1654 4416 novo
1703 4377 1848 4414 com-

160 4439 330 4502 ponit,
361 4451 583 4488 rursum
633 4438 913 4503 conﬁrmat
958 4451 1108 4488 num.
1151 4438 1239 4499 91,
1294 4437 1435 4488 sicut
1478 4434 1575 4486 illa
1616 4435 1849 4500 ﬁguram

163 4507 386 4559 habuere
437 4510 772 4572 futurorum,
825 4508 902 4560 sic
936 4510 985 4559 et
1030 4505 1128 4559 hoc
1174 4507 1502 4574 sacri/icium
1545 4506 1725 4572 ﬁgura
1778 4506 1849 4556 sit

161 4579 576 4643 przleritorum.

851 4662 1157 4700 RESPONSIO.

230 4751 375 4805 Nihil
409 4752 477 4805 de
512 4750 867 4805 Eucharistia
907 4751 1044 4804 dicit
1076 4752 1420 4805 Ratramnus
1449 4765 1516 4801 eo
1555 4764 1713 4802 num.
1760 4751 1848 4811 21,

162 4838 260 4874 nec
283 4825 333 4874 in
358 4823 734 4892 sequentibus
766 4822 842 4874 ait
866 4837 934 4875 ea:
970 4821 1104 4891 ﬁdei
1133 4822 1490 4886 intelligentia
1532 4822 1853 4892 mysterium

161 4893 271 4945 dici
298 4900 345 4945 et
379 4891 530 4961 ﬁeri;
566 4895 659 4945 sed
697 4892 958 4945 observat
1008 4892 1346 4960 mysterium
1397 4893 1551 4960 quod
1599 4891 1854 4959 exsurgit

159 4979 220 5014 ex
243 4980 480 5032 corpore
513 4971 568 5016 et
595 4962 874 5032 sanguine
905 4963 1113 5017 Christi
1138 4963 1300 5032 panis
1326 4966 1382 5013 et
1413 4961 1528 5013 vini
1557 4961 1853 5032 speciebus

159 5031 446 5098 involutis,
480 5039 536 5087 et
578 5031 846 5103 adjuncta
879 5034 1087 5086 virtute
1119 5031 1602 5103 sanctiﬁcationis,
1637 5031 1694 5083 in
1729 5047 1854 5099 gra-

160 5105 296 5156 tiam
353 5105 612 5157 ﬁdelium
652 5101 844 5172 ‘digne
909 5103 1321 5173 recipiendum,
1391 5101 1530 5173 ﬁeri,
1565 5103 1850 5171 objectum

160 5175 328 5227 ﬁdei:
362 5176 516 5245 quod
561 5173 794 5244 quidem
849 5190 965 5227 non
1006 5172 1191 5227 solum
1225 5172 1604 5245 Eucharistim,
1653 5187 1851 5245 verum

159 5247 324 5298 etiam
375 5243 646 5298 omnibus
695 5244 898 5297 veteris
951 5249 1006 5298 et
1059 5261 1223 5298 novae
1279 5243 1424 5313 legis
1484 5244 1850 5297 sacramentis

161 5315 512 5386 aequabiliter
559 5315 849 5369 convenit.
892 5316 1001 5368 Nec
1031 5331 1162 5368 vero
1207 5315 1494 5386 singulare
1527 5318 1611 5367 est
1643 5314 1853 5386 Eucbaf

162 5384 328 5439 ris'tize
376 5387 532 5458 quod
582 5386 764 5458 virtus
795 5386 1271 5458 sanctiﬁcationis
1320 5384 1674 5458 adjungatur
1718 5384 1850 5458 pani

161 5463 210 5508 et
237 5454 915 5528 vinofqucmadmodum
950 5471 1115 5527 aqua;
1156 5455 1212 5508 in
1247 5455 1552 5528 baptismo,
1583 5454 1677 5528 sed
1709 5454 1849 5520 adji-

160 5527 354 5593 ciatur,
409 5525 537 5582 cum
589 5527 838 5580 addatur
887 5525 1021 5580 vero
1067 5526 1294 5596 corpori
1325 5525 1533 5580 Christi
1582 5525 1686 5578 sub
1716 5540 1850 5594 spe-

161 5599 341 5651 ciebus
406 5614 508 5652 seu
554 5597 760 5667 ﬁguris
807 5597 1100 5651 recondito
1155 5603 1212 5650 et
1258 5596 1472 5650 latenti.
1526 5597 1679 5649 Hanc
1720 5611 1850 5667 esse

162 5675 400 5723 mentem
451 5665 754 5724 Batramni
793 5683 910 5721 non
956 5667 1340 5722 dubitandum
1387 5671 1491 5732 est,
1526 5681 1657 5720 cum
1703 5665 1853 5720 dicat

228 5842 245 5867 ·
268 5831 436 5885 Prosa
469 5831 619 5886 Festi
649 5829 705 5884 S.
737 5827 1084 5883 Sacramenti
1113 5827 1277 5898 cujus
1307 5831 1505 5882 auctor
1525 5826 1581 5882 S.
1613 5826 1876 5880 Thomas.

894 377 1356 435 DISSERTATIO
1395 376 1461 430 IN
1502 377 1624 430 LIB.
1671 377 1759 432 DE
1801 375 2128 431 CORPORE
2170 376 2258 430 ΕΤ
2297 375 2633 430 SANGUINE
2678 374 2935 431 DOMINI.

3567 384 3666 433 194

1893 512 1936 563 Α
1970 504 2287 580 continenti
2337 521 2802 580 sermone_num.
2857 507 2938 580 24A
2971 505 3307 576 sanguinem
3366 524 3399 562 a
3446 511 3662 580 populo

1968 578 2198 630 Judaico
2233 577 2558 649 epotumin
2594 576 3034 649 desertoifuisse
3078 581 3318 649 ﬁguram
3366 576 3662 649 sanguinis

1971 664 2038 700 ex
2069 653 2233 701 utero
2269 647 2514 716 Virginis
2553 648 2847 716 assmmpti
2880 653 2934 701 et
2964 649 3021 701 in
3052 647 3208 718 ligno
3256 651 3435 703 crucis
3475 647 3658 714 elfusi,

1969 735 2085 772 non
2117 719 2992 792 solum__ut_eo__redimeremur,
3039 716 3233 774 verum
3281 723 3452 775 etiam
3500 728 3657 792 pota-

1969 805 2165 862 remur
2193 805 2204 841 :
2241 808 2266 837 (ι
2301 790 2370 842 Ut
2400 789 2868 862 iutelligeremus,
2905 793 3102 862 inquit,
3138 791 3194 843 in
3224 792 3444 847 deserto
3468 789 3524 845 in
3556 794 3662 862 spi-

1970 860 2166 913 rituali
2198 861 2708 932 petraconstitisse
2749 865 2804 912 et
2851 861 2934 912 sui
2968 861 3263 932 sanguinis
3313 864 3523 916 undam
3556 860 3656 932 po-

1970 932 2106 1000 pulo
2157 931 2490 1000 praebuisse,
2534 931 2635 1000 qui
2665 936 2863 999 postea
2898 947 3102 1001 corpus
3144 932 3212 983 de
3243 931 3470 999 Virgine
3500 931 3656 986 suim-

1971 1008 2127 1071 ptum
2179 1008 2234 1054 et
2265 1017 2368 1070 pro
2402 1002 2969 1072 salutecredentiuni
3001 1005 3058 1054 in
3100 1018 3263 1054 cruce
3295 1020 3656 1072 suspensum,

1970 1073 2180 1125 nostris
2214 1072 2431 1125 szeculis
2475 1071 2752 1138 exhibuit,
2801 1079 2857 1125 et
2894 1089 2959 1125 ex
3011 1088 3076 1125 eo
3106 1071 3407 1142 sanguinis
3448 1076 3659 1128 undam

1972 1144 2174 1196 elludit
2211 1159 2324 1212 quo
2364 1159 2478 1196 non
2523 1144 2705 1196 solum
2744 1144 3180 1210 redimeremur,
3232 1160 3430 1197 verum
3483 1145 3656 1198 etiam

1971 1220 2322 1283 potaremur.
2375 1235 2400 1260 ››
2447 1214 2583 1276 Sam
2619 1220 2910 1284 utcunque
2959 1231 3046 1266 res
3094 1215 3226 1280 sint,
3268 1214 3314 1267 si
3364 1216 3598 1283 sanguis
3629 1232 3659 1269 a

1970 1285 2192 1338 Christo
2224 1301 2326 1354 pro
2361 1285 2523 1338 nobis
2568 1300 2633 1338 ex
2666 1287 2849 1337 crucis
2891 1287 3019 1354 palo
3059 1285 3270 1338 elfusus
3315 1289 3375 1338 ut
3409 1288 3661 1340 redime-

1971 1371 2168 1408 remur
2214 1371 2382 1408 verus
2430 1361 2512 1408 est
2554 1356 2786 1425 sanguis
2831 1355 3040 1410 Christi
3086 1371 3153 1408 ex
3207 1357 3433 1426 Virgine
3479 1364 3660 1410 matre

1969 1431 2316 1497 assumptus,
2353 1427 2447 1479 ille
2476 1427 2705 1496 sanguis
2738 1426 2900 1479 nobis
2931 1427 3270 1497 propinatus
3299 1435 3353 1480 et
3394 1427 3661 1480 similiter

1971 1496 2181 1550 effusus
2222 1504 2284 1549 ut
2315 1504 2662 1568 potaremur,
2698 1514 2864 1550 vcrus
2912 1502 2984 1550 sit
3009 1496 3064 1550 et
3096 1497 3246 1550 idem
3278 1497 3400 1566 ipse
3434 1515 3660 1552 necesse

1971 1574 2072 1629 est,
2122 1587 2148 1617 (ι
2182 1583 2298 1637 quo
2347 1584 2462 1621 non
2515 1572 2699 1620 solum
2749 1569 3182 1622 redimeremur.
3233 1584 3430 1637 verum
3485 1569 3658 1622 etiam

1970 1635 2322 1707 poteremur.
2364 1661 2383 1684 ι>
2441 1639 2514 1691 Ευ
2575 1641 2696 1691 loco
2754 1639 3045 1692 liatramni
3097 1635 3400 1707 ὀρθοδοξίαν
3460 1641 3661 1692 contir-

1975 1693 2148 1768 inare,
2188 1709 2301 1761 imo
2331 1708 2724 1762 demonstrare
2775 1709 2935 1762 facile
2977 1715 3077 1762 est.
3123 1693 3260 1762 Nam
3293 1693 3339 1762 si
3369 1711 3439 1763 ab
3466 1712 3658 1763 omni—

1969 1780 2075 1832 bus
2127 1780 2548 1849 superstitionis
2606 1780 2951 1832 Calvinianee
3004 1781 3280 1832 ministris
3333 1797 3659 1850 qumramus

1901 1843 1940 1896 Β
1971 1843 2230 1919 nunquid
2284 1865 2398 1903 non
2444 1852 2675 1918 sanguis
2714 1851 2771 1902 in
2813 1866 2976 1902 cruce
3021 1850 3087 1903 ad
3137 1843 3387 1904 nostram
3432 1853 3657 1904 redem-

1968 1921 2225 1990 ptionem
2265 1920 2496 1986 effusus,
2532 1925 2605 1973 sit
2650 1937 2817 1973 verus
2857 1921 3064 1974 Christi
3095 1937 3158 1973 ex
3213 1921 3439 1985 Virgine
3488 1922 3657 1976 Maria

1971 1997 2148 2044 matre
2170 1997 2496 2061 assumptus
2522 2009 2534 2045 :
2568 1991 2987 2062 respondebunt
3017 2007 3216 2044 omnes
3239 1991 3413 2044 dubio
3437 1994 3656 2060 procul,

1967 2078 2164 2115 verum
2227 2078 2290 2115 ac
2337 2063 2632 2131 proprium
2693 2063 3032 2132 sanguinem
3090 2063 3329 2115 existere
3398 2064 3454 2116 Si
3528 2080 3659 2116 vero

1967 2134 2163 2185 eadem
2198 2135 2432 2200 quaestio
2463 2134 2562 2186 tiat
2594 2135 2661 2186 de
2689 2135 2968 2201 sanguine
3001 2150 3029 2184 a
3075 2133 3298 2185 Christo
3331 2135 3454 2186 fuso
3488 2139 3548 2186 ut
3591 2151 3658 2187 eo

1966 2211 2320 2272 potaremur,
2366 2220 2480 2256 non
2512 2203 2777 2257 eumdem
2823 2220 2944 2256 esse
2975 2204 3312 2273 sanguinem
3350 2205 3657 2273 responde-

1967 2273 2131 2341 bunt,
2164 2275 2258 2327 sed
2294 2275 2353 2326 in
2386 2277 2569 2343 ligura
2602 2281 2823 2327 tantum
2853 2290 3048 2326 verum
3081 2275 3420 2342 sanguinem
3454 2291 3534 2342 rei
3560 2291 3659 2328 rte-

1966 2351 2214 2409 sentare,
2247 2360 2344 2398 seu
2381 2345 2438 2398 in
2470 2347 2654 2413 ﬁgura
2685 2345 2979 2414 porrigere
3009 2346 3276 2397 lia'retico
3310 2361 3475 2397 sensu
3511 2347 3656 2397 refe-

1968 2420 2112 2468 rent.
2156 2416 2362 2468 Verum
2394 2415 2442 2468 si
2472 2417 2540 2468 de
2581 2417 2775 2468 eadem
2821 2415 3132 2485 qinestione
3171 2415 3658 2483 ii'iterrogaremus

1967 2487 2364 2551 Batramnum,
2412 2487 2690 2538 catholico
2735 2502 2900 2538 sensu
2954 2501 2982 2538 e
3031 2490 3226 2538 contra
3270 2487 3658 2554 respondebit.-

1970 2578 1996 2603 ‹‹
2027 2557 2315 2610 Christum
2363 2557 2420 2609 in
2454 2557 2674 2609 deserto
2707 2557 2765 2609 in
2806 2556 3084 2624 spirituali
3120 2563 3277 2624 petra
3317 2557 3654 2619 constitisse,

1967 2633 2023 2680 et
2053 2627 2139 2680 sui
2167 2628 2461 2696 sanguinis
2494 2629 2704 2680 undam
2739 2627 2950 2696 populo
2983 2627 3312 2696 prmbuisse,
3343 2628 3442 2697 qui
3464 2632 3658 2696 postea

1966 2714 2173 2766 corpus
2214 2698 2284 2749 de
2331 2698 2561 2768 Virgine
2612 2703 2904 2767 sumptum
2956 2706 3013 2749 et
3056 2713 3161 2766 pro
3210 2698 3390 2751 salute
3421 2699 3660 2750 creden-

1967 2769 2109 2821 tium
2164 2769 2218 2820 in
2271 2767 2448 2821 cruce
2483 2783 2822 2838 suspensum
2870 2769 3076 2821 nostris
3113 2770 3335 2820 saeculis
3377 2767 3653 2834 exhibuit,

1965 2846 2021 2892 et
2055 2855 2119 2892 ex
2153 2855 2221 2892 eo
2253 2839 2548 2908 sanguinis
2578 2839 2790 2891 undam
2827 2838 3027 2892 eﬁ'udit
3059 2855 3172 2908 quo
3205 2854 3317 2891 non
3345 2841 3528 2892 solum
3563 2855 3660 2891 re-

1967 2911 2350 2971 dimeremur,
2411 2925 2621 2980 verum,
2657 2910 2829 2962 etiam
2883 2914 3231 2980 putaremur.
3286 2931 3312 2956 ››
3376 2910 3522 2978 Ergo
3590 2926 3656 2962 ex

1965 2986 2156 3033 mente
2215 2981 2530 3047 Ratramni,
2581 2979 2726 3032 sicut
2781 2979 3121 3033 redimimur
3175 2994 3309 3032 vero
3370 2981 3654 3049 sanguine

1964 3051 2171 3106 Christi
2202 3052 2534 3120 exjcorpore
2563 3051 2632 3104 de
2669 3050 2898 3120 Virgine
2939 3056 3255 3119 assumpto,
3288 3047 3500 3103 eodeni
3532 3050 3655 3120 ipso

1959 3138 2192 3201 prorsus
2219 3139 2352 3175 vero
2383 3122 2659 3201 sanguine
2685 3128 2974 3190 potamur.
3004 3122 3390 3201 ilespondebit.
3422 3121 3658 3201 insuper

1891 3181 1929 3234 ί)
1963 3181 2307 3246 Ratramnus
2349 3209 2415 3246 eo
2459 3181 2740 3261 sanguine
2781 3208 2886 3245 nos
2919 3181 3131 3244 redimi
3172 3198 3227 3244 et
3259 3193 3443 3260 polari
3493 3181 3656 3260 cujus

1960 3263 2145 3332 ﬁgura
2180 3263 2289 3316 fuit
2326 3264 2385 3316 in
2427 3279 2659 3327 manna,
2702 3263 2846 3316 mari
2893 3262 3085 3316 Rubro
3127 3269 3182 3314 et
3224 3268 3385 3331 petra
3415 3261 3657 3328 deserti;

1960 3335 2058 3404 qui
2101 3349 2230 3387 cum
2261 3334 2382 3403 jam
2428 3334 2720 3388 delitescat
2749 3333 2854 3404 sub
2887 3336 3022 3386 velis
3056 3338 3109 3386 et
3157 3333 3359 3404 ﬁguris
3389 3349 3488 3386 seu
3529 3348 3657 3403 spe-

1959 3403 2152 3457 ciebus
2193 3404 2309 3456 vini
2357 3409 2413 3457 et
2459 3405 2642 3474 panis,
2693 3403 2889 3474 ibique
2932 3419 3130 3458 revera
3175 3403 3400 3468 existat,
3446 3413 3656 3457 nostra:

1959 3475 2094 3529 ﬁdei
2123 3479 2295 3545 atque
2326 3474 2722 3544 intelligentiae
2768 3474 3083 3544 spiritualis
3113 3475 3398 3543 objectum
3448 3475 3653 3540 evadit,

1961 3561 2064 3599 nec
2092 3546 2290 3612 defuit,
2325 3546 2573 3599 mirabili
2608 3545 2862 3598 veritatis
2893 3550 2945 3599 et
2980 3545 3182 3615 ﬁgurae
3209 3546 3499 3610 societate,
3533 3545 3657 3598 ﬁeri

1958 3617 2146 3686 ﬁgura
2177 3632 2422 3680 marinae,
2459 3615 2634 3670 maris
2664 3616 2839 3670 Rubri
2873 3619 2928 3668 et
2953 3622 3128 3684 petra?
3163 3616 3371 3668 deserti
3403 3617 3658 3685 punieri-

1960 3691 2172 3753 torum,
2243 3686 2736 3756 quemadmodum
2790 3701 3020 3751 manna,
3059 3701 3236 3756 imare
3292 3686 3548 3739 Rubrum
3602 3693 3656 3741 et

1957 3763 2122 3837 petra
2180 3755 2388 3837 deserti
2442 3757 2686 3837 ﬁguram
2745 3757 2997 3837 habuere
3046 3755 3394 3837 futurorum.
3443 3777 3471 3805 ‹‹
3503 3756 3660 3837 Sicut

1958 3826 2075 3892 illa,
2109 3827 2298 3898 inquit
2330 3826 2504 3880 num.
2532 3831 2588 3882 91
2632 3827 2875 3898 ﬁguram
2907 3826 3156 3898 habuere
3192 3826 3545 3891 futurorum,
3579 3827 3657 3880 sic

1959 3904 2014 3951 et
2045 3901 2151 3951 hoc
2182 3897 2523 3951 sacriﬁcium
2553 3897 2739 3965 ﬁgura
2763 3897 2828 3950 ﬁt
2852 3897 3295 3966 praeteritorum.
3333 3921 3358 3942 »

2026 3971 2158 4023 XVI.
2211 3970 2368 4039 (Pag.
2430 3970 2556 4032 292,
2618 3983 2776 4020 num.
2841 3967 2986 4036 177.)
3044 3989 3070 4016 «
3108 3969 3221 4022 Non
3268 3983 3394 4034 ergo
3439 3983 3654 4021 carnem

1957 4056 2150 4105 meam,
2197 4062 2223 4088 »
2276 4039 2464 4110 inquit
2495 4039 2838 4093 Ratramnns
2887 4054 3044 4110 num.
3073 4042 3182 4110 730,
3227 4041 3309 4092 vel
3339 4041 3657 4106 sanguinem

1958 4127 2130 4165 meum
2183 4109 2735 4178 vobis’corporaliter
2795 4109 3175 4163 comedendum
3230 4110 3313 4162 vel
3371 4109 3657 4163 bibendum

1954 4198 2055 4252 per
2105 4185 2293 4251 partes
2345 4180 2697 4234 distributum
2729 4180 3231 4234 distribuendumve
3266 4184 3496 4249 putetis,
3539 4196 3657 4235 cum

1952 4257 2078 4322 post
2128 4256 2570 4306 resurrectionem
2616 4253 2792 4304 visuri
2830 4253 2952 4304 sitis
2991 4266 3072 4304 me
3114 4252 3265 4305 ccclos
3307 4267 3656 4322 ascensurum

1956 4321 2075 4376 cum
2105 4325 2306 4389 integri
2337 4325 2576 4391 corporis
2606 4324 2718 4376 sive
2741 4324 3028 4387 sanguinis
3067 4321 3425 4392 plenitudine.
3463 4342 3490 4370 »
3524 4323 3654 4387 Quis

1956 4410 2079 4448 vero
2110 4410 2136 4446 e
2161 4395 2439 4447 catholicis
2468 4395 2762 4446 somniavit
2807 4408 3024 4446 carnem
3063 4393 3270 4449 Christi
3307 4393 3656 4448 scindendum

1892 4465 1931 4517 D
1959 4468 2017 4518 in
2042 4467 2299 4531 frustra?
2322 4465 2485 4518 Plane
2509 4479 2677 4518 nemo.

2655 4585 2971 4625 RESPONSIO.

2032 4674 2402 4730 Adversarios
2473 4675 2772 4730 Ratramni
2852 4674 3028 4728 fuisse
3110 4675 3416 4728 catholicos
3491 4675 3654 4729 valde

1963 4746 2230 4800 credibile
2264 4752 2318 4800 et
2350 4746 2513 4800 valde
2556 4747 2851 4817 probabile
2894 4752 3009 4817 est;
3061 4749 3117 4797 et
3161 4761 3290 4817 cum
3338 4746 3650 4817 praesertim

1963 4834 2060 4871 eos
2093 4818 2287 4872 lideles
2319 4815 2572 4887 appellet
2600 4833 2760 4870 num.
2800 4819 2884 4887 ll,
2917 4816 2986 4868 ab
3017 4815 3173 4887 omni
3207 4815 3439 4887 haeresis
3469 4817 3653 4886 suspi-

1962 4889 2124 4942 cione
2155 4885 2442 4942 immunes
2482 4888 2655 4940 fuisse
2704 4886 3059 4939 abundanter
3089 4885 3372 4952 significat
3400 4901 3413 4938 :
3446 4905 3472 4935 α
3508 4885 3651 4940 Dum

1963 4960 2114 5039 enim
2148 4959 2384 5039 quidam
2412 4958 2666 5037 ﬁdelium
2695 4956 2952 5039 corporis
2975 4955 3389 5039 sanguinisque
3421 4957 3648 5039 Christi,

1963 5030 2115 5100 quod
2159 5025 2241 5100 in,
2268 5028 2511 5100 Ecclesia
2558 5025 3202 5100 quotidie_celebratur,
3261 5027 3459 5100 dicunt
3499 5029 3649 5097 quod

1963 5095 2118 5153 nulla
2160 5099 2265 5152 sub
2313 5099 2518 5168 ﬁgura,
2555 5095 2709 5168 nulla
2763 5095 2867 5168 sub
2917 5096 3260 5168 reyelatione
3310 5097 3426 5164 ﬁat,
3467 5119 3486 5145 ι
3519 5095 3653 5168 quis

1963 5171 2115 5224 enim
2148 5185 2253 5238 per
2280 5166 2542 5238 quosdam
2565 5167 2815 5238 ﬁdelium
2844 5166 3105 5238 homines
3140 5167 3345 5221 haeresi
3377 5166 3650 5238 inquina-

1962 5246 2047 5294 tos
2079 5235 2388 5309 signiﬁcari
2435 5237 2543 5292 sibi
2567 5235 2960 5309 persuadeat?
2991 5240 3061 5291 At
3102 5254 3236 5292 vero
3267 5239 3351 5292 illi
3391 5235 3650 5293 adversa-

1962 5311 2033 5365 rii
2065 5305 2394 5380 credebant,
2413 5305 2615 5380 revera
2652 5305 2833 5360 videri
2865 5323 2965 5361 seu
2993 5309 3253 5380 conspici
3283 5310 3342 5380 in
3382 5310 3645 5363 Euchari-

1962 5381 2068 5434 stia
2117 5395 2322 5448 corpus
2369 5377 2831 5450 Christiiverum,
2861 5395 2943 5450 eo
2980 5377 3192 5450 habitu
3239 5385 3294 5433 et
3323 5379 3508 5433 forma
3535 5381 3652 5450 qui-

1963 5452 2068 5505 bus
2117 5465 2311 5520 rerera
2345 5448 2708 5520 consistebat,
2751 5449 2926 5502 nullis
2973 5449 3292 5504 involutum
3326 5450 3526 5520 ﬁguris
3552 5448 3653 5504 aut

1963 5519 2231 5591 mysterii
2258 5519 2816 5591 obumbrationibus,
2855 5542 2881 5567 ‹‹
2916 5521 3070 5591 quod
3107 5521 3264 5575 nulla
3301 5519 3404 5574 sub
3440 5521 3645 5591 ﬁgura,

1962 5589 2120 5645 nulla
2148 5589 2253 5643 sub
2295 5589 2751 5662 obumbratione
2772 5589 2893 5644 ﬂat.
2927 5589 2954 5640 ἦ
3001 5591 3290 5662 Ejusmodi
3320 5589 3647 5656 adversarii,

1963 5667 2252 5731 utcunque
2284 5665 2569 5731 poterant,
2616 5659 2852 5716 fetidam
2884 5659 3346 5718 consecutionem
3388 5662 3649 5732 repudia-
