3890 6230
274 312 372 362 1ρῦ
999 307 1456 363 Ι)185Ε11ΤΑΤ10
1487 309 1549 360 IN
1595 308 1722 361 LIB.
1770 306 1856 360 DE
1896 307 2220 362 CORI‘ORE
2267 307 2351 361 ET
2390 306 2734 363 SANGUINE
2771 308 3033 365 DOMINI.
3685 314 3767 363 196

271 443 428 509 bant,
471 446 528 497 et
569 443 639 496 ab
668 459 732 495 ea
760 457 817 494 se
847 441 1250 503 defendebant,
1302 458 1415 512 qua
1445 441 1649 494 irretili
1684 441 1959 494 teneban-
1999 445 2045 498 A

269 520 365 566 tur
398 519 450 567 et
481 515 962 566 convincehantur
1003 514 1232 566 credere
1274 529 1482 582 corpus
1514 514 1718 568 Christi
1752 513 1967 566 scilicet

269 585 560 653 corrumpi
595 591 650 636 et
693 585 924 652 spiritus
964 586 1281 652 calorisque.
1315 586 1594 636 naturalis
1626 585 1864 653 appulsu
1910 591 1965 636 et

271 671 444 724 opera
504 656 653 707 velut
715 657 1048 706 alimentum
1108 655 1406 720 exagitari,
1473 660 1527 706 et
1585 656 1962 708 madefactum

269 725 604 779 humoribus
654 726 711 776 in
765 730 986 794 pectore.
1019 731 1074 778 et
1102 727 1415 778 ventriculo
1459 726 1806 778 sumentium
1857 726 1964 778 dis-

271 796 458 849 solvi:
509 795 728 848 etiamsi
784 811 892 846 non
946 797 1276 847 dubitarent
1329 811 1523 847 Verum
1581 812 1699 847 esse
1757 812 1890 858 corp
1941 813 1964 844 s

270 867 723 936 saiigiiinemque
778 865 1009 919 Christi.
1078 868 1263 920 Abbas
1339 867 1660 930 Abbaudus,
1732 867 1962 918 incena-

273 937 456 989 trtatis
502 944 720 1000 auctor,
771 936 827 988 in
885 936 1143 989 eamdem
1197 937 1295 989 ivit.
1339 936 1684 989 sententiam
1732 937 1801 988 de
1851 937 1962 989 fra-

271 1009 455 1059 ctione
503 1009 756 1074 corporis
786 1006 988 1062 Christi
1025 1023 1037 1059 :
1081 1008 1231 1060 hunc
1265 1012 1490 1058 secutus
1523 1012 1607 1058 est
1642 1008 1963 1073 Walterius,

271 1079 433 1145 prior
459 1077 514 1130 S.
551 1077 788 1130 Victoris
837 1077 1188 1139 Parisiensis,
1231 1093 1476 1146 quorum
1507 1078 1825 1146 fragmenta
1856 1094 1960 1146 pii-

272 1148 402 1200 blici
427 1148 572 1217 juris
603 1148 734 1201 fecit
765 1148 1122 1200 doctissimus
1165 1147 1520 1201 Mabillonius
1559 1150 1963 1202 Analeetorum

273 1234 559 1272 sacrorum
595 1223 752 1272 tonio
805 1217 898 1283 IV;
952 1219 1302 1288 plurimique
1351 1218 1657 1287 saiplores
1700 1219 1964 1271 catholici

271 1293 403 1342 ante
437 1294 492 1342 et
529 1296 655 1359 post
686 1294 908 1341 aetatem
944 1291 1060 1341 sive
1094 1297 1221 1357 post
1267 1289 1726 1342 retractatiouem
1762 1291 1965 1344 Beren-

273 1359 415 1425 garii
447 1361 525 1412 uti
579 1360 838 1412 observat
884 1359 1034 1412 idem
1069 1359 1424 1413 Mabillonius
1469 1359 1528 1412 in
1575 1360 1691 1412 suis
1731 1361 1796 1412 ad
1832 1361 1962 1414 Tra-

272 1436 482 1482 elatum
518 1430 780 1483 Abbaudi
826 1431 973 1482 notis
1022 1430 1089 1482 de
1132 1431 1404 1483 fractione
1437 1431 1690 1498 corporis
1732 1431 1961 1484 Christi.

273 1501 568 1570 litcunque
604 1517 693 1553 res.
727 1501 818 1560 sil,
864 1517 979 1552 non
1015 1501 1290 1553 existebit
1335 1503 1448 1553 ulla
1482 1510 1631 1554 secta
1664 1502 1964 1554 hominum

271 1571 377 1623 sibi
425 1572 890 1640 prrsuadenlium
938 1587 1166 1623 carnem
1215 1573 1420 1624 Christi
1467 1579 1522 1623 et.
1572 1573 1663 1624 Dei
1711 1588 1962 1641 unquam

273 1643 518 1710 possein
553 1657 833 1694 secessum
878 1643 1045 1694 mitti.
1086 1643 1195 1694 Nec
1227 1643 1378 1693 enim
1434 1644 1708 1694 memoria
1739 1643 1962 1696 excide-

273 1717 358 1764 rat
410 1711 712 1765 hominum
769 1712 1218 1766 Christianorum
1277 1711 1427 1781 quod
1493 1713 1734 1765 refertur
1793 1713 1962 1766 Exodi

2759 492 3067 532 RESPONSIO.

2144 582 2272 637 Haec
2302 581 2504 635 nullibi
2539 582 2839 635 incurrunt
2867 583 2924 636 in
2959 583 3152 636 oculos
3184 583 3336 651 apud
3374 583 3762 644 Ratramnum,

2073 669 2176 706 nec
2205 653 2477 706 credibile
2518 659 2602 706 est
2641 654 2936 707 hominem
2987 656 3085 722 qui
3127 655 3197 706 de
3249 660 3536 720 potestate
3570 662 3764 706 mentis

2071 740 2184 777 non
2244 724 2565 787 excesserit,
2622 725 2764 777 adeo
2841 725 2949 777 sibi
3011 726 3360 777 contrarium
3423 741 3568 776 esse.
3641 725 3764 776 Nam

2070 794 2282 864 passim
2337 794 2474 846 dicit
2529 811 2628 847 seu
2680 794 3022 861 intelligitur
3069 797 3279 856 dicere.
3339 812 3553 864 corpus
3612 796 3764 847 Chri-

2073 867 2139 918 sti
2191 866 2394 935 inquo
2428 871 2669 918 mortem
2722 882 2921 934 passus
2975 872 3078 930 est,
3118 866 3175 919 in
3224 866 3581 920 Eucharistia
3632 867 3764 916 cxis-

2071 937 2340 1012 tere,.uti
2374 937 2633 1005 pluribus
2666 937 2786 1005 jam
2824 936 2976 1012 locis
3017 937 3572 1012 ostendimus,_quos
3606 951 3766 1012 repe-

2071 1014 2191 1059 tere
2231 1007 2734 1076 supervacaneum
2786 1008 3092 1062 videretur.
3134 1009 3260 1061 Nec
3317 1007 3470 1060 enim
3518 1007 3768 1058 numeris

2073 1080 2139 1130 89
2171 1082 2226 1130 et
2254 1080 2316 1130 97
2362 1079 2571 1144 colligit
2609 1079 2703 1131 ubi
2743 1093 2939 1148 corpus
2977 1081 3194 1131 Christi
3226 1094 3330 1132 non
3357 1084 3621 1131 cernatur
3658 1092 3768 1128 ocu-

2072 1150 2162 1213 lis,
2186 1163 2279 1201 nec
2310 1152 2662 1214 manifestum
2705 1151 2796 1214 sit,
2830 1150 2910 1200 ibi
2928 1153 3142 1202 omnino
3180 1165 3285 1200 non
3332 1163 3458 1203 esse.
3493 1149 3766 1201 Tantum-

2073 1219 2241 1271 modo
2275 1221 2537 1272 observat
2572 1219 2956 1272 dilferentiam
3000 1219 3351 1273 intercedere
3384 1221 3536 1272 inter
3567 1225 3769 1288 myste-

2073 1291 2221 1342 rium
2267 1291 2519 1359 corporis
2553 1290 2706 1357 quod
2748 1289 3071 1343 celebratur
3118 1290 3177 1342 in
3228 1290 3488 1354 Ecclesia,
3535 1296 3595 1342 et
3639 1305 3767 1356 pro-

2073 1360 2262 1439 prium
2291 1376 2496 1430 corpus
2528 1360 2734 1439 Christi
2769 1360 2826 1413 in
2869 1365 3602 1439 q_uo_passusetmortuus
3649 1367 3766 1438 est:

2072 1429 2132 1482 in
2187 1429 2727 1500 eoque’consistere
2771 1429 2922 1500 quod
2985 1429 3043 1484 in
3093 1430 3362 1498 mysterio
3409 1431 3515 1482 sub
3564 1429 3768 1496 ﬁguris

2073 1516 2280 1569 corpus
2329 1502 2402 1553 sit
2432 1503 2678 1554 velatum
2734 1509 2791 1553 et
2841 1518 2958 1554 non
3011 1501 3318 1571 palpabile,
3370 1517 3580 1569 corpus
3635 1516 3768 1552 vero

2075 1573 2222 1640 quod
2275 1587 2504 1640 passum
2551 1578 2606 1623 et
2648 1574 2957 1641 sepultum.
3012 1572 3377 1624 manifestum
3426 1574 3499 1623 sit
3547 1578 3602 1623 et
3649 1576 3769 1639 pal-

2073 1643 2280 1712 pabile.
2316 1643 2546 1695 Interim
2580 1659 2693 1694 non
2741 1643 2818 1694 ait
2853 1643 2991 1696 duas
3024 1659 3144 1694 esse
3179 1643 3507 1695 existentias
3550 1659 3766 1697 rerum.

2074 1713 2192 1764 imo
2239 1729 2373 1766 vero
2415 1714 2701 1782 conceptis
2744 1714 2929 1766 verbis
2976 1713 3138 1766 docet
3179 1733 3201 1763 α
3259 1729 3370 1765 non
3420 1715 3576 1781 quod
3629 1713 3768 1766 dua-

273 1798 396 1851 cap.
449 1798 616 1842 xxxu,
653 1799 812 1834 versu
850 1783 917 1834 20
951 1799 962 1835 :
1007 1783 1146 1834 Cum
1181 1782 1396 1850 Moyses
1428 1786 1701 1850 arripiens
1729 1786 1959 1836 vitulum
2005 1794 2043 1846 Β
2074 1799 2201 1836 rum
2235 1784 2348 1836 sint
2379 1784 2689 1838 existentim
2730 1799 2921 1837 rerum
2957 1784 3106 1836 inter
3135 1801 3191 1834 se.
3219 1785 3599 1847 diversarum,
3645 1799 3768 1835 cor-

273 1868 428 1920 quem
479 1857 717 1918 fecerant
763 1854 1031 1906 Israelita:
1081 1855 1365 1906 combussit
1415 1859 1464 1905 et
1507 1855 1759 1907 contrivit
1799 1870 1968 1922 usque

274 1923 348 1974 ad
375 1923 643 1994 pulverem
676 1939 828 1991 quem
878 1929 1082 1990 sparsit
1116 1927 1170 1975 in
1201 1939 1399 1991 aquam
1430 1929 1478 1976 et
1505 1925 1654 1977 dedit
1685 1941 1752 1976 ea:
1781 1941 1842 1977 ea
1868 1941 1964 1994 po-

273 1998 384 2046 tum
434 1993 570 2062 ﬁliis
627 1995 811 2047 Israel.
868 1995 942 2048 De
975 2011 1088 2064 quo
1121 1996 1239 2046 lure
1284 1995 1507 2063 scripsit
1546 1995 1798 2048 carmine
1851 1993 1964 2049 non

273 2080 506 2132 prorsus
562 2065 983 2116 contemnendo
1053 2068 1250 2117 Petrus
1305 2065 1660 2128 Rhemensis.
1719 2066 1967 2133 scriptor

275 2136 565 2206 antiquus,
605 2136 673 2187 de
708 2136 850 2199 Riga
883 2135 1084 2197 :liclus,
1134 2138 1190 2187 in
1222 2143 1442 2188 Aurora
1479 2152 1600 2200 sua,
1655 2153 1827 2206 quam
1859 2138 1964 2191 lia-

275 2205 392 2258 heri
440 2207 499 2258 in
553 2206 896 2258 bibliotheca
947 2206 1284 2260 Cottoniana
1338 2205 1684 2260 testilicatur’
1719 2209 1966 2261 Joannes

272 2276 546 2329 Seldenus
589 2277 657 2329 de
694 2278 804 2328 Diis
849 2277 1022 2344 Syris,
1055 2283 1411 2346 syntagmate
1456 2280 1508 2342 2,
1556 2277 1620 2329 de
1661 2279 1831 2332 vitulo
1865 2295 1965 2332 au-

271 2363 377 2410 reo,
413 2352 468 2399 et
496 2347 554 2399 in
583 2347 927 2400 bibliotheca
960 2349 1193 2417 capituli
1229 2348 1480 2401 ecclesize.
1513 2349 1966 2418 meli'opolilanie

231 2480 240 2488 ι
273 2418 609 2471 Ilbemensis
641 2419 762 2488 ipse
796 2419 933 2472 vidi.

335 2503 1009 2567 Comminuit.’commiscet
1032 2505 1181 2567 aquis
1217 2509 1397 2567 potum
1425 2505 1516 2554 dat
1542 2507 1774 2556 Hebraeis

397 2566 559 2613 Exeat
585 2571 641 2612 ut.
677 2566 847 2614 foedus
873 2580 964 2629 per
988 2566 1102 2613 loca
1127 2566 1268 2614 fmda
1290 2567 1446 2616 Deus.

345 2644 500 2698 XVII.
553 2643 713 2711 (Ibid.
769 2661 898 2713 pag.
954 2646 1104 2711 292.)
1155 2645 1259 2700 Sed
1305 2646 1442 2698 illud
1491 2649 1661 2700 voluit
1705 2652 1971 2701 veterator

278 2713 402 2783 (hoc
448 2715 564 2767 sale
619 2714 803 2784 placet
847 2715 1201 2768 dissertatori
1245 2715 1520 2787 defricare
1567 2719 1968 2787 Italramnum)

274 2787 509 2851 intelligi
545 2801 638 2838 nec
672 2788 819 2837 cerni
861 2788 916 2838 in
950 2801 1071 2851 ara,
1104 2802 1195 2839 nec
1234 2786 1459 2854 comedi,
1498 2804 1592 2841 nec
1619 2791 1812 2854 frangi
1852 2786 1969 2841 cor-

274 2871 376 2924 pus
427 2857 651 2918 Christi,
705 2857 1022 2924 sublatoque
1054 2859 1112 2909 in
1151 2858 1303 2910 cazlos
1333 2873 1572 2926 corpore,
1611 2875 1713 2912 non
1757 2867 1974 2913 carstare

275 2928 509 2996 amplius
539 2927 690 2980 istud
717 2930 773 2979 in
804 2930 981 2980 terris.

963 3039 1275 3078 RESPONSIO.

345 3119 400 3172 Si
431 3134 636 3188 corpus
682 3117 886 3173 Christi
936 3126 1067 3188 post
1096 3121 1490 3175 ascensionem
1537 3121 1593 3174 in
1625 3121 1796 3175 ccelos
1829 3139 1969 3176 neu-

277 3190 497 3258 tiquam
537 3191 593 3242 in
640 3191 806 3242 terris
853 3191 1232 3262 permansisse
1281 3191 1391 3244 sibi
1437 3194 1812 3262 persuasisset
1858 3195 1967 3248 Ra-

276 3267 554 3333 tramnus,
619 3276 917 3333 nunquam
970 3261 1200 3333 dixisset
1255 3261 1573 3317 num.’99:
1641 3264 1747 3317 Iste
1803 3265 1972 3333 panis

277 3335 333 3382 et
365 3332 505 3383 calix
563 3331 661 3400 qui
711 3347 916 3400 corpus
966 3332 1173 3385 Christi
1207 3335 1540 3386 nominatur
1590 3340 1646 3386 et
1691 3331 1900 3389 exis—lit.
1938 3357 1965 3383 n

283 3403 392 3454 Nec
431 3417 592 3454 num.
645 3402 733 3459 2i.
783 3403 852 3454 de
899 3402 1179 3471 sanguine
1220 3403 1277 3456 in
1319 3403 1519 3456 arbore
1558 3406 1739 3458 crucis
1769 3406 1968 3470 effuso,

284 3497 301 3519 α
340 3488 453 3542 quo
484 3487 600 3546 non
634 3475 817 3525 solum
844 3473 1286 3546 redimeremur,
1313 3490 1509 3528 verum
1543 3475 1714 3528 etiam
1748 3483 1972 3546 potare-

281 3559 428 3596 niur.
461 3566 480 3588 ι
509 3544 797 3613 Nosquam
822 3543 992 3596 etiam
1015 3545 1354 3598 oecurrisset
1376 3546 1702 3610 lectoribus,
1734 3543 1805 3600 ne
1836 3547 1974 3601 anti-

275 3615 460 3683 cipata
494 3615 765 3683 opinione
795 3615 1129 3689 fallerentur
1160 3615 1229 3689 de
1262 3617 1448 3670 verbis
1483 3617 1728 3689 propriis
1761 3618 1972 3689 quibus

276 3633 460 3683 eipaia
494 3633 765 3683 opinione
795 3633 1129 3668 iaiierentur
1160 3633 1229 3670 ae
1262 3633 1448 3670 verbis
1482 3633 1728 3740 propriis
1761 3633 1968 3689 quibus

276 3701 411 3736 usus
442 3689 693 3758 esthec
721 3685 1137 3758 admonuisset
1174 3686 1263 3740 his
1307 3703 1436 3758 quae
1523 3687 1764 3741 abentur
1809 3705 1968 3742 num.

280 3758 368 3808 tm
406 3771 418 3809 :
461 3777 508 3829 «_
539 3756 648 3808 Nec
682 3756 808 3809 ideo
858 3757 1130 3829 quoniam
1190 3759 1298 3811 ista
1327 3756 1582 3812 dicimus
1631 3763 1864 3829 putetur
1912 3761 1969 3812 in

278 3827 550 3901 mysterio
604 3828 946 3901 sacramenti
977 3845 1185 3901 corpus
1236 3830 1463 3901 Domini
1495 3830 1580 3901 vel
1631 3827 1968 3901 sanguinem

275 3897 456 3971 ipsius
487 3912 600 3971 non
634 3913 663 3949 a
706 3897 1185 3971 ﬁdelibussiimi,
1223 3900 1451 3971 quando
1494 3900 1636 3954 ﬁdes
1668 3897 1779 3954 non
1821 3903 1970 3971 quod

277 3969 474 4020 oculus
506 3967 699 4040 videt,_
729 3969 823 4040 sed
861 3969 1011 4038 quod
1055 3967 1486 4040 credit'accipit.
1522 3989 1548 4020 »
1589 3971 1752 4024 Fides
1781 3967 1971 4024 autem

279 4053 394 4091 non
443 4053 649 4106 corpus
687 4037 743 4090 in
789 4037 997 4107 ﬁgura,
1049 4040 1145 4092 sed
1177 4037 1476 4093 verum—in
1513 4041 1863 4094 Eucharistia
1892 4043 1975 4094 la-

277 4113 396 4160 tere
422 4107 638 4179 _credit_,_
686 4108 943 4179 adeoque
974 4124 1087 4162 non
1121 4110 1325 4162 falsum
1371 4116 1470 4163 aut
1498 4110 1810 4179 ﬁguratum
1842 4117 1974 4164 ante

281 4176 544 4246 percipit.
599 4176 940 4247 Neutiquam
989 4179 1159 4232 etiam
1210 4180 1440 4235 dixisset
1483 4176 1640 4234 nii’m.
1681 4182 1782 4235 lO:
1821 4203 1847 4229 ‹‹
1881 4183 1971 4234 Vi-

281 4262 420 4299 num
466 4262 695 4318 qiioque
742 4263 857 4317 quo
904 4250 1238 4303 sacerdotali
1293 4251 1721 4305 consecratione
1769 4252 1977 4306 Christi

218 4378 225 4385 ι
281 4317 1050 4392 sanguinis'sacramentum
1110 4320 1376 4392 efficitur,
1413 4321 1595 4392 aliud
1645 4322 1974 4392 superficie-

282 4394 448 4440 tenus
471 4387 739 4454 ostendit,
789 4389 943 4442 aliud
987 4390 1229 4443 interius
1273 4391 1544 4446 continet.
1582 4412 1608 4442 ι’
1649 4387 1792 4456 Quid
1821 4394 1976 4447 enim

281 4464 492 4528 printer
530 4458 726 4511 vinum
771 4458 1011 4512 interius
1059 4461 1327 4527 continet,
1369 4462 1480 4514 nisi
1525 4463 1581 4515 in
1624 4463 1808 4517 locum
1857 4464 1974 4518 vini

283 4529 489 4582 Christi
522 4529 756 4602 sanguis
786 4531 1389 4602 reponatur._lnsuper
1418 4532 1556 4602 quid
1590 4550 1820 4588 necesse
1854 4541 1976 4588 erat
2016 4546 2058 4599 Ι)

283 4615 526 4653 numero
577 4602 645 4676 3_O
693 4599 880 4676 dicere
915 4617 927 4653 :
985 4622 1012 4650 ‹‹
1043 4600 1156 4676 sed
1192 4599 1323 4655 vere
1353 4599 1456 4672 per
1500 4605 1835 4672 mysterium
1877 4622 1975 4676 pa-

283 4687 411 4743 ium
463 4676 519 4723 et
550 4670 1190 4743 _vinum_inf__corporis
1257 4678 1313 4725 et
1354 4670 1656 4743 sanguinis
1704 4670 1977 4729 conversa

283 4741 656 4794 substantiam
697 4757 726 4793 a
768 4740 1050 4795 fidelibus
1067 4743 1366 4808 sumenda,
1403 4764 1425 4791 ι
1458 4740 1514 4802 lsi
1562 4745 1834 4799 doctrinm
1877 4747 1976 4800 Ec-

283 4813 467 4865 clesite
511 4811 802 4866 catholica:
851 4812 928 4868 de
958 4813 1593 4868 transsuhstantiatione
1652 4816 1980 4870 abnuisset?

287 4883 395 4957 Nec
421 4882 880 4957 tricarioportet
908 4883 976 4957 de
1009 4899 1140 4936 voce
1170 4887 1632 4957 per_mysteriiim,
1675 4903 1803 4957 qum
1834 4887 1976 4940 nihil

286 4952 438 5026 aliud
488 4953 772 5026 significat
821 4953 939 5026 nisi
987 4969 1186 5006 verum
1219 4954 1435 5026 Christi
1489 4952 1709 5026 eorpus'
1743 4963 1800 5011 et
1849 4974 1977 5010 san-

285 5023 518 5087 guinem
575 5023 680 5076 Sub
737 5023 1033 5093 speciebus
1094 5025 1260 5092 panis
1309 5030 1365 5077 et
1418 5026 1533 5078 vini
1578 5023 1976 5081 absconditum

287 5107 640 5160 permanere.
678 5093 817 5146 Nam
849 5109 1048 5147 revera
1079 5094 1222 5148 nihil
1255 5095 1406 5149 aliud
1450 5099 1570 5150 vult
1601 5115 1666 5149 eo
1709 5099 1817 5152 loci
1861 5100 1976 5152 Ra-

285 5171 544 5237 tra‘r‘nnfis
579 5178 751 5232 quam
797 5165 946 5234 quod
983 5165 1103 5235 ipse
1151 5167 1369 5219 dixerat
1411 5183 1571 5221 num.
1619 5171 1707 5234 28,
1741 5168 1977 5237 scilicet,

291 5256 313 5276 «ι
351 5232 636 5286 Christum
667 5232 970 5305 antequam
995 5232 1290 5305 pateretur
1318 5237 1483 5304 panis
1514 5232 1887 5293 substantiam
1925 5232 1980 5294 et

287 5306 402 5356 vini
435 5310 753 5379 creaturam
784 5313 1115 5360 convertere
1143 5307 1394 5378 potuisse
1426 5310 1482 5362 in
1516 5313 1817 5379 proprium
1857 5328 1981 5364 cor-

285 5389 392 5445 pus
423 5376 586 5453 qiiod.
609 5382 1075 5453 passurumerat,
1109 5376 1164 5432 et
1191 5380 1248 5431 in
1281 5395 1448 5433 suum
1481 5376 1843 5451 sanguinem,
1878 5382 1978 5453 qui

288 5453 414 5516 post
433 5445 778 5516 fundendus
808 5452 949 5501 erat.
987 5469 1008 5495 ι

357 5515 539 5592 XVlll.
587 5517 926 5592 «_1_Vusquam
976 5520 1123 5592 enim
1165 5533 1275 5592 esse
1318 5541 1340 5569 ι»
1388 5519 1600 5592 (inquit
1646 5521 1980 5576 dissertator

288 5603 418 5658 pag.
454 5590 551 5640 177
583 5587 850 5640 editionis
895 5589 1224 5643 Parisiensis
1256 5595 1311 5644 et
1350 5587 1455 5645 292
1485 5587 1721 5647 edition.
1756 5597 1978 5647 Amste-

291 5658 520 5732 loriam.)
563 5677 592 5732 ς
617 5660 730 5732 nisi
769 5659 865 5732 ubi
899 5660 1306 5732 palpabileisit.
1361 5682 1382 5708 ι
1419 5663 1564 5730 quod
1592 5665 1785 5717 iterum
1827 5679 1978 5732 repe-

290 5731 356 5781 tit
383 5744 529 5780 1mm.
571 5730 658 5790 89,
703 5731 1012 5798 colligitque
1039 5731 1236 5784 exinde
1273 5747 1420 5785 num.
1468 5737 1552 5795 t7,
1600 5754 1626 5780 «
1660 5735 1754 5787 ubi
1789 5730 1980 5802 corpus

289 5815 394 5853 non
439 5806 692 5853 cernatur
733 5803 920 5868 oculis,
969 5817 1064 5856 nec
1112 5805 1465 5868 manifestum
1512 5806 1603 5868 sit,
1649 5804 1728 5855 ibi
1766 5806 1981 5857 omnino

289 5886 391 5923 non
423 5885 553 5924 €880.
588 5890 614 5919 ):~

2075 1855 2228 1923 poris
2257 1855 2518 1906 videlicet
2541 1861 2597 1907 et
2626 1855 2861 1924 spiritus
2889 1871 2901 1907 :
2936 1870 3134 1907 verum
3164 1870 3272 1906 una
3304 1854 3624 1923 eademque
3658 1871 3768 1916 res,

2075 1925 2390 1977 secundum
2464 1925 2642 1990 aliud,
2705 1926 2924 1994 species
2979 1927 3144 1994 panis
3196 1930 3250 1976 et
3303 1925 3420 1977 vini
3473 1925 3768 1988 consistit;

2077 1998 2387 2048 secundum
2439 1996 2612 2062 aliud,
2663 2011 2870 2065 corpus
2921 2004 3007 2048 est
3062 2001 3118 2048 et
3166 1995 3398 2064 sanguis
3459 1996 3702 2050 Christi.
3747 2018 3768 2037 υ

2099 2068 2240 2120 Num
2303 2069 2410 2118 lll.l

2079 2075 2272 2190 milia.
2505 2139 2624 2190 292.
2662 2136 3093 2204 Amstelodam.}
3136 2137 3294 2190 Illam
3340 2137 3560 2189 Domini
3598 2151 3772 2187 roch

2075 2207 2318 2275 Spiritus
2361 2214 2444 2260 est
2491 2208 2590 2277 qui
2638 2207 2880 2260 vivilieat
2927 2222 3079 2260 num.
3137 2210 3193 2259 3t
3257 2210 3328 2259 sic
3374 2210 3776 2272 interpretatur

2075 2284 2136 2330 ut
2165 2277 2230 2330 de
2272 2281 2556 2346 spirituali
2600 2278 2930 2331 credentium
2970 2293 3157 2346 opera,
3206 2278 3299 2329 hoc
3348 2283 3425 2329 cst
3453 2277 3582 2343 fide,
3626 2279 3777 2328 acci—

2072 2351 2216 2417 piat,
2264 2364 2380 2417 qua:
2409 2352 2671 2415 ririﬁcat,
2723 2364 2840 2416 quze
2878 2352 3016 2412 facit
3054 2350 3388 2413 mysterium.
3422 2351 3629 2413 absque
3670 2362 3776 2413 qua

2075 2419 2181 2487 ﬁde
2230 2427 2280 2472 et
2331 2422 2638 2487 operatione
2681 2421 2942 2486 mysteria
3001 2424 3210 2471 tantum
3271 2433 3462 2486 corpus
3515 2422 3776 2485 pascant,

2076 2506 2171 2544 nec
2199 2494 2458 2557 mysteria
2494 2490 2733 2558 quidem,
2765 2490 2858 2542 sed
2883 2489 3200 2543 substantiae
3227 2504 3388 2557 panis
3415 2493 3464 2540 et
3483 2489 3630 2540 vini.

2775 2627 3088 2667 RESPONSIO.

2151 2720 2366 2773 Revera
2411 2734 2638 2771 necesse
2687 2722 2770 2771 est
2816 2718 3072 2772 defendit
3122 2719 3468 2772 Ratramnus
3519 2733 3623 2770 eos
3676 2718 3776 2786 qui

2079 2790 2405 2860 percipiunt
2449 2789 2857 2842 Eucharistiam
2895 2789 3101 2842 habere
3141 2791 3336 2842 fidem.
3373 2790 3621 2857 Insuper
3657 2789 3782 2841 Pas-

2080 2861 2303 2913 chasius
2349 2865 2405 2912 et
2449 2876 2649 2913 omnes
2679 2861 2786 2912 viri
2830 2861 3098 2913 catholici
3147 2861 3461 2929 postulant,
3509 2860 3582 2911 ad
3617 2875 3781 2911 nien-

2080 2937 2193 2983 tem
2256 2930 2310 2984 S.
2357 2931 2555 2984 Pauli:
2613 2931 2800 2985 Probet
2846 2936 3024 2983 autem
3079 2935 3316 2999 seipsum
3373 2931 3546 2993 homo,
3601 2934 3652 2981 et
3705 2933 3780 2982 sic

2081 3002 2146 3055 de
2177 3003 2266 3054 illo
2295 3017 2435 3070 pane
2473 3003 2617 3068 edat,
2665 3006 2714 3054 et
2744 3001 2809 3054 de
2846 3004 3010 3054 calice
3041 3002 3206 3054 bibat.
3261 3001 3364 3065 Qui
3398 3000 3704 3053 mrtnducat
3736 3005 3784 3052 et

2082 3073 2216 3124 bibit
2240 3072 2484 3139 indigne,
2514 3087 2636 3125 rcus
2665 3074 2766 3125 erit
2797 3074 3036 3140 corporis
3065 3078 3114 3124 et
3153 3072 3458 3140 sanguinis,
3489 3087 3598 3125 non
3627 3070 3783 3140 diju-

2009 3143 2049 3197 C
2078 3145 2265 3198 dicans
2285 3159 2476 3211 corpus
2499 3145 2713 3196 Domini
2733 3145 2775 3205 (I
2804 3143 2922 3198 Cor.
2952 3159 3028 3208 xi,
3057 3145 3167 3211 29).

2151 3215 2258 3267 Nec
2281 3213 2435 3265 aliud
2459 3213 2566 3266 sibi
2594 3215 2714 3266 vult
2740 3214 3084 3267 Ratramnus
3106 3218 3242 3266 dum
3265 3211 3577 3282 explicans,
3612 3226 3780 3264 num.

2080 3286 2136 3338 31
2155 3325 2170 3353 ,
2203 3285 2324 3337 haec
2352 3285 2522 3337 verba
2549 3300 2560 3336 :
2591 3284 2832 3352 Spiritus
2857 3290 2934 3338 est
2953 3287 3050 3352 qui
3077 3287 3338 3352 viviﬁcat,
3367 3283 3448 3335 ait
3474 3297 3486 3334 :
3525 3303 3551 3328 ‹‹
3578 3282 3641 3334 1η
3675 3283 3784 3335 hoc

2079 3356 2275 3424 itaque
2307 3355 2577 3423 mysterio
2617 3355 2870 3425 corporis
2913 3361 2969 3407 et
3009 3354 3306 3423 sanguinis
3341 3353 3663 3425 spiritualis
3696 3357 3782 3404 est

2081 3423 2341 3499 operatio
2381 3423 2997 3499 qi_i_a.f_vitam'przestat,
3049 3427 3172 3478 sine
3222 3426 3384 3499 cujus
3435 3423 3781 3499 operatione

2083 3494 2356 3564 mysteria
2387 3494 2527 3548 nihil
2562 3502 2818 3566 prosunt.
2856 3517 2882 3543 ››
2917 3497 3126 3550 Revera
3164 3495 3318 3566 enim
3355 3496 3471 3566 hmo
3503 3494 3787 3566 mysteria

2081 3583 2194 3621 non
2224 3567 2410 3619 solum
2443 3565 2583 3619 nihil
2618 3572 2878 3636 prosunt,
2920 3582 3115 3619 verum
3161 3565 3334 3617 etiam
3378 3565 3786 3636 intertrimen-

2081 3644 2201 3690 tum
2235 3638 2480 3690 alferunt
2518 3643 2573 3689 et
2613 3635 2876 3702 mortem,
2909 3637 2956 3690 si
2994 3638 3208 3706 absque
3256 3636 3365 3688 tide
3396 3639 3452 3687 et
3500 3635 3788 3706 charitate

2085 3708 2450 3831 recipiantur.
2498 3708 2610 3761 Nec
2662 3709 2816 3761 enim
2866 3707 2975 3760 alia
3027 3705 3216 3760 mente
3273 3705 3525 3774 theologi
3572 3705 3789 3758 docent

2087 3781 2193 3831 Euc
2242 3779 2492 3831 aristiam
2527 3794 2646 3831 esse
2690 3783 3114 3831 sacramentum
3143 3778 3424 3831 vivorum.
3459 3792 3574 3829 non
3621 3792 3786 3828 mor-

2087 3778 2492 3832 Eucharistiam
2527 3794 2646 3831 esse
2690 3783 3114 3831 sacramentum
3143 3778 3424 3841 vivorum,
3459 3792 3574 3829 non
3621 3792 3786 3828 mor-

2084 3854 2336 3902 tuorum.
2400 3850 2606 3902 Verum
2656 3849 2777 3902 haec
2827 3849 3020 3902 omnia
3067 3864 3180 3901 non
3231 3848 3555 3916 signiﬁcant
3609 3847 3788 3900 solam

2082 3935 2298 3988 operam
2349 3921 2692 3988 spiritualem
2742 3918 3026 3972 viviticare
3075 3924 3130 3972 et
3176 3918 3360 3971 facere
3412 3917 3784 3986 mysterium.

2083 3991 2386 4060 Nunquam
2420 3992 2490 4042 sit
2539 3991 2758 4043 locutus
2810 3996 2894 4044 est
2931 3990 3274 4043 Ratramnus
3321 4003 3480 4060 num.
3527 3990 3617 4050 3t,
3663 3988 3788 4060 imo

2082 4059 2617 4114 vero’contrarium
2672 4060 2868 4114 docuit
2908 4061 2997 4114 his
3036 4060 3224 4114 verbis
3258 4074 3270 4112 :
3332 4080 3352 4105 ε
3389 4059 3634 4112 Carnem
3688 4059 3788 4111 di-

2085 4132 2161 4185 cit
2188 4132 2505 4201 quidquam
2537 4147 2651 4185 non
2699 4133 2990 4201 prodesse,
3014 4131 3111 4184 illo
3141 4129 3313 4183 modo
3341 4129 3487 4201 sicut.
3515 4129 3791 4201 inﬁdeles

2085 4147 2161 4185 cit
2229 4147 2505 4200 umquam
2537 4147 2651 4185 non
2699 4147 2990 4201 proaesse,
3014 4147 3111 4184 ilio
3141 4147 3313 4183 moao
3341 4147 3487 4182 sicut.
3515 4147 3791 4182 iiiiioeies

2084 4147 2509 4272 inte‘iligebant;
2565 4201 2820 4271 alioquin
2872 4202 3047 4255 vitam
3099 4201 3336 4272 praebet,
3385 4199 3533 4252 sicut
3575 4217 3609 4272 a
3641 4200 3791 4253 ﬁde-

2084 4273 2233 4326 libus
2283 4271 2386 4342 per
2437 4271 2771 4342 mysterium
2806 4271 3068 4326 sumitur.
3100 4271 3192 4326 ’Et
3239 4271 3346 4324 hoc
3389 4271 3606 4339 quare?
3659 4272 3792 4342 Ipse

2087 4341 2415 4396 manifestat
2456 4341 2585 4396 cum
2632 4343 2805 4396 dicit:
2856 4344 3099 4411 Spiritus
3135 4346 3213 4396 est
3259 4343 3357 4410 qui
3397 4343 3667 4407 vivi/teat.
3724 4341 3789 4394 In

2086 4414 2191 4467 hoc
2238 4413 2431 4483 itaque
2469 4415 2744 4483 mysterio
2773 4413 3034 4482 corporis
3080 4417 3136 4465 et
3183 4411 3480 4481 sanguinis
3520 4411 3795 4480 spiritua-

2087 4485 2156 4537 lis
2186 4489 2287 4554 est
2316 4484 2597 4553 Operatio,
2645 4501 2775 4554 quae
2804 4483 2979 4537 vitam
3008 4489 3259 4554 prtrstat,
3293 4483 3614 4554 sinecujus
3647 4498 3796 4552 ope-

2085 4553 2310 4608 ratione
2341 4555 2612 4624 mysteria
2649 4553 2745 4608 illa
2774 4555 2920 4608 nihil
2952 4553 3210 4624 prosunt,
3256 4553 3534 4623 quoniam
3572 4567 3795 4622 corpus

2087 4624 2319 4695 quidem
2361 4641 2592 4695 pascere
2632 4631 2890 4695 possunt,
2933 4627 3029 4679 sed
3081 4624 3331 4677 animam
3382 4638 3618 4695 pascere
3673 4639 3792 4675 non

2085 4694 2346 4766 possunt.
2379 4717 2406 4744 »
2437 4695 2573 4759 Quis
2599 4694 2732 4749 vero
2759 4713 2826 4749 ex
2856 4695 2944 4749 bis
2973 4695 3259 4765 intelligat
3284 4695 3461 4747 solam
3490 4694 3797 4766 ﬁdemgre-

2085 4764 2350 4838 cipientis
2389 4767 2612 4838 operari
2643 4766 3091 4838 mysterium.iet
3119 4764 3233 4818 nan
3266 4764 3792 4838 perspectammha-

2084 4834 2215 4889 beat
2279 4834 2660 4892 Christianam
2705 4834 2768 4890 et
2818 4837 3150 4891 catholicam
3209 4835 3507 4887 veritatem
3566 4834 3795 4888 scilicet

2084 4923 2315 4979 carnem
2349 4913 2407 4979 et
2451 4910 2791 4979 sanguinem
2832 4908 3040 4962 Christi
3080 4908 3135 4960 in
3179 4905 3543 4979 Eucharistia
3571 4905 3795 4979 animm

2084 4978 2260 5049 vitam
2293 4976 2582 5043 tribuere;
2621 4981 2833 5033 scilicet
2861 4979 3128 5049 gratiam,
3161 4978 3344 5049 digne
3375 4976 3796 5049 recipientibus

2085 5048 2193 5102 hoc
2251 5055 2692 5116 sacramentum,
2750 5045 2888 5104 rite—
2927 5049 3142 5118 paratis
3193 5045 3542 5109 heminibus,
3611 5050 3795 5118 atque

2085 5119 2365 5189 expeditis
2415 5127 2469 5174 et
2514 5121 2754 5187 idoneis,
2801 5136 2901 5174 seu
2931 5117 3042 5174 ﬁde
3073 5123 3130 5171 et
3168 5118 3440 5170 charitate
3475 5132 3538 5168 ac
3569 5117 3797 5169 virtute

2086 5189 2441 5262 pmnitentite
2472 5191 2790 5245 exornatis?

2159 5261 2266 5314 ΧΧ.
2305 5262 2650 5328 Mysterium,
2701 5263 2781 5313 ait
2829 5261 3183 5322 Ratramnus,
3218 5259 3398 5325 inquit
3436 5255 3796 5310 dissertator.

2089 5347 2246 5400 pag.,
2299 5334 2405 5384 292
2459 5333 2593 5384 edit.
2650 5330 3008 5400 Amstelod.),
3064 5333 3159 5395 agi
3206 5328 3800 5400 spiritualiterpquia

2087 5399 2218 5468 ﬁdei
2262 5404 2494 5469 spiritus
2541 5401 2684 5456 illud
2734 5399 2993 5470 peragit:
3050 5401 3182 5468 ﬁdas
3236 5415 3300 5452 ea
3354 5400 3556 5466 pascit,
3614 5399 3800 5464 letiﬁ-

2089 5475 2194 5537 cat,
2244 5469 2493 5540 viviﬁcat
2538 5469 2786 5537 interius,
2826 5487 2944 5525 cum
2980 5471 3124 5539 quod
3169 5473 3409 5523 exterius
3439 5474 3539 5532 est,
3571 5483 3799 5521 carnem

2087 5542 2208 5594 alit.
2257 5542 2396 5596 Nam
2441 5541 2553 5596 haec
2598 5558 2744 5612 pura
2769 5548 3013 5612 putaque
3061 5541 3634 5595 Sacramentariorum
3664 5554 3799 5592 ora-

2090 5613 2165 5664 tio
2197 5617 2293 5666 est.

2778 5714 3066 5756 RESPONSIO
3080 5741 3090 5752 .

2160 5803 2426 5859 Libenter
2481 5809 2852 5875 percontarer
2893 5809 2939 5860 'a
2983 5807 3350 5862 dissertatore
3401 5819 3517 5876 qua
3567 5805 3797 5859 ratione

2089 5877 2424 5945 mysterium
2461 5878 2638 5931 el'Iieri
2671 5893 2838 5948 posse
2873 5878 2976 5931 sibi
3011 5879 3349 5949 persuadeat
3382 5878 3489 5930 nisi
3525 5879 3796 5947 spiritua-
