3890 6230
279 269 371 318 199

271 473 465 524 oculos
498 475 552 523 et
580 485 778 522 sensus
806 484 1004 521 verum
1045 483 1254 536 corpus
1296 482 1542 536 praesens
1571 465 1734 518 fallit.
1781 467 1958 533 Visus,

273 548 465 607 tactus,
512 547 701 606 gustus
733 542 790 592 in
830 544 879 592 te
918 540 1157 605 fallitur,
1198 537 1292 591 sed
1332 538 1526 590 auditu
1558 537 1666 589 solo
1715 541 1824 588 tute
1854 552 1961 588 cre-

269 613 440 665 ditur.
470 611 692 681 Quippe
734 610 1100 681 speciesistte
1143 608 1354 681 Christi
1401 622 1960 681 corpusAnuncupa—

263 684 375 735 tive
409 677 779 752 appellantur
800 681 869 733 ab
911 680 1138 752 Algero,
1181 679 1317 752 quia
1353 677 1798 752 corpusChristi
1829 692 1958 752 pro-

264 747 460 823 prium
485 747 759 805 occulunt
798 757 852 804 et
901 747 1397 823 circumscribunt.
1450 750 1545 823 liis
1573 748 1653 800 ita
1683 747 1959 800 constitu-

264 821 357 890 tis,
421 823 912 892 comparationem
967 821 1232 892 corporis
1291 821 1484 889 populi
1536 834 1685 892 cum‘
1722 835 1959 892 corpore

265 888 476 948 Christi
516 888 575 947 in
628 892 977 946 Eucharistia
1009 888 1172 944 facile
1220 888 1571 944 intellectum
1620 888 1688 941 iri
1734 890 1804 941 ab
1836 905 1960 940 om-

265 967 434 1019 nibus
470 981 582 1016 non
615 964 831 1017 dubito.
864 963 1013 1016 Nihil
1067 963 1221 1016 enim
1270 961 1424 1014 aliud
1457 961 1578 1013 vult
1601 961 1961 1013 Batramnus

267 1037 375 1088 nisi
425 1051 630 1105 corpus
683 1034 889 1088 Christi
941 1032 1324 1105 nuncupative
1355 1031 1579 1105 populi
1663 1035 1747 1082 est
1777 1031 1962 1105 figura

268 1102 622 1176 corporiset
655 1105 946 1174 sanguinis
1000 1106 1218 1173 populi.
1265 1102 1370 1176 Sed
1427 1103 1570 1176 haec
1599 1116 1717 1176 non
1768 1102 1962 1176 impe-

269 1171 437 1230 diunt
466 1171 782 1246 quominus
805 1171 1010 1246 verum,
1036 1171 1243 1243 corpus
1283 1173 1388 1226 sub
1420 1171 1960 1246 speciebusdelite-

270 1263 425 1300 scere
458 1241 753 1300 credatur:
802 1245 929 1298 licet
974 1241 1176 1314 corpus
1204 1249 1262 1297 et
1309 1241 1540 1310 sanguis
1573 1242 1769 1312 populi
1800 1241 1857 1294 in
1889 1243 1960 1294 fi-

269 1334 412 1387 gura
441 1317 838 1370 tantummodo
866 1315 1240 1387 intelligatur,
1263 1330 1402 1368 num
1435 1315 1960 1387 PaschasiuSLpraej

272 1383 471 1442 sentiae
499 1394 553 1441 et
583 1386 1239 1440 transsubstantiationis
1280 1387 1395 1438 veri
1447 1385 1704 1452 corporis
1751 1383 1960 1437 Christi

269 1459 327 1511 in
356 1458 595 1512 Ecclesia
628 1458 895 1510 defensor
927 1457 1350 1520 invictissimus,
1384 1457 1642 1508 eamdem
1669 1469 1961 1524 compara-

271 1531 484 1583 tionem
517 1530 792 1593 instituit;
827 1529 1084 1597 dixitque
1113 1543 1317 1595 corpus
1352 1527 1547 1595 populi
1584 1527 1728 1578 sicut
1756 1541 1961 1594 corpus

271 1601 477 1653 Christi
526 1600 769 1668 ﬁgurate
815 1599 873 1651 in
923 1599 1272 1651 Eucharistia
1321 1597 1650 1659 consistere,
1681 1598 1960 1668 quamvis

271 1671 338 1723 de
366 1665 659 1739 praesentia
701 1671 839 1722 reali
868 1669 1121 1737 corporis
1141 1668 1358 1739 Christi
1390 1668 1493 1720 sub
1523 1665 1839 1739 _speciebus
1871 1682 1957 1718 re-

1034 259 1402 316 DISSEBTIO
1443 261 1508 314 IN
1552 261 1680 314 LIB.
1728 260 1817 314 DE
1858 259 2184 314 CORPORE
2228 259 2316 313 ET
2355 258 2696 315 SANGUINE
2741 258 3004 315 DOMINI.

267 406 326 454 et
371 397 834 454 adumbrationes
878 395 1300 460 existimantur,
1346 395 1556 464 quibus
1604 393 1954 446 intuentium
1995 397 2040 448 Α
2071 393 2168 447 bet

3670 263 3775 312 200

2219 394 2374 464 quod
2428 395 2792 464 potissimum
2837 395 3031 449 animo
3082 394 3326 450 intendit
3383 396 3770 463 Batramnus,

2069 465 2282 538 scilicet
2336 465 2589 535 aliquam
2639 466 2699 538 in
2761 467 3109 538 Eucharistia
3156 483 3276 520 esse
3333 468 3609 538 ﬁguram,
3671 484 3773 521 nec

2071 536 2263 588 omnia
2292 544 2486 605 aperta
2519 541 2575 590 et
2604 537 2755 590 edita
2788 537 3164 605 patefactione
3195 536 3493 592 declarari.

2145 607 2444 676 [lucusque
2490 608 2622 660 satis
2669 609 3006 678 explicuisse
3051 609 3314 661 videmur
3359 625 3428 662 ea
3481 625 3617 679 quae
3659 609 3770 662 dis-

2071 683 2316 730 sertator
2344 679 2402 730 in
2436 678 2582 731 libro
2631 679 2924 732 Ratramni
2955 695 2990 732 a
3019 679 3127 737 fide
3159 681 3425 734 catholica
3464 678 3773 733 abhorren-

2073 752 2170 812 tia,
2205 748 2439 800 haeresis
2484 749 2725 802 crimine
2771 755 2995 804 accusat
3043 757 3094 802 et
3147 753 3329 819 carpit
3375 751 3770 804 vehementer.

2069 819 2188 871 lam
2223 835 2356 871 vero
2383 835 2511 889 qua!
2564 821 2744 888 magis
2773 827 2972 889 operta
3016 826 3073 873 et
3120 821 3308 874 fucata
3337 821 3645 874 denuntiat
3688 821 3772 873 in-

2072 891 2388 958 quiramus,
2421 896 2478 943 et
2522 891 2817 944 Ratramni
2863 892 3105 944 insontis
3135 899 3192 944 et
3221 892 3571 958 intaminati,
3608 908 3772 945 recu-

2070 961 2397 1028 peratoria,
2457 966 2518 1014 ut
2568 961 2964 1030 jurisconsulti
3009 969 3231 1027 vocant,
3291 963 3513 1016 actione
3573 979 3765 1033 perse-

2072 1046 2339 1100 quamur.

2140 1103 2321 1156 XXIII.
2377 1101 2683 1156 Contendit
2733 1103 3064 1156 dissertator
3109 1102 3274 1170 (Pag.
3324 1107 3446 1164 292,
3478 1119 3636 1156 num.
3682 1118 3774 1156 seu

2070 1177 2316 1226 tmemate
2363 1175 2484 1238 179,
2523 1189 2672 1226 num.
2727 1177 2777 1240 f,
2827 1173 3091 1227 editionis
3135 1178 3330 1243 prima:
3379 1176 3581 1238 Paris,
3637 1190 3771 1244 pag.

2073 1244 2193 1315 1‘79)
2227 1243 2610 1315 Ratramnum
2651 1244 2766 1296 sive
2799 1252 3088 1298 auctorem
3124 1245 3255 1298 libri
3302 1245 3370 1298 de
3417 1243 3677 1315 Corpore
3724 1251 3779 1296 et

2069 1313 2360 1382 Sanguine
2392 1314 2618 1367 Domini
2657 1315 2800 1368 adeo
2839 1315 3134 1384 implicare
3176 1313 3554 1385 quaestionem
3591 1322 3654 1369 ut
3685 1316 3774 1368 vix

2069 1400 2102 1437 a
2153 1385 2351 1452 peritis
2401 1385 2787 1453 dignoscatur.
2844 1387 3270 1456 Exquirendum
3321 1387 3472 1440 enim
3527 1387 3612 1438 ait
3667 1401 3774 1438 nu-

2071 1471 2228 1508 mero
2275 1459 2342 1508 5:
2397 1456 2554 1520 Quod
2582 1458 2640 1509 in
2690 1457 2928 1510 Ecclesia
2969 1473 3059 1509 ore
3087 1457 3338 1526 fidelium
3381 1461 3622 1510 sumitur
3664 1472 3779 1510 cor-

2067 1542 2170 1594 pus
2197 1531 2246 1578 et
2291 1529 2537 1592 sanguis,
2569 1531 2625 1579 in
2672 1530 2924 1593 mysterio
2955 1527 3067 1598 fiat
3109 1544 3177 1580 an
3211 1531 3265 1580 in
3312 1531 3560 1589 veritate,
3605 1529 3668 1580 id
3700 1533 3780 1580 est

2067 1603 2256 1649 utrum.
2291 1597 2507 1664 aliquid
2535 1602 2727 1650 secreti
2762 1602 3030 1652 contineat
3069 1599 3212 1667 quod
3241 1600 3406 1652 oculis
3435 1598 3777 1652 solummodo

2059 1668 2201 1736 fidei
2225 1672 2430 1735 pateat.
2464 1670 2552 1721 An
2589 1672 2702 1720 sine
2731 1670 3055 1736 cujusquam
3089 1671 3351 1722 velutione
3383 1672 3642 1737 mysterii
3681 1670 3777 1722 hoc

272 1737 402 1793 vera
453 1740 682 1794 recondi
729 1740 967 1792 minime
1016 1738 1376 1792 dubitaverit.
1428 1737 1650 1806 Quippe
1688 1737 1782 1808 rsic
1811 1737 1962 1790 fatur
2001 1750 2040 1802 Β
2071 1744 2316 1806 aspectas
2365 1742 2644 1791 intueatur
2690 1743 2928 1808 carparis
2977 1742 3234 1806 exterius,
3267 1740 3411 1808 quod
3455 1742 3654 1793 mentis
3692 1743 3780 1792 vi-

272 1811 456 1880 capite
492 1814 544 1864 ll
586 1810 720 1864 libri
752 1814 820 1863 de
851 1810 1097 1880 Corpore
1129 1814 1184 1862 et
1214 1809 1504 1877 Sanguine
1540 1807 1801 1861 Domini:
1839 1829 1880 1880 ‹‹Δ
1901 1808 1962 1860 Et

274 1877 404 1935 ideo
433 1887 583 1934 recte
630 1881 918 1951 provisum
951 1877 1053 1941 est,
1105 1881 1252 1951 quia
1286 1881 1454 1951 simul
1504 1895 1630 1931 cum
1680 1877 1962 1951 sanguine

275 1968 426 2023 aqua
452 1949 640 2016 fluxit,
669 1956 729 2004 ut
768 1953 828 2003 in
872 1952 976 2003 hoc
1027 1950 1295 2023 mysterio
1342 1950 1459 2023 veri
1489 1949 1784 2023 sanguinis
1817 1964 1962 2018 aqua

273 2019 674 2087 admisceatur,
707 2027 987 2092 quatenus
1017 2019 1096 2074 et"
1123 2038 1243 2092 nos,
1273 2019 1330 2092 in
1379 2021 1477 2073 illo
1519 2020 1814 2092 simus,gut
1863 2035 1965 2088 per

272 2093 379 2147 hoc
425 2094 622 2146 salutis
667 2090 1084 2145 sacramentum
1136 2091 1340 2144 divinis
1388 2091 1684 2144 obtutibus
1729 2090 1812 2142 illi
1863 2106 1964 2142 co-

274 2163 420 2217 uniti
467 2164 698 2233 mystice
747 2162 1076 2216 offeramur.
1131 2163 1268 2216 Nam
1310 2162 1356 2215 si
1405 2163 1599 2214 vinum
1651 2160 1779 2233 sine,
1811 2175 1967 2233 aqua

273 2231 562 2299 offeratur,
599 2235 830 2302 sanguis
875 2233 1082 2287 Christi
1114 2232 1315 2302 incipit
1346 2249 1467 2286 esse
1513 2233 1636 2286 sine
1688 2231 1887 2298 nobis;
1919 2231 1964 2283 si

275 2314 464 2359 autem
498 2321 644 2376 aqua
661 2301 800 2369 sola,
832 2304 949 2373 jam
975 2304 1135 2373 plebs
1169 2301 1394 2376 videtur
1423 2319 1546 2356 esse
1576 2303 1698 2376 sine
1721 2301 1961 2376 Christo.

272 2377 509 2440 Quando
549 2372 746 2428 autem
794 2372 1102 2444 utrumque
1154 2375 1425 2427 miscetur
1468 2380 1522 2426 et
1575 2372 1965 2444 conjungitur,

274 2454 409 2500 tunc
442 2451 589 2500 recte
628 2446 963 2514 mysterium
1011 2443 1271 2498 Ecclesiae
1321 2445 1695 2513 spiritualiter
1737 2443 1968 2513 perlici-

277 2523 392 2570 tur.
426 2538 453 2565 ››
490 2518 553 2569 Et
584 2517 733 2569 inl'ra
758 2516 959 2568 eodem
984 2515 1166 2584 capite
1193 2531 1203 2566 :
1233 2538 1254 2563 ι
1292 2517 1579 2568 Exsultent
1609 2531 1743 2583 ergo
1774 2515 1969 2566 fideles

277 2589 412 2640 dum
448 2603 505 2640 se
529 2586 864 2655 intelligunt
895 2587 964 2638 ad
998 2592 1213 2638 tantam
1246 2586 1522 2637 unitatem
1560 2585 1764 2638 Christi
1791 2585 1969 2637 socia-

276 2664 364 2711 tos
399 2673 502 2726 per
534 2654 800 2726 gratiam,
835 2661 890 2708 et
921 2655 987 2709 ad
1022 2661 1237 2709 tantam
1271 2655 1629 2725 flagrantiam
1677 2654 1971 2708 charitatis

276 2733 606 2800 provectos;
638 2735 694 2780 et
725 2728 854 2780 ideo
894 2742 1066 2796 quam
1111 2727 1255 2800 bene
1284 2727 1342 2800 in
1393 2727 1501 2780 hoc
1548 2726 1822 2800 mysterio
1864 2741 1970 2779 no-

281 2796 394 2852 stra
443 2799 628 2868 figura
671 2813 774 2867 per
821 2813 1027 2867 aquam
1075 2797 1416 2865 admittitur,
1466 2803 1528 2851 ut
1576 2796 1971 2868 unusquisque

279 2871 336 2923 in
367 2870 464 2923 illo
496 2867 704 2922 Christi
736 2868 1014 2938 sanguine
1056 2875 1382 2938 susceptum
1425 2885 1482 2920 se
1513 2868 1798 2938 intelligat
1827 2875 1883 2920 et
1912 2867 1973 2938 in

278 2941 485 2994 melius
512 2945 977 2992 transmutatam.
1017 2939 1173 2992 Unde
1217 2937 1347 2992 licet
1393 2939 1552 3008 prius
1601 2939 1838 3007 mystice
1889 2937 1971 2990 vi-

279 3027 418 3064 num
462 3017 520 3063 et
566 3025 714 3080 aqua
749 3011 1258 3080 commisceantur,
1310 3015 1441 3079 post
1485 3009 1969 3080 consecrationem

2070 1824 2161 1862 sus
2205 1812 2442 1876 aspiciat
2483 1811 2754 1863 interius:
2792 1817 2848 1864 ut
2881 1815 3049 1864 totum
3092 1812 3235 1879 quod
3264 1815 3448 1876 agitur
3491 1813 3548 1863 in
3595 1813 3779 1864 mani-

2070 1882 2380 1946 festationis
2419 1881 2533 1933 luce
2570 1881 2862 1935 clarescat:
2897 1887 2946 1933 et
2973 1887 3153 1934 utrum
3183 1885 3361 1950 ipsum
3391 1896 3589 1950 corpus
3635 1881 3782 1949 quod

2074 1951 2138 2002 Ile
2167 1953 2397 2003 Materia
2427 1956 2616 2004 natum
2659 1957 2754 2016 est,
2797 1956 2847 2005 et
2877 1967 3120 2020 passum,
3152 1957 3453 2016 mortuum,
3497 1969 3560 2005 ac
3592 1951 3783 2020 sepul-

2076 2026 2206 2086 tum,
2239 2021 2486 2089 quodque
2523 2037 2810 2091 resurgens
2844 2029 2892 2076 et
2927 2023 3002 2076 ad
3030 2024 3182 2076 caelos
3213 2023 3503 2077 ascendens
3533 2022 3611 2075 ad
3639 2025 3783 2076 dem-

2076 2097 2244 2145 teram
2278 2093 2463 2146 Patris
2491 2093 2785 2148 consident.

2768 2215 3085 2253 RESPONSIO.

2150 2303 2385 2356 Difﬁcile
2420 2309 2504 2356 est
2531 2303 2854 2374 intelligere
2883 2304 3022 2375 quid
3053 2304 3113 2358 in
3144 2305 3249 2358 hac
3278 2304 3624 2373 quaestionis
3657 2321 3788 2374 pro-

2077 2375 2360 2444 positione
2405 2375 2708 2428 obscurum
2769 2381 2867 2429 aut
2923 2377 3252 2428 intricatum
3316 2376 3600 2429 videatur.
3641 2379 3786 2431 Cum

2079 2444 2582 2516 dubitandiglocus
2612 2462 2729 2500 non
2780 2448 2852 2500 sit
2889 2451 3148 2516 tempore
3195 2448 3489 2500 ltatramni
3522 2448 3788 2500 extitisse

2079 2516 2276 2569 fideles
2310 2514 2409 2585 qui
2441 2516 2634 2569 omnia
2680 2516 2836 2570 edita
2877 2523 2934 2570 et
2976 2514 3174 2586 aperta
3228 2532 3348 2570 esse
3392 2519 3450 2570 in
3502 2519 3788 2586 mysterio

2080 2587 2448 2658 Eucliaristiaa
2478 2587 2600 2658 sibi
2650 2587 3102 2656 persuaderent:
3166 2604 3488 2658 corpusque
3549 2595 3608 2641 et
3656 2605 3790 2642 san-

2079 2658 2315 2726 guinem
2357 2657 2567 2710 Christi
2616 2659 2773 2712 nulla
2823 2659 2927 2712 sub
2971 2658 3158 2728 figura
3204 2664 3303 2711 aut
3335 2658 3790 2712 obumbratione

2080 2727 2345 2780 collocari
2379 2729 2702 2799 crederent;
2740 2729 2818 2782 uti
2866 2727 3232 2799 prospectum
3266 2729 3545 2782 habemus
3581 2745 3648 2782 ex
3680 2746 3790 2782 nu-

2084 2814 2241 2851 mero
2277 2801 2330 2851 ll
2370 2798 2507 2852 dicti
2540 2799 2670 2853 libri
2700 2801 2768 2853 de
2801 2800 3053 2869 Corpore
3081 2804 3138 2852 et
3177 2799 3468 2869 Sanguine
3511 2801 3746 2853 Domini
3775 2818 3788 2852 :

2087 2889 2114 2919 ‹‹
2152 2869 2294 2942 Dum
2326 2869 2478 2942 enim
2515 2869 2758 2942 quidam
2783 2870 3036 2942 ﬁdelium
3074 2877 3498 2942 sacramentum
3525 2872 3793 2942 corporis

2083 2939 2496 3012 sanguinisque
2559 2941 2766 2994 Christi
2825 2941 2976 3012 quod
3025 2941 3084 2994 in
3139 2941 3387 2994 Ecclesia
3434 2939 3790 3003 celebratur.

2084 3011 2283 3063 dicunt
2311 3011 2464 3082 quod
2485 3011 2644 3064 nulla
2664 3012 2769 3064 sub
2799 3011 3002 3082 ﬁgura,
3030 3012 3188 3064 nulla
3211 3012 3314 3064 sub
3340 3012 3792 3065 obumbratione

279 3087 472 3154 tamen
504 3078 1028 3154 non'nisisanguis
1068 3078 1554 3154 bibitur,’quiain
1587 3078 1875 3154 illo‘prius
1907 3095 1970 3131 ex
2013 3102 2052 3154 ρ
2081 3082 2201 3147 fiat,
2262 3080 2359 3134 sed
2408 3081 2590 3154 ipsius
2638 3078 2890 3136 veritatis
2937 3082 3094 3136 nuda
3144 3082 3610 3154 manifestatione
3667 3099 3794 3153 per-

280 3168 430 3222 aqua
460 3151 815 3222 baptismatis
849 3150 1093 3220 suscepti
1141 3166 1519 3222 rursusgeum
1551 3150 1807 3222 quotidie
1837 3165 1971 3202 esu—

280 3220 484 3276 riendo
515 3226 569 3274 et
597 3221 840 3274 sitiendo
862 3225 1164 3292 potamus;
1195 3241 1222 3269 »
1261 3222 1327 3275 Et
1354 3220 1631 3292 inferius.
1651 3241 1676 3292 ᾳ
1712 3221 1974 3289 Propter-

283 3309 347 3345 ea
405 3309 517 3346 non
573 3291 1039 3345 inconvenienter
1094 3291 1265 3344 etiam
1322 3291 1393 3344 ob
1453 3293 1561 3345 hoc
1620 3291 1771 3344 idem
1828 3307 1975 3360 aqua

282 3370 666 3443 consecratur,
700 3378 817 3415 non
849 3362 1018 3443 quod
1043 3377 1190 3432 aqua
1221 3368 1575 3443 permaneat,
1609 3362 1704 3442 sed
1737 3362 1976 3415 vertitur

282 3437 339 3487 in
372 3434 710 3503 sanguinem
741 3438 804 3486 ut
833 3432 1116 3503 signiticet
1145 3432 1282 3503 quid
1315 3432 1455 3486 fides
1482 3433 1776 3504 percipiat.
1805 3452 1831 3480 »

355 3504 431 3557 Ex
467 3502 552 3558 liis
582 3502 904 3574 intelligere
935 3504 1099 3557 facile
1130 3502 1214 3556 est
1253 3519 1423 3574 quam
1457 3502 1876 3574 supervacanea
1905 3502 1977 3574 sit

283 3575 570 3628 conclusio
615 3592 646 3628 a
687 3573 1052 3628 disSertatore
1105 3573 1395 3644 assumpta
1444 3573 1649 3628 exiliis
1680 3573 1976 3628 Ratramni

284 3647 505 3700 verbis:
542 3668 562 3694 α
605 3647 716 3699 [loc
747 3651 830 3699 est
862 3646 1039 3712 enim,
1073 3645 1263 3715 inquit
1294 3647 1643 3711 dissertator,
1677 3645 1977 3715 perspicue

283 3723 340 3770 et
369 3719 490 3770 sine
540 3717 780 3786 ambage
819 3717 1007 3770 dicere
1047 3723 1314 3770 neutrum
1365 3733 1484 3770 esse
1515 3732 1722 3786 corpus
1753 3717 1812 3769 in
1845 3731 1977 3768 san-

283 3789 528 3842 ctificato
576 3803 719 3858 pane
773 3787 1165 3856 corporaliter,
1201 3788 1305 3841 hoc
1352 3792 1436 3840 est
1482 3787 1794 3841 secundum
1833 3786 1976 3858 sub-

284 3856 591 3923 stantiam,
614 3858 712 3911 sed
764 3862 986 3911 tantum
1037 3858 1330 3912 intellectu
1375 3858 1510 3911 fidei
1558 3856 1904 3928 spiritualis.
1942 3875 1975 3928 ί»
2027 3864 2038 3876 '

283 3929 505 3999 Quippe
557 3928 842 3998 ejusmodi
888 3929 1316 3999 conclusionem
1367 3944 1439 3982 ex
1480 3927 1980 3999 Paschasiiverbis

286 3997 597 4062 similibus,
643 3999 690 4050 si
734 4013 848 4051 non
891 3998 1120 4064 iisdem,
1171 4015 1464 4052 assumere
1509 4015 1620 4052 non
1665 3997 1818 4067 potis
1875 4002 1976 4049 est.

286 4070 428 4132 Quid
463 4084 599 4136 ergo
629 4083 756 4138 eam
787 4084 852 4120 ex
879 4070 1208 4138 rRatramno
1240 4069 1501 4133 deducet,
1533 4070 1624 4122 cui
1662 4067 1978 4138 praesertim

288 4140 354 4192 ad
391 4137 827 4208 praecavendum
873 4137 1234 4207 intelligendi
1262 4139 1491 4192 solertia
1532 4155 1647 4193 non
1667 4137 1876 4205 defuit,
1909 4154 1980 4191 ne

287 4209 632 4279 figmentum
665 4223 730 4259 ex
761 4208 979 4261 Calvini
1019 4209 1253 4262 cerebro
1299 4216 1488 4262 ortum
1519 4209 1805 4263 continuis
1837 4215 1983 4262 tem-

291 4280 526 4350 poribus
552 4279 601 4330 ei
629 4279 1028 4350 ascriberetnr,
1058 4279 1141 4331 uti
1180 4285 1337 4349 patet
1363 4296 1601 4333 numero
1638 4283 1726 4333 lOl
1759 4295 1772 4332 :
1809 4299 1836 4328 ‹‹
1873 4281 1983 4333 Nec

290 4349 423 4403 vero
457 4351 733 4420 quoniam
779 4349 886 4401 ista
929 4349 1186 4420 dicimus,
1223 4355 1457 4419 putetur
1500 4350 1560 4403 in
1594 4350 1862 4420 mysterio
1893 4366 1981 4402 sa-

287 4419 567 4474 cramenti
613 4435 818 4491 corpus
864 4419 1091 4472 Domini
1118 4420 1203 4491 vel
1254 4420 1590 4489 sanguinem
1637 4419 1818 4491 ipsius
1867 4436 1981 4474 non

289 4509 321 4546 a
352 4491 616 4546 fidelibus
650 4489 820 4562 sumi,
864 4491 1092 4562 quando
1112 4490 1264 4562 fides
1311 4507 1427 4562 non
1461 4492 1610 4562 quod
1660 4489 1864 4562 oculus
1895 4492 1976 4542 vi-

289 4563 404 4629 det,
437 4563 530 4615 sed
582 4561 736 4632 quod
782 4561 964 4614 credit
1007 4561 1228 4630 accipit.
1266 4580 1293 4610 ››
1342 4561 1699 4631 Non’magis
1743 4561 1813 4615 ad
1858 4577 1977 4614 rem

291 4633 563 4705 prodidit
593 4635 927 4686 dissertator
963 4633 1148 4684 locum
1201 4633 1498 4705 Batramni
1530 4648 1598 4705 ex
1641 4635 1977 4705 numerojfi

291 4701 379 4759 his
411 4703 598 4758 verbis
630 4708 1006 4773 conceptum:
1045 4724 1072 4752 ‹‹
1120 4706 1192 4755 At
1234 4701 1495 4756 videmus
1543 4703 1601 4756 in
1646 4719 1795 4772 aqua
1835 4703 1978 4755 nihil

291 4792 412 4829 esse
453 4790 812 4839 conversum,
855 4777 1270 4844 consequenter
1313 4777 1538 4844 ergoet
1579 4773 1638 4826 in
1668 4775 1800 4826 vino
1837 4774 1981 4827 nihil

291 4847 662 4917 corporaliter
708 4850 1020 4917 ostensum.
1045 4843 1364 4917 ’Accipitur
1395 4843 1772 4917 spiritualiter
1811 4843 1980 4917 quid-

291 4914 428 4987 quid
455 4917 514 4969 in
539 4931 687 4986 aqua
708 4915 776 4968 de
807 4916 1017 4987 populi
1037 4927 1274 4987 corpore
1301 4914 1678 4987 significatur,
1709 4915 1985 4987 accipitur

294 4983 433 5056 ergo
468 4983 696 5040 necesse
725 4983 834 5056 est
883 4983 1258 5054 spiritualiter
1305 4983 1585 5056 quidquid
1629 4985 1708 5056 in,
1737 4983 1870 5056 vino
1914 4985 1984 5056 de

295 5055 502 5112 Christi
535 5055 812 5125 sanguine
843 5056 1160 5108 intimatur.
1213 5077 1232 5104 ιθ
1285 5056 1412 5109 Ηωε
1451 5055 1606 5110 enim
1657 5055 1799 5110 nihil
1831 5055 1983 5108 aliud

293 5127 622 5198 significant
652 5125 763 5198 nisi
785 5125 843 5198 in
870 5127 1166 5198 speciebus
1198 5126 1599 5198 viniisensibus
1621 5143 1738 5180 non
1767 5126 1986 5197 percipi

297 5196 634 5267 sanguinem
687 5196 915 5267 Christi,
967 5201 1022 5250 et
1075 5197 1360 5267 ejusmodi
1407 5197 1624 5267 species
1676 5214 1798 5252 esse
1855 5196 1986 5251 cor-

298 5266 420 5339 pus
461 5267 695 5339 Christi
724 5266 1116 5339 spiritualiter’
1153 5273 1210 5322 et
1265 5266 1670 5339 nuncupative,
1725 5268 1870 5322 sicut
1929 5269 1987 5322 in

294 5336 459 5408 aqua
515 5336 890 5408 permistione
938 5354 1055 5409 non
1101 5337 1413 5408 percipitur
1463 5336 1699 5409 sanguis
1755 5339 1986 5409 populi,

295 5407 590 5478 sedlaqua
637 5407 1022 5478 nuncupative
1087 5407 1313 5462 tantum
1359 5413 1414 5462 et
1474 5407 1854 5478 spiritualiter
1906 5416 1992 5463 est

297 5479 528 5549 sanguis
575 5479 797 5549 populi.
841 5478 993 5532 Nihil
1029 5478 1194 5549 enim
1226 5484 1377 5533 vetat
1421 5479 1500 5533 ita
1539 5496 1598 5533 se
1629 5495 1750 5534 rem
1781 5480 1990 5534 habere

297 5548 560 5622 quamvis
579 5548 799 5620 corpus
829 5548 1043 5622 Christi
1069 5565 1268 5622 verum
1300 5549 1477 5604 lateat
1516 5550 1575 5603 in
1615 5551 1987 5622 Eucharistia,

296 5619 505 5690 corpus
535 5635 670 5675 vero
692 5619 904 5690 populi
935 5619 1075 5673 insit
1101 5619 1160 5672 in
1207 5620 1392 5690 figura
1423 5625 1669 5674 tantum.
1702 5622 1813 5674 Nec
1837 5620 1990 5674 enim

301 5706 531 5745 necesse
557 5698 643 5746 est
689 5692 1181 5762 comparationem
1211 5691 1272 5746 in
1314 5693 1538 5759 integro
1587 5691 1731 5751 fieri,
1763 5696 1828 5746 ut
1856 5707 1993 5762 pro-

2081 3156 2318 3224 agaturA;
2363 3153 2600 3221 quidam
2626 3168 2778 3224 vero
2820 3158 3106 3224 testentur
3153 3153 3308 3224 quod
3339 3154 3460 3207 haec
3506 3154 3617 3206 sub
3663 3169 3793 3223 my-

2081 3222 2250 3295 sterii
2272 3222 2457 3292 figura
2489 3223 2913 3290 contineantur,
2946 3229 3002 3277 et
3040 3222 3193 3295 aliud
3236 3224 3308 3277 sit
3335 3222 3796 3295 quodrcorporis

2083 3293 2342 3374 sensibus
2392 3300 2689 3374 appareat,
2740 3295 2893 3348 aliud
2933 3294 3098 3374 quod
3149 3295 3292 3374 fides
3335 3293 3579 3374 aspiciat
3608 3293 3646 3348 τί
3673 3311 3796 3348 non

2083 3378 2260 3435 parva
2286 3363 2581 3417 diversitas
2613 3365 2763 3418 inter
2793 3382 2890 3418 eos
2918 3363 3297 3435 dignoscitur.
3336 3386 3357 3414 ι
3395 3363 3640 3435 lnsuper
3675 3382 3797 3419 non

2085 3435 2213 3506 sine
2249 3434 2463 3504 injuria
2495 3439 2681 3504 potest
2726 3437 2897 3506 hujus
2926 3434 3290 3489 obscuritatis
3331 3440 3387 3489 et
3434 3434 3798 3505 implicatio—

2086 3506 2172 3576 nis
2203 3505 2262 3558 in
2294 3505 2586 3575 proposita
2610 3505 2929 3576 quastione
2961 3506 3210 3560 accusari
3241 3506 3596 3560 Ratramnus
3623 3523 3636 3560 :
3673 3523 3801 3561 non

2085 3575 2240 3628 enim
2271 3576 2392 3648 ipse
2423 3576 2535 3629 fuit
2563 3575 2760 3630 auctor
2798 3577 3108 3648 propositae
3141 3577 3505 3647 quaestionis,
3539 3578 3638 3630 sed
3685 3579 3798 3631 im-

2083 3651 2313 3716 perator
2344 3647 2580 3701 Carolus
2624 3647 2844 3714 Calvus,
2885 3647 3046 3717 cujus
3073 3648 3236 3718 jussu
3269 3648 3684 3718 inquirendam
3738 3665 3803 3702 ac

2085 3718 2496 3771 discutiendam
2539 3721 2774 3789 recepit,
2806 3723 2870 3773 ut
2916 3719 3297 3788 intelligimus
3342 3735 3408 3772 ex
3457 3719 3651 3772 verbis
3684 3736 3799 3773 nu-

2087 3804 2244 3841 mero
2291 3791 2342 3854 5,
2386 3804 2510 3859 quae
2545 3788 2746 3860 dedita
2791 3805 2967 3860 opera
3013 3788 3387 3859 praetermisit
3426 3789 3800 3844 dissertator.

2087 3860 2209 3912 Non
2243 3861 2395 3912 enim
2429 3859 2507 3912 ait
2536 3859 2881 3914 Ratramnus
2913 3877 2927 3914 :
2978 3861 3265 3924 Quaeritur
3295 3860 3446 3930 quod
3496 3861 3559 3913 in
3600 3861 3803 3913 Eccle-

2087 3931 2169 3983 sia
2209 3945 2305 4001 ore
2357 3930 2613 3982 fidelium
2662 3931 2909 3984 sumitur
2937 3947 3142 4000 corpus
3191 3935 3248 3984 et
3289 3931 3524 4001 sanguis
3554 3932 3802 3989 Christi.

2089 4017 2159 4054 an
2209 3999 2268 4052 in
2304 4001 2577 4070 mysterio
2625 4002 2741 4065 fiat,
2776 4018 2847 4054 an
2895 4002 2954 4054 in
3000 3999 3256 4068 veritate,
3291 3999 3438 4067 etcf;
3471 4003 3568 4055 sed
3597 4019 3609 4054 :
3642 4004 3806 4067 Quod

2088 4074 2145 4124 in
2191 4072 2431 4124 Ecclesia
2477 4087 2566 4124 ore
2603 4072 2857 4141 ﬁdelium
2914 4074 3147 4126 sumitur
3203 4087 3395 4141 corpus
3453 4078 3506 4126 et
3564 4078 3806 4139 sanguis

2088 4142 2314 4206 Christi,
2365 4155 2574 4201 QUEERIT
2630 4159 2850 4196 VESTRE
2891 4159 3277 4195 MAGNITUDINIS
3327 4159 3696 4196 EXCELLENTIA
3751 4161 3806 4197 IN

2091 4227 2346 4265 ursramo
2405 4228 2523 4264 rm
2561 4229 2631 4265 AN
2682 4230 2734 4266 1N
2795 4230 3077 4266 V'ERITATE.
3121 4214 3279 4266 Absit
3335 4214 3513 4282 igitur
3566 4220 3635 4266 ut
3698 4216 3809 4269 Ba-

2090 4287 2348 4336 tramnus
2380 4282 2684 4352 implicata:
2735 4285 3068 4354 quaestionis
3119 4284 3429 4354 proposita}
3469 4294 3804 4339 accusetur.

2091 4354 2201 4406 Ista
2232 4354 2387 4406 enim
2432 4355 2782 4424 contumelia
2821 4355 2881 4407 in
2913 4354 3100 4424 ipsum
3137 4356 3542 4424 imperatorem
3599 4356 3809 4410 refun-

2025 4451 2064 4504 ι)
2091 4424 2408 4504 dendahest.
2464 4423 2775 4504 Ilis__verbis
2814 4423 3416 4504 significatumquwrit
3453 4430 3654 4504 eestra
3685 4443 3808 4480 ma-

2088 4493 2394 4567 gnitudinis
2429 4496 2763 4567 ewcellentia,
2797 4493 3134 4566 neutiquam
3169 4497 3338 4549 etiam
3373 4496 3618 4567 hujusce
3649 4513 3811 4567 qua:-

2090 4565 2290 4618 stionis
2319 4571 2517 4617 auctor
2557 4566 2825 4636 intelligit
2849 4582 2950 4634 per
2982 4565 3248 4619 secretum
3280 4566 3423 4633 quod
3463 4565 3709 4622 interius
3753 4572 3811 4621 in

2088 4637 2269 4688 animo
2315 4637 2524 4702 geritur
2557 4637 2818 4704 cujusque
2845 4637 3062 4705 ﬁdelis:
3105 4636 3351 4705 mysterii
3389 4639 3616 4697 velatio,
3651 4653 3812 4706 sym-

2092 4706 2268 4759 bolum
2317 4706 2462 4773 quod
2509 4709 2737 4774 quisque
2785 4710 3036 4773 intuitus,
3071 4722 3246 4760 Secum
3294 4709 3348 4759 in
3400 4709 3585 4760 animo
3628 4711 3813 4763 credit

2089 4777 2247 4829 verbo
2274 4776 2378 4830 Dei
2407 4776 2475 4830 de
2513 4778 2729 4831 Christi
2765 4793 3012 4846 corpore;
3052 4794 3155 4830 nec
3199 4779 3321 4830 vult
3365 4778 3668 4832 ullatenus
3713 4781 3814 4833 in-

2093 4846 2324 4916 quirere
2356 4863 2431 4900 an
2460 4850 2534 4900 sit
2565 4853 2776 4901 tantum
2810 4852 2991 4916 ﬁgura
3018 4853 3067 4901 et
3096 4851 3332 4915 signum,
3365 4848 3509 4915 quod
3539 4864 3666 4903 cum
3696 4851 3816 4914 ﬁde

2093 4919 2353 4971 intuentis
2403 4918 2745 4985 conjunctum
2775 4918 3026 4986 mysterii
3065 4934 3253 4972 nomen
3287 4919 3472 4981 habet;
3505 4923 3556 4970 et
3588 4923 3667 4973 sit
3699 4938 3815 4989 pa-

2091 4990 2177 5041 nis
2223 5003 2414 5056 corpus
2463 4990 2667 5043 Christi
2716 5005 2816 5058 per
2862 4991 3239 5054 cogitationem
3289 4993 3518 5054 tantum,
3573 5006 3650 5043 an
3684 5007 3816 5045 vero

2093 5062 2152 5112 in
2181 5061 2426 5130 veritate,
2473 5074 2536 5112 ac
2566 5063 2749 5128 reipsa
2777 5062 2850 5113 sit
2879 5065 2936 5112 ut
2968 5065 3103 5130 ante
3121 5060 3249 5126 ﬁdei
3277 5062 3576 5127 mentisque
3606 5076 3817 5130 Opera-

2098 5132 2292 5182 tionem
2321 5129 2433 5183 dici
2474 5145 2591 5201 uere
2628 5135 2802 5198 possit
2840 5131 2935 5184 hoc
2955 5129 3109 5201 quod
3141 5131 3409 5201 aspicitur
3451 5145 3576 5201 vere
3607 5147 3817 5201 corpus

2095 5215 2205 5254 esse
2230 5205 2419 5253 natum
2466 5199 2532 5252 de
2586 5203 2824 5268 Virgine.
2859 5200 3081 5270 Quippe
3127 5200 3313 5254 solum
3365 5199 3728 5256 examinavit
3761 5213 3819 5256 et

2098 5271 2397 5340 inquisivit
2451 5271 2796 5325 Ratramnus
2863 5287 2936 5324 an
2995 5271 3100 5323 hoc
3169 5277 3594 5324 sacramentum
3658 5283 3819 5327 esset

2097 5340 2282 5412 omnis
2314 5340 2512 5410 figurae
2543 5357 2748 5411 expers
2793 5347 2847 5394 et
2891 5357 3156 5406 vacuum,
3198 5341 3580 5412 probavitque
3631 5343 3696 5396 in
3748 5361 3817 5398 eo

2099 5411 2352 5482 aliquam
2405 5427 2525 5464 esse
2578 5412 2824 5482 figuram
2881 5427 3008 5465 cum
3071 5412 3308 5482 veritate
3361 5411 3707 5467 sociabilem
3761 5423 3821 5467 et

2099 5481 2485 5550 conjunctam,
2518 5483 2590 5536 ad
2630 5481 2896 5536 mentem
2951 5481 3254 5548 Paschasii,
3289 5485 3345 5535 et
3384 5497 3615 5552 semper
3657 5485 3815 5538 inte-

2101 5553 2218 5604 rius
2259 5568 2321 5605 ac
2363 5557 2645 5606 secretum
2692 5552 3064 5607 Eucharistiaa
3115 5553 3318 5606 fallens
3364 5553 3562 5605 oculos
3622 5554 3817 5610 homi-

2101 5636 2242 5693 num
2273 5622 2560 5690 reputavit
2585 5623 2875 5691 objectum
2903 5629 2958 5676 et
2981 5629 3350 5693 prospectum
3383 5622 3519 5676 fidei
3555 5626 3815 5680 minime

2103 5691 2388 5745 effectum.
2418 5693 2787 5763 lncogitabile
2819 5691 3047 5764 semper
3067 5691 3327 5746 ei’visum
3356 5708 3566 5762 corpus
3598 5695 3820 5751 Christi
