3890 6230
247 354 351 406 203

967 349 1421 404 DISSERTATIO
1461 349 1529 403 IN
1574 346 1705 402 LIB.
1749 349 1839 403 DE
1878 347 2203 403 CORPORE
2246 347 2333 403 ET
2372 345 2719 401 SANGUINE
2764 346 3022 400 DOMINI.

3649 347 3754 399 ⁸204

251 483 482 552 quidam
514 481 852 534 recentiores
878 480 1228 550 philosophi,
1266 486 1322 532 et
1370 478 1649 552 fuitiolim
1692 478 1930 552 AAbbauq—
1969 482 2014 531 A
2040 483 2141 552 aut
2165 478 2518 552 Walterium,
2568 477 2818 552 priorem
2871 477 3065 552 sancti
3104 477 3341 531 Victoris
3368 476 3749 552 _Pari_sie_nsis,

250 549 355 606 dus
387 552 555 605 abbas
582 558 637 604 et
681 549 999 617 Walterius,
1055 552 1216 621 prior
1263 551 1441 603 sancti
1494 550 1734 602 Victoris
1790 549 1935 621 Pari-

253 623 473 687 siensis,
497 628 554 675 et
584 623 775 691 plures
807 622 905 675 alii
936 628 1062 691 post
1092 622 1554 674 retractationem
1605 620 1933 689 Berengarii

252 694 421 761 hujus
451 693 896 745 rectractationis
930 692 1116 745 verbis
1146 692 1315 744 nimis
1361 692 1428 744 ad
1470 692 1713 744 litteram
1761 691 1934 743 intel-

252 764 407 816 lectis
450 764 592 816 forte
656 764 856 816 delusi.
912 763 1167 815 Secunda
1214 763 1386 814 etiam
1434 762 1773 830 propositio,
1826 762 1934 815 Ra-

251 834 459 886 tramni
494 834 670 886 menti
697 834 936 886 faciliter
962 834 1375 885 accommodari
1408 848 1571 901 posse
1608 831 1854 897 videtur,
1888 831 1936 884 si

252 920 315 956 ex
362 904 449 955 his
496 904 682 957 verbis
730 904 825 957 hoc
856 904 998 971 quod
1046 905 1401 971 conspicimus
1438 918 1557 955 vere
1608 918 1799 970 corpus
1860 906 1939 955 est

254 976 479 1035 Christi,
520 974 910 1043 intelligamus
943 974 1312 1026 substantiam
1348 973 1452 1025 sub
1504 973 1641 1025 velis
1675 973 1935 1025 euchari-

250 1045 404 1097 sticis
436 1061 534 1097 seu
588 1046 884 1114 speciebus
923 1044 1220 1116 ὁρωμένας,
1255 1043 1592 1116 visibilibus,
1646 1045 1932 1095 occultum

252 1130 372 1169 esse
404 1130 597 1167 verum
629 1131 832 1184 corpus
867 1114 1070 1167 Christi
1103 1130 1115 1167 :
1153 1115 1271 1167 htPC
1305 1120 1387 1165 est
1417 1114 1571 1166 enim
1621 1129 1753 1166 vera
1808 1129 1934 1165 sen-

251 1185 431 1238 tentia
492 1186 804 1251 Ratramni,
866 1185 1168 1248 Paschasii,
1218 1184 1513 1236 Lanfranci
1566 1188 1621 1236 et
1674 1184 1935 1236 Ecclesia:

251 1255 562 1309 catholica).
595 1257 701 1309 Sed
742 1256 787 1307 si
837 1257 1229 1324 intelligamus
1268 1255 1412 1307 hanc
1443 1254 1815 1306 substantiam
1849 1270 1937 1306 oc-

250 1328 456 1379 cultam
508 1342 627 1378 esse
670 1326 1015 1395 palpabilem
1074 1332 1129 1378 et
1173 1326 1429 1377 sensibus
1474 1325 1693 1394 percipi
1751 1341 1934 1393 posse,

251 1402 334 1449 est
381 1397 665 1449 contraria
724 1398 1052 1462 Hatramno,
1101 1400 1156 1448 et
1206 1400 1289 1447 est
1344 1396 1626 1447 sententia
1668 1395 1937 1447 adversa-

246 1467 485 1545 riorum,
523 1468 932 1546 quampassim
967 1467 1241 1546 ppnsculo
1265 1466 1414 1534 quod
1443 1465 1801 1518 defendimus
1833 1465 1941 1517 fre-

248 1538 329 1605 git
363 1544 418 1589 et
447 1537 579 1590 totis
610 1538 823 1589 viribus
851 1537 1184 1589 confutavit.

316 1608 517 1659 Tertiae
564 1608 970 1676 propositionis
1020 1606 1373 1659 anathemati
1423 1605 1776 1661 subscribere
1822 1621 1940 1658 non

249 1677 443 1729 abnuit
474 1678 837 1740 Ratraninns,
880 1692 1009 1730 cum
1067 1692 1275 1746 corpus
1334 1676 1541 1729 Christi
1589 1692 1840 1745 praesens
1881 1676 1938 1728 in

249 1748 597 1800 Eucharistia
624 1751 837 1816 spectet
865 1752 1139 1816 tanquam
1182 1746 1312 1799 fidei
1361 1747 1669 1815 objectnm,
1705 1746 1938 1799 minime

246 1834 381 1870 vero
458 1818 743 1883 effectum,
801 1818 882 1870 uti
958 1834 1129 1886 supra
1180 1817 1622 1870 observavimus.
1682 1818 1938 1870 Rotunde
1983 1829 2021 1881 Β

246 1888 458 1941 fatetur
487 1903 727 1940 numero
778 1892 829 1941 11
868 1888 1039 1940 ﬁdem
1073 1887 1314 1958 operari,
1348 1888 1441 1940 sed
1502 1903 1630 1940 cum
1681 1888 1762 1939 ait
1812 1903 1940 1957 pro-

246 1964 446 2027 pterea
469 1959 689 2027 operari
724 1974 819 2010 seu
875 1957 1123 2011 efficere
1150 1974 1353 2027 corpus
1389 1958 1615 2019 Christi,
1668 1958 1758 2010 cui
1788 1974 1938 2027 prae-

248 2029 393 2081 senti
426 2044 718 2081 assensum
750 2033 983 2097 praestat
1012 2044 1024 2081 :
1061 2028 1551 2098 quemodmodum
1582 2028 1781 2080 artifex
1824 2044 1939 2081 non

247 2100 421 2152 efficit
451 2099 886 2162 materiam,sed
920 2100 1131 2167 expolit
1162 2099 1309 2151 circa
1340 2098 1665 2161 materiam,
1693 2099 1772 2150 ita
1798 2098 1939 2151 ﬁdes

248 2175 516 2239 operatur
562 2185 675 2222 non
722 2170 1076 2235 Trinitatem,
1126 2170 1601 2231 incarnationem,
1668 2170 1938 2222 Euchari-

248 2243 437 2305 stiam,
475 2240 569 2294 sed
603 2241 750 2293 circa
780 2242 899 2293 htBC
923 2240 1191 2309 mysteria
1223 2244 1491 2309 operatur
1521 2242 1599 2291 eis
1628 2240 1938 2308 credendo,

248 2312 630 2373 assentiendo,
694 2327 792 2365 seu
846 2311 1195 2364 intellectum
1267 2310 1604 2380 captivando
1662 2311 1723 2362 in
1774 2312 1937 2363 obse-

247 2382 445 2450 quium
481 2382 636 2449 tidei,
671 2398 785 2435 non
817 2382 1117 2435 efficiendo
1167 2386 1223 2433 et
1265 2382 1319 2433 vi
1366 2380 1717 2434 credulitatis
1764 2380 1939 2433 effor—

246 2452 478 2505 mando.

317 2523 542 2584 Quartae
574 2521 952 2591 propositioni
999 2537 1232 2590 prorsus
1266 2525 1587 2590 repugnant
1624 2536 1828 2574 omnes
1875 2521 1939 2575 fi-

247 2592 415 2645 deles.
463 2593 594 2644 Jure
646 2594 848 2644 merito
879 2593 956 2644 ait
1009 2593 1351 2645 Ratramnus
1382 2592 1525 2644 nihil
1566 2607 1599 2643 a
1643 2591 1753 2644 fide.
1802 2592 1935 2645 effe-

248 2666 400 2715 ctum
437 2661 528 2724 iri,
570 2662 613 2713 si
663 2663 806 2714 nihil
846 2662 1044 2714 secreti
1086 2668 1143 2713 et
1184 2662 1365 2714 abditi
1422 2666 1479 2714 in
1515 2662 1622 2714 hoc
1664 2664 1935 2730 mysterio

246 2733 612 2801 reperiretur.
659 2732 805 2784 Nihil
844 2733 1057 2801 quippe
1097 2732 1444 2785 credendum
1484 2738 1805 2801 superesset
1837 2733 1934 2785 ubi

247 2803 443 2856 omnia
484 2806 677 2871 aperta
710 2810 765 2855 et
794 2803 945 2856 edita
986 2802 1442 2855 manifestatione
1487 2805 1932 2857 inuotescerent.

244 2874 578 2926 Paschasius
610 2874 754 2925 ultra
806 2874 1177 2926 Ratramnum
1226 2874 1484 2942 procedit
1537 2874 1930 2938 vehementer,

245 2944 379 2997 dum
415 2945 495 2996 ait
522 2945 581 2996 in
603 2943 843 3012 epistola
867 2944 933 2996 nd
968 2944 1109 2996 Frud
1158 2944 1360 2995 ardum
1388 2950 1437 2997 et
1454 2949 1621 2997 totum
1644 2945 1935 3012 Spirituale

245 3019 340 3065 est.
374 3014 430 3065 Si
464 3030 595 3065 vero
627 3013 959 3065 dissertator
988 3029 1090 3065 uer
1118 2961 1242 3065 haec
1275 3014 1448 3065 verba
1487 3015 1795 3065 snirituale.
1836 3015 1933 3065 ab-

245 3019 340 3067 est.
374 3014 430 3067 Si
464 3030 595 3066 vero
627 3013 959 3065 dissertator
988 3029 1090 3082 per
1122 3013 1242 3066 haec
1275 3014 1448 3067 verba
1487 3015 1795 3083 spirituale,
1836 3015 1933 3067 ab-

245 3084 441 3148 ditum,
476 3088 751 3149 secretum,
786 3084 1107 3153 significare
1136 3085 1272 3138 velit
1297 3084 1441 3151 quod
1462 3084 1700 3153 pendeat
1729 3084 1796 3136 ab
1849 3087 1931 3137 in-

244 3156 546 3233 telligentia
590 3157 904 3233 mysterium
958 3159 1236 3233 censeatur
1261 3156 1433 3233 eﬂieri
1460 3159 1515 3233 et
1548 3158 1641 3217 sit,
1686 3155 1930 3233 alienior
1970 3178 2011 3233 ρ

246 3240 276 3275 a
308 3240 472 3276 sensu
507 3225 799 3277 Hatramni
832 3240 953 3276 esse
992 3240 1105 3276 non
1146 3230 1354 3293 potest,
1386 3229 1441 3277 et
1469 3225 1537 3277 ab
1584 3241 1651 3278 eo
1708 3225 1928 3278 nullum

244 3295 434 3347 locum
484 3296 768 3362 prolatum
818 3294 893 3365 iri
951 3294 1039 3346 his
1108 3296 1294 3348 verbis
1357 3300 1695 3365 conceptum
1758 3296 1932 3365 expli-

245 3369 435 3417 catum
468 3380 662 3417 secure
692 3364 1051 3417 confidimus.

315 3435 524 3497 Quinta
555 3435 866 3504 propositio
909 3439 1159 3487 mentem
1200 3435 1495 3489 Ratramni
1533 3434 1757 3489 disertis
1802 3452 1923 3488 ver-

244 3504 331 3558 bis
381 3506 640 3575 explicat.
675 3505 818 3568 Quid
855 3510 938 3558 est
970 3504 1123 3558 enim
1154 3506 1311 3559 verbo
1342 3508 1434 3559 Dei
1479 3507 1630 3572 eﬂici,
1695 3506 1803 3558 nisi
1832 3522 1931 3574 per

240 3578 535 3643 potentiam
555 3578 663 3629 vim
692 3576 871 3629 verbis
894 3576 1114 3629 divini?
1134 3581 1199 3629 ut
1219 3578 1299 3629 ait
1320 3592 1477 3628 num.
1502 3579 1569 3629 49
1602 3593 1612 3629 :
1654 3598 1674 3623 ι
1712 3577 1929 3645 Corpus

243 3649 299 3717 et
332 3648 562 3715 sanguis
603 3645 810 3700 Christi
848 3662 974 3717 qua!
1009 3647 1267 3700 fidelium
1300 3662 1398 3699 ore
1437 3647 1496 3698 in
1532 3647 1774 3700 Ecclesia
1794 3663 1925 3716 per-

241 3716 550 3786 cipiuntur,
592 3718 793 3787 figura:
821 3716 955 3771 sunt
991 3718 1304 3771 secundum
1339 3717 1582 3787 speciem
1620 3716 1922 3771 visibilem.

239 3790 311 3840 At
338 3803 471 3840 vero
512 3788 826 3842 secundum
877 3788 1219 3842 invisibilem
1284 3788 1678 3854 substantiam,
1728 3788 1785 3841 id
1845 3792 1929 3840 est

240 3856 421 3929 divini
442 3858 760 3927 potentiam
792 3860 977 3925 Verbi,
1010 3876 1141 3913 vere
1185 3875 1393 3929 corpus
1419 3865 1475 3912 et
1504 3859 1736 3929 sanguis
1765 3858 1926 3912 Chri-

241 3928 312 3979 sti
343 3929 609 3994 existunt,
635 3950 662 3977 ››

307 4000 393 4050 Au
414 4004 600 4067 potest
630 4015 746 4051 una
771 4014 899 4052 cum
923 4000 1161 4052 veritate
1200 3999 1384 4067 ﬁgura
1415 3999 1619 4052 melius
1653 4013 1925 4067 recogno-

240 4068 337 4131 sci,
374 4074 429 4120 et
473 4068 723 4137 corporis
775 4070 980 4122 Christi
1021 4070 1079 4121 in
1130 4069 1483 4121 Eucharistia
1525 4069 1828 4121 existentia
1872 4067 1926 4120 vi

238 4137 395 4190 verbi
412 4138 612 4189 fortius
652 4138 1065 4191 demonstrari?
1101 4140 1505 4192 Verumtamen
1542 4139 1695 4191 hunc
1739 4139 1925 4191 locum

241 4207 473 4265 alterius
512 4208 830 4261 accessione
862 4209 1154 4262 cumulare
1184 4209 1329 4261 nihil
1357 4214 1524 4262 vetat.
1559 4209 1632 4261 Ex
1683 4224 1926 4261 numero

238 4278 307 4329 44
343 4291 355 4332 :
402 4296 438 4349 ‹‹Δ
475 4277 825 4349 Contitemur
869 4279 1020 4349 quod
1058 4280 1125 4349 in
1155 4286 1507 4332 sacramento
1558 4279 1816 4349 corporis
1871 4283 1928 4331 et

238 4346 534 4418 sanguinis
566 4347 795 4400 Domini
827 4346 1107 4418 quidquid
1131 4349 1373 4401 exterius
1406 4346 1678 4416 sumitur,
1713 4350 1783 4402 ad
1807 4365 1927 4402 cor-

237 4419 394 4487 poris
436 4417 812 4497 refectionem
837 4417 1404 4497 aptatur§__Verbum_
1423 4424 1610 4497 autem
1669 4420 1791 4485 Dei,
1824 4418 1926 4489 qui

238 4493 321 4542 est
350 4487 515 4557 panis
544 4488 844 4541 invisibilis
866 4487 1229 4541 invisibiliter
1260 4489 1317 4540 in
1349 4489 1445 4541 illo
1485 4488 1727 4541 existens
1748 4487 1927 4543 sacra-

237 4564 449 4622 mento,
484 4557 848 4611 invisibiliter
875 4558 1313 4628 participatione
1355 4560 1440 4611 sui
1474 4558 1725 4612 fidelium
1757 4576 1924 4614 men-

236 4635 319 4684 tes
363 4631 560 4699 pascit.
588 4650 615 4677 ›ι

305 4697 509 4754 XXVII.
538 4700 611 4753 At
652 4699 872 4770 videtur
914 4714 1131 4765 negare,
1162 4698 1350 4770 inquit
1392 4697 1744 4770 dissertator,
1797 4716 1923 4770 pag.

238 4774 359 4837 180,
410 4769 739 4825 solummodo
789 4784 937 4823 num.
998 4771 1060 4822 10
1109 4769 1400 4823 secundum
1448 4769 1509 4821 id
1539 4769 1684 4837 quod
1711 4769 1928 4824 videtur

234 4843 415 4895 carnis
438 4844 665 4910 speciem
695 4843 753 4893 in
788 4842 880 4893 illo
915 4855 1058 4908 pane
1086 4842 1347 4905 cognosci.
1381 4838 1519 4906 Quis
1564 4840 1715 4893 istud
1750 4847 1927 4894 autem

234 4914 366 4966 adeo
395 4928 576 4966 amens
608 4913 720 4977 fuit
756 4915 817 4963 ut
845 4914 1184 4964 existimaret
1215 4914 1310 4963 aut
1333 4910 1609 4963 crederet?

923 5032 1232 5069 RESPONSIO.

304 5120 524 5175 Sciebat
554 5122 897 5175 Ratramnns
936 5121 993 5173 id
1023 5120 1313 5174 neminem
1370 5120 1668 5175 hominem
1716 5136 1923 5191 negare

231 5206 417 5313 posse,
440 5192 580 5259 quin
613 5192 682 5244 de
712 5196 991 5259 potestate
1033 5192 1238 5244 mentis
1285 5191 1609 5257 excesserit,
1666 5192 1923 5263 adeoque

274 5278 336 5313 ac
367 5266 485 5313 arte
515 5260 794 5313 probabat
834 5277 1061 5313 necesse
1111 5278 1230 5313 esse
1260 5262 1511 5313 aliquam
1543 5263 1602 5313 in
1652 5263 1922 5313 mvsterio

274 5266 485 5332 aciarte
515 5260 794 5330 probabat
834 5277 1061 5314 necesse
1111 5278 1230 5315 esse
1260 5262 1511 5332 aliquam
1543 5263 1602 5315 in
1652 5260 1922 5332 mysterio

231 5331 597 5384 Eucharistiie
648 5346 1052 5399 recognoscere
1085 5331 1542 5401 figuramINum.
1581 5336 1646 5386 10
1678 5331 1754 5386 εὶ(
1795 5335 1922 5387 Haec

230 5402 308 5474 ita
340 5418 461 5454 esse
484 5402 621 5474 dum
644 5417 813 5454 nemo
834 5417 1042 5474 negare
1065 5406 1270 5471 potest,
1293 5406 1468 5456 claret
1486 5402 1623 5474 quia
1644 5404 1803 5474 panis
1824 5404 1919 5457 ille

230 5472 542 5544 vinumque
565 5472 807 5541 ﬁgurate
839 5472 1045 5526 Christi
1073 5489 1277 5543 corpus
1304 5479 1359 5526 et
1385 5472 1613 5544 sanguis
1634 5472 1821 5527 existit
1850 5517 1861 5527 .
1892 5496 1914 5520 ι

229 5542 613 5613 Nihilominus
631 5547 818 5595 tamen
836 5544 961 5613 quis
980 5542 1204 5597 dubitat
1219 5542 1509 5612 scripsisse
1541 5544 1918 5597 Ratramnum

231 5612 497 5665 adversus
542 5613 825 5682 ejusmodi
848 5612 1144 5666 sententia:
1177 5620 1448 5683 patronos
1485 5619 1538 5666 et
1571 5614 1914 5683 defensores,

229 5686 293 5753 ut
330 5688 486 5751 patet
521 5699 681 5737 num.
707 5688 736 5737 5
770 5684 1105 5753 szepinsjam
1137 5682 1408 5735 laudato?
1440 5682 1578 5746 Quis
1610 5682 1917 5735 catholicos

227 5752 533 5833 plerosque
569 5752 947 5833 _a.dversario.s
996 5752 1465 5833 'Bereugarii‘ab
1497 5769 1590 5833 ‘ea
1646 5753 1916 5833 opinione

229 5821 533 5877 alieniores
564 5824 737 5877 fuisse
768 5823 1088 5877 existimet?
1118 5821 1254 5886 Quis
1277 5821 1619 5875 Abbaudum
1650 5823 1914 5875 abbatem

2038 550 2185 602 hanc
2216 549 2547 619 opinionem
2577 547 2851 602 tuendam
2880 547 3157 618 recepisse
3184 548 3393 618 neget?
3421 550 3560 612 Quis
3592 549 3752 600 deni-

2048 636 2164 689 que
2204 620 2547 673 recentiores
2596 619 2987 688 philosophos,
3037 635 3101 671 ac
3158 620 3477 688 praesertim
3527 622 3751 672 Patrem

2049 692 2320 760 Magnan,
2370 691 2557 743 virum
2618 691 2776 742 nulla
2828 705 3080 759 unquam
3138 706 3393 743 censurae
3451 690 3749 742 catholicas

2044 767 2179 814 nota
2219 766 2503 827 vexatum,
2540 777 2604 813 ex
2642 761 2843 814 ordine
2882 761 3245 814 Minimorum
3292 761 3607 829 provincia
3657 760 3751 812 To-

2044 832 2255 885 losanaa
2278 832 2663 901 professorem
2696 832 3032 900 theologum
3067 831 3529 895 meritissimum,
3557 830 3752 883 dedita

2044 918 2216 971 Opera
2248 902 2536 971 scripsisse
2560 901 2932 971 appendicem
2967 902 3037 955 ad
3068 902 3490 971 philosophiam
3526 916 3745 953 sacram

2043 979 2241 1026 contra
2271 972 2653 1042 Theophilum
2686 972 3053 1026 Rainaudum
3082 972 3377 1034 Jesuitam,
3415 979 3476 1025 ut
3531 972 3746 1041 proba-

2041 1050 2128 1096 ret
2161 1045 2341 1096 Deum
2376 1058 2477 1112 per
2507 1059 2673 1095 suum
2701 1058 3063 1110 concursum,
3095 1042 3394 1096 deficiente
3426 1042 3750 1095 substantia

2042 1117 2208 1183 panis
2253 1119 2380 1183 post
2421 1113 2934 1177 consecrationem,
2996 1114 3254 1167 eamdem
3304 1113 3482 1165 oculis
3534 1112 3749 1164 nostris

2046 1191 2102 1237 et
2133 1185 2392 1237 sensibus
2422 1184 2607 1237 facere
2663 1184 3101 1253 impressionem
3151 1200 3322 1253 quam
3362 1184 3529 1252 panis
3576 1190 3634 1235 et
3677 1183 3749 1234 vi-

2045 1270 2184 1308 num
2218 1260 2349 1307 ante
2380 1255 2890 1319 consecrationem,
2924 1254 3178 1309 nesciat?
3206 1255 3475 1323 Adeoque
3523 1254 3583 1306 in
3618 1269 3749 1321 spe-

2045 1325 2126 1378 cie
2150 1326 2315 1395 panis
2346 1341 2551 1396 corpus
2579 1326 2768 1396 ipsum
2820 1325 3027 1379 Christi
3059 1324 3181 1377 sine
3224 1325 3408 1393 ﬁgura
3439 1330 3496 1377 et
3540 1324 3749 1377 obum-

2045 1396 2305 1449 bratione
2327 1396 2597 1465 conspici.

2115 1466 2351 1520 XXVIII.
2388 1467 2582 1536 lnquit
2628 1466 2961 1519 dissertator
2994 1465 3223 1534 paginae
3254 1467 3372 1527 293,
3407 1480 3567 1517 num.
3620 1466 3743 1526 180,

2046 1553 2099 1589 1v
2159 1540 2313 1607 (pag.
2376 1540 2479 1590 293
2527 1537 2655 1590 edit.
2688 1536 3062 1604 Amstelod.):
3125 1536 3233 1588 Sed
3280 1539 3337 1587 in
3387 1552 3448 1587 ea
3505 1537 3597 1587 ille
3636 1536 3746 1588 Ra-

2048 1615 2292 1660 tramnus
2337 1610 2539 1660 scilicet
2595 1609 2784 1661 haeresi
2832 1610 2961 1671 fuit,
3001 1607 3096 1659 ubi
3142 1610 3323 1659 carnis
3377 1608 3579 1674 species
3640 1620 3748 1657 non

2046 1680 2140 1743 sit,
2190 1678 2268 1730 ibi
2314 1693 2527 1731 carnem
2566 1694 2671 1731 non
2723 1692 2865 1741 esse;
2917 1692 3020 1744 quo
3074 1677 3140 1729 de
3193 1692 3370 1730 errore
3415 1676 3749 1730 Paschasius

2047 1752 2153 1815 egit
2179 1746 2238 1801 in
2262 1750 2491 1817 epistola
2522 1748 2595 1800 ad
2623 1748 3027 1813 Frudgardum.

2744 1868 3053 1905 RESPONSIO.

2118 1941 2225 2005 Qui
2250 1940 2376 1995 fieri
2405 1944 2592 2010 potest
2624 1944 2687 1993 ut
2732 1940 2907 1993 homo
2952 1956 3017 1993 ea
3066 1939 3269 1993 haeresi
3310 1938 3647 2009 inquinatus
3685 1945 3751 1993 ut

2048 2014 2265 2065 nullam
2298 2027 2525 2065 carnem
2561 2011 2767 2063 Christi
2796 2011 2989 2063 credat
3018 2010 3117 2063 ubi
3152 2010 3366 2078 species
3407 2010 3595 2063 carnis
3629 2025 3751 2063 non

2049 2089 2199 2144 sunt,
2234 2083 2518 2152 conceptis
2565 2081 2751 2133 verbis
2781 2080 3429 2152 apertissimeiexplicet
3467 2080 3605 2150 quid
3665 2081 3745 2152 psit

2046 2156 2271 2206 interius
2312 2160 2368 2205 et
2411 2151 2648 2205 exterius
2703 2152 3087 2208 Eucharistia’.
3140 2151 3454 2220 doceatque
3488 2151 3749 2204 exterius

2046 2228 2256 2292 praeter
2304 2224 2519 2292 species
2548 2222 2711 2291 panis
2754 2228 2810 2275 et
2862 2222 2978 2274 vini
3016 2222 3161 2274 nihil
3194 2222 3453 2274 sensibus
3498 2222 3747 2290 percipi,

2047 2294 2288 2346 interius
2317 2310 2449 2346 vero
2482 2294 2668 2361 ipsum
2704 2308 2908 2361 corpus
2941 2298 2996 2344 et
3028 2292 3368 2360 sanguinem
3411 2292 3623 2346 Christi
3662 2308 3751 2343 re-

2045 2381 2178 2417 vera
2200 2364 2478 2417 existere?
2527 2363 2663 2426 Quis
2692 2365 2844 2415 enim
2892 2364 3013 2416 hinc
3045 2379 3158 2414 non
3219 2363 3507 2431 intelligat
3535 2379 3599 2415 ex
3651 2363 3748 2415 his

2048 2434 2343 2487 Ratramni
2374 2435 2583 2496 verbis,
2614 2450 2773 2487 num.
2813 2436 2875 2487 10
2908 2450 2920 2487 :
2954 2454 2981 2481 ‹‹
3010 2433 3156 2497 Quid
3190 2434 3344 2485 enim
3368 2434 3521 2486 aliud
3552 2433 3613 2485 in
3638 2449 3743 2484 su—

2045 2505 2274 2574 perﬁcie
2310 2521 2481 2574 quam
2532 2504 2849 2557 substantia
2898 2504 3498 2574 viniconspicitur?...
3539 2506 3613 2557 At
3656 2505 3747 2555 in-

2044 2573 2225 2628 terius
2254 2576 2299 2627 si
2326 2573 2672 2639 consideres,
2693 2575 2812 2643 jam
2844 2590 2959 2627 non
3004 2573 3193 2643 liquor
3222 2574 3357 2637 vini,
3399 2574 3495 2627 sed
3551 2575 3750 2643 liquor

2044 2646 2338 2715 sanguinis
2360 2645 2605 2700 Christi?
2652 2666 2678 2692 ››
2713 2647 2826 2715 Ego
2874 2660 3007 2697 vero
3055 2660 3123 2715 ex
3163 2644 3251 2697 his
3300 2646 3605 2697 obfirmato
3642 2660 3749 2714 pe-

2044 2714 2196 2769 ctore
2218 2721 2621 2785 argumentum
2646 2714 2873 2769 assumo
2887 2716 2955 2768 ad
2978 2714 3341 2784 probandum
3369 2715 3745 2768 Paschasium

2045 2787 2313 2839 adversus
2372 2787 2745 2839 Ratramnum
2808 2802 2924 2839 non
2983 2785 3273 2854 scripsisse
3325 2800 3453 2837 cum
3511 2785 3747 2854 scripsit

2043 2857 2311 2910 adversus
2350 2873 2446 2909 eos
2480 2858 2577 2925 qui
2625 2857 2841 2909 nullam
2891 2872 3123 2909 carnem
3169 2855 3575 2908 existimabant
3627 2857 3744 2908 exi-

2043 2933 2189 2980 stere
2222 2928 2342 2981 sine
2370 2926 2662 2997 speciebus
2706 2933 2761 2979 et
2792 2927 3144 2997 apparentiis
3173 2926 3377 2979 carnis.
3520 2961 3540 2977 .

2112 2999 2279 3051 XXIX.
2310 3000 2420 3051 Hoc
2463 2999 2625 3065 plane
2658 2999 2931 3050 intellectu
2980 2997 3188 3065 (inquit
3238 2997 3573 3049 dissertator
3604 3012 3743 3066 pag.

2044 3070 2133 3121 181
2184 3069 2447 3121 editionis
2497 3068 2696 3130 Paris.,
2750 3070 2852 3122 293
2914 3068 3119 3135 Amst.)
3162 3066 3742 3135 pseudo-Ralramnus

2041 3139 2147 3208 (sic
2168 3140 2353 3209 placet
2381 3154 2579 3191 verum
2635 3137 2975 3207 deformare)
3004 3153 3155 3192 num.
3188 3140 3254 3190 88
3291 3152 3303 3209 ξ
3348 3158 3374 3185 ‹‹
3416 3138 3489 3189 In
3538 3140 3741 3205 specie,

2041 3207 2243 3277 inquit,
2276 3214 2538 3276 geruntur
2565 3211 2690 3271 ista,
2731 3224 2837 3261 non
2862 3211 2920 3261 in
2955 3211 3212 3275 veritate;
3244 3207 3305 3260 id
3334 3211 3411 3261 est
3446 3222 3546 3275 per
3578 3210 3745 3260 simi-

2040 3280 2342 3346 litudinem,
2369 3295 2474 3333 non
2502 3295 2599 3347 per
2634 3281 2809 3347 ipsius
2834 3281 2915 3332 rei
2953 3280 3467 3344 manifestationem.
3512 3297 3537 3324 ››
3577 3279 3739 3331 Ponit

2039 3354 2178 3403 enim
2200 3366 2301 3419 pro
2336 3356 2475 3403 certo
2500 3350 2904 3419 exploratoque,
2936 3349 2998 3402 id
3041 3349 3185 3417 quod
3222 3354 3301 3403 est
3338 3349 3741 3413 falsissimum,

2037 3436 2143 3475 non
2182 3436 2338 3489 posse
2391 3435 2501 3474 esse
2545 3421 2749 3474 Christi
2786 3434 2978 3488 corpus
3028 3434 3259 3487 usquam
3302 3421 3413 3472 nisi
3466 3420 3742 3473 alterutro

2037 3491 2234 3544 modo:
2288 3493 2381 3544 hoc
2423 3496 2500 3543 est
2545 3495 2641 3543 aut
2672 3506 2770 3559 per
2817 3492 3160 3558 conspicuam
3208 3491 3747 3557 manifestalionem,

2037 3567 2134 3614 aut
2160 3576 2257 3628 per
2292 3560 2703 3614 similitudinem
2760 3560 3037 3613 duntaxat
3090 3575 3181 3614 seu
3238 3563 3742 3628 ﬁguram;species

2037 3635 2178 3684 enim
2220 3646 2347 3685 cum
2374 3634 2598 3685 veritati
2647 3634 2937 3699 opponitur
2982 3647 3132 3684 mera
3187 3630 3515 3695 similitudo,
3576 3646 3737 3683 mera

2035 3704 2215 3770 ﬁgura
2247 3703 2595 3768 intelligitur.

2736 3786 3043 3825 RESPONSIO.

2111 3860 2234 3912 Non
2260 3857 2398 3913 dicit
2417 3859 2759 3912 Ratramnus
2789 3876 2855 3911 eo
2884 3858 2990 3911 loci
3020 3861 3080 3911 in
3124 3857 3297 3926 specie
3322 3860 3431 3911 ista
3459 3859 3602 3925 geri,
3634 3873 3749 3912 non

2035 3931 2095 3982 in
2114 3932 2360 3992 veritate,
2396 3930 2454 3983 id
2479 3936 2555 3982 est
2574 3946 2674 3998 per
2702 3929 3119 3983 similitudinem
3159 3935 3254 3981 aut
3292 3944 3390 3996 per
3424 3931 3608 3996 ipsius
3656 3932 3751 3982 rei

2034 4002 2527 4065 manifestationem
2552 4017 2564 4065 ;
2590 4001 2685 4053 sed
2721 4000 2871 4053 hunc
2918 4014 3147 4052 sensum
3179 3998 3424 4067 exprimi
3474 4004 3531 4051 et
3562 4000 3749 4068 signi-

2036 4069 2194 4122 ficari
2260 4071 2364 4123 hac
2410 4071 2669 4123 oratione
2721 4069 2978 4123 Ecclesiae
3027 4086 3038 4122 :
3084 4070 3377 4126 Per/fciant
3437 4071 3493 4120 in
3559 4070 3743 4134 nobis,

2035 4142 2273 4207 Domine,
2338 4156 2661 4208 quaesumus,
2709 4146 2806 4193 tua
2856 4144 3196 4193 sacramenta
3241 4140 3384 4206 quod
3438 4141 3744 4205 continent,

2035 4215 2097 4263 ut
2126 4226 2245 4278 quae
2268 4227 2408 4264 nunc
2438 4213 2612 4278 specie
2635 4213 2892 4276 gerimus,
2932 4225 3113 4263 rerum
3145 4212 3371 4262 veritate
3411 4213 3743 4278 capiamus;

2037 4285 2092 4333 et
2120 4281 2354 4350 quidem
2384 4280 2512 4350 jure
2553 4281 2773 4334 merito.
2826 4282 2966 4333 Nam
3008 4281 3066 4332 in
3098 4281 3199 4333 hac
3230 4279 3485 4332 oratione
3516 4281 3747 4349 species

2035 4355 2091 4403 et
2136 4352 2871 4430 ﬁgurahnonrepugnant
2924 4367 3043 4430 nec
3074 4355 3449 4430 opponuntur
3504 4351 3747 4430 veritati

2034 4421 2292 4491 corporis
2325 4421 2529 4475 Christi
2551 4421 2611 4474 in
2641 4420 2717 4482 se,
2768 4437 2863 4474 seu
2893 4420 3222 4473 substantiae
3252 4436 3401 4473 verae
3450 4422 3744 4489 corporis,

2037 4492 2134 4545 sed
2156 4492 2601 4545 manifestationi
2632 4497 2687 4545 et
2706 4492 3079 4545 declarationi
3122 4496 3330 4560 apertae
3361 4496 3418 4542 et
3463 4491 3747 4545 omnibus

2036 4562 2341 4615 involucris
2367 4563 2566 4615 solutae
2598 4568 2653 4614 et
2683 4562 2964 4631 expedita.
3013 4561 3398 4625 Quamobrem
3439 4562 3747 4628 explicans

2038 4632 2185 4685 hanc
2224 4647 2420 4685 vocem
2478 4633 2839 4697 Ratramnus,
2902 4647 3008 4685 non
3039 4635 3097 4684 in
3129 4633 3358 4684 veritate
3414 4631 3749 4699 prudenter

2036 4701 2135 4768 ait,
2166 4702 2227 4754 id
2264 4707 2340 4755 est
2377 4717 2483 4755 non
2508 4717 2609 4771 per
2643 4703 2823 4770 ipsius
2860 4704 2943 4755 rei
2982 4704 3494 4767 manifestationem.
3536 4702 3745 4755 Neuti-

2038 4786 2211 4841 quam
2272 4772 2443 4825 etiam
2496 4773 2594 4833 ait,
2642 4788 2741 4841 pro
2787 4777 2926 4827 certo
2980 4773 3368 4840 emploraloque
3415 4787 3523 4823 non
3579 4788 3750 4840 posse

2036 4856 2146 4895 esse
2168 4843 2373 4898 Christi
2400 4857 2592 4910 corpus
2640 4846 2753 4895 nisi
2788 4858 2887 4910 per
2932 4844 3273 4910 conspicuam
3316 4844 3747 4907 manifestatio-

2034 4927 2154 4966 nem
2201 4918 2298 4967 aut
2339 4928 2439 4981 per
2476 4913 2891 4965 similitudinem
2938 4927 3030 4966 seu
3072 4915 3325 4980 ﬁguram.
3375 4913 3627 4965 Econtra
3671 4930 3745 4966 ex

2034 4982 2140 5036 hac
2170 4983 2427 5037 oratione
2460 4982 2720 5036 Ecclesia:
2742 4983 2981 5035 assumit
3008 4988 3415 5051 argumentum
3465 4983 3537 5035 ad
3561 4998 3743 5035 com-

2033 5053 2397 5124 probandum
2444 5069 2648 5124 corpus
2680 5052 2889 5124 Christi
2922 5052 2980 5104 in
3025 5052 3382 5124 Eucharistia
3413 5052 3742 5124 abscondi-

2033 5128 2159 5176 tum
2197 5124 2300 5177 sub
2340 5122 2558 5193 figuris
2587 5128 2644 5177 et
2681 5122 2923 5186 umbris,
2958 5122 3175 5193 scilicet.
3223 5122 3516 5191 speciebus
3562 5124 3745 5192 panis

2034 5197 2090 5265 et
2114 5193 2236 5265 vini
2263 5210 2275 5247 :
2319 5192 2531 5265 quippe
2560 5209 2690 5265 cum
2721 5210 2787 5265 ea
2812 5192 3110 5265 rogatione
3140 5198 3369 5265 petatur
3400 5197 3461 5265 ut
3510 5208 3735 5263 corpus

2034 5211 2090 5245 et.
2114 5211 2231 5246 Vlnl
2263 5211 2275 5247 Ζ
2319 5211 2415 5263 qun
2463 5211 2531 5265 p8
2560 5211 2690 5247 cum
2721 5211 2787 5246 88
2812 5211 3110 5261 rogatione
3140 5211 3369 5261 petatur
3400 5211 3461 5244 ιιι
3510 5211 3735 5263 corpus

2032 5263 2261 5326 Christi,
2296 5211 2458 5333 quod)
2490 5264 2594 5318 sub
2636 5263 2823 5333 specie
2868 5262 3033 5331 panis
3066 5267 3124 5315 et
3170 5262 3299 5333 vini
3327 5261 3573 5333 geritur,
3610 5279 3741 5316 ma-

2029 5334 2236 5387 nifesta
2256 5332 2475 5388 visione
2508 5350 2623 5387 non
2656 5332 2813 5387 secus
2841 5349 2906 5386 ac
2949 5348 3147 5385 revera
3176 5337 3260 5384 est
3288 5332 3347 5384 in
3383 5332 3525 5384 caelo
3579 5348 3730 5386 cono

2030 5404 2319 5474 spiciatur.
2350 5406 2551 5457 Beatus
2588 5404 2847 5472 Algerus,
2890 5402 2984 5474 ille
3018 5403 3286 5474 omnibus
3333 5402 3741 5474 adnotusgBe-

2029 5472 2281 5543 rengarii
2330 5474 2710 5541 adversarius,
2768 5472 3027 5543 eamdem
3088 5473 3433 5543 orationem,
3474 5472 3746 5541 prodidit

2028 5544 2100 5597 ad
2134 5542 2383 5597 mentem
2433 5550 2488 5597 et
2542 5542 2881 5597 sententiam
2930 5542 3227 5596 Ratramni
3268 5542 3539 5595 tuendam
3572 5543 3681 5597 lib.
3723 5562 3741 5598 ι

2028 5615 2096 5667 de
2131 5614 2503 5677 Eucharistia,
2536 5614 2719 5683 capite
2745 5615 2798 5676 5,
2839 5613 2987 5666 circa
3018 5613 3277 5667 medium
3322 5612 3592 5683 editionis
3624 5618 3747 5668 An-

2026 5689 2215 5750 tuerp.
2249 5684 2385 5736 anni
2445 5682 2881 5754 1536.Pos_tulat
2926 5684 3140 5754 quippe
3195 5682 3739 5754 sacerdos,_inquit,

2025 5758 2085 5807 ut
2120 5754 2327 5807 Christi
2359 5767 2571 5820 corpus,
2605 5752 2750 5822 quod
2796 5753 2894 5806 sub
2926 5752 3099 5823 specie
3141 5756 3306 5823 panis
3331 5758 3381 5805 et
3425 5752 3547 5804 vini
3586 5752 3745 5809 nunc

2027 5825 2259 5889 geritur,
2312 5824 2608 5889 manifesta
2634 5825 2842 5878 visione
2868 5825 3009 5877 sicut
3054 5838 3245 5879 revera
3275 5827 3353 5877 est
3398 5823 3745 5893 quandoque
