3890 6230
820 356 1276 413 DISSERTATIO
1318 358 1383 410 IN
1424 358 1553 411 LIB.
1596 358 1686 412 DE
1725 356 2054 413 CORPORE
2097 359 2183 413 ET
2221 357 2575 413 SANGUINE
2614 359 2874 415 DOMINI.

3499 364 3604 417 206

114 493 378 564 capiatur.
433 493 564 545 Jam
619 507 752 564 sero
799 491 929 561 quis
967 491 1087 564 nisi
1119 492 1330 562 p0pulo
1381 492 1598 564 differri
1646 492 1796 564 velit,
1837 497 1882 546 Α
1915 497 2057 545 tum.
2091 495 2162 544 At
2191 509 2323 545 vero
2368 498 2736 562 percontarer
2765 494 2836 546 ab
2864 511 2930 547 eo
2970 494 3322 564 perlibenter
3353 511 3455 548 cur
3496 495 3604 549 hoc

115 563 338 629 attinget
366 562 540 615 beato
586 563 795 632 Algero
828 562 1152 615 suasionem
1204 563 1557 631 hujusmodi,
1592 563 1806 616 scilicet

111 647 206 700 pro
235 634 522 700 explorato
552 649 658 686 non
683 648 837 700 posse
862 647 971 686 esse
998 634 1202 687 Christi
1232 649 1422 701 corpus
1452 637 1665 700 uspiam
1695 636 1806 687 nisi

115 705 365 756 alterutro
413 703 574 756 modo
630 719 692 755 ac
743 719 840 771 per
893 706 1236 770 conspicuam
1285 707 1800 770 mani/estationem,

113 779 204 826 aut
231 790 326 840 per
350 773 769 826 similitudinem
800 773 1076 826 duntaxat
1103 789 1196 826 seu
1222 777 1479 840 ﬁguram.

375 847 689 913 Postquam
733 844 1083 905 dissertator,
1114 860 1246 912 pag.
1303 847 1391 897 181
1441 845 1574 897 edit.
1625 843 1802 897 Paris.

116 918 170 965 et
194 917 297 967 293
341 915 480 968 edit.
516 916 786 976 Λωίδι...
820 930 933 966 non
965 914 1248 968 dubitavit
1293 917 1431 984 quin
1467 916 1806 968 Ratramnus

117 985 373 1038 docuerit
395 987 772 1038 mutationem
801 985 964 1053 panis
987 990 1043 1038 et
1063 985 1177 1036 vini
1205 1001 1362 1038 num.
1393 988 1478 1052 15,
1498 987 1806 1054 plusquam

111 1061 297 1124 potest
347 1056 590 1108 enititur
636 1055 878 1124 probare
924 1055 1116 1123 ipsum
1167 1056 1541 1108 Ratramnum
1591 1057 1718 1108 ficte
1751 1062 1808 1108 et

111 1126 376 1178 simulate
409 1141 533 1178 esse
564 1126 842 1190 locutum,
873 1141 975 1177 nec
1016 1126 1170 1178 aliud
1202 1126 1525 1194 intelligere
1553 1142 1656 1194 per
1685 1142 1804 1178 cor-

112 1213 214 1265 pus
263 1198 326 1248 in
380 1196 732 1248 Eucliaristia
769 1211 941 1264 quam
986 1196 1298 1265 figuratum
1345 1203 1399 1249 et
1448 1213 1549 1265 per
1601 1196 1806 1248 mentis

112 1267 526 1334 cogitationem
566 1267 840 1330 existens;
870 1268 1123 1335 citatque
1176 1269 1345 1319 verba
1397 1273 1692 1335 assumpta
1739 1282 1806 1319 ex

112 1353 269 1390 num.
323 1340 428 1390 16:
482 1343 551 1390 At
596 1339 728 1403 quia
781 1339 1098 1403 conﬁtentur
1150 1352 1341 1404 corpus
1393 1342 1440 1388 et
1487 1341 1807 1404 sanguinem

111 1410 220 1467 Dei,
255 1409 355 1460 hoc
381 1423 490 1459 non
527 1421 639 1459 esse
663 1409 903 1475 potuisse
941 1411 1049 1459 nisi
1074 1409 1226 1473 facta
1257 1410 1312 1459 in
1347 1409 1534 1460 melius
1574 1422 1805 1460 commu-

112 1481 336 1543 tatione,
384 1494 556 1544 neque
595 1480 703 1529 ista
751 1481 1092 1530 commutatio
1135 1480 1486 1545 corporaliter
1522 1479 1616 1530 sed
1654 1481 1809 1545 spiri-

114 1548 340 1599 taaliter
367 1550 523 1613 facta
565 1551 660 1611 sit,
690 1562 894 1600 necesse
927 1552 975 1600 et
1007 1549 1126 1614 jam
1166 1554 1224 1600 ut
1255 1551 1488 1615 figurate
1517 1552 1667 1613 facta
1699 1563 1809 1601 esse

110 1617 353 1679 dicatur,
386 1620 645 1685 quoniam
690 1618 788 1671 sub
831 1619 1122 1671 velamento
1170 1622 1410 1686 corporei
1437 1622 1598 1685 panis
1628 1634 1809 1686 corpo-

111 1691 293 1756 reique
319 1691 440 1740 vini
468 1689 762 1756 spirituate
789 1703 981 1756 corpus
1010 1689 1227 1742 Christi
1251 1690 1667 1757 spiritualisque
1689 1704 1810 1742 san-

109 1761 228 1823 guis
259 1761 476 1812 existit.

806 1861 1118 1900 RESPONSIO.

179 1953 254 2004 Ex
313 1951 404 2004 his
447 1951 823 2021 intelligimus
876 1953 1250 2005 Batramnum
1301 1952 1567 2022 probasse
1622 1955 1803 2005 muta-

109 2024 328 2076 tionem
365 2023 572 2075 factam
616 2039 737 2075 esse
789 2024 848 2075 in
898 2024 1102 2090 figura,
1138 2039 1253 2076 nou
1289 2023 1660 2091 corporaliter
1707 2038 1808 2075 seu

110 2093 284 2146 modo
314 2093 581 2145 sensibus
609 2093 876 2146 humanis
903 2093 1351 2146 accommodato.
1381 2094 1486 2147 Sed
1520 2093 1646 2160 quis
1678 2109 1808 2162 pro-
1853 2139 1861 2145 .

110 2171 307 2234 pterea
343 2163 452 2215 sibi
487 2164 829 2231 persuadeat
856 2179 1063 2234 corpus
1096 2164 1307 2217 Christi
1353 2164 1711 2216 solummodo
1746 2163 1805 2216 in

109 2233 299 2303 figura
331 2234 726 2304 existimasse?
761 2233 924 2286 Ratio
969 2242 1205 2302 propter
1235 2250 1408 2304 quam
1456 2234 1811 2301 recognoscit

110 2307 360 2374 figuram
398 2303 652 2373 aliquam
687 2304 744 2356 in
775 2304 881 2357 hoc
909 2304 1175 2373 mysterio
1207 2303 1522 2358 decretoria
1544 2309 1628 2357 est
1653 2310 1709 2356 et
1739 2305 1806 2356 ab

109 2376 386 2428 omnibus
426 2375 561 2426 viris
593 2375 882 2428 catholicis
927 2380 1171 2444 recepta.
1211 2397 1231 2422 ι
1268 2376 1548 2439 Quoniam
1595 2375 1810 2428 scilicet

109 2447 212 2498 sub
247 2445 578 2498 velamento
608 2446 867 2514 corporei
898 2444 1060 2513 panis
1089 2446 1465 2515 corporeique
1491 2446 1607 2498 vini
1639 2445 1808 2514 spiri-

108 2517 262 2569 tuale
295 2532 508 2584 corpus
539 2515 747 2569 Christi
795 2516 1223 2585 spiritualisque
1270 2516 1500 2584 sanguis
1535 2515 1742 2568 existit.
1778 2534 1806 2566 ν

108 2587 210 2639 Sed
261 2586 390 2639 haec
441 2601 558 2637 non
589 2585 913 2654 signiﬁcant
942 2586 1197 2638 solitaria
1228 2591 1434 2639 mentis
1464 2587 1808 2654 cogitatione

109 2656 390 2726 symbolis
418 2657 666 2708 excitata
695 2672 901 2724 corpus
932 2661 987 2709 et
1015 2657 1360 2725 sanguinem
1393 2657 1598 2710 Christi
1629 2657 1686 2708 in
1720 2673 1808 2708 sa-

107 2731 410 2780 cramento
441 2726 708 2778 existere.
742 2728 881 2780 Cum
930 2727 1258 2779 Paschasius
1287 2727 1436 2780 dicat
1482 2727 1539 2778 in
1569 2727 1811 2795 epistola

108 2799 173 2850 ad
210 2797 621 2866 Frudgardum
650 2802 700 2849 et
738 2802 905 2850 totum
946 2799 1234 2863 spirituale
1271 2802 1366 2850 est.
1413 2799 1594 2850 Homo
1643 2797 1808 2849 fallax

108 2872 162 2921 et
209 2868 533 2921 insidiosus
574 2867 785 2921 audiet.
839 2867 1048 2920 Eadem
1095 2867 1442 2920 contumelia
1490 2867 1810 2935 explebitur

106 2940 314 2991 beatus
343 2937 592 3005 Algerus
640 2936 775 3006 quia
806 2938 884 2989 sic
931 2937 1082 2989 fatur
1110 2937 1207 2991 lib.
1243 2954 1259 2989 ι
1312 2939 1380 2991 de
1432 2937 1806 3003 Eucharistia,

107 3025 230 3077 cap.
268 3011 324 3074 '5,
360 3008 435 3060 ad
479 3011 733 3059 mentem
771 3007 1101 3060 Ratramni:
1158 3029 1184 3054 α
1218 3008 1379 3070 Quod
1429 3008 1652 3061 videtur
1681 3023 1808 3076 spe-

110 3082 253 3131 ciem
310 3078 490 3130 habet
528 3079 914 3147 corporalem,
963 3078 1116 3146 quod
1169 3077 1512 3147 intelligitur
1559 3079 1807 3131 fructum

1911 564 2006 632 jus
2035 579 2170 632 erga
2217 564 2591 636 Batramnum
2619 565 2812 636 Aviolet
2842 570 2897 617 et
2933 565 3079 618 hanc
3111 566 3396 636 azquitatis
3425 568 3601 619 ratio-

1915 649 2047 686 nem
2101 649 2214 685 non
2265 634 2498 697 habeat;
2533 633 2746 703 quippe
2795 651 2922 687 cum
2968 633 3226 704 pluribus
3274 637 3407 689 locis
3438 652 3602 690 suam

1917 705 1984 756 de
2018 704 2124 756 hac
2171 705 2475 772 praesentia
2515 705 2688 757 ﬁdem
2741 705 3031 757 testificari
3080 722 3194 758 non
3244 707 3524 760 destiterit
3554 724 3602 760 .a

1916 774 2088 846 nobis
2111 779 2280 846 antea
2318 775 2573 843 prolatis,
2604 780 2661 846 et
2707 775 3040 846 praesertim,
3067 792 3227 829 num.
3261 778 3349 840 24,
3382 778 3444 830 in
3487 793 3601 846 quo

1917 845 1986 917 de
2036 845 2254 917 Christo
2291 846 2582 897 mentione
2613 845 2780 909 facta,
2815 847 2926 897 ait:
2962 865 2988 917 «ς
3020 845 3127 908 Qui
3171 853 3366 915 postea
3397 845 3602 917 corpus

1916 915 1984 968 de
2037 914 2268 983 Virgine
2327 921 2619 984 sumptum
2653 921 2708 968 et
2757 931 2858 983 pro
2906 916 3088 968 salute
3131 914 3512 970 credentium_
3543 918 3601 971 in

1917 1001 2082 1056 cruce
2108 1001 2448 1054 suspensum
2482 986 2690 1038 nostris
2723 985 2946 1038 smeulis
2977 986 3233 1039 exhibuit
3259 992 3314 1039 et
3339 1003 3441 1056 per
3470 1004 3600 1040 san-

1917 1055 2108 1124 guinis
2159 1056 2369 1109 undam
2403 1056 2620 1121 effudit,
2655 1072 2767 1124 quo
2802 1072 2915 1108 non
2950 1057 3131 1109 solum
3164 1055 3600 1122 redimeremur,

1918 1141 2116 1178 verum
2148 1126 2317 1178 etiam
2371 1134 2719 1195 potaremur.
2759 1145 2784 1174 ι)
2821 1125 2999 1194 Igitur
3049 1132 3203 1179 extra
3232 1143 3461 1180 omnem
3508 1144 3601 1180 su-

1918 1197 2234 1266 spicionem
2270 1203 2326 1249 et
2357 1197 2786 1248 contentionem
2825 1196 3076 1265 positum
3113 1204 3195 1250 est
3224 1199 3604 1251 Ratramnum

1917 1265 2024 1318 sibi
2077 1266 2420 1334 persuasisse
2479 1267 2739 1320 homines
2794 1268 3148 1336 aequabiliter
3205 1284 3339 1320 vero
3398 1268 3604 1321 Christi

1918 1337 2194 1405 sanguine
2221 1337 2399 1390 ettuso
2432 1338 2756 1406 redemptos
2789 1342 2844 1389 et
2889 1343 3115 1406 potatos
3158 1338 3349 1391 fuisse.
3402 1356 3430 1386 ‹‹
3478 1338 3602 1401 Quo

1916 1424 2033 1458 non
2065 1409 2248 1460 solum
2293 1408 2724 1468 redimeremur,
2757 1423 2951 1459 verum
2983 1408 3154 1460 etiam
3189 1413 3539 1476 potaremur.
3577 1429 3598 1455 ι

1917 1481 2115 1530 Astute
2149 1478 2296 1530 cavit
2340 1478 2671 1530 dissertator
2701 1494 2773 1529 ne
2807 1494 3060 1546 unquam
3109 1479 3390 1547 ejusmodi
3435 1479 3606 1531 verba

1915 1549 2214 1619 proferret,
2250 1564 2428 1619 eaque
2479 1564 2510 1600 a
2552 1548 2975 1600 continentibus
3016 1548 3236 1619 scriptis
3285 1549 3402 1602 suis
3442 1548 3605 1619 quasi

1919 1618 2168 1670 fabulam
2204 1618 2442 1671 secrevit
2475 1633 2699 1686 semper
2728 1625 2778 1669 et
2815 1618 3196 1686 praetermisit.

1988 1689 2185 1741 XXXII.
2231 1689 2379 1752 Quid
2427 1689 2569 1754 quod
2619 1690 2735 1755 ipse
2775 1693 2937 1754 negat
2980 1688 3198 1741 disertis
3237 1689 3413 1742 verbis
3452 1705 3602 1742 num.

1920 1761 2025 1811 62:
2065 1780 2090 1807 ‹‹
2133 1761 2334 1812 Manna
2377 1759 2543 1824 istud,
2578 1760 2761 1826 inquit
2793 1760 3144 1823 Ratramnus,
3190 1760 3337 1827 quod
3364 1759 3606 1813 comede-

1851 1838 1890 1892 Β
1918 1833 2066 1894 runt,
2086 1835 2135 1881 et
2165 1844 2365 1896 aquam
2389 1845 2553 1896 quam
2575 1829 2842 1890 biberunt,
2865 1844 3120 1896 corporea
3134 1831 3308 1893 fuisse
3332 1844 3482 1882 nemo
3507 1830 3604 1882 du-

1919 1901 2074 1951 bitat.
2113 1918 2138 1949 »
2175 1904 2286 1969 Quo
2327 1899 2434 1952 Ioco
2469 1899 2693 1966 perinde
2721 1914 2784 1951 ac
2829 1898 2887 1951 in
2915 1900 3268 1952 Eucharistia
3299 1915 3606 1968 corporeum

1915 1970 2186 2023 contendit
2215 1985 2325 2023 esse
2355 1971 2498 2036 quod
2529 1970 2710 2022 editur
2733 1974 2894 2036 atque
2921 1972 2977 2022 in
3005 1985 3206 2022 manna
3226 1972 3354 2034 fuit.

2604 2089 2914 2165 RESPON‘SIO.

1987 2181 2192 2244 Quaero
2227 2180 2349 2250 jam
2399 2198 2437 2252 a7
2478 2181 2846 2252 dissertatore
2892 2196 2964 2232 an
3011 2180 3120 2234 sibi
3165 2181 3342 2249 ﬁngat
3388 2181 3606 2252 aliquid

1914 2251 2139 2306 comedi
2165 2251 2536 2320 corporaliter
2579 2251 2790 2304 sensim
2841 2255 2895 2304 et
2926 2267 3054 2303 cum
3104 2267 3272 2303 sensu
3308 2252 3368 2304 in
3407 2251 3605 2321 perce-

1915 2324 2109 2391 ptione
2141 2323 2478 2375 sacramenti
2525 2337 2622 2374 ore
2671 2321 3104 2391 corporeo,nisi
3137 2323 3290 2390 quod
3342 2323 3605 2376 sensibus

1913 2390 2400 2446 accommodatum
2445 2397 2500 2444 et
2528 2393 2839 2444 obnoxium
2871 2390 2992 2444 est?
3024 2392 3226 2444 Vultne
3260 2393 3602 2461 persuadere

1916 2463 2083 2517 nobis
2113 2463 2304 2531 ipsum
2345 2478 2542 2514 verum
2594 2478 2798 2531 corpus
2843 2461 3051 2516 Christi
3101 2463 3326 2515 comedi
3376 2464 3442 2516 ad
3476 2479 3603 2516 mo-

1915 2535 2051 2587 dum
2109 2534 2475 2586 obsoniorum
2526 2538 2954 2592 consuetorum.
3001 2531 3266 2585 dentibus
3311 2533 3602 2587 frustatim

1917 2604 2162 2671 discerpi
2191 2620 2252 2656 ac
2291 2602 2548 2672 partitim
2583 2602 2892 2670 deglutiri?
2921 2603 3049 2654 Haec
3075 2603 3272 2670 opinio
3303 2618 3336 2654 a
3376 2603 3605 2656 nemine

1916 2674 2150 2728 homine
2199 2679 2349 2726 arcte
2407 2673 2594 2725 teneri
2643 2678 2740 2724 aut
2793 2677 3052 2725 accurate
3108 2672 3336 2725 defendi
3392 2679 3602 2741 potest.

1916 2745 2060 2809 Quid
2090 2759 2225 2812 ergo
2268 2744 2352 2796 illi
2400 2743 2788 2796 incommodat
2816 2743 2877 2795 in
2925 2743 3015 2795 his
3045 2743 3343 2796 Ratramni
3375 2743 3559 2797 verbis
3579 2745 3607 2798 ?

1921 2815 2192 2885 Nunquid
2226 2830 2340 2866 non
2375 2815 2590 2883 species
2631 2813 3070 2885 sacramentales
3101 2813 3374 2865 solitariae
3401 2829 3605 2883 corpo-

1917 2883 2110 2938 raliter
2140 2885 2520 2937 comeduntur
2549 2899 2650 2936 seu
2681 2883 2944 2936 dentibus
2964 2887 3358 2950 conteruntur,
3390 2887 3446 2936 et
3477 2899 3604 2953 par-

1916 2955 2068 3008 titim
2104 2970 2206 3023 per
2251 2954 2505 3007 canalem
2557 2954 2809 3023 laryngis
2838 2954 2897 3006 in
2946 2954 3237 3006 thoracem
3291 2955 3503 3007 sensim
3553 2958 3608 3006 et

1917 3041 2046 3078 cum
2077 3041 2242 3077 sensu
2272 3025 2418 3077 sicut
2451 3040 2668 3088 manna
2713 3023 3138 3077 demittuntur?
3186 3027 3273 3076 An
3301 3023 3468 3077 aliam
3501 3025 3602 3078 do-

1916 3096 2155 3149 ctrinam
2204 3093 2488 3163 explicant
2534 3094 2884 3159 Paschasius,
2917 3095 3155 3161 Algerus
3185 3099 3241 3147 et
3282 3110 3480 3148 omnes
3510 3111 3605 3164 ge-

109 3151 282 3237 habet
334 3155 420 3237 et)
439 3147 1245 3237 spiritualem;Jquiauigitur
1287 3149 1456 3237 aliud.
1493 3154 1645 3237 est‘ct

2066 3147 2162 3237 tim
2196 3171 2253 3218 et
2275 3147 2628 3233 generaliter
2671 3147 2933 3217 homines
2975 3147 3284 3218 Christiani
3315 3170 3370 3218 et
3399 3147 3602 3220 Catho-

111 3221 228 3272 rale
261 3219 421 3288 quod
457 3218 705 3279 videtur,
732 3218 885 3271 aliud
915 3218 1209 3287 spirituale
1250 3219 1404 3288 quod
1443 3217 1806 3287 intelligitur,

111 3290 269 3344 aliud
303 3305 448 3359 ergo
481 3291 568 3342 est
608 3295 1028 3354 sacramentum
1059 3304 1232 3357 quam
1262 3305 1352 3342 res
1385 3289 1744 3342 sacramenti.
1783 3307 1811 3337 »

111 3365 165 3413 et
197 3360 277 3413 lib
329 3376 392 3425 ιι,
446 3375 572 3428 cap.
624 3360 728 3413 30:
767 3380 795 3407 «
845 3359 1006 3422 Quod
1054 3359 1297 3424 videtur,
1349 3359 1597 3428 speciem
1642 3359 1814 3412 habet

111 3431 513 3500 corporalem;
543 3429 698 3499 quod
740 3429 1104 3498 intelligitur,
1133 3429 1383 3483 fructum
1433 3429 1600 3483 habet
1643 3429 1812 3498 spiri-

115 3505 349 3554 tualem.
389 3520 416 3550 ι)

181 3573 364 3627 XXXI.
410 3571 644 3624 Fatetur
693 3569 1045 3635 dissertator,
1096 3586 1227 3639 pag.
1275 3571 1364 3623 181
1423 3574 1480 3623 et
1525 3573 1645 3634 182,
1703 3572 1811 3636 §6,

114 3643 387 3695 editionis
438 3640 641 3707 Paris,
695 3646 752 3693 et
799 3641 936 3694 edit.
982 3642 1296 3694 Amstelod.
1348 3643 1480 3704 293,
1533 3639 1562 3710 ξ
1609 3643 1662 3705 6,
1716 3656 1815 3692 seu

117 3729 278 3766 num.
334 3715 386 3771 6.
454 3726 625 3764 usum
669 3726 790 3763 esse
839 3711 1215 3764 Ratramnum
1272 3726 1405 3763 voce
1457 3712 1816 3764 conversionis

121 3800 272 3838 nam.
321 3783 414 3845 24,
447 3784 517 3834 25
546 3787 602 3834 et
631 3784 730 3845 27;
766 3782 860 3834 sed
894 3786 957 3834 ut
986 3781 1460 3834 dissimulationis
1490 3789 1547 3834 et
1599 3780 1818 3834 fraudis

119 3855 438 3918 convincat,
474 3851 694 3921 profert
723 3852 1232 3920 comparationem,
1265 3867 1434 3921 quam
1465 3851 1535 3904 iis
1561 3850 1818 3904 numeris

121 3924 397 3992 prodidit,
446 3938 676 3975 mannae
725 3937 853 3975 cum
899 3922 1290 3975 Eucharistia:
1339 3922 1656 3992 probatque
1707 3921 1817 3974 ibi-

123 3995 255 4047 dem
311 3993 617 4063 subjicere
673 3993 1052 4063 Ratramnum
1110 3993 1536 4063 conversionem
1615 3992 1818 4063 factam

119 4065 291 4118 fuisse
337 4061 574 4117 manna:
608 4062 664 4115 in
697 4078 901 4131 corpus
932 4062 1161 4128 Christi,
1196 4078 1310 4114 non
1343 4078 1504 4116 secus
1547 4079 1610 4116 ac
1656 4061 1819 4131 panis

122 4142 179 4188 et
226 4135 340 4187 vini
392 4134 453 4187 in
502 4148 734 4186 carnem
781 4138 836 4185 et
887 4132 1228 4201 sanguinem
1269 4134 1416 4186 solet
1460 4133 1660 4186 efﬁeri.
1711 4132 1820 4186 Sed

121 4221 252 4282 cum
271 4207 393 4258 haec
412 4203 632 4282 opinio,
647 4218 791 4282 quae1
803 4202 1168 4282 praesentiam
1186 4204 1442 4282 corporis
1454 4208 1509 4282 et
1523 4202 1820 4282 sanguinis

123 4276 180 4328 in
212 4292 428 4329 manna
457 4273 733 4337 defendit,
765 4273 906 4326 falsa
942 4273 1031 4338 sit,
1061 4273 1334 4339 insolens,
1368 4279 1424 4327 et
1454 4273 1522 4327 ab
1555 4274 1822 4326 omnibus

123 4346 419 4406 derelicta,
451 4359 654 4414 parem
703 4350 917 4396 sortem
965 4342 1174 4396 habere
1229 4344 1438 4397 debere
1485 4344 1822 4414 opinionem

127 4416 426 4470 Ratramni
455 4413 529 4468 de
561 4414 870 4484 praesentia
905 4414 1164 4484 corporis
1203 4413 1414 4469 Christi
1443 4419 1500 4467 et.
1525 4413 1822 4483 sanguinis

124 4489 187 4539 in
214 4485 576 4541 Eucharistia
605 4484 941 4538 dissertator
969 4484 1278 4538 contendit.

819 4622 1135 4662 RESPONSIO.

201 4716 352 4770 Nihil
412 4713 566 4785 apud
625 4715 822 4767 Patres
881 4716 938 4766 et
991 4713 1254 4785 doctores
1314 4710 1582 4785 Ecclesiae
1639 4710 1825 4781 magis

125 4787 328 4840 tritum
357 4791 416 4840 et
448 4781 688 4854 i'ulgare
735 4788 822 4837 est
863 4781 1620 4854 ejusmodicomparatione
1659 4797 1823 4834 man-

125 4873 218 4911 na‘
256 4862 314 4911 et
359 4852 759 4921 Eucharistim,
796 4855 958 4924 cujus
1006 4852 1324 4907 similitudo
1367 4853 1532 4924 justa
1552 4857 1607 4904 et
1658 4867 1826 4924 aqua

127 4933 214 4980 est
241 4929 515 4981 maxime.
553 4921 1036 4978 Enimvero'sicut
1079 4939 1290 4977 manna
1333 4921 1455 4976 erat
1501 4921 1688 4991 ﬁgura
1731 4921 1824 4975 ’t'u-

125 5004 316 5051 turam
372 4995 792 5052 Eucharistiam
846 4999 1288 5064 repraesentans,
1334 4993 1689 5047 Eucharistia
1742 4999 1828 5045 est

126 5069 302 5122 etiam
330 5067 520 5137 ﬁgura
538 5081 751 5137 manna
771 5066 1131 5137 praeteritum
1151 5064 1444 5137 exhibens.
1471 5065 1740 5116 Attamen
1758 5079 1827 5116 ex

124 5139 221 5192 his
243 5155 360 5192 non
379 5135 760 5206 consequitur
785 5137 976 5206 Patres
1002 5135 1411 5188 Eucharistiam
1441 5137 1721 5206 tanquam
1747 5149 1828 5206 so-

129 5210 376 5262 litariam
407 5203 662 5277 ﬁguram
693 5205 1029 5274 respexisse,
1062 5209 1161 5258 aut
1199 5219 1394 5258 revera
1421 5219 1626 5272 corpus
1667 5203 1828 5277 Chri-

128 5279 208 5332 sti
233 5273 486 5348 praesens
515 5277 578 5330 in
625 5273 1125 5348 sacramentonon
1157 5279 1468 5348 reputasse
1511 5289 1618 5348 nec
1647 5273 1826 5348 credis

132 5343 303 5403 disse.
337 5350 688 5403 Dissertator
727 5351 812 5399 est
850 5346 1122 5415 magister
1152 5345 1214 5398 in
1244 5343 1437 5409 Israel,
1469 5360 1574 5397 nec
1603 5343 1831 5413 ignorat

131 5436 302 5491 quam
340 5419 510 5491 facile
534 5417 702 5491 hanc
732 5415 918 5491 fuisse
965 5416 1155 5491 ﬁdem
1190 5415 1421 5491 Patrum
1473 5415 1827 5491 demonstra-

130 5483 256 5544 ἔξω
282 5492 328 5544 si
376 5489 650 5564 cupidius
681 5487 955 5564 adversus
999 5486 1382 5564 eosﬁinstaret
1419 5489 1656 5564 propter
1684 5483 1832 5564 hanc

131 5556 650 5629 comparationem,
685 5562 742 5611 et
771 5572 866 5629 e_os
895 5556 1061 5629 itaut
1090 5557 1468 5629 R_atramnum
1498 5556 1613 5629 sive
1644 5556 1833 5629 aucto-

131 5623 355 5686 rem-de
385 5623 646 5700 Corpore
676 5633 735 5682 et
784 5626 1075 5700 Sanguine
1120 5626 1350 5700 Domini
1392 5625 1695 5700 exciperet.
1735 5623 1831 5675 In-

135 5701 414 5772 telligeret
457 5694 644 5772 enim,
678 5713 812 5772 cum
856 5694 1102 5750 infinitis
1130 5696 1270 5772 locis
1295 5694 1659 5772 praesentiam
1701 5707 1833 5772 c_or-

135 5763 293 5842 poris
319 5771 533 5826 Christi
563 5784 763 5842 veram
793 5767 857 5821 in
892 5771 1249 5842 sacramento
1279 5763 1608 5842 docuerint,
1631 5778 1700 5842 ex
1727 5763 1833 5815 hac

141 5832 562 5913 anparatione
591 5838 825 5896 nullum
853 5836 938 5891 eis
962 5835 1220 5895 accidere
1251 5850 1418 5906 posse
1442 5832 1832 5888 intertrimen-

1922 3236 2014 3290 lici
2042 3235 2186 3288 viri?

1991 3306 2210 3360 XXXIII.
2254 3306 2436 3369 Quare
2483 3320 2630 3358 num.
2680 3307 2783 3368 26,
2835 3303 3023 3374 inquit
3070 3304 3421 3368 dissertator,
3472 3321 3602 3375 pag.

1921 3379 2025 3431 293
2080 3377 2216 3430 edit.
2265 3376 2611 3441 Amstelod.,
2660 3377 2719 3427 in
2763 3379 2989 3442 utroque
3040 3376 3274 3440 symbolo
3335 3377 3607 3431 Christum

1922 3448 2199 3501 duntamat
2231 3449 2391 3499 innui
2429 3446 2597 3508 docet,
2644 3447 2740 3512 qui
2776 3446 3104 3499 credentium
3143 3451 3339 3514 pascat
3367 3449 3604 3509 animos;

1923 3518 2358 3584 dissimulatque,
2404 3517 2488 3569 vel
2529 3520 2692 3582 negat
2734 3518 2942 3584 precise
2976 3517 3177 3584 potius,
3209 3531 3266 3569 eo
3308 3517 3466 3569 verbo
3495 3517 3605 3570 cal-

1923 3589 2069 3641 lidus
2115 3592 2400 3652 veterator,
2451 3589 2511 3638 in
2555 3587 2723 3639 altero
2771 3585 3044 3639 Christum
3096 3589 3257 3638 innui
3302 3587 3493 3650 solum,
3547 3589 3605 3639 in

1923 3660 2095 3712 altero
2119 3661 2282 3712 etiam
2323 3658 2609 3719 contineri;
2653 3656 2808 3722 cujus
2848 3658 2930 3708 rei
2963 3657 3171 3708 nullum
3211 3659 3268 3708 in
3318 3660 3423 3709 toto
3450 3671 3607 3724 opere

1921 3730 2005 3782 vel
2056 3734 2208 3781 tenue
2253 3730 2534 3794 vestigium
2577 3731 2672 3778 est.
2723 3727 2895 3791 Negat
2940 3729 2989 3778 et
3035 3727 3300 3778 malorum
3355 3725 3606 3780 dentibus

1920 3801 2110 3867 primi,
2143 3813 2261 3851 cum
2290 3797 2543 3850 bonorum
2569 3795 2896 3849 solummodo
2924 3797 3132 3849 animos
3158 3802 3371 3864 pascat.

2613 3916 2924 3955 RESPONSIO.

1997 4007 2224 4062 Minime
2283 4006 2446 4060 docet
2503 4007 2846 4059 Batramnus
2902 4020 3062 4058 num.
3112 4006 3210 4072 26,
3270 4009 3328 4059 in
3383 4009 3610 4075 utroque

1925 4079 2160 4146 symbolo
2212 4079 2486 4134 Christum
2552 4076 2854 4146 duntamatg
2892 4078 3068 4128 innui.
3130 4077 3346 4130 Revera
3398 4077 3498 4141 ait,
3548 4078 3610 4130 in

1926 4145 2176 4218 utroque
2224 4149 2469 4218 Christus
2515 4149 2783 4218 innuit_ur.
2837 4145 2944 4218 Sed
2991 4147 3078 4199 ha
3131 4162 3292 4200 voces
3339 4147 3612 4201 duntaxat

1929 4226 1986 4273 et
2031 4216 2394 4272 solummodo
2450 4218 2510 4270 in
2562 4216 2795 4271 cerebro
2846 4217 3244 4284 dissertatoris,
3290 4217 3611 4288 anticipatis

1928 4288 2295 4359 opinionibus
2325 4288 2592 4359 adversus
2632 4288 3007 4341 Ratramnum
3047 4292 3318 4359 occupato
3345 4293 3402 4341 et
3430 4304 3610 4358 vapo-

1929 4357 2076 4426 rato,
2107 4361 2401 4412 inventum
2433 4358 2776 4422 habuerunt,
2812 4357 3175 4428 quienullibi
3207 4358 3266 4411 in
3299 4374 3467 4428 opere
3501 4357 3611 4412 Ra-

1931 4429 2143 4483 tramni
2175 4434 2498 4482 occurrunt.
2534 4428 2591 4481 Si
2614 4428 2695 4480 eis
2725 4444 2860 4481 usus
2883 4427 3101 4492 fuisset,
3127 4428 3236 4482 sibi
3258 4427 3368 4497 ipsi
3395 4435 3612 4480 contra-

1865 4523 1907 4575 ι)
1931 4501 2065 4575 ι’ἱιιεεΔ
2081 4499 2362 4575 existeret.
2399 4499 2538 4575 Nam
2573 4498 2663 4575 ait.
2680 4513 2922 4575 numero
2945 4500 2976 4551 9
3002 4514 3014 4551 :
3041 4520 3077 4575 _«
3099 4499 3356 4575 Exterius
3383 4498 3610 4575 quidem

1931 4569 2099 4640 panis
2130 4570 2284 4639 quod
2321 4574 2454 4622 ante
2487 4568 2673 4640 fuerat
2701 4568 2885 4621 forma
2913 4568 3306 4640 praetenditur,
3340 4568 3610 4640 colores:

1933 4637 2210 4704 tenditur,
2260 4655 2430 4708 sapor
2477 4639 2782 4708 accipitur;
2829 4637 3194 4708 ast'interius
3242 4639 3409 4708 longe
3458 4637 3611 4689 aliud

1930 4711 2112 4764 multo
2169 4707 2478 4779 pretiosius
2521 4707 2813 4778 multoque
2858 4707 3228 4779 excellentius
3254 4707 3608 4779 intimatur,

1933 4780 2070 4851 quia
2107 4777 2354 4844 caeleste,
2407 4779 2543 4848 quia
2591 4777 2871 4851 divinum,
2902 4777 2961 4830 id
3008 4783 3090 4851 est
3134 4777 3610 4851 Christicorpus,

1933 4845 2269 4915 (istenditur,
2300 4845 2449 4919 quod
2479 4865 2597 4902 non
2627 4848 2882 4919 sensibus
2909 4849 3114 4919 carnis,
3141 4847 3237 4900 sed
3271 4845 3450 4919 animi
3474 4845 3612 4919 ﬁde-

1933 4922 2002 4975 lis
2031 4919 2292 4974 contuitu
2317 4915 2426 4973 —vel
2459 4919 2750 4987 aspicitur,
2783 4918 2869 4970 vel
2905 4917 3196 4986 accipitur,
3228 4917 3312 4987 vel
3360 4915 3611 4987 comedi-3

1932 4997 2046 5046 tur.
2082 5011 2103 5039 ι
2137 4991 2204 5043 Et
2233 5005 2392 5043 num.
2430 4991 2494 5042 10
2520 4985 2535 5042 Ξ
2569 4990 2826 5042 «Vinum
2847 4985 3074 5056 quoque
3105 4986 3258 5056 quod
3284 4985 3613 5039 sacerdotali

1934 5059 2357 5116 consecratione
2389 5059 2593 5112 Christi
2634 5057 2868 5129 sanguis
2883 5056 3173 5129 efficitur,
3198 5060 3612 5129 sacramentum

1936 5132 2086 5185 aliud
2122 5129 2423 5199 superficie
2467 5134 2633 5181 tenus
2674 5126 2941 5192 ostendit,
2976 5127 3138 5199 aliud
3160 5126 3401 5199 interius
3425 5126 3614 5199 conti—

1933 5214 2053 5255 net.
2088 5219 2115 5249 »
2148 5195 2282 5262 Quis
2314 5200 2457 5252 adeo
2487 5204 2679 5253 mente
2714 5203 2908 5267 captus
2938 5202 3002 5250 ut.
3039 5195 3144 5249 sibi
3172 5195 3468 5267 tingathis
3492 5210 3614 5267 ver-

1937 5271 2022 5325 bis
2051 5271 2324 5324 Christum
2371 5271 2428 5320 in
2472 5269 2641 5321 altero
2686 5265 2916 5333 negari?
2945 5267 3102 5321 Sicut
3140 5267 3276 5319 dum
3323 5266 3399 5318 ait
3427 5265 3614 5317 conti—

1937 5338 2095 5414 nenti
2135 5337 2345 5414 scripto
2370 5340 2572 5414 :_«_.At
2614 5336 2941 5414 interiussi
2978 5336 3322 5414 consideres,
3348 5335 3613 5414 jampon

1935 5410 2133 5478 liquor
2151 5402 2290 5470 vini,
2323 5405 2416 5458 sed
2449 5404 2640 5478 liquor
2679 5405 2975 5475 sanguinis
3019 5404 3237 5478 Christ_i
3262 5402 3614 5478 credentium

1937 5472 2288 5533 mentibus...
2349 5473 2496 5544 sapit
2551 5473 2692 5528 dum
2748 5472 3125 5544 gustaturt»
3177 5474 3248 5526 Et
3299 5487 3452 5544 num.
3507 5472 3611 5523 43:

1941 5567 1969 5600 α
1999 5545 2156 5600 Unde
2186 5541 2418 5610 sanguis
2437 5545 2499 5610 et
2526 5555 2735 5610 corpus
2755 5541 2980 5596 'Christi
3030 5543 3294 5595 dicuntur
3322 5541 3455 5608 quia
3481 5553 3615 5610 Διιοιι

1939 5615 2091 5689 quod
2119 5606 2366 5689 exterius
2392 5606 2661 5689 ridentur
2699 5611 2894 5689 divino
2925 5611 3140 5689 Spiritu
3173 5606 3442 5689 opera—nte
3472 5606 3620 5689 facta

1939 5674 2496 5760 intericiunt“?-
2533 5679 2602 5760 ξι
2624 5681 2760 5748 quia
2789 5674 3143 5760 ιοηβφζξὲξρά
3171 5674 3615 5760 Perrasiis?

1938 5744 2281 5812 invisibilem
2329 5747 2577 5817 existunt
2622 5744 2797 5817 quam
2847 5744 3150 5817 visibiliter
3195 5744 3522 5817 appareant.
3562 5757 3614 5817 ,ξ

1939 5806 2084 5890 δυὶά
2114 5819 2247 5872 fidei
2286 5815 2578 5870 catholica:
2619 5806 3031 5885 dongruentius
3064 5806 3367 5877 excogitari
3393 5806 3617 5874 potest?
