3890 6230
271 353 373 401 207

997 343 1454 402 DISSEBTATIO
1496 345 1561 399 IN
1607 346 1738 401 LIB.
1783 346 1872 401 DE
1913 345 2240 401 CORPORE
2275 301 2364 399 Εὖ
2403 345 2748 400 SANGUINE
2793 345 3054 400 DOMINI.

3677 349 3773 403 208

275 485 445 553 Cujus
483 483 588 549 rei,
619 481 808 549 inquit
847 481 1198 553 dissertator,
1234 484 1350 553 toto,
1382 482 1441 553 in
1487 495 1642 553 opere
1682 482 1765 535 vel
1807 486 1960 534 tenue
1995 483 2042 534 A
2075 478 2269 553 galuit.
2305 499 2332 526 »
2355 477 2423 553 _Si
2453 477 2628 539 enim,
2652 483 2720 553 ut
2745 478 2855 553 sibi
2879 477 3048 553 ﬁngit
3065 479 3400 534 dissertator
3424 482 3769 544 Harduinus,

270 551 555 620 vestigium
588 552 893 621 appareat?
930 552 1051 614 Quo
1083 552 1215 619 jure
1249 551 1356 604 sibi
1388 551 1554 620 ﬁngit
1584 553 1961 605 Ratramnum

274 642 480 694 negare
527 637 719 690 corpus
759 623 975 694 Christi
1016 623 1280 674 malorum
1320 621 1568 694 dentibus
1611 624 1962 694 premi,_cum

275 691 527 749 bonorum
575 693 902 747 solummodo
949 694 1162 745 animas
1206 691 1434 759 pascat?
1483 695 1568 744 An
1615 693 1733 744 vult
1775 692 1962 745 dicere

274 767 561 818 bonorum
594 770 650 816 et
683 764 966 816 malorum
998 762 1357 831 aequabiliter
1391 762 1610 814 animas
1649 778 1881 830 pascere
1911 767 1965 815 et

274 842 466 905 aperte
500 835 732 888 hmresis
781 834 1131 905 contumelia
1163 833 1493 902 inquinari?
1525 837 1608 905 An
1655 833 1834 905 nescit
1879 833 1963 886 di-

275 904 647 976 judicandum
677 920 883 972 corpus
907 904 1153 966 Domini,
1178 911 1366 976 sancte
1394 904 1806 976 accipiendum,
1843 919 1963 955 esse

276 973 451 1030 vitam
483 975 646 1028 bonis
696 982 1058 1042 mortemque
1093 974 1292 1025 malis?
1327 975 1390 1025 Et
1423 976 1518 1041 qui
1553 973 1776 1043 indigne
1814 989 1962 1025 rece-

276 1050 380 1114 pit,
432 1062 580 1099 reum
635 1060 743 1098 esse
793 1048 1030 1112 corporis
1074 1050 1122 1095 et
1174 1046 1456 1114 sanguinis
1519 1046 1769 1096 Domini?
1813 1043 1965 1114 Quid

280 1113 517 1169 attineat
547 1122 763 1167 tantam
811 1115 868 1166 in
922 1113 1245 1181 recipienda
1298 1113 1643 1165 Eucharistia
1691 1113 1964 1166 adhibere

278 1187 754 1257 praeparationem
801 1193 856 1257 et
901 1201 1026 1236 cum
1061 1189 1215 1257 tanta
1246 1190 1442 1257 gratia:
1473 1184 1731 1257 etenimi
1769 1184 1964 1257 provi—

281 1253 439 1310 sione
467 1257 728 1309 accedere
776 1256 842 1306 ad
889 1257 1067 1306 altare
1115 1254 1232 1315 Dei,
1259 1253 1305 1304 si
1335 1254 1700 1322 aequabiliter
1747 1254 1966 1305 animas

281 1329 562 1381 bonorum
614 1334 670 1378 et
717 1327 995 1376 malorum
1041 1329 1257 1393 pascat;
1291 1324 1376 1376 vel
1409 1324 1451 1375 si
1502 1325 1574 1375 sit
1622 1339 1829 1391 negare
1874 1340 1962 1375 re-

281 1414 412 1450 vera
441 1413 646 1466 corpus
695 1395 900 1449 Christi
951 1396 1135 1463 quoad
1189 1395 1562 1446 substantiam
1612 1409 1644 1445 a
1676 1395 1840 1446 malis
1874 1409 1965 1446 re-

279 1470 412 1537 cipi,
443 1465 570 1520 cum
604 1468 888 1518 bonorum
922 1466 1294 1537 solummodo
1328 1473 1521 1533 pastus
1571 1470 1626 1516 et
1668 1465 1802 1529 vita,
1841 1480 1963 1516 ma-

279 1535 462 1591 lorum
495 1553 647 1590 mors
676 1543 731 1588 et
762 1535 1030 1587 interitus
1064 1536 1290 1587 dicitur.

347 1610 567 1664 XXXIV.
614 1609 842 1661 Numero
865 1607 1094 1674 denique
1122 1607 1190 1658 28
1221 1606 1414 1657 similis
1445 1610 1674 1672 apparet
1707 1604 1964 1671 improbi-

281 1685 362 1732 tas
384 1695 444 1732 ac
465 1680 724 1739 versutia,
746 1693 871 1729 nam
896 1677 1071 1728 verbis
1094 1677 1373 1728 catholicis
1395 1678 1569 1726 utitur
1597 1691 1700 1743 quo
1721 1679 1883 1728 etiam
1904 1674 1968 1742 ﬁ-

280 1752 398 1803 dem
427 1752 638 1817 spirare
662 1749 932 1810 videatur,
967 1762 1084 1799 cum
1116 1751 1292 1799 tamen
1312 1746 1577 1812 adjuncta
1607 1745 1789 1798 eadem
1819 1761 1967 1798 man-

278 1836 360 1873 na:
392 1827 440 1872 et
470 1834 625 1885 aquae
656 1817 1011 1870 similitudine
1050 1818 1339 1882 genuinum
1378 1817 1598 1868 illarum
1626 1832 1812 1868 vocum
1847 1831 1963 1868 sen-

279 1906 397 1944 sum
428 1895 648 1941 evertat.
688 1890 882 1940 «Sicut
911 1902 1054 1952 ergo,
1090 1889 1289 1953 inquit,
1317 1887 1480 1954 paulo
1511 1894 1800 1953 antequam
1820 1892 1968 1953 pate-

279 1967 448 2025 retur,
480 1961 638 2027 panis
684 1958 1042 2009 substantiam
1079 1962 1127 2009 et
1168 1958 1286 2008 vini
1335 1962 1636 2008 creaturam
1669 1963 1968 2010 convertere

277 2033 456 2100 potuit
495 2033 552 2082 in
588 2030 870 2095 proprium
901 2042 1092 2095 corpus
1138 2029 1608 2100 quodnpassurum
1639 2033 1774 2100 erat,
1818 2032 1868 2080 et
1909 2030 1966 2079 in

280 2097 432 2154 suum
479 2101 794 2163 sanguinem
857 2101 952 2165 qui
998 2101 1119 2164 post
1167 2097 1480 2160 fundendus
1536 2099 1822 2149 exstabat:
1891 2100 1967 2150 sic

279 2175 441 2224 etiam
475 2172 532 2221 in
581 2170 786 2221 deserto
817 2183 1018 2219 manna
1056 2173 1106 2219 et
1152 2182 1351 2234 aquam
1399 2168 1464 2219 de
1507 2173 1665 2234 petra
1705 2170 1763 2219 in
1809 2182 1963 2220 suam

278 2257 491 2295 carnem
529 2245 577 2292 et
625 2241 942 2304 sanguinem
982 2243 1284 2290 convertere
1313 2240 1626 2304 pravaluit.
1665 2259 1684 2284 ι
1731 2240 1822 2291 Αη
1860 2254 1966 2290 non

279 2315 404 2366 huic
427 2313 700 2364 sententiae
729 2309 1027 2362 subscribet
1060 2309 1202 2361 ultro
1232 2309 1538 2361 Calvinus?

965 2427 1272 2465 RESPONSIO.

347 2523 486 2576 Cum
529 2536 595 2572 eo
645 2518 839 2571 animo
885 2533 1000 2570 non
1032 2517 1303 2569 scriberet
1335 2518 1677 2571 Ratramnns
1723 2522 1786 2570 ut
1817 2534 1963 2587 prae-

279 2592 518 2645 sentiam
550 2605 740 2641 veram
775 2588 1028 2656 corporis
1078 2587 1284 2640 Christi
1328 2588 1386 2639 in
1430 2588 1782 2640 Eucharistia
1832 2605 1962 2655 pro-

280 2664 460 2721 baret,
494 2660 584 2712 cui
633 2674 804 2711 nemo
844 2674 909 2709 ea
939 2663 1102 2710 aetate
1135 2657 1511 2725 repugnabat,
1555 2658 1652 2710 sed
1687 2660 1870 2711 solum
1903 2659 1964 2711 in

279 2750 344 2784 ea
373 2732 624 2800 aliquam
659 2729 899 2800 reperiri
922 2727 1205 2800 ﬁguram,
1240 2743 1410 2796 quam
1445 2727 1962 2800 pernegabantad-

280 2798 532 2863 versarii,
565 2800 664 2869 qui
694 2799 884 2851 omnia
919 2798 973 2850 in
1009 2799 1246 2869 editaet
1277 2802 1473 2869 aperta
1505 2799 1962 2852 manifestatione

279 2873 522 2926 exterius
552 2867 859 2922 clarescere
890 2867 1310 2921 contendebant
1336 2868 1458 2920 sine
1503 2871 1616 2920 ulla
1652 2870 1837 2938 tigura
1867 2875 1962 2924 aut

280 2941 751 2997 adumbratione:
791 2940 998 2991 mirum
1029 2955 1143 2991 non
1178 2945 1261 2990 est
1309 2939 1680 2991 Ratramnum
1727 2940 1793 2992 ad
1828 2956 1960 3009 pro-

281 3013 524 3066 bandam
570 3011 997 3063 conversionem
1037 3009 1371 3078 simpliciter
1398 3009 1698 3077 figuratam
1733 3026 1958 3062 assum-

282 3085 456 3152 psisse
532 3088 936 3152 argumentum
976 3095 1056 3152 fex
1116 3080 1486 3152 canversione
1541 3095 1674 3152 vera
1733 3085 1788 3132 et
1850 3097 1961 3152 una

279 3149 521 3222 ﬁgurata
559 3151 940 3222 Eucharistiai.
975 3151 1087 3222 Hoc
1113 3155 1202 3222 est
1231 3149 1384 3222 enim
1417 3150 1715 3222 consilium
1746 3155 1804 3222 et
1834 3151 1963 3203 ani—

281 3219 406 3276 m'us
464 3220 780 3283 Ratramni,
835 3220 924 3272 cui
973 3219 1218 3272 voluisse
1262 3219 1613 3272 subscribere
1665 3221 1962 3274 Calvinum

277 3294 640 3346 vehementer
671 3290 890 3342 dubito.
925 3290 1246 3352 Enimvero,
1279 3295 1570 3359 utcunque
1605 3305 1691 3341 res
1736 3291 1827 3357 sit,
1860 3292 1964 3344 hac

278 3363 714 3416 ratiocinatione
771 3360 984 3412 utitur:
1037 3359 1260 3412 Scilicet
1320 3375 1448 3411 cum
1525 3359 1697 3412 dubio
1764 3363 1961 3430 procul

280 3435 536 3488 Christus
597 3430 868 3485 Dominus
938 3430 1188 3499 potuerit
1240 3429 1616 3482 substantiam
1681 3431 1844 3500 panis
1902 3432 1961 3485 in

278 3505 575 3574 prOprium
607 3517 812 3574 corpus
855 3506 1182 3574 convertere
1213 3505 1273 3574 et
1315 3503 1690 3574 substantiam
1741 3501 1858 3574 vini
1901 3502 1960 3555 in

277 3570 616 3644 sanguinem
649 3570 747 3642 qui
778 3586 881 3640 pro
910 3571 1088 3623 salute
1123 3570 1420 3644 hominum
1461 3572 1779 3644 continenti
1807 3577 1958 3624 tem-

276 3641 412 3714 pore
470 3641 799 3714 fundendus
853 3646 1002 3706 erat,
1057 3641 1420 3714 prmvaluisse
1487 3642 1656 3714 etiam
1717 3642 1961 3712 ﬁgurata

275 3711 646 3768 conversione
679 3715 735 3766 in
769 3713 992 3766 deserto
1023 3725 1234 3765 manna
1255 3711 1312 3764 in
1346 3713 1644 3780 proprium
1676 3711 1881 3782 corpus
1904 3719 1960 3767 et

278 3802 484 3856 aquam
520 3790 696 3854 petrae
730 3782 1170 3856 insanguinem
1194 3783 1540 3856 _transferre._
1563 3787 1637 3856 At
1665 3798 1798 3836 vero
1829 3784 1958 3856 quis

279 3874 308 3909 a
329 3853 569 3911 'Calvino
614 3856 731 3908 haec
761 3854 868 3907 sibi
911 3853 1162 3924 propitia
1190 3853 1486 3906 inventum
1529 3854 1600 3906 iri
1631 3855 1956 3923 reputabit?

274 3928 571 3991 Cir-terum,
603 3926 731 3977 licet
763 3925 1092 3992 opinionem
1122 3939 1249 3992 quae
1282 3940 1472 3976 veram
1504 3925 1868 3992 praesentiam
1903 3928 1959 3978 et

273 3998 626 4050 existentiam
668 3994 918 4062 corporis
965 4001 1023 4046 et
1052 3994 1348 4062 sanguinis
1395 3995 1601 4047 Christi
1656 3994 1712 4047 in
1747 4011 1958 4048 manna

273 4072 327 4119 et
353 4072 513 4135 petra
543 4066 765 4135 deserti
793 4063 1045 4116 defendit
1076 4065 1284 4135 falsam;
1304 4069 1568 4135 reputare
1595 4079 1732 4135 Anon
1778 4065 1953 4132 perti-

275 4133 538 4198 mescam,
567 4150 677 4184 non
705 4133 846 4183 adeo
877 4137 1069 4184 tamen
1100 4133 1430 4185 incredibile
1460 4141 1558 4186 aut
1590 4133 1954 4202 incogitabile

273 4212 358 4258 est
388 4203 666 4274 placuisse
714 4205 1042 4274 Batramno.
1093 4203 1312 4272 Quippe
1351 4219 1480 4255 cum
1525 4204 1771 4274 Joannes
1800 4205 1954 4258 Duns

273 4271 490 4339 Scotus,
526 4275 583 4325 in
636 4288 707 4336 Iv,
745 4271 1121 4342 distinctione
1165 4271 1258 4342 710,
1306 4278 1506 4342 quaest.
1556 4273 1609 4336 4,
1656 4274 1953 4328 corollaria

272 4346 385 4397 duo
417 4344 586 4396 addat
614 4343 684 4414 ab
705 4341 1287 4414 ejusmodi_opinione
1315 4358 1431 4395 non
1465 4342 1772 4414 alieniora:
1805 4361 1948 4414 quo-

273 4430 398 4466 rum
446 4415 503 4466 in
553 4413 742 4481 primo
792 4411 1046 4465 defendit
1093 4417 1222 4464 ante
1273 4412 1729 4466 incarnationem
1783 4411 1951 4469 Verbi

2071 550 2367 603 Batramni
2419 549 2717 601 sententia:
2767 550 3122 603 subscribere
3169 567 3283 604 non
3334 557 3540 604 renuat
3591 553 3770 606 Calvi-

2073 636 2200 683 nus,
2233 619 2380 672 Scoti
2415 619 2634 688 placitis
2672 635 2925 672 annuere
2955 636 3070 690 quo
3109 621 3238 689 jure
3273 623 3602 676 recusabit?
3635 624 3701 676 Et
3730 625 3770 676 si

2072 706 2269 742 revera
2314 690 2373 742 in
2405 692 2508 742 hoc
2555 690 2789 758 negotio
2831 692 3023 743 schola
3071 691 3441 745 Scotistarnm
3496 697 3766 747 tuendam

2075 761 2368 813 veritatem
2393 760 2612 828 recipit.
2649 761 2779 829 quis
2800 759 2924 813 falsi
2948 767 3045 814 aut
3075 763 3356 815 mendacii
3392 765 3770 818 Hatramnum

2074 830 2552 904 accusabit‘llmo
2602 846 2746 904 vero,
2780 832 2915 904 quis
2953 847 3020 884 ex
3068 834 3154 885 his
3203 849 3319 886 non
3361 835 3676 904 intelligat,
3713 843 3767 888 ut

2075 901 2370 954 observavi
2402 902 2462 953 in
2492 902 2644 953 notis
2672 901 2816 953 nihil
2847 902 3050 955 falsum
3084 904 3265 956 visum
3307 919 3428 956 esse
3459 901 3771 959 Batramno

2075 973 2133 1024 in
2168 972 2439 1040 mysterio
2481 972 3134 1025 transsubstantiationis
3181 970 3434 1025 αδὸνατον
3472 984 3531 1028 et
3571 978 3768 1029 absur-

2075 1042 2233 1108 dum,
2267 1042 2482 1111 quippe
2513 1057 2643 1094 cum
2676 1042 2736 1094 in
2761 1058 2970 1095 manna
2999 1047 3055 1095 et
3088 1060 3236 1113 aqua
3263 1045 3332 1097 de
3363 1052 3524 1113 petra
3559 1047 3771 1100 deserti

2074 1112 2552 1177 incarnationem,
2589 1113 2732 1165 sicut
2762 1114 2960 1165 Scotus
2991 1112 3424 1181 Eucharistiam,
3459 1118 3772 1170 consistere

2075 1183 2328 1256 potuisse
2359 1189 2414 1256 et
2444 1187 2721 1256 quantum
2765 1183 2834 1236 ad
2866 1183 3363 1252 signiﬁcationem,
3405 1192 3459 1238 et
3491 1193 3772 1256 quantum

2074 1253 2142 1304 ad
2190 1268 2311 1305 rem
2356 1253 2732 1321 significatam
2782 1261 2838 1306 et
2880 1260 3227 1319 contentam,
3259 1253 3586 1310 crediderit.
3651 1259 3776 1311 Haec

2075 1322 2308 1392 quidem
2364 1325 2634 1375 adversus
2700 1324 3043 1377 Calvinianaa
3117 1327 3547 1394 superstitionis
3601 1330 3772 1381 ruini-

2076 1399 2256 1465 strum
2286 1393 2539 1462 proferre
2578 1409 2607 1445 e
2653 1394 2846 1446 schola
2889 1393 3260 1448 Scotistaru’m
3309 1397 3658 1465 quibusdam
3695 1400 3770 1451 vi-

2077 1463 2306 1534 debitur
2359 1479 2877 1532 supervacaneum,
2938 1466 3038 1533 qui
3095 1463 3459 1534 opinamenta
3536 1469 3773 1521 Joannis

2076 1533 2225 1608 Scoti
2270 1535 2596 1608 subtilitates
2644 1537 2788 1608 Scoti
2817 1550 2947 1608 cum
3000 1533 3292 1608 Fran’cisco
3327 1537 3625 1590 Rabelesio
3675 1556 3773 1608 ap—

2078 1604 2292 1673 pellare
2340 1607 2556 1669 solent;
2607 1605 2700 1657 sed
2753 1606 3081 1658 meminerit
3140 1609 3320 1659 lector
3378 1623 3468 1660 me
3522 1604 3774 1662 scribere

2078 1674 2346 1747 adversus
2392 1676 2685 1747 Jesuitam
2723 1676 3101 1740 Harduinum,
3130 1678 3295 1747 apud
3355 1694 3530 1747 quem
3577 1681 3772 1733 schola

2080 1744 2374 1817 scotistica
2406 1746 2766 1817 rationabilis
2801 1753 2856 1817 et
2887 1744 3208 1817 theologica
3253 1744 3480 1817 semper
3512 1749 3635 1817 visa
3665 1759 3770 1815 est,

2007 1822 2046 1874 Β
2076 1815 2146 1867 ad
2194 1817 2356 1889 cujus
2402 1815 2584 1868 instar
2618 1816 3028 1889 ‘tlolinisticam
3077 1812 3316 1870 fundare
3348 1812 3404 1872 et
3444 1812 3670 1889 erigere
3703 1812 3771 1874 ab

2078 1889 2204 1937 ortu
2239 1887 2354 1938 fere
2387 1902 2488 1938 suo
2515 1885 2845 1939 moliantur.

2148 1956 2337 2030 XXXV.
2384 1959 2458 2030 4t
2507 1959 2590 2030 ait
2635 1971 2784 2030 num.
2832 1957 2918 2022 30,
2947 1956 3170 2030 inquit
3222 1957 3576 2024 dissertator,
3632 1977 3767 2030 pag.

2076 2027 2178 2079 293
2214 2027 2349 2080 edit.
2393 2027 2550 2079 Paris
2581 2068 2595 2090 ,
2639 2033 2688 2079 et
2730 2029 2833 2080 293
2869 2027 3005 2080 edit.
3062 2030 3317 2094 Amste|.,
3352 2045 3510 2084 num.
3545 2036 3602 2094 '7,
3635 2027 3774 2084 rere

2074 2112 2171 2163 per
2216 2101 2530 2163 mysterium
2561 2113 2753 2164 panem
2787 2103 2836 2150 et
2883 2101 3070 2151 vinum
3099 2100 3156 2150 in
3187 2103 3426 2167 corporis
3456 2107 3507 2154 et
3537 2105 3769 2168 sangui-

2074 2169 2160 2218 nis
2189 2171 2425 2220 converti
2445 2169 2828 2232 substantiam,
2851 2184 2885 2219 ιι
2913 2169 3251 2224 credentibus
3280 2171 3560 2224 sumenda.
3593 2173 3773 2236 Quam

2074 2236 2359 2302 ingeniosa
2411 2239 2625 2290 haeresis
2693 2238 2767 2290 ad
2834 2239 3110 2299 fallendus
3162 2247 3360 2294 mentes
3415 2246 3769 2296 mortalium!

2073 2308 2181 2361 Cur
2221 2322 2313 2372 ego
2363 2312 2507 2360 cavit
2557 2311 2637 2360 ita
2665 2309 2956 2373 diligenter
2995 2325 3059 2362 ne
3100 2313 3250 2364 sumi
3294 2327 3382 2364 ore
3413 2313 3613 2366 diceret
3661 2329 3773 2366 cor-

2066 2385 2218 2444 poris
2265 2379 2468 2450 Christi
2494 2380 2901 2432 substantiam?
2932 2380 3040 2434 Cur
3086 2384 3364 2435 sumenda
3411 2386 3634 2450 scripsit
3667 2400 3774 2436 non

2072 2449 2432 2512 sumendam,
2480 2451 2590 2502 nisi
2641 2465 2855 2516 panem,
2904 2457 2999 2503 aut
3056 2453 3241 2504 vinum
3295 2453 3444 2505 haud
3483 2449 3775 2508 immutate

2073 2520 2429 2587 corporaliter
2453 2521 2766 2573 intellexit?

2762 2639 3069 2678 RESPONSIO.

2143 2728 2392 2800 Arduum
2422 2733 2508 2781 est
2535 2728 2853 2797 intelligere
2885 2730 3150 2782 astutiam
3181 2731 3491 2800 ingeniosa:
3534 2734 3776 2788 ἣξει-θεὶς

2071 2799 2141 2851 ad
2165 2799 2438 2873 fallendas
2461 2805 2680 2873 mentes
2704 2799 3006 2873 hominum
3035 2817 3103 2852 ex
3131 2801 3219 2852 his
3249 2799 3468 2856 verbis:
3505 2805 3646 2858 Vere
3676 2823 3776 2873 per

2069 2872 2385 2936 mysterium
2410 2871 2573 2937 panis
2601 2873 2651 2921 et
2676 2872 2862 2923 vinum
2883 2873 2943 2922 in
2973 2875 3211 2939 corporis
3243 2877 3292 2925 et
3319 2877 3610 2940 sanguinis
3649 2871 3777 2930 con-

2069 2944 2353 2992 vertantur
2396 2940 2778 2992 substantiam.
2833 2941 2890 2994 Si
2938 2943 3334 2996 tantummodo
3384 2944 3600 2998 diceret
3660 2947 3775 3000 Ra-

2071 3016 2330 3083 tramnus
2369 3025 2470 3083 per
2511 3014 2829 3083 mysterium
2868 3014 3131 3083 eonterti,
3179 3013 3609 3083 relinqueretur
3659 3017 3775 3069 ali-

2074 3081 2202 3153 quis
2229 3079 2538 3148 suspicioni
2571 3081 2758 3145 locus;
2791 3081 2885 3133 sed
2916 3083 2965 3134 si
3003 3082 3240 3152 insuper
3267 3079 3417 3136 dicat
3443 3101 3543 3153 per
3573 3095 3778 3152 myste-

2002 3152 2214 3222 crium
2269 3166 2390 3222 vere
2441 3153 2834 3222 conversionem
2884 3153 3039 3218 ﬁeri,
3103 3168 3216 3222 qua
3279 3152 3608 3222 suspicione
3669 3164 3776 3210 aut

2070 3220 2432 3295 intricatione
2504 3220 3154 3295 ejusmodtpropositjo
3191 3220 3472 3295 laborare
3529 3228 3773 3295 potest?

2073 3291 2216 3354 Quid
2247 3291 2402 3343 enim
2450 3292 2743 3359 praisefert
2787 3292 3042 3345 dJCU‘IDB
3081 3293 3341 3347 Ecclesiae
3376 3291 3676 3350 catholica:
3714 3300 3776 3352 in

2073 3361 2344 3440 mysterio
2376 3362 3052 3441 transsubstantiationis,
3088 3363 3199 3416 nisi
3250 3380 3380 3418 vere
3424 3383 3526 3446 per
3560 3374 3778 3446 myste-

2073 3431 2223 3506 rium
2257 3447 2465 3506 panem
2494 3436 2548 3484 et
2579 3432 2776 3506 vinum
2811 3433 2868 3484 in
2900 3448 3128 3486 carnem
3159 3439 3213 3486 et
3239 3431 3573 3506 sanguinem
3604 3431 3775 3493 Chri-

2072 3502 2447 3577 sticonverti,
2493 3518 2604 3554 non
2652 3503 2892 3577 ligurate
2943 3509 3180 3564 tantum,
3236 3511 3295 3557 ut
3343 3502 3777 3577 superstitionis

2071 3572 2412 3624 Calvinianre
2460 3573 2684 3641 patroni
2748 3589 2973 3626 morose
3032 3579 3088 3627 et
3145 3572 3512 3643 pertinaciter
3568 3579 3777 3634 defen-

2070 3643 2251 3714 dunt?
2283 3643 2364 3714 Aid
2394 3650 2657 3714 mentem,
2679 3644 2976 3714 Batramni
3002 3647 3292 3714 conceptis
3318 3649 3507 3701 verbis
3538 3650 3775 3704 locutus

2069 3717 2154 3790 est
2183 3713 2537 3790 Paschasius,
2571 3713 2732 3790 cujus
2773 3713 2954 3790 iidem
2986 3714 3044 3768 in
3094 3713 3413 3790 suspicione
3456 3735 3571 3772 non
3604 3724 3778 3790 ponit

2067 3781 2414 3858 dissertator,
2439 3783 2574 3858 _lib.
2637 3781 2705 3836 de
2763 3785 3009 3858 Corpore
3070 3791 3128 3839 et
3182 3781 3469 3858 Sanguine
3527 3781 3774 3854 Christi,

2066 3853 2250 3928 capite
2281 3854 2403 3928 4:}
2439 3853 2667 3928 Ita_per
2708 3853 2974 3928 eumdem
3008 3871 3069 3908 ex
3117 3853 3435 3912 substantia
3485 3862 3652 3928 panis
3703 3853 3776 3916 ac

2067 3923 2185 3975 vini
2213 3924 2445 3998 mystiee
2489 3923 2638 3998 idem
2688 3924 3134 3998 Christiﬂcorpus
3180 3932 3236 3998 et
3283 3923 3517 3998 sanguis
3567 3947 3777 3987 conse—

2065 3999 2272 4046 cretur.
2309 4014 2334 4040 »
2365 3994 2444 4046 Et
2478 3996 2751 4070 _cap_ite_ll
2784 3994 3042 4070 :_«_Quis’
3069 3997 3247 4070 nescit
3283 3994 3414 4050 vere
3451 4003 3608 4070 quod
3643 4019 3778 4057 cor-

2067 4079 2172 4143 pus
2205 4069 2260 4116 et
2291 4063 2521 4131 sanguis
2552 4065 2622 4116 sit
2654 4064 2884 4143 Domini
2928 4063 3592 4143 secunduvaeritafem,
3625 4071 3772 4127 licet

2065 4134 2122 4210 in
2157 4141 2507 4210 sacramento
2554 4134 3020 4210 accipiatur__per
3064 4136 3274 4190 ﬁdem?
3302 4160 3321 4186 ι
3355 4142 3415 4192 2°
3464 4134 3590 4203 Quo
3631 4146 3774 4210 jure.

2063 4209 2180 4256 tam
2238 4204 2491 4282 etflictim
2548 4206 2799 4272 postulat
2852 4204 3184 4282 dissertator
3235 4224 3462 4263 causam
3523 4204 3778 4282 propter

2064 4289 2235 4342 quam
2287 4275 2630 4327 Hatramuus
2689 4284 2806 4327 tam
2867 4276 3172 4345 diligenter
3226 4283 3373 4332 cavit
3425 4297 3494 4333 ne
3524 4275 3777 4338 "diceret

2063 4348 2204 4421 sumi
2232 4359 2321 4397 ore
2363 4347 2602 4421 corporis
2644 4345 2852 4421 Christi
2889 4348 3286 4402 substantiam?
3338 4351 3607 4421 Nunquid
3646 4370 3772 4408 non

2060 4414 2269 4490 fatetur
2297 4430 2536 4490 numero
2568 4417 2597 4466 5
2631 4415 2700 4490 de
2746 4416 2850 4490 hoc
2888 4432 3124 4490 corpore
3156 4423 3334 4472 totam
3369 4414 3769 4490 quaestionem

270 4484 447 4537 divini
497 4482 752 4552 potuisse
798 4497 960 4550 asque
1024 4482 1429 4535 Eucharistiam
1474 4483 1647 4535 fuisse
1696 4483 1841 4538 sicut
1897 4492 1952 4539 et
1991 4482 2116 4537 Det
2162 4485 2608 4552 disputationem
2653 4482 3220 4552 institutam—fuisse,
3257 4482 3471 4544 scilicet
3511 4493 3586 4545 de
3638 4511 3772 4548 cor-

271 4570 438 4621 nunc,
474 4561 530 4607 et
558 4554 666 4606 hoc
687 4557 966 4622 quantum
997 4553 1065 4605 ad
1088 4552 1564 4621 significationem
1588 4559 1643 4606 et
1671 4560 1949 4623 quantum

267 4627 334 4679 ad
382 4640 500 4678 rem
550 4623 927 4692 signiﬁcatam
978 4628 1034 4674 et
1082 4625 1428 4676 contentam.
1486 4625 1556 4677 Et
1599 4623 1658 4676 in
1702 4627 1949 4680 secundo

266 4695 427 4748 docet
484 4700 608 4765 post
681 4692 1132 4765 incarnationem
1191 4693 1691 4765 posseidesinere
1749 4710 1953 4765 corpus

265 4763 739 4825 Christi'subesse
771 4763 1041 4830 naturali,
1075 4769 1130 4815 et
1156 4769 1348 4815 tamen
1381 4763 1789 4818 Eucharistiam
1821 4763 1951 4821 vere

266 4851 578 4897 remanere,
617 4841 672 4906 et
717 4841 996 4906 quantum
1033 4835 1102 4906 ad
1153 4834 1450 4885 veritatem
1471 4833 1656 4906 signi,
1683 4840 1739 4888 et
1768 4851 1949 4906 quan-

264 4911 387 4958 tum
423 4906 490 4958 ad
538 4903 834 4958 veritatem
879 4904 1084 4973 signati
1127 4909 1183 4956 et
1228 4905 1504 4974 contenti.
1555 4903 1948 4974 Quippe'cum

264 4976 562 5029 existentia
593 4975 696 5028 sub
732 4974 900 5027 modo
933 4974 1177 5026 naturali
1205 4988 1321 5026 non
1351 4973 1424 5026 sit
1458 4974 1526 5027 de
1557 4973 1803 5029 essentia
1829 4977 1948 5030 exi-

265 5045 487 5098 stentiaa
517 5045 620 5098 sub
669 5045 839 5097 modo
863 5043 1278 5114 sacramentali,
1312 5058 1416 5096 nec
1462 5044 1534 5097 sit
1587 5045 1709 5114 ejus
1755 5061 1945 5114 causa,

263 5115 662 5184 adeoqueista
704 5130 822 5166 non
857 5113 1177 5183 dependeat
1224 5117 1296 5167 ab
1343 5113 1461 5180 illa,
1493 5113 1629 5184 quia
1677 5115 1817 5170 nihil
1860 5117 1949 5171 de.

262 5183 472 5252 pendet
501 5183 568 5238 ab
599 5184 793 5256 aliquo
840 5185 991 5254 quod
1039 5199 1144 5256 nec
1174 5194 1256 5237 est
1304 5185 1374 5256 de
1404 5183 1648 5239 essentia
1688 5190 1812 5256 ejus
1842 5204 1947 5243 nec

263 5256 386 5324 ejus
428 5270 596 5308 causa
623 5269 634 5308 :
680 5254 970 5307 enimvero
1019 5254 1064 5306 si
1095 5255 1375 5324 ejusmodi
1406 5254 1777 5324 epinamenta
1797 5258 1946 5312 Scoti

261 5325 572 5378 orthodoxa
613 5325 878 5377 videntur
906 5331 961 5377 et
990 5324 1049 5377 in
1083 5325 1328 5378 Ecclesia
1365 5327 1646 5380 catholica
1673 5329 1945 5381 tolerabi-

259 5395 355 5459 lia,
385 5396 519 5464 qnid
559 5395 768 5447 mirum
817 5401 914 5448 aut
942 5394 1192 5448 insolens
1222 5395 1278 5448 in
1313 5395 1620 5450 Retramno
1660 5397 1945 5451 videbitur

259 5465 414 5536 quod
444 5465 649 5518 dixerit
678 5481 831 5519 num.
868 5468 956 5527 28,
989 5465 1276 5536 conceptis
1305 5465 1492 5536 verbis
1521 5481 1534 5516 :
1572 5487 1592 5513 ι
1624 5465 1780 5519 Sicut
1805 5482 1942 5536 ergo

256 5535 430 5603 paulo
462 5540 768 5605 antequam
801 5541 1113 5605 pateretur,
1147 5535 1312 5604 panis
1343 5535 1717 5589 substantiam
1749 5540 1803 5588 et
1824 5535 1943 5590 vini

255 5610 572 5658 creaturam
596 5617 922 5658 convertere
952 5606 1137 5673 potuit
1162 5607 1216 5658 in
1240 5606 1534 5674 proprium
1558 5621 1765 5676 corpus
1785 5607 1942 5676 quod

252 5691 558 5743 passurum
591 5682 730 5741 erat,
765 5682 821 5727 et
851 5677 907 5728 in
949 5693 1115 5728 suum
1149 5677 1489 5741 sanguinem
1520 5675 1619 5744 qui
1651 5682 1778 5743 post
1808 5675 1939 5729 tun-

250 5745 474 5798 dendns
524 5747 814 5799 exstabat:
877 5745 956 5798 sic
1005 5745 1178 5798 etiam
1230 5746 1285 5796 in
1335 5746 1559 5798 deserto
1628 5761 1838 5798 manna
1885 5751 1942 5800 et

246 5829 457 5884 aquam
481 5816 548 5869 de
577 5821 741 5885 petra
773 5816 835 5870 in
864 5831 1034 5870 suum
1065 5815 1407 5882 sanguinem
1427 5818 1760 5868 convertere
1791 5832 1936 5885 prae-

2059 4570 2199 4623 pore
2239 4556 2446 4608 Christi
2476 4555 2649 4629 __quod
2699 4555 2898 4609 ﬁdeles
2945 4572 3042 4629 ore
3099 4559 3460 4629 percipiunt?
3513 4563 3595 4616 De
3652 4565 3774 4619 hoc

2062 4640 2299 4693 corpore
2331 4624 2638 4678 consilium
2683 4631 2740 4678 et
2783 4624 3127 4680 sententiam
3161 4624 3455 4683 Batramni
3486 4632 3771 4690 Carolum

2061 4695 2294 4749 Calvum
2320 4696 2676 4764 postulasse:
2711 4717 2732 4742 ι
2767 4695 2926 4760 Quod
2962 4697 3020 4750 in
3073 4699 3316 4752 Ecclesia
3345 4716 3445 4754 ore
3495 4703 3771 4761 ﬁdelium

2060 4764 2307 4839 sumitur
2340 4780 2566 4839 _co_rpus
2613 4771 2675 4839 et
2726 4767 2962 4839 sanguis
3011 4767 3236 4832 Christi,
3287 4772 3497 4839 quaerit
3557 4782 3772 4831 vestrae

2060 4834 2472 4908 magnitndinis
2504 4834 2929 4908 excellentiam
2969 4840 3241 4908 mysterio
3270 4834 3370 4894 ﬁat
3399 4859 3475 4895 an
3505 4844 3565 4897 in
3599 4847 3766 4900 veri-

2057 4909 2191 4984 tate.
2216 4925 2244 4953 »
2279 4904 2577 4967 Quodnam
2609 4907 2944 4984 praesidium
2969 4904 3099 4984 sibi
3145 4925 3479 4984 comparare
3526 4921 3766 4984 poterat

2057 4975 2401 5054 Batramnus
2445 4991 2510 5028 ex
2564 4980 2762 5054 astute
2794 4982 2851 5030 et
2899 4979 3100 5054 callide
3145 4975 3325 5054 celata
3366 4999 3500 5036 voce
3528 4975 3667 5054 quae
3701 4989 3770 5043 in

2055 5045 2466 5117 expositionem
2513 5046 2820 5116 propositae
2867 5049 3204 5117 quaestionis
3253 5045 3576 5108 necessario
3629 5066 3772 5113 erat

2052 5114 2351 5188 ingressa?
2385 5114 2701 5188 Nonivid'eo
2735 5114 2909 5171 etiam
2930 5119 3070 5188 quid
3099 5119 3337 5174 attineat
3367 5123 3764 5183 Ratramnum

2054 5185 2260 5240 dixisse
2304 5187 2583 5253 sumenda,
2645 5188 2734 5240 vel
2782 5185 3118 5256 sumendam,
3174 5206 3306 5244 cum
3363 5193 3425 5246 in
3476 5198 3763 5254 eumdem

2052 5272 2556 5331 sensumAsemper
2603 5257 3355 5331 recidant.__Manuscriptus
3412 5265 3590 5319 codex
3644 5269 3767 5322 Lo-

2052 5327 2262 5406 biensis
2301 5327 2478 5381 habet
2502 5328 2829 5406 sumenda,“
2861 5329 2985 5406 al_ii_
3018 5327 3290 5406 aequales
3319 5334 3440 5406 vel,
3471 5352 3770 5406 suppares

2050 5396 2265 5450 habent
2293 5399 2626 5468 sumendam.
2670 5398 2926 5468 Explicet
2972 5396 3149 5468 igitur
3195 5401 3362 5455 nobis
3411 5396 3771 5464 dissertator

2049 5482 2225 5535 quam
2262 5467 2466 5520 uberes
2495 5469 2714 5521 fructus
2746 5467 3028 5537 percipiat
3066 5487 3133 5524 ex
3177 5472 3390 5526 stillato
3429 5475 3488 5528 in
3524 5477 3628 5530 has
3655 5481 3770 5534 tri-

2049 5551 2141 5588 cas
2165 5542 2221 5588 et
2248 5537 2592 5590 subtilitates
2624 5540 2858 5591 cerebro
2878 5539 2906 5594 ‘i’

2119 5605 2335 5686 XXXVI.
2376 5607 2580 5686 Eadem
2609 5611 2693 5686 eis
2725 5609 2884 5686 verbo
2902 5623 3318 5686 ruinseonenm
3359 5615 3430 5668 ab
3479 5631 3540 5670 eo
3576 5620 3767 5686 afﬁn-

2047 5678 2371 5757 azﬁzuraunz.
2404 5677 2496 5728 i2.
2533 5696 2560 5724 ιι
2602 5677 2780 5757 Paris
2815 5680 3199 5757 quia/reuma
3229 5685 3433 5750 ίητιυίίν
3469 5691 3528 5739 in
3557 5677 3772 5757 εάίρυε

2047 5746 2271 5810 Christi,
2304 5745 2433 5798 dum
2479 5749 2870 5814 sancti/tentur,
2913 5745 3324 5817 transponitur':
3377 5745 3520 5810 sicut
3560 5766 3611 5812 et
3651 5745 3768 5813 ὐἱ-

2045 5829 2194 5881 num,
2227 5829 2346 5868 cum
2397 5830 2466 5868 ea:
2507 5819 2618 5870 vite
2647 5817 2956 5884 ite/luxerit,
2990 5820 3168 5874 divini
3207 5828 3385 5876 tamen
3425 5831 3766 5900 sancti/ica-
