3890 6230
134 320 230 370 209

863 319 1317 376 DISSERTATIO
1356 318 1422 374 IN
1463 319 1595 375 LIB.
1639 321 1730 377 DE
1769 321 2093 376 CORPORE
2136 321 2226 376 ΕΤ
2266 321 2612 376 SANGUINE
2655 322 2914 378 DUMINI.

3527 327 3632 378 210

137 455 600 530 tionemysterii,
653 455 892 530 efﬁcitur
923 456 1146 522 sanguis
1192 455 1427 530 Christi,
1475 471 1582 530 non
1620 455 1836 530 quidem
1875 457 1917 509 Α
1945 455 2066 508 tulo
2090 455 2286 530 labore
2318 471 2617 530 perperam
2660 459 2842 512 sudat.
2894 459 3036 522 Quid
3083 461 3233 514 enim
3269 461 3434 530 juvat
3461 461 3630 516 afﬁn-

137 523 396 583 visibilis.
429 524 524 578 sed
554 526 928 592 invisibiliter,
962 530 1216 593 operante
1243 527 1457 593 Spiritu
1486 527 1601 590 Dei,
1633 529 1690 580 in
1709 528 1831 579 ani-

133 596 236 648 mis
267 597 453 662 utique
477 595 777 648 sacerdotis
810 601 906 649 aut
934 596 1130 664 plebis,
1160 598 1218 648 in
1251 597 1445 663 quibus
1467 596 1607 660 ﬁdes
1639 602 1830 664 myste-

133 668 278 718 rium
304 667 700 734 contemplatur
739 671 788 718 et
816 666 1223 733 contemplanda
1251 669 1438 734 efﬁcit.
1477 689 1503 714 «ι
1534 669 1673 720 Nam
1703 667 1832 720 dum

131 735 424 789 cisibiliter
451 739 625 789 solum
672 736 733 787 id
763 735 906 800 ﬁeri,
940 753 1136 802 negare
1163 737 1396 788 videtur.
1452 739 1715 802 Va/‘rities
1769 754 1831 790 ea

129 811 208 858 est
239 807 470 860 hominis
499 808 754 874 improbi.
799 822 991 875 corpus
1027 822 1140 859 esse
1168 821 1324 875 posse
1342 809 1439 875 qui
1463 813 1638 873 neget,
1675 813 1734 860 ut
1765 824 1831 860 ea:

128 876 422 930 Paschasio
449 884 610 930 antea
639 877 968 939 audivimus,
1001 880 1110 930 nisi
1132 877 1274 944 quod
1311 879 1590 945 palpabile
1615 882 1665 929 et
1693 880 1821 930 visi-

129 947 236 1000 bile
282 951 376 1012 sit,
413 952 577 1017 atque
617 947 751 1002 adeo
788 949 884 1001 ubi
937 949 1042 1001 tale
1080 963 1186 1002 non
1213 950 1306 1011 sit,
1348 948 1428 1000 ibi
1467 949 1675 1001 nultum
1720 963 1830 1002 esse

125 1032 270 1070 omni
276 1034 344 1071 no
352 1058 364 1070 .

827 1103 1136 1141 RESPONSIO.

200 1191 351 1263 Ecce
391 1193 543 1263 quod
575 1193 939 1262 probandum
984 1191 1263 1246 incumbit
1305 1193 1676 1260 dissertatori,
1726 1194 1826 1246 sci-

128 1261 260 1315 licet
290 1261 775 1332 sibi'persuasisse
811 1264 1187 1316 Ratramnum
1219 1263 1364 1316 hanc
1395 1265 1822 1317 conversionem

127 1332 183 1384 in
247 1333 509 1386 solitaria
558 1339 749 1386 mente
799 1334 1079 1387 credentis
1114 1333 1362 1386 hominis
1411 1334 1554 1400 ﬁeri,
1608 1342 1663 1387 et
1699 1335 1822 1403 {non

127 1418 245 1455 esse
278 1403 583 1473 applicata:
621 1403 755 1473 ﬁdei
787 1403 1093 1472 objectum,
1127 1404 1222 1457 sed
1256 1404 1536 1458 effectum.
1577 1407 1691 1459 Hoc
1722 1422 1823 1458 au-

128 1477 240 1526 tem
277 1470 632 1543 est—prorsus
672 1470 948 1527 άὸύναὲον.
1005 1474 1270 1528 Eamdem
1318 1475 1599 1528 fallaciam
1649 1475 1821 1528 ascri-

128 1544 260 1597 bere
290 1546 507 1613 poterit
552 1544 871 1611 Paschasio,
913 1545 1012 1613 qui
1043 1545 1122 1596 ait
1151 1561 1274 1613 cap.
1328 1548 1358 1597 3
1387 1545 1516 1597 libri
1563 1545 1632 1597 de
1682 1548 1823 1599 Cor-

125 1629 261 1685 pore
294 1621 355 1668 et
371 1615 663 1682 Sanguine
686 1614 913 1668 Domini
936 1617 1212 1685 pag.1560
1245 1631 1257 1668 :
1285 1635 1311 1663 «
1343 1615 1503 1679 Quod
1538 1615 1822 1668 sensibilis

125 1700 210 1737 res
241 1684 712 1754 intelligibiliter,
745 1684 953 1738 virtute
982 1684 1080 1738 Dei
1108 1701 1210 1754 per
1253 1685 1498 1738 Verbum
1532 1686 1734 1739 Christi
1765 1686 1819 1738 in

123 1770 359 1808 carnem
392 1756 572 1824 ipsius
606 1761 662 1809 et
688 1757 1026 1824 sanguinem
1057 1754 1417 1809 transfertur.
1445 1775 1470 1805 ››
1505 1757 1821 1810 Transfer-ri

123 1825 278 1896 enim
312 1832 370 1879 et
423 1829 712 1894 transponi
740 1841 1058 1896 synonyma
1113 1832 1247 1878 sunt
1293 1832 1342 1878 et
1393 1827 1541 1878 idem
1589 1842 1821 1895 prorsus

124 1895 472 1964 signiﬁcant.
516 1897 1014 1961 Supervacaneum
1054 1902 1139 1949 est
1186 1897 1356 1948 etiam
1389 1896 1579 1950 dicere
1627 1897 1824 1949 fraude

123 1967 272 2018 mala
302 1967 504 2036 negari
537 1983 570 2020 a
601 1967 912 2021 Ratramno
943 1967 1050 2020 hoc
1081 1968 1210 2020 ﬁeri
1242 1967 1412 2020 modo
1445 1967 1707 2020 sensibus
1739 1983 1824 2020 ac-

123 2037 506 2098 commodato,
565 2037 664 2106 qui
698 2043 866 2106 neget
913 2053 1120 2106 corpus
1168 2053 1288 2090 esse
1331 2053 1492 2106 posse
1524 2037 1635 2090 nisi
1667 2038 1821 2106 quod

123 2106 412 2175 palpabile
463 2113 520 2160 et
560 2107 778 2160 visibile
835 2112 926 2160 sit.
987 2107 1141 2161 Idem
1194 2107 1347 2160 enim
1397 2123 1628 2177 prorsus
1685 2107 1824 2161 dixit

123 2177 461 2248 Paschasius
514 2177 699 2245 capite
755 2181 784 2230 5
832 2177 962 2230 libri
1009 2177 1077 2230 de
1124 2180 1366 2246 Corpore
1415 2183 1471 2232 et
1531 2178 1823 2248 Sanguine

122 2247 355 2300 Domini
388 2263 401 2300 :
437 2272 463 2292 «ι
499 2247 753 2300 Christus
777 2263 915 2317 ergo
956 2248 1115 2300 cibus
1144 2253 1227 2300 est
1255 2249 1617 2314 angelorum,
1649 2247 1704 2301 et
1735 2264 1820 2301 sa-

119 2325 485 2388 cramentum
536 2317 645 2370 hoc
693 2334 829 2371 vene
877 2335 1011 2371 cano
1058 2334 1222 2371 IPSIUS
1262 2334 1328 2372 ET
1367 2333 1612 2382 SANGUIS,
1649 2335 1823 2388 quam

120 2387 504 2456 spiritualiter
559 2391 862 2442 manducat
910 2395 967 2442 et
1015 2387 1157 2442 bibit
1205 2389 1396 2442 homo.
1449 2392 1525 2443 Ac
1568 2387 1681 2458 per,
1714 2389 1824 2442 hoc

121 2459 275 2510 unde
309 2459 514 2511 vivunt
544 2459 734 2528 angeli
756 2459 906 2512 vivet
932 2464 990 2512 et
1019 2459 1216 2524 homo,
1247 2460 1383 2528 quia
1422 2464 1605 2512 totum
1648 2459 1818 2527 spiri-

121 2532 274 2580 tuale
311 2535 394 2581 est
426 2534 484 2580 et
515 2529 774 2582 divinum
816 2529 874 2582 in
908 2546 973 2582 eo
1003 2529 1152 2597 quod
1187 2529 1430 2597 percipit
1454 2531 1645 2582 homo.
1684 2549 1710 2580 »
1757 2530 1823 2582 Et

119 2599 327 2670 inﬁne
367 2599 628 2667 ejusdem
677 2600 924 2669 capitis:
976 2619 1004 2649 α
1041 2599 1294 2670 Bibimus
1343 2615 1573 2670 quoque
1621 2605 1677 2654 et
1718 2617 1821 2653 nos

117 2669 505 2736 spirituulitcr
535 2686 598 2722 ac
643 2671 996 2724 comedimus
1040 2669 1394 2738 spiritualem
1443 2669 1650 2724 Christi
1698 2687 1820 2723 car-

119 2755 276 2803 nem,
332 2738 394 2793 in
453 2755 568 2810 qua
625 2739 737 2792 vita
790 2746 1003 2794 aeterna
1060 2757 1180 2794 esse
1236 2741 1822 2809 crediturzalioquin

116 2825 320 2876 sapere
368 2812 684 2864 secnnlum
733 2826 961 2863 carnem
996 2826 1149 2863 mors
1181 2816 1286 2875 est,
1319 2817 1375 2864 et
1405 2817 1594 2864 tamen
1628 2827 1818 2864 veram

117 2880 330 2933 Christi
383 2897 614 2933 carnem
676 2881 1052 2950 spiritualiter
1111 2881 1400 2952 percipere
1450 2882 1564 2935 vita
1611 2887 1823 2934 aeterna

115 2955 217 3002 est.
257 2970 286 2999 υ

187 3021 439 3074 XXXVII.
473 3022 655 3088 Pergit
699 3023 754 3073 in
792 3021 976 3074 eadem
1016 3021 1216 3087 fraude
1262 3037 1412 3074 num.
1463 3023 1550 3076 4‘2.
1593 3043 1618 3069 ‹‹
1671 3021 1822 3076 Unde

113 3094 343 3162 sanguis
376 3095 428 3144 et
479 3093 926 3162 corpuquhristi
955 3091 1232 3157 dicuntur,
1297 3095 1497 3162 inquit,
1541 3095 1672 3161 quia
1712 3108 1817 3146 non

117 3161 263 3229 quod
313 3163 556 3214 exterius
608 3161 882 3227 videntur,
941 3162 1035 3216 sed
1077 3164 1222 3231 quod
1272 3164 1501 3216 interius
1531 3165 1588 3215 in
1620 3164 1817 3216 animis

115 3231 474 3290 credentium.
515 3231 702 3285 divino
732 3233 944 3300 Spiritu
987 3232 1120 3301 ﬁdei
1152 3237 1423 3302 operante,
1471 3236 1623 3298 facta.
1672 3238 1817 3295 sunt,

117 3305 487 3370 accipiuntur.
532 3303 608 3355 Et
642 3306 773 3370 quia
814 3304 964 3371 longe
992 3304 1149 3356 aliud
1173 3321 1272 3372 per
1301 3307 1596 3371 potentiam
1629 3306 1816 3356 inrisi-

119 3373 273 3424 bilem
304 3375 556 3427 existunt
573 3389 736 3441 quam
768 3373 1056 3428 visibiliter
1089 3379 1374 3442 apparent,
1405 3390 1502 3443 per
1525 3376 1822 3443 potentiam

118 3443 267 3495 verbi
310 3446 598 3509 nimirum,
650 3443 795 3512 quod
828 3445 986 3511 ﬁdem
1027 3447 1083 3496 in
1112 3448 1311 3498 animis
1341 3448 1539 3498 nostris
1590 3449 1734 3498 creat
1772 3449 1820 3497 el

120 3515 424 3580 ingenerat,
458 3515 604 3582 quod
641 3515 871 3568 Verbum
901 3515 1032 3568 dum
1060 3515 1299 3569 creditur
1318 3519 1427 3568 vim
1450 3515 1607 3570 habet
1640 3531 1821 3583 corpo-

117 3585 192 3636 ris
223 3590 276 3637 et
300 3587 594 3652 sanguinis
627 3585 834 3642 Christi
863 3590 923 3638 ut
952 3590 1144 3653 pascat
1165 3589 1405 3639 animam
1434 3590 1484 3640 et
1503 3588 1750 3654 viviﬁcet.
1792 3603 1817 3633 ι)

815 3723 1124 3761 κεδροκειο.

188 3830 340 3884 Nihil
400 3830 568 3884 deest
631 3831 1203 3901 interpretationibus
1262 3847 1328 3885 ac
1375 3831 1632 3884 sensibus
1677 3847 1819 3901 quos

124 3901 419 3954 Ratramui
452 3901 642 3954 verbis
674 3902 895 3955 inducit
923 3903 1276 3966 dissertator,
1327 3908 1540 3971 praeter
1581 3901 1694 3954 vim
1719 3917 1820 3971 rar-

123 3972 381 4034 gumenti
405 3972 545 4024 certi
570 3972 734 4040 cujus
762 3989 868 4042 ope
893 3972 1123 4026 defendi
1153 3989 1216 4025 ac
1245 3970 1550 4026 sustentari
1580 3970 1814 4042 possint.

125 4042 228 4094 Hoc
293 4058 434 4093 vero
492 4043 736 4095 faciliter
789 4042 1143 4113 feliciterque
1191 4044 1544 4112 procederet.
1603 4043 1646 4095 si
1697 4043 1818 4095 haec

123 4113 307 4175 verba,
361 4116 416 4165 in
459 4115 658 4165 animis
707 4113 1036 4166 credentium
1083 4119 1137 4166 et
1184 4115 1390 4181 spiritu
1436 4113 1582 4180 ﬁdei,
1637 4113 1816 4166 textui

127 4183 418 4235 Batramui
467 4198 769 4252 perperam
811 4189 1023 4247 assuta,
1069 4184 1127 4236 in
1177 4183 1552 4252 autograpbo,
1590 4199 1706 4236 non
1756 4182 1816 4236 in

122 4252 350 4306 cerebro
401 4253 807 4313 dissertatoris,
855 4255 1150 4306 inventum
1206 4254 1499 4308 haberent.
1541 4254 1649 4308 Sed
1686 4269 1815 4306 cum

125 4323 179 4374 in
222 4322 457 4376 ofﬁcina
497 4323 876 4393 dissertatoris
909 4323 1182 4377 fabricata
1211 4325 1344 4389 sint,
1385 4325 1583 4377 eadem
1630 4323 1818 4393 potuit

125 4393 295 4463 textui
328 4392 618 4446 Paschasii
659 4394 791 4462 jure
831 4393 1042 4447 falsarii
1087 4396 1357 4457 inserere,
1415 4392 1661 4463 eumque
1707 4395 1814 4447 bae-

1942 541 2075 602 gere
2090 527 2574 602 Batramnqquod
2603 530 2896 602 Paschasio
2917 531 3112 584 eadem
3135 527 3419 602 conceptis
3441 533 3628 586 verbis

1943 597 2210 673 referenti
2262 597 2532 673 adhibere
2580 615 2696 673 rion
2742 600 2890 669 potis
2923 604 3044 673 est?
3091 597 3326 673 Quippe—
3358 603 3438 655 sic
3480 604 3628 656 fatur

1942 667 2276 741 Paschasius
2307 668 2436 741 libri
2467 668 2535 721 de
2568 667 2818 741 Corpore
2845 675 2900 723 et
2946 667 3501 741 Sanguine—Domini
3542 690 3627 726 ca-

1942 736 2060 805 pite
2090 741 2156 790 3:
2194 757 2231 812 «_
2246 737 2352 812 Sed
2382 736 2938 812 mysteriumdictum
2963 747 3042 812 est
3066 736 3142 792 'eo
3164 744 3316 812 quod
3349 751 3625 797 secretam

1940 813 1995 860 et
2025 808 2380 861 reconditam
2413 809 2468 861 in
2511 825 2567 861 se
2597 810 2802 862 habeat
2830 808 3277 879 dispositionem.
3314 815 3403 867 Est
3432 820 3624 868 autem

1939 883 2377 954 sacramentum_
2414 879 2469 931 in
2505 879 2831 954 Scripturis
2861 881 3422 954 divinisqubicunque
3469 900 3625 937 sacer

1937 948 2180 1017 Spiritus
2206 947 2474 1021 iniisdem
2503 947 2738 1003 interius
2761 951 2976 1020 aliquid
3009 952 3312 1006 efﬁcaciter
3329 947 3621 1021 loquendo

1937 1023 2225 1091 operatur.
2266 1020 2373 1073 Sed
2414 1027 2768 1073 sacramento
2803 1022 3216 1091 Scripturarum
3260 1020 3486 1088 eruditi,
3536 1025 3622 1078 di-

1940 1089 2812 1163 vinitusintrorsuspascimur,
2847 1099 2900 1145 et
2924 1089 3089 1161 pasti
3118 1095 3189 1146 ad
3231 1093 3622 1163 operationem

1937 1164 1993 1212 et
2031 1160 2411 1234 disciplina_m_
2443 1161 2646 1214 Christi
2691 1160 3008 1234 erudimur.
3047 1185 3067 1208 ι
3104 1165 3185 1234 Et
3217 1160 3283 1216 in'
3307 1164 3419 1216 ﬁne
3452 1165 3620 1234 hujus

1937 1229 2173 1304 capitis;
2232 1250 2257 1280 α
2291 1231 2451 1304 llnde
2483 1247 2584 1284 nec
2626 1232 2836 1304 mirum
2887 1234 2930 1285 si
2965 1233 3212 1302 Spiritus
3251 1239 3492 1294 sanctus.
3523 1229 3621 1304 qui

1935 1299 2228 1353 hominem
2279 1301 2566 1354 Christum
2620 1303 2680 1354 in
2733 1310 2891 1356 utero
2940 1299 3188 1371 Virginis
3236 1304 3356 1358 sine
3403 1299 3620 1358 semine

1935 1371 2164 1442 creavit,
2202 1371 2370 1425 etiam
2403 1371 2522 1442 ipse
2554 1373 2715 1442 panis
2751 1380 2806 1425 et
2834 1374 2952 1426 vini
2985 1375 3358 1427 substantiam
3389 1391 3618 1428 carnem

1935 1440 2144 1494 Christi
2176 1448 2230 1492 et
2258 1440 2591 1514 sanguinem
2633 1443 2902 1514 invisibili
2942 1444 3197 1514 quotidie
3230 1446 3488 1512 potentia
3518 1462 3622 1514 per

1934 1511 2272 1585 sacramenti
2331 1513 2418 1585 sui
2466 1511 2976 1567 sanctiﬁcationeni
3019 1511 3308 1584 operatur,
3357 1511 3616 1585 quam—vis

1935 1596 2037 1654 nec
2067 1581 2183 1654 visu
2217 1582 2464 1654 exterius
2493 1599 2596 1636 nec
2626 1591 2796 1652 gustu
2827 1581 3615 1654 saporis—comprehendatur.

1933 1650 2041 1726 Sed
2073 1653 2206 1726 quia
2237 1651 2562 1726 spiritualia
2599 1650 2730 1726 sunt
2759 1654 2871 1708 ﬁde
2893 1650 2957 1707 'et
2987 1650 3277 1708 intellectu
3308 1673 3410 1726 pro
3441 1662 3615 1717 certo.

1933 1722 2077 1792 sicut
2128 1722 2340 1774 Veritas
2392 1724 2670 1791 praedixit,
2723 1726 3044 1792 plenissime
3099 1722 3424 1780 sumuntur.
3476 1747 3500 1774 υ
3561 1728 3616 1779 Si

1863 1802 1901 1855 Β
1932 1791 2034 1844 ista
2067 1791 2217 1865 apud
2237 1793 2621 1865 rRatramnum
2667 1791 3034 1848 occurrerent
3063 1811 3268 1864 corpus
3299 1801 3356 1848 et
3386 1797 3615 1865 sangui-

1931 1878 2062 1915 nem
2113 1862 2324 1916 Christi
2376 1867 2507 1932 quia
2539 1866 2859 1932 spiritualia
2909 1873 3033 1918 sunt
3080 1862 3216 1933 ﬁde,
3255 1871 3306 1920 et
3352 1862 3618 1924 intellectu

1929 1937 2237 2004 sumuntur,
2297 1949 2409 1986 non
2473 1941 2730 2004 parceret
2803 1935 3157 2004 dissertator,
3216 1936 3313 1990 sed
3373 1937 3618 1990 interne-

1930 2002 2053 2055 cion
2063 2019 2150 2054 em
2184 2003 2412 2056 faceret.

1999 2074 2212 2145 XXXIX.
2263 2074 2531 2145 Fraudes,
2576 2075 2765 2145 inquit
2819 2075 3032 2129 ibidem
3080 2076 3414 2130 dissertator
3475 2078 3616 2130 Har-

1928 2142 2138 2216 duinus
2198 2143 2354 2216 (edit.
2427 2142 2883 2214 primm—Paris,
2938 2163 3066 2216 pag.
3126 2149 3223 2200 184
3263 2153 3318 2200 et
3356 2148 3615 2201 secundae

1927 2214 2262 2280 Amstelod.,
2314 2231 2444 2284 pag.
2487 2217 2608 2277 294,
2651 2232 2810 2268 num.
2858 2214 2977 2281 184,
3021 2223 3290 2270 tmemate
3331 2222 3480 2283 vni),
3523 2220 3615 2271 ho-

1927 2286 2089 2337 minis
2126 2286 2372 2352 reliquas
2412 2302 2793 2354 percurramus
2830 2302 2974 2340 num.
3019 2291 3125 2340 56:
3179 2307 3205 2336 α
3247 2290 3400 2341 Nunc
3438 2294 3616 2341 autem

1928 2357 2058 2421 quia
2084 2354 2216 2422 ﬁdes
2249 2361 2414 2408 totum
2442 2357 2715 2425 quidquid
2741 2358 2880 2410 illud
2920 2363 3086 2411 totum
3113 2361 3330 2425 aspicit,
3365 2364 3418 2413 et
3447 2361 3615 2412 oculis

1929 2429 2108 2497 carnis
2152 2425 2292 2478 nihil
2321 2428 2684 2494 apprehendit
2712 2443 2720 2479 :
2763 2429 2999 2495 intellige
3028 2429 3172 2497 quod
3205 2444 3308 2481 non
3351 2430 3407 2481 in
3445 2432 3616 2497 specie

1928 2495 2022 2548 sed
2063 2497 2121 2548 in
2161 2499 2362 2548 virtute
2397 2512 2589 2564 corpus
2620 2504 2669 2551 et
2715 2501 2937 2563 sanguis
2984 2495 3192 2552 Christi
3220 2495 3614 2558 existant—oua:

1929 2579 2247 2639 caenuxrca
2277 2566 2357 2632 fln
2390 2567 2641 2639 editione
2676 2568 2873 2620 ultima
2910 2568 3242 2635 Amstelod.,
3279 2568 3612 2639 cernuntur}.

1934 2635 2080 2689 Unde
2119 2635 2264 2689 (limit
2309 2637 2634 2691 Ambrosius
2684 2639 2926 2691 ordinem
2981 2644 3192 2692 natura
3247 2654 3352 2691 non
3402 2641 3486 2692 hic
3531 2635 3614 2691 in-

1931 2705 2204 2770 luendum,
2263 2708 2357 2759 sed
2424 2709 2627 2762 Christi
2681 2711 2976 2775 potentiam
3045 2709 3440 2761 venerandam:
3500 2726 3617 2776 qua:

1929 2775 2204 2844 quidquid
2231 2779 2365 2848 ivult
2419 2779 2678 2845 quomodo
2725 2780 2859 2840 vult,
2900 2781 2957 2830 in
3005 2779 3356 2848 quodcunque
3401 2775 3535 2843 vult,
3568 2785 3618 2833 et

1929 2852 2076 2899 creat
2099 2847 2242 2913 quod
2280 2863 2388 2900 non
2415 2854 2550 2912 erat,
2593 2857 2642 2901 et
2693 2855 2931 2902 creatum
2980 2854 3253 2917 permutat
3299 2851 3356 2901 in
3386 2849 3446 2900 id
3475 2850 3618 2917 quod

1927 2921 2088 2970 antea
2114 2919 2317 2988 fuerat.
2343 2939 2390 2988 ί»
2423 2923 2492 2970 At
2519 2934 2650 2970 vero
2681 2935 2807 2971 cum
2841 2919 3394 2972 transsubstantiatio
3429 2921 3613 2988 magis

1928 2987 2215 3058 conceptis
2243 2987 2424 3058 verbis
2455 3005 2627 3058 quam
2661 2989 2750 3054 iis,
2783 3005 2896 3042 non
2933 2989 3163 3057 quidem
3197 2990 3491 3042 Ratramni
3519 2987 3615 3043 sed

1930 3057 1984 3111 S.
2020 3057 2305 3129 Ambrosii
2333 3075 2398 3110 ex
2432 3057 2577 3112 libro
2631 3060 2703 3112 De
2742 3059 2811 3112 iis
2849 3059 2948 3129 qui
2981 3060 3264 3128 mysteriis
3293 3060 3612 3125 initiantur,

1855 3134 1893 3187 C
1927 3128 2194 3197 explicari
2240 3145 2353 3180 non
2398 3130 2591 3197 possit,
2640 3128 3253 3199 placuit’dissertatori
3287 3131 3407 3183 haec
3439 3131 3611 3183 verba

1930 3199 2225 3252 cumulare
2271 3199 2688 3252 accessionibus
2728 3200 2963 3269 hujusce
3015 3201 3394 3269 glossematis,
3433 3217 3618 3268 nempe

1929 3270 1987 3321 in
2028 3269 2356 3321 credentium
2385 3272 2606 3330 ani-mis,
2656 3273 2713 3322 in
2748 3272 2943 3338 quibus
2985 3273 3141 3324 Verbi
3169 3271 3351 3324 divini
3377 3274 3615 3339 potentia

1926 3339 2086 3406 ﬁdem
2107 3342 2344 3410 corporis
2373 3345 2422 3393 et
2450 3344 2734 3407 sanguinis
2767 3342 2970 3395 Christi
2995 3344 3414 3410 creat-Spiritus
3439 3344 3617 3395 sancti

1924 3412 2134 3478 potenti
2176 3409 2398 3474 virtute,
2439 3417 2503 3463 ut
2542 3411 2619 3462 ait
2647 3427 2806 3464 num.
2858 3414 2943 3468 34.
2979 3427 3109 3464 nam
3144 3409 3222 3464 sic
3269 3413 3362 3466 ille
3402 3413 3614 3464 intelli-

1928 3480 2012 3544 git
2035 3495 2049 3532 :
2073 3481 2400 3548 Concoquere
2416 3496 2521 3533 non
2535 3488 2710 3549 potest
2731 3481 2841 3534 dici
2860 3498 2893 3534 a
2914 3498 3183 3550 quoquam
3205 3484 3347 3550 quod
3375 3483 3616 3536 videmus

1927 3552 1988 3603 in
2024 3551 2193 3603 altari
2221 3557 2298 3603 est
2329 3567 2512 3603 verum
2543 3567 2733 3619 corpus
2767 3553 2989 3606 Christi.
3023 3555 3126 3604 Ait
3151 3567 3262 3606 esse
3289 3567 3481 3620 corpus
3510 3568 3615 3605 non

1927 3623 1987 3672 in
2033 3625 2226 3686 specie,
2281 3622 2392 3672 sive
2434 3623 2489 3672 in
2517 3625 2867 3690 proprietate,
2914 3624 3004 3675 hoc
3059 3627 3137 3675 est
3184 3625 3242 3674 in
3269 3625 3495 3690 propria
3526 3638 3609 3675 es-

1927 3693 2120 3753 sentia,
2153 3691 2250 3744 sed
2295 3694 2351 3742 in
2379 3693 2606 3755 virtute;
2649 3707 2812 3758 quam
2859 3692 3009 3744 illius
3055 3707 3117 3745 ac
3149 3694 3410 3745 similium
3440 3709 3615 3746 vocem

1926 3766 2064 3814 recte
2091 3761 2416 3814 Paschasius
2438 3763 2664 3828 corripit
2695 3764 2751 3813 in
2785 3768 2945 3828 caput
2984 3778 3112 3815 xxv'i
3144 3766 3322 3815 sancti
3346 3763 3610 3817 Matthxi.

1930 3849 1959 3880 (ι
1996 3830 2144 3885 Unde
2171 3832 2354 3892 miror,
2399 3833 2596 3898 inquit,
2632 3832 2767 3900 quid
2796 3835 2969 3885 vetuit
2998 3848 3139 3885 nunc
3173 3833 3399 3900 quidam
3440 3833 3616 3886 dicere

1926 3915 2032 3953 non
2075 3903 2133 3953 in
2162 3916 2220 3953 re
2260 3914 2370 3954 esse
2397 3903 2676 3954 veritatem
2723 3903 2908 3955 carnis
2945 3903 3160 3956 Christi
3193 3905 3276 3958 vel
3305 3906 3610 3970 sanguinis,

1925 3970 2020 4024 sed
2051 3973 2106 4023 in
2144 3977 2515 4025 sacramento:
2561 3975 2813 4025 virtutem
2857 3973 3150 4040 quamdam
3189 3977 3386 4039 carnis,
3429 3978 3480 4026 et
3509 3989 3614 4027 non

1927 4056 2181 4115 carnem:
2220 4043 2471 4094 virtutem
2511 4043 2628 4107 fore
2670 4045 2953 4115 sanguinis
3000 4048 3050 4096 et
3101 4059 3205 4098 non
3255 4047 3609 4115 sanguinem:

1923 4114 2156 4179 ﬁguram
2193 4117 2242 4164 et
2271 4127 2376 4164 non
2404 4116 2706 4180 veritatem,
2737 4113 2986 4167 umbram
3015 4119 3064 4168 et
3091 4129 3197 4167 non
3230 4113 3442 4184 corpus.
3474 4115 3613 4169 Hac

1924 4185 2122 4255 virtus
2152 4185 2300 4248 signi
2345 4187 2555 4236 tantum
2598 4189 2694 4248 est,
2749 4187 3004 4251 quoniam
3048 4186 3292 4255 symbolo
3330 4200 3521 4254 corpus
3565 4190 3614 4239 et

1925 4254 2242 4319 sanguinem
2269 4257 2446 4306 animo
2475 4260 2880 4322 repraesentant.
2911 4273 2937 4305 η

2616 4376 2923 4414 RESPONSIO.

128 4462 256 4514 resis
285 4468 343 4516 et
374 4455 713 4516 cavillorum
757 4464 1050 4518 Ratramni
1092 4455 1410 4528 criminari;
1465 4477 1526 4517 ut
1570 4455 1633 4517 ex
1678 4465 1810 4518 sub-
1855 4455 1896 4508 D
1997 4463 2306 4517 Horribiles
2347 4465 2585 4517 assumit
2627 4481 2693 4518 ex
2724 4466 2811 4518 his
2846 4466 2982 4519 locis
3009 4467 3343 4521 dissertator
3381 4467 3611 4521 conclu-

127 4533 277 4598 jectis
336 4533 894 4604 verbisrPaschasii,
951 4535 1162 4604 quibus
1217 4535 1484 4603 adjuncta
1543 4535 1809 4604 reperies,

136 4604 315 4655 lectori
373 4603 703 4672 intelligere
767 4604 928 4657 facile
971 4603 1078 4668 est,
1129 4605 1406 4672 excerptis
1459 4622 1520 4657 ex
1553 4607 1736 4672 capite
1783 4606 1816 4657 4

135 4672 249 4745 libri
296 4673 369 4726 de
424 4674 678 4743 Corpore
725 4681 783 4726 et
824 4674 1114 4745 Sanguine
1168 4675 1414 4728 Domini.
1461 4695 1486 4725 α
1529 4672 1638 4728 Sed
1681 4675 1814 4745 quia

136 4743 406 4797 Christum
436 4745 628 4798 vorari
667 4745 750 4798 fas
791 4743 1053 4799 dentibus
1099 4762 1210 4798 non
1245 4752 1350 4808 est,
1398 4745 1575 4798 voluit
1605 4745 1659 4798 in
1689 4743 1814 4798 ani-

137 4813 230 4865 mis
255 4815 616 4868 credentium
661 4815 814 4868 hunc
843 4831 1048 4885 panem
1078 4825 1130 4868 et
1178 4817 1371 4869 vinum
1411 4831 1541 4868 vere
1589 4832 1815 4868 carnem

139 4899 280 4954 suam
325 4890 382 4938 et
409 4885 752 4954 sanguinem
787 4887 1210 4939 consecratione
1241 4887 1486 4940 SPlRlTUS
1516 4902 1652 4938 ιηῡει
1687 4902 1816 4938 san-

139 4953 200 5005 cti
227 4953 620 5022 potentialiter
648 4957 848 5009 creari.
885 4976 910 5005 v
935 4959 1019 5009 An
1052 4971 1221 5009 ovum
1255 4957 1362 5010 erit
1391 4971 1494 5008 ovo
1533 4956 1819 5009 similius?

195 5025 459 5079 XXXVIII.
495 5028 734 5080 Rursum
768 5042 914 5079 num.
976 5027 1043 5079 42
1073 5027 1305 5095 (pagina
1339 5029 1439 5079 294
1481 5026 1614 5079 edit.
1653 5029 1817 5080 Ams-

137 5094 317 5166 telod.,
375 5097 556 5148 Paris.
596 5096 746 5162 184),
801 5119 819 5144 ι
870 5097 1012 5161 Quid
1043 5094 1241 5150 isthinc
1291 5096 1656 5166 perducemur,
1710 5099 1822 5151 nisi

140 5165 267 5231 quod
304 5181 502 5233 corpus
532 5171 581 5221 et
611 5169 837 5232 sanguis
869 5168 1091 5220 Domini
1124 5172 1411 5234 propterea
1447 5169 1702 5233 mysteria
1733 5167 1818 5220 di-

140 5243 316 5289 cuntur
361 5237 510 5305 quod
545 5241 806 5291 secretam
853 5243 904 5290 et
940 5237 1274 5291 reconditam
1313 5237 1545 5290 habeant
1586 5237 1822 5306 disposi-

144 5308 336 5367 tionem.
394 5307 456 5360 id
509 5313 587 5361 est
629 5307 788 5360 aliud
833 5309 944 5361 sint
983 5307 1128 5376 quod
1167 5310 1406 5361 exterius
1464 5310 1716 5371 innuant,
1773 5311 1823 5360 et

143 5377 278 5429 aliud
306 5378 452 5445 quod
481 5378 843 5432 invisibiliter
878 5383 1183 5446 operentur.
1220 5397 1246 5427 ι)
1282 5380 1409 5432 Haec
1443 5379 1680 5431 assumit
1709 5378 1822 5432 dis-

143 5453 363 5500 sertator
393 5463 460 5502 ex
496 5449 813 5503 Ratramno
861 5455 920 5501 ut
953 5450 1007 5501 ei
1037 5449 1282 5502 ascribat
1327 5448 1660 5517 opinionem
1709 5463 1824 5517 qua

146 5517 317 5570 credat
346 5519 615 5588 mysteria
662 5517 906 5571 interius
951 5517 1078 5572 ﬁeri
1117 5534 1222 5588 per
1257 5519 1427 5573 ﬁdem
1464 5518 1826 5572 invisibiliter

147 5593 387 5655 agentem
419 5589 478 5642 in
505 5595 705 5644 mente
736 5588 1112 5642 credentium.

823 5710 1133 5748 RBSPONSIO.

212 5800 314 5854 Hoc
339 5800 616 5857 incumbit
658 5799 1028 5872 probandum
1070 5799 1444 5865 dissertatori,
1477 5797 1670 5867 sedgin
1701 5801 1826 5852 tan-

1925 4532 2140 4606 siones;
2170 4538 2226 4606 et
2255 4549 2445 4588 revera
2479 4535 2775 4590 dubitandi
2820 4537 2979 4589 locus
3011 4553 3128 4590 non
3170 4538 3536 4606 relinquitur,
3569 4537 3613 4589 si

1924 4604 2270 4676 adamnssim
2309 4611 2476 4658 recta:
2526 4606 2761 4660 rationis
2807 4606 3160 4660 deducantur
3208 4604 3614 4676 explicationes

1924 4691 2051 4744 qua:
2098 4674 2188 4746 his
2217 4675 2361 4728 bene
2391 4676 2734 4730 conveniant
2763 4693 2826 4729 ac
2860 4677 2987 4730 ﬁdae
3019 4678 3148 4742 sint,
3183 4674 3323 4746 quin
3354 4677 3613 4729 Hatram-

1925 4761 2051 4810 nus,
2085 4745 2200 4797 sive
2220 4751 2418 4798 auctor
2445 4747 2572 4800 libri
2599 4747 2667 4800 de
2694 4747 2936 4816 Corpore
2969 4752 3023 4799 et
3043 4745 3330 4814 Sanguine
3359 4746 3608 4810 Domini,

1925 4816 1994 4868 ad
2047 4831 2220 4884 quem
2271 4818 2545 4870 tuendum
2595 4817 2740 4870 hanc
2779 4817 3232 4869 lucubrationem
3284 4816 3612 4885 scripsimus

1924 4885 2192 4939 haeresim
2261 4886 2643 4940 Calvinianam
2705 4893 2853 4938 arcte
2912 4889 3120 4938 teneat.
3170 4887 3468 4938 Enimvero
3507 4902 3611 4939 nec

1925 4957 2256 5024 castigatius
2287 4972 2392 5009 nec
2419 4956 2740 5024 elegantius
2773 4955 3054 5024 ejusmodi
3088 4956 3318 5007 haeresis
3367 4956 3608 5024 exprimi

1927 5033 2024 5079 aut
2078 5025 2366 5079 enuntiari
2424 5033 2610 5096 potest
2663 5041 2832 5096 quam
2887 5024 2973 5076 his
3031 5025 3304 5078 vocibus:
3361 5027 3614 5093 Intellige

1926 5097 2070 5164 quod
2107 5112 2214 5149 non
2264 5098 2323 5148 in
2363 5099 2555 5163 specie,
2590 5095 2684 5148 sed
2719 5097 2777 5146 in
2817 5096 3013 5147 virtute
3059 5111 3251 5164 corpus
3299 5102 3348 5148 et
3387 5101 3612 5163 sanguis

1928 5168 2142 5220 Christi
2185 5169 2424 5219 existant
2463 5181 2580 5232 quae
2625 5179 2960 5218 cneounrun.
3012 5165 3150 5219 Nam
3186 5172 3474 5235 utcunque
3525 5183 3613 5221 res

1927 5239 2038 5289 sint
2074 5258 2100 5284 ‹‹
2139 5235 2187 5288 si
2220 5251 2426 5304 corpus
2457 5242 2512 5288 et
2550 5235 2780 5302 sanguis
2807 5250 2937 5302 qua;
2966 5237 3275 5290 creduntur
3305 5237 3362 5290 in
3397 5238 3613 5291 Eucha-

1929 5305 2104 5369 ristia,
2155 5306 2212 5358 in
2261 5305 2469 5358 virtute
2500 5305 2748 5376 existunt
2791 5311 2992 5376 etnon
3024 5306 3081 5359 in
3127 5307 3337 5376 specie,
3382 5314 3610 5376 sumpto

1928 5377 2161 5429 nomine
2200 5390 2304 5443 pro
2337 5375 2580 5428 essentia
2609 5381 2664 5428 et
2696 5375 3046 5443 proprietate
3090 5383 3324 5440 natura),
3363 5397 3390 5426 n
3425 5375 3611 5430 eccam

1930 5447 2185 5499 videmus
2210 5460 2415 5514 puram
2445 5450 2500 5498 et
2529 5461 2732 5516 puram
2760 5447 3023 5500 haeresim
3047 5448 3483 5501 Calvinisticam.
3507 5447 3612 5501 Sed

1933 5515 2120 5570 nescio
2169 5531 2283 5584 quo
2323 5531 2456 5568 casu
2506 5515 2611 5569 sibi
2662 5517 2771 5585 ipsi
2817 5517 3144 5570 dissertator
3185 5520 3378 5570 oculos
3423 5517 3612 5571 infeli—

1931 5587 2070 5640 citer
2097 5585 2292 5638 eﬁ‘odit
2325 5601 2470 5654 quos
2511 5587 2582 5639 ad
2622 5602 2781 5640 num.
2817 5590 2906 5650 56,
2947 5587 3222 5657 applicuit
3259 5587 3317 5639 in
3349 5603 3462 5656 quo
3495 5589 3616 5657 haec

1935 5672 2097 5710 voces
2155 5671 2276 5727 οωε
2339 5671 2662 5712 casouurua
2729 5655 3062 5727 neutiquam
3130 5655 3450 5719 incurrunt,
3519 5655 3616 5727 sed

1934 5730 2165 5780 econtra
2196 5726 2285 5780 ha:
2326 5741 2828 5797 QUIEHCERNUNTUR,
2883 5726 3011 5797 quae
3059 5741 3289 5780 sensum
3337 5727 3500 5797 valde
3530 5726 3618 5797 di:

1934 5811 2161 5850 versum
2189 5801 2246 5850 et
2284 5795 2619 5852 catholicum
2654 5793 2996 5869 signiﬁcant.
3039 5799 3247 5850 Revera
3277 5794 3429 5847 enim
3465 5793 3616 5865 quod
