3890 6230
267 313 370 368 211

936 313 1386 369 DISSERTATIO
1424 313 1489 367 IN
1534 314 1663 366 LIB.
1709 314 1795 367 DE
1836 312 2163 368 CORPORIS
2206 313 2291 367 ET
2323 313 2669 368 SANGUINE
2704 312 2978 367 DOMINI.

3670 314 3770 365 ‘21'.’

272 450 618 530 conspicitur
677 450 737 530 in
789 449 1137 530 Eucharistia
1182 450 1394 530 .albedo
1451 454 1553 530 est,
1616 450 1959 528 rotunditas,
1999 452 2042 504 Α
2070 448 2221 529 fuit?
2260 468 2279 497 ι
2306 449 2444 530 Nam
2483 446 2650 530 facile
2690 446 3028 527 responderi
3065 446 3548 530 possetmin‘hanc
3578 447 3769 530 ipsum

273 519 526 575 extensio
559 520 826 590 denique,
873 520 1094 589 objecta
1141 519 1388 573 visibilia
1431 525 1486 573 et
1526 519 1794 573 humanis
1842 536 1965 572 sen-

273 592 428 645 sibus
472 591 713 644 faciliter
752 590 1196 655 accommodata,
1244 607 1372 659 qua:
1404 591 1636 660 quidem
1667 606 1787 643 non
1835 595 1966 660 sunt

273 661 486 731 species
517 671 571 715 et
601 661 993 731 apparitiones
1023 660 1283 730 corporis
1312 659 1515 714 Christi
1546 665 1602 713 et
1646 659 1960 730 sanguinis,

273 730 371 785 sed
401 732 568 800 panis
608 737 665 784 et
692 731 829 796 vini,
863 748 991 800 quae
1028 736 1160 784 ante
1192 732 1438 795 fuerant,
1472 736 1529 784 et
1558 747 1684 800 qua:
1728 732 1874 784 Deus
1906 730 1963 782 in

272 818 479 872 corpus
509 806 567 855 et
595 802 932 871 sanguinem
955 817 1120 854 suum
1152 802 1516 870 permutavit,
1551 809 1612 855 ut
1640 802 1832 871 inquit
1860 803 1964 854 Ra-

274 879 533 926 tramnus
562 888 627 925 ex
657 873 833 925 sancti
861 872 1143 925 Ambrosii
1170 873 1315 925 libro
1351 874 1427 925 De
1456 872 1525 924 iis
1556 873 1656 942 qui
1682 872 1965 940 mysteriis

272 943 599 1008 initiantur,
631 959 760 1012 cap.
799 947 830 997 9
860 959 873 995 :
915 948 1151 995 creatum
1191 947 1464 1011 permutat
1505 946 1562 995 in
1591 942 1657 995 id
1693 942 1838 1009 quod
1867 958 1964 994 an-

276 1018 363 1067 tea
389 1029 496 1067 non
543 1016 744 1078 fuerat.
780 1013 935 1067 Absit
964 1018 1156 1065 tamen
1196 1020 1257 1065 ut
1296 1012 1742 1078 dissertatorem,
1778 1012 1966 1065 virum

275 1084 506 1137 aliunde
565 1084 725 1151 pium
786 1100 890 1136 nec
947 1082 1253 1135 humillimi
1300 1083 1537 1152 ingenii,
1599 1088 1714 1135 tam
1772 1082 1966 1136 fetida).

276 1153 741 1223 interpolationis
782 1159 880 1206 aut
922 1153 1297 1222 corruptionis
1350 1169 1616 1206 accusare
1670 1152 1861 1217 velim,
1909 1158 1968 1205 ut

277 1226 431 1277 inter
513 1223 809 1276 haereticos
891 1229 1238 1276 veteratores
1326 1223 1613 1277 infelicem
1704 1224 1965 1276 Hatram-

279 1310 421 1347 num
473 1295 768 1363 relegaret.
828 1293 967 1346 Cum
1026 1294 1360 1360 praesertim,
1418 1300 1483 1346 ut
1532 1294 1681 1346 inter
1737 1294 1967 1347 eosdem

280 1365 527 1433 benigne
612 1364 915 1432 exciperet,
1012 1366 1211 1417 Petrus
1293 1365 1460 1429 Allix,
1542 1364 1966 1433 superstitionis

280 1434 626 1488 Calvinianze
714 1434 993 1499 minister,
1077 1434 1137 1487 in
1205 1435 1397 1488 Gallize
1471 1440 1685 1488 nostrae
1751 1435 1966 1503 templo

280 1504 684 1569 Charentonio,
755 1506 827 1557 ad
883 1509 1031 1557 artes
1090 1510 1207 1557 tam
1274 1504 1516 1558 incultas
1571 1522 1635 1557 ac
1692 1504 1967 1574 pinguem

282 1575 588 1628 Minervam
644 1575 949 1644 confugere
993 1575 1268 1639 noluerit;
1325 1576 1407 1627 uti
1455 1581 1817 1644 perspectum
1867 1576 1971 1627 ha-

281 1645 415 1698 bere
444 1646 609 1697 facile
656 1651 739 1697 est
772 1662 837 1697 ex
881 1645 1129 1698 editione
1164 1646 1593 1699 Latino-Gallica
1640 1662 1789 1697 anno
1836 1648 1970 1698 l672

280 1731 413 1768 cura
445 1715 565 1783 ejus
613 1716 760 1768 facta
806 1715 1149 1784 Rhotomagi
1179 1716 1327 1784 apud
1380 1716 1570 1781 Lucas,
1614 1720 1670 1768 et
1720 1716 1971 1769 editione

281 1785 744 1853 Anglico-Latina
770 1786 1005 1838 alterius
1034 1786 1287 1838 hominis
1328 1785 1567 1839 diversa:
1612 1786 1789 1854 patris
1823 1788 1969 1840 Lon-

283 1855 403 1923 dini
430 1856 575 1909 facta
608 1872 755 1909 anno
799 1858 956 1922 1686,
997 1856 1056 1908 in
1088 1857 1294 1925 quibus
1340 1872 1573 1910 suarum
1614 1857 1972 1925 superstitio-

286 1941 424 1978 num
452 1926 840 1995 quamtumvis
880 1926 994 1979 sint
1024 1926 1238 1979 morosi
1272 1943 1336 1980 ac
1365 1926 1682 1996 pertinaces
1715 1927 1973 1980 defenso-

284 2012 373 2048 res
416 1995 684 2060 ministri,
729 2012 922 2049 vocem
971 2012 1285 2050 cnenuurua
1327 1995 1386 2050 iii
1434 1999 1619 2051 locum
1660 1998 1813 2050 vocis
1856 2014 1977 2051 cea-

285 2082 514 2122 NUNTUR
546 2082 820 2136 reponere
861 2083 977 2119 non
1020 2068 1142 2120 ausi
1174 2074 1324 2120 sunt.
1358 2068 1463 2121 Sed
1498 2084 1670 2132 quam
1702 2084 1974 2136 superva-

286 2152 526 2190 caneum
569 2143 622 2189 et
670 2141 835 2205 turpe
864 2136 937 2190 sit
968 2138 1244 2207 ejusmodi
1280 2138 1723 2205 interpolatione
1753 2144 1975 2191 textum

288 2207 582 2278 Batramni
652 2207 992 2272 deformare,
1051 2208 1298 2277 probant
1364 2209 1580 2262 affatim
1638 2215 1694 2261 et
1764 2209 1973 2278 passim

286 2293 481 2349 sparsa
505 2277 590 2349 in
629 2278 738 2331 hoc
776 2278 924 2349 libro
955 2279 1223 2347 dogmata
1253 2280 1537 2332 contraria
1565 2296 1578 2332 :
1630 2300 1656 2327 «
1688 2277 1808 2333 Non
1840 2295 1976 2349 ergo

286 2352 419 2401 sunt
460 2347 611 2400 idem
653 2348 806 2417 quod
855 2354 1167 2402 cernuntur
1207 2354 1262 2401 et
1310 2350 1463 2418 quod
1506 2349 1851 2415 creduntur;
1884 2347 1974 2403 se-

287 2418 542 2489 cundum
574 2419 727 2489 enim
759 2419 910 2488 quod
945 2424 1279 2483 cernuntur,
1315 2436 1522 2488 corpus
1564 2426 1807 2489 pascunt
1846 2435 1975 2472 cor-

288 2488 581 2559 ruptibile,
636 2488 761 2557 ipsa
802 2490 1226 2557 corruptibilia;
1288 2488 1602 2542 secundum
1646 2506 1779 2543 vero
1825 2490 1977 2559 quod

289 2558 622 2629 creduntur,
657 2559 874 2610 animos
896 2564 1137 2627 pascunt
1165 2559 1223 2611 in
1247 2564 1525 2612 aeternum
1558 2558 1977 2629 victurosﬁpsa

291 2627 659 2681 immortalia.
699 2630 886 2699 {iam
938 2644 1072 2697 ergo
1116 2630 1396 2698 applicata
1438 2631 1727 2683 voluntate
1762 2627 1981 2699 relegat

292 2699 667 2751 Ratramnum
709 2697 1044 2769 dissertator
1084 2697 1367 2752 et’videat
1402 2706 1611 2769 apertis
1655 2701 1833 2753 oculis
1871 2697 1977 2753 nu-

292 2784 449 2821 mero
511 2769 576 2820 56
622 2784 737 2820 non
786 2768 1081 2822 creduntur
1128 2770 1225 2822 sed
1289 2768 1597 2823 cernuntur.
1654 2773 1797 2824 Tum
1844 2787 1979 2824 vero

293 2837 610 2891 continenti
646 2844 906 2907 tempore
945 2840 1003 2892 in
1047 2847 1346 2909 prospectu
1395 2841 1601 2894 habeat
1631 2842 1977 2910 jucundissi-

295 2924 454 2981 mum
506 2910 895 2981 spectaculum
932 2910 1255 2981 confestim
1331 2912 1551 2964 ruentis
1612 2912 1867 2981 praesidii
1919 2928 1981 2965 ac

294 2979 456 3032 rimis
510 2979 761 3047 undique
811 2979 1151 3034 dehiscentis
1206 2979 1767 3050 interpretationum,
1812 2983 1979 3035 indu-

295 3050 552 3122 ctionum
594 3065 657 3122 ac
684 3050 1088 3122 glossematum
1129 3068 1256 3120 quae
1287 3068 1350 3104 ex
1383 3053 1487 3105 hoc
1520 3054 1643 3106 loco
1677 3069 1979 3122 perperam

2073 519 2240 572 ivisse
2273 520 2639 584 sententiam,
2674 516 2888 588 quippe
2919 533 3049 571 cum
3072 516 3075 517 ⁷
3096 516 3337 588 inﬁnitis
3360 517 3508 588 locis
3550 523 3774 585 repetat

2072 590 2176 643 hoc
2237 590 2390 659 quod
2446 589 2673 641 videtur
2729 587 2851 642 eSse
2906 604 3113 658 corpus
3163 587 3394 654 Christi,
3450 602 3649 659 nonne
3694 594 3773 641 est

2071 657 2454 728 aspectabile?
2510 659 2821 712 Videturne
2877 657 3353 729 nisi’quodest
3409 657 3660 721 visibile,
3718 664 3771 710 et

2072 731 2273 783 ﬁerine
2322 734 2507 800 potest
2558 735 2619 782 ut
2663 730 2925 782 videatur
2959 728 3109 798 quod
3152 728 3333 800 videri
3358 744 3483 800 non
3536 734 3767 800 potest:

2072 801 2179 854 Sed
2209 798 2340 854 esto'
2364 800 2743 853 dissertatoris
2787 800 2933 853 ratio
2972 800 3039 853 ab
3073 799 3177 852 hac
3208 799 3484 868 opinione
3506 798 3771 852 sensibus

2072 871 2321 941 propriis
2352 871 2614 939 perculsa
2646 872 2974 941 abhorreat,
3023 869 3262 924 dubium
3306 885 3417 941 non
3450 875 3538 921 est
3579 868 3773 923 adver-

2073 940 2254 994 saries
2322 958 2464 1010 quos
2520 940 2777 993 confutet
2846 942 3185 993 ltiitramnus
3248 940 3358 993 sibi
3417 940 3773 1008 persuasisse

2072 1013 2289 1065 nullam
2334 1011 2637 1064 subsistere
2692 1011 2754 1063 in
2803 1011 3153 1065 Eucharistia
3200 1010 3446 1076 ﬁguram
3492 1015 3597 1063 aut
3644 1025 3772 1062 um-

2074 1083 2256 1145 bram,
2308 1082 2405 1135 sed
2453 1082 2647 1134 omnia
2702 1082 3004 1134 manifesta
3060 1086 3117 1133 et
3166 1087 3364 1150 aperta
3407 1096 3579 1133 esse:
3630 1096 3774 1149 quos

2075 1155 2253 1205 secuti
2285 1157 2415 1205 sunt
2444 1151 2755 1205 Abbaudus
2788 1152 2979 1217 abbas,
3020 1152 3335 1217 Walterius,
3388 1150 3550 1221 prior
3596 1150 3776 1203 sancti

2074 1222 2314 1275 Victoris
2382 1222 2736 1287 Parisiensis,
2809 1227 2866 1275 et
2932 1226 3122 1275 nostra
3189 1226 3355 1275 aetate
3392 1220 3774 1273 irecentiores

2075 1292 2420 1362 philosophi,
2470 1292 2568 1361 qui
2600 1292 2832 1361 quidem
2869 1309 3067 1345 omnes
3115 1293 3289 1345 ﬁdem
3318 1308 3382 1343 ac
3432 1292 3774 1360 religionem

2076 1364 2411 1417 catholicam
2454 1362 2693 1432 professi
2740 1363 2909 1431 paulo
2953 1364 3253 1415 alieniores
3283 1362 3507 1431 placitis
3556 1362 3773 1414 Aristo-

2076 1434 2257 1487 teliam
2306 1433 2701 1503 philosophiae,
2753 1433 2824 1486 de
2876 1433 3267 1486 accidentibus
3312 1432 3451 1485 nulli
3514 1432 3775 1501 subjecto

2077 1504 2489 1558 inhaerentibus
2520 1504 2734 1555 nullam
2768 1503 3172 1573 cogitationem
3205 1503 3549 1555 habuerunt.

2148 1576 2248 1628 XL.
2280 1574 2393 1627 Cur
2439 1574 2576 1627 dicit
2616 1590 2761 1626 num.
2798 1578 2847 1639 5,
2882 1574 2948 1626 49
2996 1580 3043 1627 et
3089 1576 3177 1640 96,
3219 1575 3456 1640 alibique
3489 1573 3587 1625 hoc
3635 1572 3779 1641 quod

2078 1660 2245 1713 supra
2284 1660 2521 1697 mensam
2567 1646 2897 1697 Dominicam
2929 1646 3165 1711 positum
3206 1649 3302 1707 est,
3346 1643 3491 1712 quod
3537 1643 3778 1695 celebra-

2080 1721 2170 1769 tur
2225 1720 2274 1769 et
2305 1720 2650 1768 conservatur
2694 1717 2751 1767 in
2794 1716 2981 1782 altari,
3030 1715 3175 1781 quod
3222 1730 3309 1768 ore
3358 1716 3598 1767 sumitur
3646 1713 3782 1781 ﬁde-

2013 1781 2051 1834 B
2082 1787 2231 1846 tium,
2281 1800 2391 1839 esse
2444 1800 2630 1839 verum
2675 1786 2891 1839 Christi
2933 1801 3124 1854 corpus
3175 1790 3386 1839 tantum
3417 1788 3475 1837 in
3518 1787 3782 1854 mysterio

2081 1872 2173 1911 seu
2200 1858 2422 1926 ﬁgura?

2779 1941 3088 1982 RESPONSIO.

2156 2033 2460 2100 Nunquam
2502 2031 2843 2084 Ratramnus
2890 2030 3033 2084 dixit
3075 2047 3235 2083 num.
3291 2034 3342 2093 5,
3402 2031 3488 2093 49,
3537 2033 3629 2097 96,
3684 2046 3789 2082 nec

2082 2102 2240 2169 alibi,
2272 2117 2478 2169 corpus
2508 2103 2636 2155 Jesu
2676 2100 2884 2155 Christi
2915 2102 3069 2170 quod
3105 2116 3203 2154 ore
3228 2100 3492 2153 ﬁdelium
3524 2100 3785 2153 sumitur

2081 2188 2191 2227 esse
2256 2187 2443 2226 verum
2495 2173 2702 2227 Christi
2754 2187 2945 2239 corpus
2998 2177 3208 2225 tantum
3262 2174 3321 2223 in
3370 2173 3636 2237 mysterio
3694 2186 3789 2223 seu

2080 2247 2278 2311 ﬁgura.
2306 2244 2451 2295 {Haec
2498 2242 2833 2311 propositio,
2872 2247 2933 2294 ut
2976 2243 3183 2294 scholae
3212 2242 3549 2311 loquuntur,
3584 2242 3787 2309 impli-

2083 2320 2239 2367 caret
2283 2313 2343 2366 in
2392 2313 2688 2366 terminis:
2752 2312 3120 2381 lncogitabile
3178 2317 3262 2365 est
3314 2327 3513 2364 verum
3574 2328 3790 2380 corpus

2084 2384 2237 2454 quod
2270 2384 2340 2437 sit
2364 2383 2445 2453 {in
2490 2384 2673 2452 ﬁgura
2722 2388 2779 2435 et
2813 2383 3083 2452 mysterio
3112 2387 3357 2449 tantum,
3418 2386 3571 2435 esset
3626 2383 3788 2435 enim

2082 2470 2281 2508 verum
2312 2458 2367 2507 et
2399 2470 2513 2507 non
2548 2469 2742 2507 verum
2775 2470 2999 2523 corpus.

2154 2526 2287 2579 XLI.
2321 2527 2391 2577 Et
2439 2540 2561 2577 vero
2592 2526 2870 2593 Erigerus,
2907 2526 3018 2577 sive
3058 2526 3377 2590 Anonymus
3420 2523 3788 2585 Celtotianus,

2084 2596 2223 2648 duas
2294 2595 2621 2648 solummodo
2703 2597 2965 2659 factiones
3031 2597 3331 2655 exstitisse;
3410 2594 3671 2645 similiter
3742 2602 3791 2644 et

2084 2666 2410 2719 Paschasius
2462 2666 2895 2725 ethatramnus
2952 2667 3066 2717 ait:
3119 2686 3141 2711 ι
3198 2664 3504 2718 Dicentibus
3558 2663 3792 2730 quibus-

2086 2737 2232 2796 dam,
2276 2738 2475 2803 inquit,
2516 2735 2657 2788 idem
2702 2750 2813 2789 esse
2841 2735 2985 2802 quod
3026 2738 3263 2788 sumitur
3304 2734 3369 2787 de
3420 2735 3597 2787 altari
3647 2733 3795 2799 quod

2085 2812 2135 2859 et
2165 2806 2305 2859 illud
2353 2807 2496 2873 quod
2541 2811 2731 2858 natum
2773 2812 2850 2858 est
2896 2821 2962 2857 ex
3017 2806 3280 2873 Virgine:
3315 2805 3443 2858 aliis
3472 2809 3661 2858 autem
3693 2820 3791 2856 ne-

2087 2877 2343 2944 gantibus
2376 2882 2426 2930 et
2454 2877 2757 2930 dicentibus
2779 2875 2938 2930 aliud
2967 2889 3093 2928 esse.
3768 2888 3795 2903 ί

2783 3010 3095 3048 RESPONSIO.

298 3119 538 3173 diduxit.
591 3120 727 3182 Qiiae
774 3136 902 3191 cum
954 3121 1031 3172 ita
1086 3117 1218 3185 sint,
1272 3138 1554 3191 nusquam
1612 3117 1811 3176 verum
1862 3139 1983 3176 esse
2020 3129 2059 3183 C
2162 3120 2236 3172 Ex
2266 3118 2778 3191 verbisﬂAnonymi
2807 3118 3108 3191 Cellotiani
3146 3118 3241 3191 jus
3272 3117 3796 3191 mihivindicoﬂnt

296 3194 519 3259 potest:
572 3193 625 3242 to
657 3190 1038 3243 mutationem
1069 3207 1196 3260 quas
1227 3192 1283 3244 in
1326 3190 1673 3246 Eucharistia
1701 3194 1764 3246 ﬁt
1793 3196 1850 3245 in
1878 3209 1984 3246 cre-

298 3260 539 3331 dentium
570 3262 768 3312 animis
808 3262 1055 3325 existere,
1096 3264 1152 3313 in
1180 3262 1378 3329 quibus
1402 3265 1554 3315 verbi
1595 3264 1773 3316 divini
1800 3269 1983 3331 poten-

301 3332 380 3383 tia
421 3330 579 3398 ﬁdem
624 3332 860 3398 corporis
911 3337 959 3383 et
1001 3335 1284 3397 sanguinis
1315 3333 1520 3388 Christi
1557 3340 1701 3387 creat
1744 3330 1986 3402 spiritus

298 3403 477 3453 sancti
527 3404 734 3468 potenti
776 3403 991 3454 virtute.
1048 3402 1339 3469 Ejusmodi
1389 3405 1540 3456 enim
1596 3405 1806 3457 creatio
1858 3405 1989 3457 ﬁdei

302 3470 527 3522 nullum
562 3471 731 3523 habet
764 3471 822 3542 in
856 3486 1028 3539 opere
1061 3474 1356 3526 Ratramni
1396 3474 1719 3542 vestigium.
1751 3477 1809 3527 20
1838 3476 1985 3528 Neu-

300 3542 521 3610 tiquam
571 3541 809 3611 opponit
861 3543 1202 3596 Ratramnus
1251 3560 1316 3597 eo
1364 3545 1471 3597 loci
1522 3541 1609 3598 his
1653 3546 1838 3598 verbis
1883 3562 1989 3599 non

299 3614 470 3685 specie
497 3612 596 3665 sed
622 3616 841 3685 virtute,
884 3616 1189 3685 essentiam
1234 3631 1333 3667 seu
1365 3622 1771 3685 proprietatem
1822 3622 1988 3669 natu-

300 3682 478 3755 ralem
510 3683 763 3755 corporis
794 3684 1021 3750 Christi,
1064 3685 1289 3750 virtuti;
1324 3682 1419 3740 sed
1459 3682 1822 3740 solummodo
1854 3703 1989 3755 spe-

300 3753 445 3805 ciem
496 3753 866 3819 exteriorem;
922 3771 1050 3824 quaa
1103 3772 1295 3809 revera
1353 3757 1414 3809 in
1468 3758 1817 3811 Eucharistia
1872 3753 1989 3809 non

300 3830 538 3892 apparet
586 3840 690 3876 nec
723 3826 903 3878 oculis
956 3826 1271 3895 subjicitur.
1326 3828 1468 3894 Cum
1518 3845 1547 3880 e
1596 3834 1792 3881 contra
1840 3828 1990 3881 dicat

300 3908 429 3967 cum
462 3894 759 3967 Paschasio
792 3912 950 3948 num.
984 3894 1094 3967 49':
1147 3919 1173 3947 (ι
1210 3899 1425 3967 Corpus
1460 3904 1516 3951 et
1545 3900 1777 3967 sanguis
1826 3899 1986 3952 Chri-

304 3964 374 4015 sti
405 3980 534 4032 quae
566 3964 820 4037 ﬁdelium
857 3982 953 4037 ore
993 3966 1054 4019 in
1083 3964 1337 4020 Ecclesia
1360 3964 1759 4037 percipiuntur
1789 3968 1988 4037 ﬁgura:

304 4042 438 4085 sunt
464 4035 775 4087 secundum
808 4036 1052 4103 speciem
1085 4038 1394 4102 visibilem;
1429 4044 1482 4090 at
1513 4035 1645 4091 vero
1675 4035 1986 4091 secundum

304 4103 647 4177 invisibilem
710 4106 1109 4170 substantiam,
1180 4108 1231 4159 id
1300 4114 1384 4159 est
1444 4108 1620 4161 divini
1670 4108 1988 4177 potentiam

306 4173 497 4245 Verbi,
560 4189 689 4225 vere
749 4190 953 4242 corpus
1010 4177 1352 4245 et,sanguis
1400 4178 1605 4231 Christi
1658 4173 1986 4231 existunt.»

305 4243 442 4316 Quis
488 4244 661 4316 homo
705 4260 857 4316 sanae
885 4245 1094 4298 mentis
1127 4243 1378 4316 compos,
1414 4248 1798 4301 sinceritatem
1856 4248 1987 4301 ﬁdei

306 4313 721 4385 Batramnirex
768 4313 854 4385 his
904 4315 1088 4367 verbis
1147 4317 1205 4369 in
1261 4313 1589 4385 suspicione
1648 4319 1857 4383 ponat?
1919 4320 1988 4371 Ex

306 4381 516 4456 quibus
543 4384 731 4456 palam
763 4384 1083 4454 intelligere
1114 4386 1274 4439 facile
1305 4381 1390 4440 est
1437 4404 1540 4456 per
1568 4381 1763 4442 vocem
1800 4392 1993 4456 speciei

2095 3206 2294 3243 omnes
2321 3188 2798 3259 intelligant'tam
2828 3190 3013 3242 varias
3042 3189 3343 3242 hominum
3372 3188 3634 3242 ﬁdelium
3673 3189 3799 3242 dis-

2096 3266 2508 3329 crepantesque
2552 3260 2861 3314 sententias
2918 3259 2987 3312 de
3042 3276 3211 3313 causa
3257 3259 3625 3313 Eucharistiee
3678 3276 3799 3312 non

2096 3331 2352 3398 reputari
2398 3330 2690 3396 factiones,
2735 3332 2844 3383 hoc
2892 3336 2977 3383 est
3019 3331 3269 3384 diversas
3315 3336 3504 3398 partes
3561 3331 3799 3384 veritati

2096 3400 2227 3455 ﬁdei
2295 3406 2697 3470 repugnantes.
2762 3402 3036 3455 Observat
3098 3400 3442 3453 Hatramnus
3498 3417 3665 3454 num.
3736 3404 3790 3453 tt

2096 3478 2274 3525 totam
2306 3473 2452 3524 hanc
2483 3472 2924 3524 controversiam
2954 3488 3075 3524 esse
3112 3470 3259 3524 inter
3278 3472 3473 3524 ﬁdeles
3507 3476 3797 3524 exortam.

2097 3542 2227 3607 Sed,
2274 3550 2563 3611 utcunque
2611 3558 2700 3594 res
2744 3542 2834 3604 sit,
2877 3558 3007 3595 cum
3060 3546 3395 3611 Anonymus
3439 3541 3802 3595 Cellotianus

2098 3613 2339 3681 scriptor
2366 3614 2440 3665 sit
2465 3613 2775 3665 humillimi
2806 3612 3026 3681 ingenii
3052 3617 3105 3664 et
3138 3613 3348 3665 nullius
3379 3613 3595 3677 meriti,
3629 3613 3804 3680 cujus

2098 3684 2422 3736 testimonio
2478 3684 2735 3736 solitario
2812 3683 3014 3735 nititur
3083 3682 3376 3751 persuasio
3436 3699 3635 3735 eorum
3694 3684 3802 3753 qui

2098 3754 2471 3807 Ratramnum
2551 3760 2608 3807 et
2665 3752 3024 3806 Paschasium
3090 3756 3238 3805 inter
3307 3770 3365 3805 se
3425 3752 3805 3822 depraaliatos

2096 3825 2271 3877 fuisse
2313 3824 2419 3876 sibi
2469 3824 2714 3893 ﬁngunt,
2773 3829 2891 3876 tota
2945 3825 3066 3877 haec
3117 3823 3501 3876 controversia
3548 3824 3805 3876 faciliter

2099 3895 2293 3948 dirimi
2348 3899 2537 3964 potest
2590 3910 2652 3946 ex
2724 3894 2965 3947 lectione
3024 3898 3304 3964 accurata,
3338 3894 3620 3947 librorum
3683 3895 3804 3947 Ra-

2098 3963 2649 4031 tramnifPaschasii
2691 3970 2747 4017 et
2776 3966 3063 4033 Anonymi
3112 3963 3429 4031 Cellotiani,
3481 3980 3551 4017 ex
3581 3965 3807 4035 quibus

2097 4040 2456 4105 perspectum
2518 4035 2747 4088 habebit
2807 4037 2981 4087 lector
3031 4036 3201 4087 istum
3253 4039 3622 4103 Anonymum
3692 4052 3807 4088 nec

2100 4106 2397 4159 Ratramni
2456 4110 2704 4158 mentem
2763 4121 2863 4157 nec
2920 4106 3203 4158 Paschasii
3259 4111 3582 4158 assecutum
3646 4122 3799 4159 esse.

2102 4176 2399 4229 Enimvero
2450 4192 2578 4228 cum
2628 4181 2960 4244 Anonymus
2998 4192 3114 4228 non
3159 4176 3633 4229 animadverterit
3683 4177 3807 4229 Ra-

2100 4252 2386 4298 tramnum
2422 4262 2718 4315 nunquam
2753 4261 2962 4315 negare
2994 4262 3200 4313 corpus
3248 4247 3317 4299 de
3365 4246 3541 4299 Maria
3588 4252 3806 4300 natum

2101 4318 2331 4385 Virgine
2381 4317 2440 4369 in
2491 4316 2843 4371 Eucharistia
2886 4317 3145 4384 reperiri,
3195 4317 3290 4369 sed
3345 4318 3529 4369 solum
3578 4334 3609 4368 a
3659 4334 3809 4370 cor-

2098 4404 2236 4457 pore
2264 4388 2417 4456 quod
2464 4387 2788 4440 celebratur
2826 4387 2884 4439 in
2926 4387 3166 4439 Ecclesia
3207 4387 3457 4452 differre,
3498 4388 3721 4441 scilicet
3777 4407 3809 4441 a

306 4468 422 4526 non
452 4452 805 4526 signiﬁcasse
828 4452 1088 4507 naturam
1130 4464 1225 4509 aut
1254 4452 1685 4525 proprietatem,
1727 4452 1986 4526 sed—spe-
2028 4471 2071 4524 Β
2101 4452 2338 4525 corpore
2384 4460 2749 4525 nuncupativo
2781 4459 2884 4509 sub
2931 4473 3044 4526 quo
3084 4457 3364 4510 occulitur
3412 4464 3471 4510 et
3517 4457 3658 4511 latet
3700 4475 3807 4512 ve-

306 4523 451 4575 ciem
513 4524 1143 4599 et_manifestationem
1212 4523 1574 4599 exteriorem.
1640 4523 1989 4599 Supervaca—

305 4609 480 4666 neum
525 4593 706 4663 igitur
750 4599 835 4666 est
883 4596 990 4649 sibi
1039 4596 1257 4666 tingere
1306 4598 1668 4652 Paschasium
1718 4593 1990 4653 adversus

305 4664 680 4717 Ratramnum
714 4664 1000 4734 scripsisse
1042 4668 1105 4719 in
1134 4664 1236 4721 suo
1273 4669 1341 4721 ad
1377 4674 1631 4722 sanctum
1666 4671 1988 4723 Matthaeum

306 4734 727 4789 Commentario
776 4736 835 4788 in
888 4752 1012 4805 cap.
1044 4753 1188 4800 XXVI,
1231 4745 1286 4792 et
1317 4739 1691 4793 Ratramnum
1730 4756 1889 4793 num.
1925 4745 1990 4794 56

307 4805 840 4877 aliudintellexisse
878 4823 980 4875 per
1005 4811 1232 4875 speciem
1270 4826 1442 4877 quam
1476 4810 1992 4864 manifestationem

306 4876 666 4937 exteriorem,
692 4878 829 4930 dum
855 4878 931 4929 ait
955 4894 966 4929 :
995 4896 1022 4927 «
1055 4879 1180 4931 Non
1209 4876 1390 4947 specie
1413 4896 1658 4943 carnem,
1685 4882 1779 4934 sed
1807 4897 1990 4933 sacra-

307 4951 533 5011 mento;
583 4947 693 4999 hoc
738 4963 871 4999 vero
910 4964 1023 5016 quo
1053 4964 1204 5002 nunc
1247 4949 1685 5004 similitudinem
1736 4951 1889 5004 illius
1932 4952 1992 5004 in

306 5016 575 5083 mysterio
614 5018 895 5089 continet,
935 5034 1066 5089 non
1115 5020 1185 5072 sit
1232 5021 1417 5089 specie
1470 5037 1618 5085 caro,
1677 5022 1776 5075 sed
1809 5038 1991 5074 sacra-

305 5092 521 5161 mento.
553 5108 580 5161 >3
614 5087 755 5139 Nam
792 5088 1109 5161 continenti
1141 5087 1400 5144 sermone
1451 5092 1692 5161 explicat
1740 5096 1991 5145 mentem

306 5162 363 5208 et
388 5156 745 5231 abundanter
774 5158 1111 5231 testiﬁcatur
1149 5177 1206 5214 se
1244 5178 1344 5231 per
1373 5156 1599 5230 speciem
1647 5162 1992 5216 intellexisse

306 5227 737 5303 patefactionem
769 5228 1106 5282 exteriorem
1138 5227 1303 5299 pan-is
1337 5227 1415 5284 et-
1437 5233 1552 5285 vini
1597 5234 1702 5286 sub
1751 5249 1883 5303 qua,
1936 5233 1992 5286 id

306 5304 391 5375 est
419 5298 481 5375 in
518 5298 1152 5375 sacramentouverum
1182 5319 1388 5375 corpus
1410 5310 1488 5375 _et
1510 5304 1752 5375 sanguis
1768 5298 1992 5375 'Cbristi

305 5368 549 5446 existere
597 5368 782 5422 docet.
843 5391 870 5446 «ς
898 5369 1216 5440 Siquidem,
1260 5368 1468 5446 inquit,
1504 5374 1565 5446 in
1611 5368 1796 5446 s'pecie
1828 5374 1993 5444 panis

304 5441 406 5513 est,
450 5441 511 5513 in
554 5444 909 5513 sacramento
946 5456 1144 5494 verum
1181 5441 1385 5513 corpus
1416 5441 1659 5511 Christi;
1688 5441 1847 5498 sicut
1872 5445 1991 5513 ipse

303 5507 551 5581 clamat:
604 5511 720 5563 Hoc
738 5515 833 5581 est
877 5526 1083 5581 corpus
1113 5507 1323 5567 meum.
1360 5533 1387 5563 ν
1443 5507 1638 5568 Ροτιιὰ
1665 5515 1745 5567 sic
1789 5507 1991 5568 stanti-

303 5578 410 5632 bus
456 5579 752 5652 Batramni
792 5578 994 5648 rebus;
1017 5598 1190 5652 quam
1222 5600 1522 5652 perperam
1554 5586 1831 5638 exclamat
1873 5584 1990 5638 dis-

302 5653 542 5703 sertator
587 5651 961 5704 Ratramnum
1008 5651 1050 5703 ((7
1083 5651 1409 5706 cum’larvis
1462 5655 1684 5719 luctari,
1721 5677 1741 5701 ι
1779 5660 1832 5708 et
1862 5656 1943 5707 ait
1976 5670 1988 5707 :

306 5741 328 5765 ει
365 5720 499 5783 Quis
547 5720 988 5791 Christicorpus
1037 5738 1159 5776 esse
1195 5724 1539 5791 aspectabile
1583 5726 1643 5777 in
1683 5740 1780 5777 ara
1811 5725 1990 5778 dixit?

298 5794 388 5844 An
436 5792 671 5847 Patrum
718 5792 1064 5847 testimoniis
1117 5792 1173 5847 id
1224 5794 1513 5848 somnium
1579 5795 1991 5849 confutandam

2098 4544 2228 4580 rum
2258 4544 2462 4597 corpus
2487 4545 2499 4581 :
2524 4544 2653 4580 cum
2676 4528 2847 4580 etiam
2878 4529 3218 4581 Ratramnns
3238 4533 3409 4597 neget
3430 4528 3621 4580 solum
3655 4530 3810 4583 illud

2099 4614 2306 4666 corpus
2364 4599 2814 4667 nuncupativum
2872 4614 2990 4651 esse
3046 4598 3114 4651 de
3175 4597 3347 4650 Maria
3411 4603 3637 4663 natum,
3695 4602 3808 4653 iste

2098 4672 2432 4738 Anonymus
2490 4668 2598 4721 sibi
2649 4668 2933 4739 persuasit
2982 4669 3367 4732 Paschasium,
3422 4669 3520 4737 qui
3592 4673 3810 4724 asserit

2100 4755 2297 4792 verum
2327 4755 2534 4807 corpus
2567 4740 2635 4792 de
2686 4739 2859 4792 Maria
2907 4743 3103 4791 natum
3153 4755 3273 4791 esse
3320 4739 3380 4791 in
3410 4739 3805 4805 Eucharistia,

2101 4814 2157 4862 et
2186 4810 2582 4875 Ratramnum,
2614 4810 2712 4879 qui
2743 4814 2915 4877 negat
2953 4825 3157 4878 corpus
3185 4811 3644 4877 nuncupativum
3678 4827 3807 4864 esse

2101 4880 2170 4933 de
2208 4879 2375 4933 Maria
2407 4885 2630 4946 natum,
2662 4879 2770 4931 sibi
2798 4879 3041 4932 invicem
3081 4895 3200 4932 esse
3230 4880 3549 4931 contrarios
3598 4898 3610 4932 :
3668 4899 3806 4935 cum

2100 4966 2317 5011 revera,
2370 4952 2553 5019 posita
2604 4950 2969 5003 distinctione
3031 4951 3285 5019 corporis
3321 4954 3693 5018 nuncupatim
3752 4960 3812 5005 et

2099 5022 2233 5086 veri,
2289 5037 2386 5073 seu
2432 5021 2683 5090 corporis
2726 5020 2846 5073 veri
2891 5020 3099 5073 occulti
3140 5020 3243 5072 sub
3283 5020 3487 5072 umbra
3535 5024 3810 5090 corporis

2100 5092 2350 5161 ﬁgurati,
2384 5090 2624 5145 faciliter
2664 5090 2953 5144 conciliari
2984 5096 3040 5142 et
3067 5090 3133 5144 ad
3175 5090 3537 5142 concordiam
3590 5094 3809 5145 adduci

2099 5162 2342 5231 possint.
2402 5162 2563 5224 Quod
2620 5162 2699 5215 ait
2748 5161 3075 5215 dissertator
3130 5161 3505 5231 Batramnum
3575 5162 3810 5216 demul.

2101 5229 2266 5286 cendi
2301 5233 2483 5298 gratia
2512 5232 2710 5285 ﬁdeles
2738 5231 3098 5301 azquabiliter
3127 5229 3438 5302 appellasse
3486 5232 3809 5302 utriusque

2101 5303 2388 5372 opinionis
2420 5308 2707 5371 patronos,
2742 5300 2857 5354 sive
2888 5305 3204 5354 asserentes
3232 5300 3425 5353 omnia
3443 5318 3569 5354 esse
3598 5300 3810 5371 aperta

2101 5380 2159 5427 et
2204 5373 2525 5438 manifesta,
2582 5372 2694 5425 sive
2743 5373 2991 5441 aliquam
3040 5387 3161 5424 esse
3212 5372 3455 5440 ﬁguram
3500 5372 3561 5425 in
3609 5389 3808 5429 sacra-

2101 5450 2293 5498 mento
2323 5443 2574 5513 corporis
2607 5443 2761 5513 quod
2803 5458 2900 5495 ore
2930 5442 3184 5495 ﬁdelium
3225 5443 3283 5494 in
3324 5442 3574 5495 Ecclesia
3616 5446 3809 5498 sumi-

2099 5520 2218 5579 tur;
2249 5514 2392 5567 nihil
2421 5514 2603 5583 magis
2626 5530 2658 5566 a
2683 5528 2855 5567 sensu
2886 5513 3179 5565 communi
3207 5512 3510 5565 hominum
3536 5513 3809 5569 alienum

2101 5600 2221 5638 esse
2261 5584 2517 5637 videtur:
2571 5584 2785 5653 quippe
2815 5598 2942 5635 cum
2986 5584 3150 5653 jussu
3180 5583 3546 5651 imperatoris
3588 5600 3808 5643 consu-

2101 5654 2269 5708 lentis
2316 5654 2661 5723 respondere
2706 5659 3021 5718 teneretur,
3073 5658 3128 5706 et
3174 5654 3326 5707 inter
3369 5653 3674 5708 haereticos
3712 5674 3808 5710 re-

2100 5740 2329 5778 censere
2357 5740 2500 5793 quos
2530 5740 2596 5777 ex
2622 5739 2821 5776 eorum
2854 5740 3095 5777 numero
3120 5723 3395 5792 cooptari,
3429 5740 3493 5777 ΕΚ
3525 5726 3808 5781 omnium

2099 5794 2511 5849 catholicorum
2551 5793 2843 5864 suffragio,
2893 5794 2942 5847 si
2980 5809 3176 5848 revera
3217 5794 3510 5864 negabant
3537 5811 3807 5864 praisen-
