3890 6230
152 304 251 354 213

872 301 1325 358 D‘ISSERTATIO
1363 305 1431 358 IN
1475 307 1599 359 LIB.
1644 306 1732 361 DE
1772 308 2099 364 CORPORE
2143 310 2231 364 ET
2270 309 2618 366 SANGUINE
2660 310 2924 365 DOMINI.

3541 312 3645 364 214

149 431 285 521 tiam
329 433 591 501 corporis
649 432 859 521 Christi
900 433 962 487 in
1010 434 1362 488 Eucharistia
1391 452 1583 490 veram
1628 442 1684 491 et
1724 454 1838 493 rea-
1880 446 1924 495 Α
1950 440 2124 521 factas
2158 441 2350 521 fuisse,
2383 446 2637 521 tempore
2677 442 3038 512 pontiﬁcatus
3072 440 3279 521 Gelasii
3310 445 3440 521 aut.
3454 440 3642 521 sancti

148 503 279 563 lem,
309 518 542 555 necesse
575 512 715 558 erat.

215 574 386 648 XLII.‘
417 576 663 627 Primum
722 579 799 627 est
859 574 1003 642 quod
1056 578 1305 648 mysterii
1335 577 1590 631 vocabulo
1638 595 1841 648 praepo-

143 648 279 695 stere
332 644 597 697 abutatur
631 661 643 698 :
700 660 848 698 num.
887 648 1026 698 enim
1071 649 1157 709 73,
1192 646 1281 712 7i,
1307 652 1357 699 et
1383 650 1450 701 98
1479 644 1675 715 panem
1724 644 1839 703 con-

143 720 406 788 secratum
438 730 550 768 esse
574 718 888 781 mysterium
920 715 1087 779 docet,
1141 721 1253 769 tum
1306 721 1544 785 corporis
1603 723 1659 771 in
1734 738 1838 788 quo

143 783 367 837 Chistus
394 792 475 856 est
527 791 709 850 natus,
756 790 868 838 tum
916 790 1155 853 corporis
1211 783 1477 854 Ecclesiae,
1518 790 1661 856 quod
1718 783 1838 844 ma—

137 856 290 908 xime
314 855 603 910 abhorrere
631 872 665 909 a
694 872 816 909 vero
836 858 1022 910 multis
1050 857 1381 912 documentis
1416 855 1691 914 evicimus.

835 977 1150 1015 RBSPONSIO.

212 1048 322 1100 Nec
372 1049 431 1101 in
487 1048 574 1101 bis
622 1048 878 1101 numeris
928 1064 1031 1101 nec
1095 1050 1234 1102 alibi
1279 1053 1625 1105 Italramnus
1672 1053 1835 1107 docet

133 1134 331 1201 panem
379 1125 899 1201 consecratum-esse
948 1123 1282 1201 mysterium,
1330 1123 1732 1201 sed_tiguram_
1777 1132 1834 1178 et

136 1188 331 1260 velum
371 1189 523 1258 quod
557 1189 809 1259 contegit
848 1195 905 1242 et
935 1191 1141 1243 occulit
1172 1208 1376 1260 corpus
1403 1188 1630 1246 Christi.
1679 1194 1831 1248 Idem

136 1258 333 1341 docuit
391 1258 1009 1341 Iiaschasius’i‘nﬁnitis
1068 1258 1572 1341 locist—speciatim
1628 1280 1748 1333 cap.
1798 1268 1831 1319 4

138 1329 267 1382 libri
300 1331 371 1382 de
397 1332 650 1397 (torpore
674 1336 729 1382 et
770 1330 1059 1400 Sanguine
1093 1329 1326 1385 Domini
1363 1334 1560 1386 Ilalmo
1595 1329 1829 1388 Hal—ber-

137 1400 422 1473 statensis,
457 1416 631 1469 quem
662 1401 934 1473 adversus
956 1401 1108 1454 hunc
1146 1403 1443 1456 Ratramni
1473 1405 1659 1457 locum
1692 1421 1830 1473 pro-

137 1470 645 1543 fertdissertator,
678 1471 821 1543 nihil
863 1471 916 1523 ei
963 1474 1313 1543 contrarium
1357 1480 1454 1527 aut
1500 1470 1827 1543 repugnans

134 1540 291 1612 dicit,
328 1541 444 1593 imo
494 1557 627 1594 vero
670 1542 831 1595 valde
853 1541 1135 1612 propitius
1190 1550 1276 1597 est
1338 1544 1396 1597 in
1456 1540 1699 1597 tractatu
1756 1547 1825 1599 de

135 1611 386 1683 Corpore
418 1617 474 1663 et
495 1612 783 1683 Sanguine
814 1611 1064 1675 Domini,
1096 1629 1267 1682 quem
1294 1614 1665 1683 publicijuris
1696 1617 1827 1668 fecit

132 1682 497 1735 doctissimus
559 1682 874 1735 monachus
938 1683 1184 1736 domnus
1242 1683 1417 1737 Lucas
1494 1682 1822 1739 d'Acherius

136 1758 293 1805 torno
326 1752 763 1826 XIISpicilegii,
797 1769 927 1826 pag.
957 1756 1046 1817 ‘28,
1078 1753 1137 1805 in
1170 1770 1287 1826 quo
1321 1755 1438 1808 haec
1469 1757 1661 1819 verba,
1691 1773 1818 1826 quas

130 1839 361 1875 sensum
417 1824 715 1876 Hatramni
763 1824 999 1876 miriﬁce
1058 1824 1358 1892 explicant,
1411 1826 1523 1887 legi
1558 1824 1816 1893 possunt.

134 1915 160 1941 (ι
203 1894 265 1946 In
297 1909 413 1963 quo
465 1894 714 1967 quidem
754 1894 957 1946 Christi
988 1910 1225 1963 corpore
1255 1903 1311 1948 et
1358 1899 1638 1967 sanguine
1686 1914 1824 1967 pro-

133 1969 256 2035 pter
302 1963 659 2016 sumentium
703 1964 1001 2035 horrorem
1034 1981 1203 2034 sapor
1255 1965 1419 2034 panis
1467 1963 1524 2020 et
1553 1963 1824 2022 vini—re-

134 2034 371 2108 manent
422 2040 479 2085 et
526 2035 731 2108 ﬁgura,
766 2034 1214 2108 substantiarum
1260 2043 1465 2108 natura
1501 2037 1558 2089 in
1596 2054 1823 2108 corpus

133 2104 338 2159 Christi
370 2110 428 2157 et
458 2104 797 2173 sanguinem
829 2104 1063 2157 omnino
1102 2122 1391 2159 conversa.
1427 2106 1535 2160 Sed
1557 2104 1823 2162 aliud—re-

135 2176 402 2227 nuntiant
430 2190 635 2227 sensus
668 2174 873 2238 carnis,
905 2175 1059 2228 aliud
1093 2176 1382 2229 renuntiat
1409 2177 1548 2229 ﬁdes
1575 2179 1817 2232 mentis:

136 2244 543 2317 sensusgcarnis
567 2244 708 2297 nihil
735 2245 887 2298 aliud
907 2247 1238 2298 renuntiare
1252 2250 1488 2317 possunt
1508 2264 1680 2317 quam
1694 2266 1822 2302 sen-

132 2316 298 2379 tiunt,
333 2315 661 2368 intellectus
691 2322 883 2367 autem
914 2317 1122 2369 mentis
1147 2322 1204 2369 et
1235 2315 1374 2370 ﬁdes
1402 2315 1591 2371 veram
1616 2320 1822 2373 Christi

133 2401 369 2438 carnem
400 2390 457 2437 et
486 2385 825 2454 sanguinem
857 2388 1150 2439 renuntiat
1175 2392 1230 2440 et
1258 2386 1581 2441 conﬁtetur.
1622 2411 1643 2437 ι

197 2456 381 2509 XLIII.
458 2457 563 2509 Nec
635 2471 757 2509 vero
828 2460 1246 2523 patrocinantur
1318 2460 1824 2525 pseudo-Ratramni

130 2529 302 2579 errori
360 2528 631 2580 orationes
683 2528 1050 2580 ecclesiasticae
1127 2528 1247 2582 duae
1292 2543 1434 2596 quas
1486 2530 1577 2583 ille
1632 2533 1825 2584 recitat

130 2614 275 2649 num.
310 2599 380 2650 85
412 2602 463 2649 et
492 2598 581 2649 88.

822 2682 1132 2721 RESPONSIO.

202 2756 279 2807 De
340 2755 434 2808 his
482 2753 836 2827 orationibus
888 2754 1311 2827 Ecclesiaaqjam
1341 2756 1591 2810 diximus
1650 2774 1822 2827 supra

128 2826 195 2879 ad
226 2825 672 2897 explicationem
704 2824 959 2893 epistola:
998 2825 1333 2897 Asceliniad
1379 2824 1815 2897 Berengariu'm;

127 2912 243 2949 non
278 2898 393 2949 alio
438 2895 679 2947 consilio
738 2912 831 2948 eas
889 2896 1141 2964 prodidit
1197 2895 1703 2951 Ratramnusnisi
1760 2907 1822 2952 ut

128 2967 469 3035 opinionem
520 2981 720 3018 eorum
778 2966 1070 3038 frangeret
1118 2968 1217 3035 qui
1269 2968 1375 3020 sibi
1423 2976 1821 3038 persuaserant

129 3037 329 3090 omnia
380 3053 502 3089 esse
534 3042 731 3104 aperta
760 3042 815 3089 et
861 3036 921 3088 in
966 3042 1267 3106 prospectu
1297 3036 1568 3092 sensuum
1604 3043 1661 3092 et
1690 3056 1822 3094 ocu-

128 3109 317 3161 lorum
347 3106 408 3159 in
444 3106 806 3169 Eucharistia,
857 3108 1028 3159 nullis
1076 3108 1295 3161 umbris
1333 3114 1431 3161 aut
1491 3109 1688 3175 ﬁguris
1727 3111 1826 3163 ob-

130 3179 312 3233 velata
346 3194 359 3229 :
396 3178 611 3246 quippe
628 3192 757 3229 cum
782 3177 869 3229 his
895 3178 1288 3246 rogationibus
1316 3184 1607 3248 peteretur
1639 3198 1669 3232 a
1714 3182 1825 3234 Deo

130 3256 186 3301 ut
220 3248 371 3317 quod
412 3250 469 3300 in
514 3250 751 3316 imagine
799 3248 1159 3315 contingimus
1209 3252 1536 3303 sacramenti
1590 3253 1823 3317 manife-

130 3326 213 3373 sta
246 3323 352 3371 aut
402 3320 768 3382 manifestata
810 3320 1233 3386 participatione
1290 3335 1585 3385 sumamus,
1616 3326 1677 3374 ut
1710 3337 1827 3390 qua:

129 3406 270 3442 nunc
317 3392 494 3457 specie
527 3391 781 3455 gerimus,
827 3403 1009 3441 rerum
1038 3393 1262 3443 veritate
1308 3393 1607 3458 capiamus,
1639 3391 1695 3444 id
1743 3398 1828 3445 est

129 3462 592 3525 manifestatione,
627 3460 746 3511 haec
777 3459 931 3530 enim
962 3475 1065 3512 vox
1114 3462 1486 3525 manifestatio
1517 3462 1659 3530 stylo
1716 3464 1823 3516 Ra-

128 3530 341 3583 tramni
400 3546 535 3601 voce
589 3530 836 3582 ueritatis
877 3529 1269 3601 signiﬁcatur,
1321 3538 1385 3584 ut
1442 3529 1613 3601 supra
1656 3538 1711 3585 et
1767 3533 1825 3585 in

130 3600 473 3670 praefatione
508 3599 1042 3653 demonstravimus.
1076 3601 1163 3655 Sic
1192 3601 1258 3654 ad
1307 3599 1825 3655 manifestationem

129 3670 571 3741 significandam
611 3672 1018 3741 vocegveritatis
1050 3687 1184 3724 usus
1227 3676 1312 3723 est
1361 3674 1558 3725 beatus
1590 3674 1827 3741 Algerus

132 3739 226 3795 lib.
264 3759 277 3794 ι
314 3742 385 3794 de
443 3739 820 3812 Eucharistia,
853 3756 976 3810 cap.
1013 3744 1041 3793 5
1078 3758 1090 3794 :
1133 3761 1160 3791 α
1207 3742 1383 3802 Unde,
1414 3743 1621 3812 inquit,
1654 3739 1825 3796 etiam

128 3814 184 3865 in
214 3813 334 3865 ﬁne
383 3811 685 3879 cujusdam
727 3810 914 3863 missas
963 3816 1161 3865 oratur
1191 3818 1247 3865 et
1298 3810 1512 3865 dicitur
1528 3830 1540 3866 :
1576 3834 1603 3861 ››
1652 3816 1827 3878 Per/i—

130 3886 276 3936 ciant
330 3885 388 3935 in
443 3881 614 3945 nobis,
676 3882 916 3947 Domine,
963 3897 1287 3948 quaesumus,
1332 3889 1673 3938 sacramenta
1735 3889 1829 3937 tua

133 3954 273 4020 quod
303 3953 603 4016 continent,
654 3958 712 4004 ut
744 3952 887 4019 quod
931 3967 1071 4005 nunc
1128 3957 1301 4021 specie
1328 3957 1585 4019 gerimus,
1646 3970 1829 4007 rerum

131 4027 358 4103 veritate
395 4025 729 4103 capiamus._
760 4023 1011 4103 Postulat
1055 4024 1269 4103 quippe
1300 4025 1577 4103 sacerdos
1610 4032 1677 4103 ut
1702 4041 1823 4078 cor-

133 4110 235 4163 pus
296 4092 528 4155 Christi,
580 4093 731 4164 quod
782 4093 887 4164 sub
936 4092 1122 4162 specie
1158 4092 1343 4164 'panis
1397 4100 1453 4148 et
1507 4094 1623 4148 vini
1675 4112 1828 4149 nunc

133 4162 374 4233 geritur.
413 4163 715 4235 manifesta
754 4162 993 4235 visione,
1053 4162 1198 4217 sicut
1247 4181 1444 4217 revera
1489 4171 1590 4231 est,
1644 4182 1825 4235 quan-

136 4238 317 4304 doque
357 4233 645 4304 capiatur;
681 4233 751 4286 de
789 4248 902 4303 qua
941 4234 1157 4288 visione
1206 4236 1503 4289 docuimus
1549 4236 1607 4288 in
1651 4233 1826 4289 Evan-

136 4303 282 4374 gelia
332 4303 645 4357 secundum
675 4305 992 4370 Joannem:
1029 4308 1134 4374 ()ui
1185 4306 1370 4373 diligit
1413 4322 1513 4371 me,
1565 4306 1826 4374 diligetur

137 4392 168 4427 a
213 4378 376 4429 Patre
431 4390 566 4439 meo,
612 4378 661 4426 et
692 4374 923 4437 diligam
970 4390 1087 4428 eum
1136 4380 1186 4428 et
1233 4377 1596 4441 manifestabo
1626 4380 1674 4429 ei
1718 4393 1825 4430 me-

1949 510 2205 578 Gregorii
2236 511 2445 581 Magni,
2473 510 2533 566 in
2555 510 2801 581 quorum
2833 511 3293 566 sacramentariis
3339 512 3634 565 codicibus

1948 582 2329 653 reperiuntur,
2348 582 2552 653 nullibi
2576 599 2707 636 vero
2728 583 2788 636 in
2810 583 3079 651 operibus
3100 583 3276 635 sancti
3297 583 3641 653 Augustini?

1948 653 2076 733 Illac
2095 652 2557 733 adeo_imbecilla
2588 659 2719 733 sunt
2748 658 2810 733 ut
2858 652 3231 732 responsione
3264 669 3378 706 non
3410 659 3633 733 egeant.

1948 723 2069 775 Non
2106 724 2506 791 optabiliorem
2539 724 2711 777 habet
2741 724 3077 777 dissertator
3110 724 3325 777 exitum
3355 740 3419 776 ex
3452 723 3635 776 inter-

1944 793 2262 861 pretatione
2286 810 2459 862 quam
2487 794 2649 847 alteri
2674 795 2804 846 huic
2830 794 3072 847 orationi
3091 794 3327 847 inducit.
3347 796 3635 862 Perficiant

1942 865 2000 916 in
2054 865 2225 928 nobis,
2284 867 2518 929 Domine,
2577 880 2902 932 quaesumus,
2950 870 3045 917 tua
3098 870 3436 918 sacramenta
3489 865 3634 931 quod

1941 936 2211 987 continent
2247 951 2258 987 :
2287 940 2343 988 ut
2384 950 2503 1002 quae
2544 950 2683 988 nunc
2713 937 2885 1003 specie
2915 937 3170 1000 gerimus,
3197 950 3375 987 rerum
3407 938 3633 987 veritate

1941 1007 2239 1072 capiamus.
2276 1004 2573 1058 Contendit
2595 1005 2751 1058 enim
2802 1005 3105 1059 obﬁrmato
3136 1010 3362 1074 pectore
3402 1020 3631 1058 sensum

1942 1074 2110 1143 hujus
2132 1075 2407 1128 orationis
2443 1092 2555 1128 non
2576 1075 2803 1129 differre
2833 1094 2863 1128 a
2902 1092 3067 1129 sensu
3122 1074 3352 1128 alterius
3383 1074 3469 1126 his
3499 1090 3628 1127 ver-

1939 1144 2025 1197 bis
2054 1151 2342 1215 conceptaa
2384 1151 2643 1215 tempore
2692 1146 2972 1199 Paschasii
3000 1163 3011 1199 :
3038 1147 3305 1214 Spiritum
3332 1146 3482 1198 nobis
3527 1150 3631 1198 tua:

1937 1216 2227 1269 charitatis
2275 1218 2522 1281 infame,
2557 1222 2613 1269 ut
2668 1233 2797 1283 quos
2854 1218 3207 1270 sacramentis
3270 1215 3625 1268 Paschalibus

1936 1288 2176 1349 satiasti,
2205 1290 2299 1339 tua
2326 1288 2504 1349 facias
2533 1291 2733 1354 pietate
2763 1287 3063 1340 concordes.
3100 1287 3223 1338 Non
3252 1285 3481 1339 difﬁcile
3515 1301 3629 1337 ma-

1936 1355 2023 1423 gis
2083 1358 2350 1423 probaret
2400 1358 2673 1425 liymnuin
2723 1359 2790 1410 Te
2848 1360 3010 1411 Deum
3062 1356 3349 1409 laudamus
3413 1356 3621 1409 habere

1935 1427 2199 1480 eumdem
2230 1443 2457 1480 sensum
2487 1444 2615 1480 cum
2642 1429 2859 1496 psalmo
2882 1430 2953 1480 De
2981 1427 3275 1495 profundis
3304 1443 3408 1480 cxx.

2006 1497 2180 1551 XLIV.
2244 1498 2472 1550 Dissert.
2529 1513 2639 1567 pag
2686 1500 2809 1561 295,
2854 1498 2989 1551 edit.
3041 1498 3346 1550 Amstelod.
3390 1501 3446 1549 et
3503 1498 3622 1549 I88.

1935 1568 2067 1620 edit.
2104 1567 2281 1619 Paris.
2342 1569 2597 1620 Perversa
2646 1569 2753 1621 haec
2802 1569 3047 1635 mysterii
3076 1569 3332 1635 acceptio,
3388 1567 3619 1621 Pseudo-

1934 1640 2286 1691 Ratrmnnum
2310 1640 2572 1701 transfert
2642 1640 2695 1690 in
2752 1654 2869 1691 eum
2920 1640 3257 1703 sententiam,
3292 1642 3351 1690 ut
3409 1639 3621 1704 passim

1932 1710 2156 1773 afﬁrmet
2189 1722 2380 1775 corpus
2422 1708 2649 1771 Christi,
2680 1708 2823 1775 quod
2870 1713 2946 1761 est
2977 1710 3035 1760 in
3066 1709 3254 1775 altari,
3294 1723 3487 1773 magno
3531 1707 3616 1759 di-

1861 1788 1900 1840 B
1932 1783 2078 1831 stare
2109 1779 2391 1831 intervallo
2422 1780 2489 1830 ab
2526 1794 2581 1831 eo
2610 1780 2667 1830 in
2696 1794 2797 1845 quo
2830 1778 3072 1832 Christus
3104 1783 3262 1830 natus
3293 1783 3368 1830 est
3400 1794 3411 1830 :
3445 1792 3616 1845 quan-

1932 1853 2046 1901 tum
2078 1850 2219 1900 inter
2266 1851 2481 1913 signum
2510 1851 2609 1912 rei,
2652 1850 2873 1914 scilicet,
2896 1854 2944 1902 et
2986 1864 3095 1901 rem
3131 1850 3496 1916 signiﬁcatam
3523 1846 3613 1899 de-

1934 1918 2018 1972 bet
2047 1918 2336 1972 discrimen
2358 1922 2629 1972 interesse.

2615 2039 2933 2078 RESPONSIO.

2006 2129 2116 2182 Nec
2142 2143 2351 2180 vanum
2384 2144 2485 2180 nec
2530 2142 2855 2196 perversam
2910 2125 3445 2195 interpretationem
3495 2125 3616 2177 voci

1930 2200 2177 2266 mysterii
2205 2198 2426 2251 inducit
2464 2199 2844 2251 Ratramnus:
2880 2202 3073 2267 aperte
3101 2202 3159 2250 et
3203 2197 3351 2249 clare
3384 2211 3612 2249 sensum

1932 2285 2097 2322 suum
2133 2269 2375 2337 explicat
2403 2284 2644 2321 numero
2677 2271 2727 2331 9,
2787 2267 2877 2320 cui
2923 2267 3129 2321 addere
3171 2268 3257 2319 vel
3314 2266 3613 2337 detrahere

1930 2340 2245 2409 quidquam
2278 2338 2550 2393 horribile
2573 2343 2656 2390 est
2685 2344 2740 2391 et
2763 2338 3301 2409 pertimescendum.
3330 2357 3356 2385 ‹‹
3379 2336 3435 2391 Si
3456 2337 3613 2409 nulla

1932 2406 2035 2463 sub
2069 2406 2254 2478 ﬁgura
2276 2409 2607 2479 mysterium
2628 2406 3103 2479 illudperagitur,
3132 2413 3254 2479 tum
3281 2406 3616 2479 mysterium

1933 2496 2045 2533 non
2090 2477 2239 2532 recte
2286 2477 2584 2532 vocitatur.
2636 2477 3304 2545 Quoniam'mysterium
3353 2477 3463 2530 dici
3510 2493 3622 2529 non

1930 2555 2118 2620 potest
2143 2550 2204 2603 in
2233 2566 2347 2619 quo
2380 2549 2522 2603 nihil
2555 2555 2639 2620 est
2659 2548 2946 2620 abditum,
2983 2548 3126 2620 nihil
3157 2563 3189 2600 a
3222 2546 3621 2615 corporalibus

1932 2618 2198 2698 sensibus
2212 2618 2519 2698 remotum,
2545 2619 2689 2671 nihil
2712 2618 2906 2698 aliquo
2922 2618 3202 2697 velamine
3229 2623 3625 2695 contectum._»

1931 2692 2065 2755 Quis
2099 2691 2155 2743 in
2184 2690 2273 2745 his
2295 2690 2548 2743 veritatis
2572 2688 2926 2757 amplissima
2956 2688 3197 2757 vestigia
3232 2704 3349 2741 non
3394 2688 3624 2757 perspi-

1930 2762 2077 2815 ciat?
2129 2761 2266 2824 Quis
2317 2762 2441 2814 haec
2493 2756 2803 2813 convenire
2856 2756 3225 2812 Eucharistia:
3256 2756 3520 2811 dubitet?
3566 2756 3626 2809 in

1931 2848 2046 2902 qua
2076 2832 2215 2885 ﬁdes
2245 2836 2300 2884 et
2348 2831 2669 2902 intellectus
2714 2830 2999 2902 objectum
3056 2828 3268 2881 habent
3317 2844 3526 2902 corpus
3572 2833 3629 2880 et

1929 2897 2269 2973 sanguinem
2300 2900 2506 2973 Christi
2530 2900 2941 2973 absconditum,
2992 2915 3191 2973 sensus
3237 2914 3396 2973 vero
3426 2897 3623 2951 solita-

1930 2967 2286 3041 rias'species
2318 2972 2481 3041 panis
2512 2976 2567 3023 et
2598 2971 2715 3022 vini
2758 2970 3115 3039 susperstites
3157 2967 3528 3041 perspiciunt,
3564 2975 3627 3041 ut

1934 3038 2135 3096 eodem
2162 3038 2401 3095 nnméro
2434 3045 2465 3095 9
2497 3041 2575 3094 ait
2604 3038 2965 3093 Ratramnus.
3006 3041 3081 3093 De
3112 3039 3334 3109 reliquo
3368 3038 3513 3109 nihil
3540 3039 3623 3092 of-

1861 3106 1899 3159 C
1934 3114 2055 3167 ﬁcit
2078 3113 2300 3181 legibus
2342 3120 2506 3165 rectae
2546 3112 2781 3165 rationis
2813 3116 2911 3163 aut
2945 3106 3292 3181 Christiania
3327 3108 3625 3181 religionis

1935 3179 2315 3237 diﬁ'erentiam
2368 3197 2771 3251 recognoscere
2818 3182 2969 3234 inter
3001 3196 3205 3249 corpus
3239 3179 3444 3233 Christi
3473 3180 3623 3232 vela-

1934 3261 2055 3308 tum
2088 3259 2144 3307 et
2166 3254 2318 3307 idem
2358 3270 2563 3322 corpus
2616 3251 2831 3305 editum
2866 3258 2921 3304 et
2980 3252 3368 3313 manifestum,
3417 3266 3623 3318 corpus

1936 3326 2397 3391 circumscriptive
2445 3321 2695 3376 locatum
2737 3329 2799 3375 ut
2830 3321 3160 3391 phiIOSOphi
3206 3322 3537 3391 loquuntur,
3571 3325 3624 3372 et

1934 3396 2089 3449 idem
2132 3411 2340 3463 corpus
2388 3394 2682 3463 spirituale
2732 3398 2788 3446 et
2826 3393 3104 3453 deﬁnitive
3151 3392 3431 3461 positum.
3494 3392 3621 3463 Hau;

1935 3461 2257 3541 ditl‘erentia
2296 3461 2677 3541 substantiam
2742 3463 3162 3541 cprporis‘n‘on
3241 3467 3473 3541 spectat,
3522 3461 3621 3514 sed

1934 3536 2119 3589 varios
2171 3535 2443 3588 existendi
2490 3536 2708 3587 modos.
2757 3533 2899 3597 Quid
2948 3538 3099 3585 vetat
3158 3533 3398 3585 multam
3442 3547 3620 3601 agno-

1934 3623 2089 3660 scere
2124 3605 2739 3675 discrepantiamrinter
2769 3619 3008 3675 corpora
3059 3607 3253 3675 nostra
3285 3603 3490 3675 vivaiet
3528 3618 3621 3654 ea-

1937 3678 2066 3731 dem
2119 3687 2246 3745 post
2278 3672 2755 3728 resurrectionem
2809 3672 3129 3745 rediviva?“
3169 3672 3437 3745 Nunquid
3476 3688 3621 3745 _non

1934 3741 2175 3817 apostoli
2242 3762 2551 3817 summam_
2608 3747 2962 3817 agnoverunt
3022 3741 3403 3817 diﬁ‘erentiam
3472 3741 3622 3817 inter

1935 3811 2142 3886 corpus
2174 3816 2382 3870 Christi
2402 3814 2724 3886 gloriosum
2768 3820 2825 3866 et
2845 3812 3207 3886 splendidum
3253 3811 3621 3886 die_tra_nsﬁ-

1936 3881 2252 3955 gurationis
2289 3890 2344 3939 et
2397 3881 2549 3939 idem
2595 3900 2796 3953 corpus
2847 3881 3509 3955 diedtransﬁgurationis
3564 3888 3622 3955 et

1935 3952 2133 4012 mortis
2166 3958 2412 4010 lacerum
2463 3961 2519 4008 et
2560 3952 2844 4007 truncum.
2898 3953 3047 4006 Nihil
3092 3952 3274 4005 obstat
3316 3952 3494 4022 igitur
3519 3952 3617 4005 ad-

1936 4030 2163 4083 mittere
2212 4027 2518 4080 discrimen
2578 4031 2635 4078 et
2690 4024 3054 4078 intervallum
3106 4023 3421 4076 maximum
3472 4022 3621 4075 inter

1936 4115 2142 4167 corpus
2190 4097 2395 4153 Christi
2444 4101 2641 4149 natum
2689 4096 2758 4149 de
2787 4094 3317 4167 Virgine,_passum
3365 4097 3420 4167 et
3468 4094 3620 4167 cruci

1938 4164 2191 4235 affixum,
2225 4168 2436 4221 factum
2465 4168 2850 4237 spectaculum
2901 4164 3114 4237 mundo
3162 4168 3217 4237 et
3266 4164 3618 4237 hominibus,

1936 4248 1993 4294 et
2018 4240 2171 4294 idem
2203 4254 2405 4306 corpus
2433 4236 2705 4303 velatum,
2738 4236 3132 4289 absconditum
3160 4236 3357 4304 ﬁguris
3388 4240 3443 4287 et
3487 4251 3620 4306 um-

1934 4311 2050 4365 bris
2083 4304 2404 4362 involutum
2436 4308 2494 4360 in
2527 4307 2899 4373 Eucharistia,
2948 4306 3317 4375 impalpabile
3346 4309 3401 4357 et
3450 4304 3620 4359 nullis

1935 4379 2193 4435 sensibus
2223 4378 2553 4433 obnoxium.
2614 4379 2818 4431 Beatus
2857 4377 3119 4448 Algerus,
3156 4375 3482 4444 Berengarii
3521 4375 3619 4429 ad-

137 4450 332 4518 ipsum,
387 4438 689 4518 Etdehoc
716 4445 1302 4518 eodemsacramento
1334 4438 1547 4515 legitur
1579 4447 1639 4499 in
1696 4464 1819 4516 pas-
1867 4438 1908 4491 Ῑ)
1941 4449 2241 4509 versarius.
2276 4448 2417 4503 dixit
2449 4449 2554 4502 hoc
2585 4464 2788 4518 corpus
2817 4438 2961 4502 essev
2987 4438 3141 4501 ipsum
3171 4464 3238 4518 ar
3271 4438 3376 4500 noiv
3419 4462 3578 4518 ipsum
3605 4461 3616 4497 :

140 4516 291 4570 sione
319 4514 495 4587 beati
521 4514 797 4584 Dionysii,
846 4515 983 4585 quia
1032 4518 1169 4570 dum
1238 4514 1459 4570 sacrum
1500 4514 1833 4587 mysterium

140 4588 450 4658 celebraret
482 4585 542 4658 in
574 4600 816 4658 carcere,
850 4587 1117 4656 apparuit
1155 4586 1207 4639 ei
1241 4588 1537 4651 Dominus,
1564 4585 1821 4658 dansque

142 4657 218 4710 illi
243 4663 443 4711 sancta
473 4656 613 4709 dixit
652 4671 665 4707 :
699 4657 896 4723 Accipe
943 4658 1055 4721 hoc,
1089 4658 1249 4711 chare
1292 4672 1461 4724 meus,
1513 4658 1658 4726 quod
1698 4656 1824 4713 mox

141 4728 402 4795 complebo
461 4726 565 4779 tibi
618 4742 730 4778 una
766 4741 886 4779 cum
931 4728 1091 4781 Patre
1134 4743 1263 4781 meo.
1324 4732 1401 4780 Ac
1462 4727 1508 4779 si
1558 4728 1820 4782 diceret:

144 4797 292 4859 Quod
351 4796 458 4851 tibi
509 4797 683 4863 dono,
741 4796 811 4849 do
864 4797 924 4850 in
977 4798 1182 4851 viatico
1226 4814 1238 4851 :
1288 4814 1406 4851 non
1478 4798 1712 4852 mutabo
1764 4800 1825 4852 in

144 4868 373 4945 praemio
426 4872 490 4920 ut
517 4867 646 4945 dem
696 4866 1003 4945 aliud,_sed
1029 4868 1321 4945 ‘idipsum
1356 4869 1656 4945 complebp
1695 4886 1825 4945 ‘me-

146 4937 324 5007 ipsum
386 4937 780 5000 manifestans,
844 4943 951 4991 etc.
1022 4938 1327 4993 Observavi
1377 4938 1437 4991 in
1487 4940 1824 5008 praefatione

146 5010 259 5075 has,
329 5023 551 5078 praeces
608 5023 668 5078 ad
706 5008 910 5061 Graecis
971 5009 1039 5062 ad
1102 5009 1329 5063 Latinos
1393 5008 1565 5063 fuisse
1631 5010 1825 5065 tradu-

146 5085 272 5144 ctas,
335 5077 429 5131 inti
488 5077 865 5150 intelligimus
938 5094 1005 5132 ex
1066 5079 1265 5150 verbis
1322 5079 1504 5133 sancti
1569 5080 1827 5150 Dionysii

148 5166 265 5219 quae
316 5149 583 5218 superius
639 5148 1002 5217 prodidimus
1058 5149 1119 5203 in
1170 5150 1547 5219 responsione
1598 5152 1671 5205 ad
1721 5148 1826 5205 ob-

142 5221 446 5286 jectionem
484 5222 577 5284 10;
638 5221 698 5270 at
752 5234 884 5273 vero
936 5221 1227 5273 orationes
1261 5220 1544 5288 ejusmodi
1599 5221 1678 5275 sic
1732 5238 1827 5275 ex—

146 5291 360 5358 plicatae
415 5288 577 5361 nulli!
602 5290 783 5342 errori
839 5296 1079 5361 possunt
1126 5290 1517 5360 patrocinari:
1569 5292 1829 5361 adeoque

146 5362 321 5415 omnis
376 5359 611 5414 haeresis
671 5359 1020 5415 contumelia
1072 5359 1443 5415 Ratramnum
1508 5359 1829 5416 immunem

145 5447 203 5485 ac
241 5446 457 5501 parum
506 5445 915 5501 recognoscere
976 5446 1202 5485 necesse
1252 5436 1354 5486 est.
1423 5433 1831 5486 Verumtamen

146 5500 507 5556 vehementer
532 5500 911 5555 allucinatum
938 5501 1109 5555 fuisse
1135 5501 1381 5572 probare
1403 5502 1605 5555 nititur
1629 5502 1833 5557 disser-

145 5577 301 5638 tator,
342 5572 687 5625 auctoritate
713 5572 892 5625 sancti
920 5572 1249 5641 Augustini,
1283 5572 1383 5641 qui
1407 5577 1649 5626 tractatu
1678 5589 1829 5627 xxvu

146 5642 198 5695 in
220 5644 499 5697 Joannem
524 5641 883 5706 manifestam
921 5644 1398 5712 participationem
1422 5643 1834 5712 interpertatur

148 5728 315 5782 usque
335 5713 411 5766 ad
438 5713 675 5783 spiritus
704 5714 1200 5783 participationem.
1223 5713 1328 5767 Sed
1356 5713 1494 5783 quid
1510 5712 1673 5766 tum?
1702 5730 1833 5767 cum

149 5790 355 5839 constet
377 5784 481 5838 has
528 5782 827 5838 orationes
857 5782 957 5837 diu
996 5789 1126 5854 post
1164 5782 1423 5838 sanctum
1448 5783 1831 5855 Augustinum

1943 4522 2094 4576 idem
2144 4520 2509 4579 Lanfrancus,
2545 4517 2967 4574 Cant’uariensis
2995 4517 3471 4586 archiepiscopus.
3533 4517 3619 4569 In-

1944 4608 2117 4662 super
2167 4591 2432 4662 omittere
2477 4606 2593 4643 non
2652 4589 2926 4662 debemus
2981 4588 3293 4662 secundum
3334 4586 3619 4662 ‘Algerum

1933 4656 2176 4733 duplicis
2205 4661 2445 4733 generis
2475 4676 2678 4730 corpus
2717 4658 2922 4733 Christi
2968 4658 3281 4733 consistens
3332 4656 3391 4707 in
3435 4671 3620 4733 sacra:

1934 4726 2127 4786 me'nto
2209 4726 2597 4803 Eucharistiaa,
2644 4730 2891 4803 scilicet
2928 4727 3397 4803 nuncupativum,
3467 4726 3619 4803 quod

1935 4803 2231 4873 speciebus
2280 4801 2443 4872 panis
2493 4811 2548 4855 et
2606 4800 2720 4853 vini
2766 4798 2994 4874 umbris
3040 4804 3103 4874 _e_t
3146 4796 3346 4874 ﬁguris
3372 4800 3617 4872 constat;

1937 4866 2179 4927 alterum
2226 4866 2421 4925 verum
2475 4878 2531 4925 et
2581 4870 2882 4939 proprium
2926 4868 2999 4939 de
3040 4866 3214 4920 Maria
3257 4866 3485 4939 Yirgine
3531 4881 3619 4918 as-

1936 4949 2253 5013 sumptum,
2289 4942 2391 4995 sub
2425 4934 2809 5013 nuncupativo
2849 4938 3129 5013 occultum
3157 4940 3222 5013 et
3259 4934 3621 5013 delitescens,

1936 5004 2132 5068 oculos
2162 5004 2249 5066 ac'
2281 5028 2481 5065 sensus
2536 5004 2837 5063 hominum
2885 5007 3107 5059 fallens.
3157 5007 3235 5059 De
3267 5004 3476 5074 quibus
3537 5006 3615 5058 ait

1940 5086 2324 5138 Ratramnus:
2376 5104 2395 5127 ι
2440 5082 2554 5134 Non
2595 5079 2739 5147 quod
2790 5078 3024 5130 duarum
3057 5079 3169 5147 sint
3220 5079 3621 5131 eristentiaere-

1936 5171 2086 5220 rum;
2119 5175 2146 5201 ››
2183 5158 2238 5206 et
2275 5150 2508 5222 quidem
2553 5146 2817 5222 rotunde
2849 5152 2905 5200 et
2950 5146 3269 5222 verissime,
3321 5162 3452 5222 cum
3504 5149 3622 5216 ipse

1937 5216 2139 5279 doceat
2165 5216 2323 5275 num.
2352 5224 2419 5275 30
2446 5235 2653 5289 panem
2686 5226 2741 5270 et
2772 5217 2977 5289 vinum,
2997 5217 3059 5271 in
3106 5216 3369 5289 corporis,
3416 5222 3473 5269 et
3504 5234 3625 5271 san-

1938 5295 2130 5364 guinis
2160 5287 2676 5364 Christiconversa
2705 5287 3083 5364 substantiam
3090 5330 3125 5364 ,_
3154 5292 3208 5364 et
3263 5288 3412 5364 dicat
3442 5304 3621 5364 num.

1938 5358 2005 5417 ΞΒ
2038 5380 2051 5417 :
2088 5382 2116 5413 α
2151 5364 2274 5417 Non
2300 5361 2454 5414 enim
2502 5365 2771 5428 putamus
2818 5360 3001 5413 ullum
3054 5358 3310 5412 ﬁdelium
3359 5358 3625 5412 dubitare

1938 5431 2370 5505 panemr‘illum
2413 5430 2840 5505 fuisse__c_orpus
2872 5430 3078 5485 Christi
3134 5429 3418 5493 effectum,
3471 5429 3621 5505 quod

1942 5499 2234 5572 discipulis
2289 5502 2508 5555 donans
2562 5501 2699 5555 dicit
2740 5504 2890 5555 :Hoc
2930 5505 3007 5555 est
3060 5515 3251 5572 corpus
3280 5514 3451 5553 meum
3482 5499 3628 5572 quod

1940 5590 2041 5645 pro
2068 5570 2440 5645 uobisgdatur;
2467 5572 2563 5645 sed
2606 5588 2790 5645 neque
2823 5570 3346 5645 calicemdubitare
3394 5570 3627 5645 stingui:

1944 5638 2076 5699 hem
2104 5642 2311 5698 Christi
2351 5643 2643 5696 continere
2697 5638 2767 5697 de
2790 5658 2903 5712 quo
2963 5641 3175 5712 ibidem
3231 5639 3310 5692 ait
3342 5655 3383 5712 :_
3411 5638 3523 5694 Hic
3554 5643 3631 5694 est

1944 5716 2111 5781 calix,
2142 5718 2248 5768 etc.
2274 5732 2301 5765 ιο
2336 5713 2727 5784 Respondebit
2754 5709 2991 5784 fortasse
3014 5710 3343 5784 dissertator
3371 5709 3492 5762 haec
3515 5726 3631 5763 om-

1945 5786 2042 5840 nia
2070 5779 2187 5840 non
2230 5779 2553 5853 signiﬁcare
2587 5800 2793 5854 corpus
2829 5782 2898 5837 de
2931 5781 3096 5836 Maria
3132 5779 3362 5849 Virgine
3411 5784 3629 5843 natum,
