3890 6230
21 308 115 356 Et?
749 304 1203 360 DISSERTATIO
1245 305 1309 359 IN
1349 304 1479 361 LIB.
1528 306 1619 361 DE
1659 307 1986 364 CORPORE
2027 308 2115 361 ET
2154 306 2498 361 SANGUINE
2542 306 2801 360 DOMlNl.

3416 311 3521 362 218

21 434 108 509 sit.
154 454 177 482 ι
214 437 369 509 Hanc
426 434 822 509 deﬁnitionem
872 435 940 489 ad
1002 440 1252 509 mentem
1312 440 1386 509 eti
1412 452 1475 509 ex
1531 441 1721 491 mente
1759 438 1804 491 A
1831 437 2115 509 signiﬁcat
2143 453 2351 509 corpus
2381 437 2586 492 Christi
2609 454 2732 492 esse
2782 440 3023 494 Verbum
3066 440 3184 503 Dei.
3244 442 3335 496 cui
3380 441 3519 496 dum

21 505 322 559 Ratramui
356 507 601 575 explicat
642 506 862 576 integro
892 507 1074 577 capite
1103 510 1155 571 3,
1188 507 1344 577 quod
1373 506 1463 560 hic
1511 509 1721 561 exscri-

21 576 157 629 bere
185 592 300 629 non
324 592 473 645 opus
504 584 607 629 est.
641 577 908 647 Adeoque
938 576 1053 630 tam
1098 576 1309 631 vanum
1341 583 1396 631 et
1443 579 1720 647 iujurium

21 654 103 727 est
130 719 141 725 _
170 647 448 700 ascribere
508 649 840 727 Batramno,
899 664 1103 727 corpus
1137 648 1462 727 Christinin
1508 650 1720 727 Eucha-

22 719 187 772 ristia
215 718 623 772 tantummodo
655 734 758 787 per
799 718 1191 787 operationem
1241 719 1561 774 intellectus
1601 720 1717 773 exi-

22 794 195 853 stere,
228 804 402 858 quam
424 804 909 858 supervacaneum
942 795 998 842 et
1029 789 1191 843 futile
1233 791 1549 844 Paschasio.

92 861 155 912 L.
198 862 472 914 Similiter
499 876 653 912 num.
704 861 789 923 49,
823 858 1014 930 inquit
1057 861 1393 913 dissertator
1448 876 1577 930 pag.
1616 863 1715 913 190

23 930 165 983 edit.
196 930 393 983 Paris.
430 931 738 984 Amstelod.
773 932 897 996 295,
932 952 952 977 σ
999 945 1191 999 corpus
1221 936 1270 983 et
1290 934 1515 999 sanguis
1550 932 1715 984 Chri-

22 1004 95 1054 sti
126 1016 247 1068 quae
276 1004 351 1053 sic
400 1001 751 1067 appellantur
778 1006 828 1052 et
888 1005 1014 1053 sunt
1059 1005 1312 1069 ﬁgurate,
1347 1004 1545 1070 inquit,
1596 1017 1715 1069 quae

22 1072 269 1134 ﬁdelium
291 1086 379 1124 ore
410 1076 719 1137 sumuntur,
760 1072 949 1136 figura
978 1078 1102 1125 sunt
1157 1072 1450 1126 secundum
1493 1075 1716 1139 speciem

25 1142 414 1194 risibilmzat
444 1157 568 1194 vero
606 1146 897 1195 secundum
941 1142 1269 1196 inuisibilem
1318 1144 1716 1209 substantiam;

26 1213 81 1263 id
114 1217 194 1264 est
241 1213 421 1265 divini
447 1215 746 1279 potentiam
810 1212 988 1279 Verbi,
1028 1229 1150 1265 vere
1183 1228 1375 1280 corpus
1408 1220 1457 1266 et
1488 1216 1714 1279 sanguis

27 1283 235 1336 Christi
264 1284 522 1336 existunt.
586 1302 610 1327 ››
654 1283 948 1336 Invisibilis
993 1284 1312 1338 substantia
1355 1283 1715 1337 Pseudo-Ra-

30 1360 243 1405 tromno
274 1356 450 1405 virtus
482 1359 558 1405 est
591 1353 753 1406 Verbi
793 1353 974 1407 divini
1016 1356 1105 1407 cui
1135 1357 1350 1408 animus
1403 1355 1593 1407 credit.
1629 1356 1716 1409 Sic

31 1425 178 1476 homo
216 1424 469 1476 scelestus
514 1423 747 1490 (scilicet
796 1424 1161 1492 Ratramnus)
1208 1426 1383 1479 verbis
1436 1426 1715 1479 catholicis

30 1494 321 1546 invisibilis
359 1494 675 1547 substantia
728 1495 979 1561 aliisque,
1021 1496 1215 1563 quibus
1272 1498 1462 1548 misere
1511 1512 1573 1549 ac
1620 1511 1718 1563 per

30 1568 133 1616 vim
192 1565 417 1617 detortis
457 1564 726 1630 abutitur,
795 1566 1025 1618 Gallicis
1082 1567 1469 1634 interpretibus
1522 1566 1718 1632 fraudi

28 1637 154 1697 fuit,
183 1635 287 1702 qui
312 1635 450 1687 hunc
489 1636 659 1687 locum
718 1634 1005 1689 reddidere
1038 1651 1137 1691 pan
1172 1652 1237 1689 LA
1298 1651 1593 1691 rurssaucs
1646 1652 1713 1689 nu

30 1705 205 1758 Venae
242 1720 422 1767 ams;
455 1720 575 1758 cum
628 1706 719 1758 ille
764 1721 869 1758 non
902 1722 999 1773 per
1034 1709 1352 1775 potentiam,
1386 1706 1480 1761 sed
1526 1722 1710 1761 secun-

30 1775 154 1827 dum
176 1778 478 1843 potentiam
521 1776 679 1828 Verbi
707 1775 932 1829 dixerit.

718 1897 1027 1934 RESPONSIO.

97 1988 168 2040 Ex
200 1987 470 2041 omnibus
517 1987 924 2057 interpretibus
956 1987 1181 2042 Gallicis
1222 1989 1395 2058 hujus
1446 1993 1718 2043 tractatus

36 2058 318 2110 Ratramni
376 2074 482 2125 ego
539 2059 692 2111 solus
740 2058 1055 2111 catholicus
1116 2059 1307 2123 homo,
1366 2058 1488 2113 haec
1550 2061 1720 2114 verba

32 2128 311 2181 secundum
340 2131 637 2196 potentiam
674 2129 833 2182 Verbi
862 2145 964 2198 per
1006 2129 1129 2183 haec
1163 2130 1388 2183 traduxi
1424 2146 1435 2183 :
1487 2132 1541 2183 la
1568 2133 1719 2199 puis-

32 2199 309 2281 sance-du
362 2199 829 2281 Verba-Petrus"
860 2200 1031 2281 allia,
1096 2200 1469 2281 Charentouii
1516 2202 1718 2281 templi

34 2270 281 2321 minister
321 2270 747 2337 superstitionis
793 2269 1163 2337 Calvinianaa,
1200 2272 1269 2323 ad
1318 2277 1571 2325 mentem
1601 2269 1716 2325 dis-

36 2339 317 2412 sertatoris
348 2339 601 2392 traduxit
622 2340 677 2392 in
710 2340 957 2394 editione
999 2342 1133 2393 anni
1192 2343 1327 2394 1672
1374 2341 1717 2412 Rhotomagi

34 2409 187 2463 facta.
222 2414 401 2463 Antea
430 2412 782 2478 Augustinus
828 2412 1161 2464 Marloratus
1209 2427 1360 2464 anno
1404 2415 1526 2465 1561
1582 2409 1717 2466 red—

38 2482 241 2533 diderat
293 2482 437 2533 seton
486 2482 540 2534 la
575 2484 880 2548 puissance.
920 2482 1025 2535 Sed
1059 2498 1187 2535 cum
1238 2482 1384 2535 fidus
1438 2483 1717 2552 interpres

38 2554 154 2618 plus
179 2567 411 2603 sensum
462 2567 635 2620 quam
696 2551 933 2604 verbum
992 2553 1162 2606 verbo
1218 2553 1451 2605 reddere
1519 2551 1717 2607 curare

38 2622 245 2684 debeat,
309 2637 431 2693 neci
484 2622 731 2693 ceperim
810 2622 1109 2693 consilium
1164 2624 1436 2677 faciendae
1489 2624 1715 2693 glossaa,

40 2708 131 2743 nec
188 2691 468 2744 versiouis
501 2689 904 2753 interlinearis,
968 2693 1066 2747 sed
1121 2689 1517 2747 traductionis'
1554 2711 1715 2747 accu-

40 2769 161 2814 ratae
192 2768 247 2814 et
277 2763 589 2834 castigatae,
650 2762 951 2815 dubitandi
985 2764 1141 2817 locus
1202 2780 1315 2816 non
1370 2765 1718 2834 relinquitur

38 2834 163 2899 quin
208 2848 306 2899 per
337 2832 440 2904 has
472 2848 639 2885 voces
672 2834 963 2887 secundum
1014 2837 1333 2903 potentiam,
1385 2850 1484 2903 per
1525 2832 1715 2904 poten-

40 2908 161 2953 tiam
192 2902 564 2975 intellexerit;
592 2904 859 2975 cumhac
892 2902 1023 2975 ipsa
1054 2905 1278 2958 dicendi
1330 2902 1547 2958 ratione
1592 2912 1714 2959 uta-

37 2978 303 3045 turnum.
333 2973 437 3027 443
472 2989 485 3025 :
516 2995 541 3021 ‹‹
578 2979 635 3026 et
651 2974 782 3043 quia
817 2973 986 3043 longe
1033 2976 1190 3028 aliud
1245 2991 1347 3044 per
1397 2976 1715 3045 potentiam

38 3044 366 3096 invisibilem
399 3045 650 3115 existunt
680 3061 852 3113 quam
894 3045 1194 3099 visibiliter
1224 3044 1564 3115 appareant;
1597 3068 1623 3094 ››
1654 3053 1719 3099 ut

40 3115 310 3175 signiticet
330 3115 486 3183 quod
519 3114 703 3167 dicere
755 3116 937 3168 voluit
967 3132 1126 3169 num.
1170 3114 1321 3181 49ζά
1372 3117 1603 3182 scilicet,
1640 3135 1722 3169 se-

42 3186 278 3257 cundum
316 3184 680 3257 invisibilem
711 3185 1111 3252 substantiam,
1164 3187 1221 3240 id
1265 3193 1349 3240 est
1380 3188 1557 3241 divini
1610 3204 1718 3257 po—

42 3254 264 3332 tentiam
315 3255 502 3319 Verbi,
566 3271 696 3309 vere
751 3272 956 3326 corpus
1008 3263 1065 3310 et
1116 3258 1457 3327 sanguinem
1510 3254 1715 3313 Christi

42 3332 290 3378 exxstere.
331 3346 355 3373 >>

110 3396 192 3467 L1.
226 3396 396 3464 (Pag.
431 3399 534 3449 296
556 3396 691 3449 edit.
723 3398 1055 3464 Amstelod.,
1094 3398 1247 3451 Paris
1286 3399 1428 3467 190.)
1463 3402 1531 3452 Et
1557 3401 1718 3466 panis

43 3466 483 3587 substantianptin
534 3467 897 3521 substantiam
938 3472 1177 3537 corporis
1230 3471 1498 3523 Dominici
1527 3485 1624 3537 per
1652 3470 1718 3522 li-

76 3553 151 3587 em
183 3553 365 3587 conuer
395 3554 413 3587 ι
447 3578 457 3587 .

76 3553 151 3588 em
183 3540 457 3589 convertit.

714 3641 1022 3680 BESPONSIO.

108 3730 215 3783 Hoc
247 3730 452 3783 falsum
502 3734 558 3784 et
613 3731 1074 3785 commentitium
1123 3736 1227 3785 est.
1287 3733 1588 3802 Nunquam
1644 3733 1722 3787 sic

48 3800 250 3853 locutus
304 3808 387 3855 est
430 3807 624 3855 noster
657 3802 1020 3855 Ratramnus.
1059 3804 1201 3856 Luce
1234 3800 1553 3856 meridiana
1602 3805 1718 3857 cla-

50 3872 150 3923 rius
180 3871 705 3943 demonstravimus
730 3889 923 3941 supra,
977 3889 1205 3937 semper
1255 3879 1564 3943 spectassse
1598 3891 1715 3927 cor-

50 3948 213 4008 puset
249 3943 590 4011 sanguinem
650 3942 861 3997 Christi
911 3944 967 3995 in
1019 3942 1291 4012 mysterio
1351 3946 1720 3999 Eucharistiaa

53 4016 301 4081 tauquam
344 4013 649 4082 objectum,
703 4030 816 4067 non
859 4021 1129 4083 tanquam
1186 4015 1450 4068 effectum
1515 4016 1650 4069 ﬁdei
1707 4033 1719 4069 :

53 4086 283 4152 adeoque
319 4090 671 4137 antevertere
702 4084 1065 4154 praesentiam
1098 4085 1352 4154 corporis
1388 4086 1447 4138 in
1501 4087 1721 4140 Eucha—

52 4154 187 4205 ristia
216 4155 617 4222 operationem
646 4155 800 4208 lidei.

112 4224 209 4277 l.ll.
238 4225 475 4295 (Eadem
506 4227 712 4293 pagina
744 4227 845 4277 296
876 4226 1140 4293 Amstel.,
1187 4229 1243 4278 et
1300 4226 1473 4279 Paris.
1551 4229 1663 4280 190.
1703 4229 1720 4290 )

54 4295 221 4347 Eodem
255 4296 527 4348 intellectu
558 4312 703 4348 num.
738 4298 805 4349 68
832 4310 1027 4363 panem
1064 4302 1301 4365 corporis
1351 4296 1561 4352 Christi
1618 4297 1723 4351 duo

55 4366 303 4432 complecti
347 4365 502 4431 dicit,
537 4371 587 4418 et
616 4366 675 4418 id
703 4366 849 4432 quod
878 4367 1034 4419 vadit
1066 4369 1122 4419 in
1146 4382 1357 4435 corpus,
1399 4372 1450 4420 et
1479 4368 1538 4419 id
1581 4368 1725 4435 quod

1830 508 2081 563 creditur
2120 508 2345 562 animus
2402 509 2656 578 pascitur
2704 514 2759 563 et
2812 516 3066 579 potatur,
3119 512 3250 566 licet
3291 513 3522 567 credere

1829 580 2009 632 Verbo
2049 579 2147 633 Dei
2176 586 2231 633 et
2257 579 2495 649 diligere
2540 580 2717 633 Deum
2743 596 2806 633 ex
2834 584 2950 633 toto
2989 583 3160 636 corde
3195 587 3252 637 et
3284 600 3348 637 ex
3401 588 3521 636 tota

1828 650 2021 723 anima
2052 666 2278 723 necesse
2318 650 2411 715 sit,
2465 656 2531 703 ut
2578 650 2768 719 ipsum
2820 667 3016 705 verum
3058 654 3266 707 Christi
3313 669 3520 723 corpus

1829 720 2045 773 utiliter
2064 720 2435 790 percipiatur.

1903 792 2038 843 LllI.
2090 792 2248 860 (Pag.
2299 793 2402 844 296
2462 790 2597 844 edit.
2655 790 2907 860 Amstel).
2969 794 3129 847 Num.
3183 796 3248 846 72
3298 810 3517 848 carnem

1827 861 2036 915 Christi
2062 863 2405 929 spirituaiem
2437 877 2503 914 ea:
2546 861 2751 914 duobus
2811 865 3072 929 componi,
3129 866 3301 931 specie
3356 880 3519 932 quam

1825 934 1966 997 gerit
1990 935 2224 986 exterius
2253 938 2303 985 et
2347 933 2632 999 spirituali
2662 932 2826 985 Verbi
2875 933 3057 985 divini
3078 938 3341 1001 potentia,
3370 937 3516 987 invi-

1824 1001 1977 1055 sibili
1997 1003 2292 1068 efﬁcientia
2322 1002 2615 1070 divinaque
2646 1004 2847 1055 virtute
2878 1003 3041 1057 Verbi
3079 1005 3172 1057 Dei
3211 1006 3299 1058 cui
3343 1005 3515 1058 credi-

1826 1076 1940 1126 tur.

2516 1175 2828 1214 RESPONSIO.

1899 1285 2026 1337 Haec
2053 1284 2249 1337 omnia
2280 1283 2676 1337 commentitia
2706 1288 2840 1336 sunt
2872 1300 2885 1337 :
2929 1299 2995 1337 eo
3027 1282 3137 1336 loci
3168 1299 3280 1336 non
3308 1282 3522 1352 cogitat

1825 1354 1895 1408 de
1980 1354 2394 1424 compositione
2445 1354 2632 1407 carnis
2685 1354 3000 1423 spiritualis
3051 1353 3272 1417 Christi,
3323 1354 3521 1407 modos

1826 1425 2185 1478 solummodo
2217 1424 2470 1478 diversos
2500 1441 2563 1477 ac
2593 1424 2981 1493 discrepantes
3034 1424 3277 1494 explicat
3314 1424 3521 1494 quibus

1825 1495 2134 1548 consistere
2165 1495 2310 1548 solet
2349 1495 2589 1564 intelligi
2618 1511 2851 1565 corpus
2904 1494 3132 1553 Christi,
3193 1495 3426 1561 scilicet,
3459 1495 3517 1547 in

1825 1572 1989 1619 utero
2024 1565 2204 1618 beatae
2248 1565 2497 1635 Virginis
2526 1564 2669 1618 etin
2701 1564 2887 1618 cruce.
2931 1566 3073 1618 Tum
3125 1565 3383 1635 loquitur
3449 1565 3517 1618 de

1826 1651 2061 1706 corpore
2095 1637 2485 1704 nuncupatim
2515 1636 2903 1688 Eucharistiai.
2939 1636 3268 1706 Continenti
3309 1635 3520 1704 scripto

1826 1705 2077 1760 ostendit
2120 1722 2349 1759 carnem
2418 1706 2777 1775 spiritualem
2826 1705 3056 1773 Christi,
3109 1706 3227 1758 sive
3301 1721 3518 1758 assum-

1756 1787 1795 1840 B
1824 1782 1980 1858 ptam
2010 1792 2081 1858 ei:
2103 1776 2278 1858 beata
2308 1776 2537 1858 Virgine
2559 1776 2892 1858 gloriosam,
2943 1792 3074 1858 qiue
3104 1775 3340 1858 animae.
3363 1776 3515 1858 viam

1826 1845 2211 1901 immortalem
2263 1845 2681 1911 subministrat,
2746 1862 2867 1900 esse
2919 1846 3185 1900 effectum
3250 1845 3518 1916 potentia!

1826 1918 2139 1988 spiritualis
2177 1923 2234 1971 et
2271 1917 2624 1971 efﬁcacitatis
2668 1916 2992 1988 invisibilis
3026 1921 3083 1970 et
3120 1916 3344 1988 virtutis
3395 1917 3517 1984 Dei,

1826 1986 1955 2058 quae
1995 1988 2151 2042 aliud
2185 1992 2269 2042 est
2306 1988 2620 2042 secundum
2644 1988 2797 2057 quod
2827 1987 3088 2058 sensibus
3115 1986 3416 2058 subjicitur
3453 2003 3517 2040 ac

1825 2057 2141 2139 percipitur
2165 2075 2343 2139 quam
2374 2059 2527 2139 quod
2579 2058 2939 2139 creditur‘et
2987 2057 3115 2139 ﬁde
3153 2057 3516 2139 intelligitur.

1828 2127 1855 2178 ἱ(
1896 2127 2375 2199 Quidquid—enim,
2392 2127 2469 2182 _in
2498 2144 2563 2182 ea
2585 2129 2713 2181 vitae
2734 2129 2948 2199 praebet
2967 2127 3364 2199 substantiam,
3397 2127 3519 2197 spi-

1825 2200 2047 2253 ritualis
2068 2198 2153 2253 est
2176 2201 2448 2269 potentiae
2478 2206 2534 2251 et
2574 2198 2877 2252 invisibilis
2924 2199 3248 2252 efﬁcientia
3278 2198 3517 2269 divinae-

1826 2286 1936 2340 que
1968 2268 2228 2335 virtutis;
2268 2276 2439 2340 atque
2491 2269 2647 2323 aliud
2694 2271 2862 2338 longe
2902 2269 3161 2340 consistit
3205 2268 3519 2340 secundum

1825 2338 1977 2410 quod
2026 2340 2275 2394 exterius
2322 2338 2687 2409 conspicitur,
2750 2345 2940 2410 atque
2981 2338 3137 2393 aliud
3175 2338 3517 2410 secundum

1827 2409 1976 2481 quod
2012 2411 2069 2463 in
2125 2413 2395 2480 mysterio
2422 2412 2690 2465 creditur.
2724 2429 2751 2481 vi
2793 2409 3123 2481 Paschasius
3170 2409 3318 2461 idem
3357 2409 3516 2472 dicit,

1825 2479 1953 2535 cum
1997 2479 2264 2535 omnibus
2295 2482 2585 2534 catholicae
2619 2480 2749 2533 tidei
2791 2479 3207 2543 defensoribus,
3258 2496 3382 2548 cap.
3431 2482 3515 2543 11,

1827 2552 1897 2605 de
1931 2568 2167 2621 corpore
2200 2557 2253 2603 et
2278 2552 2558 2621 sanguine
2586 2552 2806 2604 Domini
2842 2567 2854 2621 ξ
2893 2573 2919 2597 ‹‹
2957 2552 3021 2603 Et
3049 2550 3206 2602 dabit
3224 2550 3518 2621 sacerdoti

1869 2622 1922 2674 ui
1953 2622 2209 2675 advertat
2243 2638 2474 2675 omnem
2530 2620 3033 2674 sanctiticationem
3068 2620 3289 2690 mystici
3351 2620 3520 2672 sacri-

1869 2639 1922 2674 m
1953 2639 2209 2675 advertat
2243 2639 2474 2675 omnem
2530 2639 3033 2674 sancuncauonem
3068 2639 3289 2690 mysucn
3351 2639 3520 2672 sacri-

1826 2639 1937 2745 ﬁcii
1970 2700 2024 2746 et
2054 2693 2363 2745 efficaciam
2392 2692 2682 2763 quomodo
2714 2690 2994 2763 sensibilis
3019 2707 3105 2742 res
3131 2690 3521 2763 intelligibi‘li—

1824 2767 1912 2816 ter
1940 2763 2146 2816 virtute
2177 2764 2271 2818 Dei
2319 2760 2427 2833 per
2448 2763 2683 2816 verbum
2727 2761 2934 2833 Christi
2964 2767 3019 2813 et
3068 2777 3296 2833 carnem
3344 2760 3524 2833 ipsius

1825 2850 1889 2886 ac
1947 2833 2285 2900 sanguinem
2326 2832 2603 2886 divinitus
2660 2832 3054 2885 transferatur.
3092 2850 3118 2881 ιο
3168 2832 3236 2884 Et
3289 2832 3516 2900 cap.4-:

1830 2926 1848 2951 ι
1891 2903 2000 2957 Sed
2032 2904 2217 2973 ﬁgura
2281 2920 2401 2957 esse
2456 2904 2684 2957 videtur
2727 2903 2865 2956 dum
2920 2902 3222 2969 frangitur,
3276 2900 3523 2973 dumin

1825 2974 2013 3043 specie
2040 2971 2291 3028 visibilili
2339 2973 2494 3027 aliud
2548 2974 2893 3041 intelligitur
2959 2988 3132 3042 quam
3186 2972 3342 3043 quod
3396 2971 3518 3043 visu

1824 3042 2011 3098 carnis
2041 3051 2095 3099 et
2137 3050 2307 3114 gustu
2341 3044 2606 3109 sentitur,
2654 3045 2907 3113 dumque
2954 3043 3183 3112 sanguis
3212 3042 3290 3114 in
3342 3042 3517 3095 calice

1763 3119 1803 3175 C
1836 3115 2001 3167 simul
2033 3112 2163 3168 cuni
2196 3132 2343 3186 aqua
2400 3115 2686 3168 miscetur.
2740 3112 2915 3168 Porro
2964 3113 3103 3186 iiiud
3161 3112 3295 3167 fidei
3336 3128 3517 3164 sacra-

1829 3185 2262 3253 mentumjure
2293 3186 2546 3240 veritatis
2591 3185 2948 3256 appellatur.
2981 3185 3198 3256 Veritas
3250 3199 3385 3256 ergo
3437 3187 3522 3256 est

1831 3258 1967 3310 dum
2005 3272 2208 3327 corpus
2259 3256 2466 3311 Christi
2515 3261 2593 3327 et,
2629 3253 2862 3325 sanguis
2896 3255 3112 3327 virtute
3166 3254 3413 3327 Spiritus
3457 3253 3515 3306 in

1831 3327 2003 3379 verba
2032 3324 2210 3397 ipsius
2233 3343 2301 3380 ex
2348 3327 2510 3395 panis
2549 3324 2779 3396 vinique
2826 3325 3140 3379 substantia
3193 3324 3456 3397 efficitur.
3494 3345 3519 3369 n

1902 3394 2242 3467 LIV.'(Pag.
2302 3400 2428 3461 296,
2488 3397 2623 3450 edit.
2682 3394 3113 3459 Amstelodam.,
3178 3398 3267 3449 191
3320 3394 3521 3457 Paris.)

1830 3469 1998 3522 Num.
2067 3473 2134 3521 77
2192 3470 2483 3523 Ratramni
2529 3486 2545 3521 :
2600 3489 2626 3515 ‹‹
2685 3469 2879 3520 Verum
2932 3481 3123 3534 corpus
3168 3470 3265 3531 est,
3320 3467 3518 3531 inquit,

1830 3538 1975 3605 quod
2006 3541 2170 3591 sentit
2190 3541 2403 3591 animus
2433 3537 2717 3604 cogitando
2747 3554 2758 3591 :
2793 3541 2870 3590 est
2900 3538 2958 3588 in
2982 3537 3339 3599 intelligentia
3367 3535 3520 3601 fidei,

1828 3610 2102 3663 invisibili
2126 3610 2342 3676 quidem
2373 3613 2422 3661 et
2472 3610 2773 3676 spirituali,
2823 3607 2917 3660 sed
2954 3622 3119 3674 quam
3165 3609 3380 3658 animus
3409 3606 3524 3672 ipse

1825 3681 2079 3746 percipit.
2121 3682 2205 3733 En
2245 3678 2505 3747 quomodo
2563 3680 2769 3733 Christi
2802 3692 2993 3744 corpus
3040 3680 3117 3729 est
3156 3678 3215 3728 in
3265 3676 3521 3747 mysterio

1829 3751 1889 3802 in
1913 3755 2083 3802 mente
2120 3746 2451 3803 credentium
2496 3748 2667 3803 Verbo
2701 3750 2823 3812 Dei;
2859 3751 3018 3800 extra
3054 3750 3277 3799 mentem
3334 3747 3391 3798 in
3433 3746 3518 3798 al-

1832 3821 1945 3873 tari
1968 3835 2072 3872 non
2100 3824 2196 3873 est.

2514 3921 2830 3959 RESPONSIO.

1898 4029 2224 4082 Exscribere
2266 4028 2668 4083 tantummodo
2703 4045 2848 4097 opus
2899 4032 2984 4080 est
3021 4031 3292 4095 concepta
3347 4025 3520 4078 verba

1832 4117 1895 4154 ex
1928 4101 2033 4153 hoc
2061 4115 2298 4179 numero
2326 4103 2412 4166 78,
2446 4108 2509 4179 ut
2534 4099 2837 4179 perspiciat
2862 4099 3522 4179 lectorquamhsuperva-

1831 4187 2071 4224 caneum
2105 4171 2177 4223 sit
2206 4170 2491 4240 ejusmodi
2522 4169 2852 4239 opinionem
2897 4169 3176 4223 ascribere
3218 4169 3525 4220 Retramno

1832 4247 1888 4293 et
1911 4242 2233 4294 suasionem
2265 4257 2371 4294 non
2399 4256 2510 4295 esse
2539 4249 2695 4294 extra
2741 4245 2965 4294 mentem
2994 4243 3052 4292 in
3099 4240 3269 4292 altari
3332 4252 3525 4305 corpus

1832 4312 2168 4378 Christigait
2196 4313 2391 4364 enim:
2440 4335 2460 4357 α
2501 4312 2665 4365 Aliud
2726 4320 2809 4363 est
2865 4310 3023 4380 quod
3078 4309 3326 4362 exterius
3369 4307 3523 4380 geri-

1837 4388 1945 4446 tur,
1975 4384 2127 4435 aliud
2153 4383 2306 4452 quod
2338 4398 2441 4451 per
2471 4382 2644 4435 fidem
2666 4378 2934 4435 creditur.
2962 4380 3250 4450 Numquid
3265 4395 3391 4452 non
3418 4378 3523 4431 hoc

58 4444 115 4521 est
148 4438 315 4521 panis
350 4439 480 4516 vitae
518 4442 736 4521 micorum.
754 4437 996 4519 Verbum
1047 4439 1407 4521 Deihscilieet,
1456 4440 1556 4521 icui
1593 4438 1724 4491 dum
1765 4466 1809 4520 Ι)
1838 4437 2034 4505 verum
2082 4437 2355 4506 est‘cum‘
2389 4453 2637 4505 exterius
2691 4452 2906 4521 species
2935 4437 3159 4504 tantum
3224 4449 3525 4521 videantur

58 4506 288 4572 metitur,
308 4510 527 4561 animus
557 4506 763 4563 Christi
782 4522 1000 4576 corpore
1018 4510 1269 4576 pascitur
1291 4523 1352 4561 ac
1376 4513 1617 4577 potatur.

714 4640 1030 4681 RESPONSIO.

115 4728 305 4783 Omnes
366 4729 632 4784 homines
681 4731 867 4803 sciunt
921 4731 1323 4803 nutritionemi
1359 4731 1569 4785 animai
1625 4749 1728 4803 per

64 4803 497 4854 communionem
524 4801 781 4871 corporis
808 4802 954 4868 fieri,
988 4818 1104 4855 non
1132 4818 1264 4855 vero
1295 4802 1419 4856 ﬁeri
1451 4817 1557 4871 per
1586 4801 1726 4857 con-

68 4870 349 4941 iersionem
379 4871 516 4923 dicti
550 4870 804 4941 corporis
836 4872 893 4925 in
927 4873 1302 4926 substantiam
1337 4870 1564 4928 animae.
1615 4875 1724 4928 Sed

67 4937 229 4993 falsum
279 4947 395 5014 esti
426 4937 801 5014 Ratramiium
866 4944 1211 5014 nihilaliud
1271 4944 1593 5013 intelligere
1624 4961 1728 5014 per

70 5023 231 5084 corpus
264 5011 479 5084 Christi
510 5028 685 5082 quam
724 5013 879 5084 quod
912 5013 1082 5067 modo
1134 5014 1390 5067 sensibili
1439 5011 1640 5068 intrat'
1665 5015 1724 5068 in

70 5082 524 5153 esetdeglutitur
567 5084 626 5136 in
684 5082 1042 5137 stomachum
1105 5089 1159 5137 et
1219 5085 1451 5138 Verbum
1493 5088 1587 5139 Dei
1638 5088 1726 5139 cui

71 5152 277 5205 creditur.
350 5154 494 5207 Nam
527 5159 759 5207 econtra
809 5170 876 5207 eo
926 5171 1168 5209 numero
1215 5159 1281 5209 68
1340 5156 1603 5209 observat
1666 5156 1721 5210 S.

70 5222 435 5295 Ambrosium,
468 5224 629 5293 cujus
652 5224 832 5295 verba
861 5225 922 5278 in
980 5225 1234 5280 medium
1286 5226 1521 5295 profert,
1578 5227 1723 5281 velle

72 5293 379 5365 mentionem
415 5294 600 5347 facere
632 5294 702 5347 de
732 5311 879 5364 pane
925 5296 1021 5365 qui
1080 5303 1165 5349 est
1220 5293 1427 5364 corpus
1485 5296 1715 5362 Christi,

74 5368 109 5437 it
137 5364 323 5437 anima:
358 5370 571 5437 nostra:
616 5364 988 5437 substantiam
1040 5367 1217 5429 fulcit,
1249 5382 1364 5420 non
1414 5368 1474 5419 in
1534 5382 1722 5437 quan-

74 5435 167 5507 tuni
186 5434 348 5488 intrat
380 5436 723 5507 inicorpus,
778 5436 878 5507 sed
928 5441 1011 5490 est
1074 5437 1237 5507 panis
1290 5437 1420 5491 vitae
1473 5434 1721 5492 aeternae.

76 5526 88 5576 _~
137 5503 259 5574 Ergo
314 5503 714 5571 manifestum,
773 5504 982 5576 inquit,
1030 5503 1099 5561 de
1159 5524 1273 5576 quo
1328 5523 1478 5576 pane
1532 5508 1720 5576 loqui-

76 5526 88 5539 κ
137 5524 259 5574 ergo
314 5524 714 5571 manuestum,
773 5524 982 5576 inquit,
1030 5524 1099 5561 ue
1202 5524 1273 5560 uo
1328 5524 1478 5576 pane
1532 5524 1720 5576 ioqui-

74 5573 154 5635 tur,
202 5576 265 5629 de
314 5592 466 5645 pane
528 5576 794 5647 videlicet
847 5577 1103 5647 corporis
1157 5524 1384 5640 ghristi,
1433 5577 1532 5647 qui
1606 5593 1722 5631 non

74 5656 118 5716 er
148 5659 211 5721 eo
236 5648 386 5721 quod
440 5646 601 5700 vadit
651 5647 714 5700 in
759 5646 988 5721 corpus,
1042 5648 1141 5703 sed
1194 5664 1272 5721 ex_
1313 5664 1382 5701 eo
1428 5646 1577 5721 quod
1619 5665 1721 5721 pa-

76 5724 135 5788 nis
160 5717 364 5788 sityitae
395 5717 888 5788 aeternae,7auimie
929 5723 1141 5772 nostrai
1189 5717 1569 5772 substantiam
1608 5718 1720 5772 ful-

77 5786 143 5835 cit
170 5806 191 5831 μ
219 5786 326 5841 Hoc
356 5788 529 5842 valde
570 5787 913 5843 catholicum
940 5793 996 5842 et
1049 5788 1429 5843 orthodoxum
1459 5793 1564 5853 est,
1618 5804 1720 5842 nec

1837 4524 2004 4592 panis
2057 4527 2113 4575 et
2158 4523 2291 4583 vini,
2346 4528 2403 4575 et
2457 4518 2988 4576 interius—existere
3047 4537 3251 4591 corpus
3312 4518 3528 4592 Christi

1837 4589 1967 4647 vere
2006 4593 2311 4668 credatur?
2358 4594 2435 4647 Ad
2477 4609 2707 4668 sensum
2764 4593 2921 4663 quod
2974 4589 3226 4668 pertinet
3276 4589 3527 4668 corporis

1835 4664 2206 4733 corruptibile
2243 4668 2357 4728 est;
2394 4665 2547 4733 quod
2578 4664 2720 4718 ﬁdes
2749 4662 2881 4716 vero
2926 4662 3124 4733 credit,
3164 4662 3517 4733 incorrupti-3

1835 4680 2206 4733 corruptione
2243 4680 2357 4728 est;
2434 4680 2547 4718 uoa
2578 4680 2720 4718 nues
2749 4680 2881 4716 vero
2926 4680 3123 4726 creuit,
3165 4680 3393 4714 Incorru
3440 4680 3517 4711 u-

1835 4733 1966 4788 bile.
2016 4754 2044 4784 ››
2097 4735 2261 4788 Estne
2306 4733 2365 4787 in
2394 4680 2498 4789 (his
2548 4734 2764 4804 aliquid
2821 4730 3199 4786 commentitii
3244 4734 3296 4782 et
3354 4680 3526 4782 farisi?

1834 4820 1963 4857 cum
2018 4805 2235 4875 species
2281 4805 2538 4874 quotidie
2607 4808 3066 4875 corrumpantur,
3138 4814 3341 4868 corpus
3375 4814 3523 4875 ivero

1837 4868 2235 4946 Christi-quod
2280 4868 2412 4927 fidei
2455 4875 2736 4946 objectum
2790 4868 2894 4936 est,
2946 4872 3102 4925 nulla
3150 4868 3526 4946 corruptione

1836 4938 2113 4999 violetur:
2132 4947 2397 4999 Ewterius
2432 4938 2577 5013 quod
2606 4949 2838 5013 apparet
2867 4958 2972 4995 non
3012 4946 3106 5013 gest
3138 4942 3258 5007 ipsa
3288 4954 3395 4991 res.
3427 4938 3519 4992 Al-

1834 5016 2001 5077 hedo,
2028 5016 2369 5081 rotunditas,
2397 5011 2564 5083 sapor
2586 5011 2767 5083 panis,
2802 5011 3109 5083 odorivini,
3145 5014 3279 5062 sunt
3297 5025 3369 5061 ne
3399 5024 3524 5062 cor-

1835 5103 1941 5165 pus
1967 5087 2218 5165 Christi?
2249 5086 2357 5141 Sed
2378 5082 2565 5165 imago
2590 5082 2677 5137 rei
2706 5082 2969 5165 nunquid
3016 5095 3363 5165 nontre'vcra
3395 5084 3530 5165 sunt

1834 5150 2043 5226 imago,
2071 5158 2276 5225 ﬁgura,
2305 5156 2587 5217 velamen,
2622 5150 2980 5226 operculum,
3004 5168 3117 5226 quo
3147 5150 3290 5203 fallit
3312 5151 3525 5226 oculos

1833 5223 2180 5281 hominum?
2203 5228 2378 5280 Mente
2414 5240 2537 5278 vero
2565 5225 2708 5291 quod
2736 5225 2971 5277 sentitur
2998 5224 3200 5276 veritas
3241 5223 3341 5283 rei,
3397 5235 3527 5291 cum

1832 5314 1924 5350 res
1970 5296 2096 5366 ipsa
2139 5296 2211 5349 sit
2244 5310 2474 5366 corpus
2515 5290 2743 5355 Christi,
2799 5294 3004 5366 veritas
3050 5293 3135 5347 rei
3186 5290 3525 5366 est_veritas

1832 5361 2088 5435 corpdris
2119 5365 2330 5420 Christi
2363 5361 2382 5418 τ’
2425 5370 2483 5418 et
2525 5380 2652 5418 cum
2698 5366 2771 5417 sit
2826 5364 3032 5417 veritas
3087 5378 3200 5417 non
3257 5361 3528 5435 chimaera

1832 5431 2057 5491 nec—ens
2086 5436 2347 5502 rationis,
2381 5452 2453 5488 an
2485 5451 2587 5505 per
2634 5435 2816 5489 solam
2865 5436 3270 5506 cogitationem
3316 5431 3528 5506 mentis

1832 5506 2023 5561 existit
2053 5512 2109 5630 ξι
2130 5523 2245 5560 non
2292 5522 2399 5575 per
2429 5502 2715 5560 severum
2761 5513 2818 5560 et
2862 5502 3113 5560 solidum
3167 5502 3377 5558 mentis
3425 5502 3525 5557 ob-

1832 5578 2039 5630 iectum

1834 5578 2039 5631 iectum

1824 5594 2039 5702 ﬁctili?
2060 5594 2237 5713 {(Edit.
2293 5645 2703 5701 Amstelodam.
2765 5662 2895 5717 pag.
2946 5648 3071 5711 296,
3110 5642 3300 5717 _Paris.
3369 5642 3529 5717 191.)

1828 5718 2003 5773 Num.
2039 5720 2106 5772 89
2129 5723 2180 5771 et
2208 5718 2295 5771 94.
2336 5720 2669 5772 Ratramnus
2707 5713 2816 5777 ﬁde
2847 5713 3229 5777 'spiritualiter
3282 5713 3526 5765 animam

1824 5791 1981 5858 pasci
2010 5790 2112 5857 ait,
2139 5788 2269 5844 dum
2296 5802 2405 5843 non
2433 5789 2740 5845 attenditur
2768 5780 2913 5857 quod
2941 5799 3137 5856 corpus
3170 5783 3355 5852 pascit
3383 5780 3529 5850 quod
