  <div class='ocr_page' id='page_1' title='image "/cluster/home/n/w/nwhite01/storage/ocr_20150623/121/uva.x000827051/117.png"; bbox 0 0 3890 6230; ppageno 0'>
   <div class='ocr_carea' id='block_1_1' title="bbox 382 302 485 352">
    <p class='ocr_par' dir='ltr' id='par_1_1' title="bbox 382 302 485 352">
     <span class='ocr_line' id='line_1_1' title="bbox 382 302 485 352; baseline 0.01 -1"><span class='ocrx_word' id='word_1_1' title='bbox 382 302 485 352; x_wconf 77' lang='grc'><strong><em>219</em></strong></span> 
     </span>
    </p>
   </div>
   <div class='ocr_carea' id='block_1_2' title="bbox 1104 291 3157 352">
    <p class='ocr_par' dir='ltr' id='par_1_2' title="bbox 1104 291 3157 352">
     <span class='ocr_line' id='line_1_2' title="bbox 1104 291 3157 352; baseline -0.003 -1"><span class='ocrx_word' id='word_1_2' title='bbox 1104 296 1556 352; x_wconf 76' lang='lat' dir='ltr'><strong><em>DISSERTATIO</em></strong></span> <span class='ocrx_word' id='word_1_3' title='bbox 1595 297 1661 349; x_wconf 89' lang='lat' dir='ltr'><strong>IN</strong></span> <span class='ocrx_word' id='word_1_4' title='bbox 1705 294 1837 349; x_wconf 89' lang='lat' dir='ltr'><strong><em>LIB.</em></strong></span> <span class='ocrx_word' id='word_1_5' title='bbox 1880 296 1971 350; x_wconf 87' lang='lat' dir='ltr'><strong><em>DE</em></strong></span> <span class='ocrx_word' id='word_1_6' title='bbox 2013 294 2334 351; x_wconf 80' lang='lat' dir='ltr'><strong><em>CORPORE</em></strong></span> <span class='ocrx_word' id='word_1_7' title='bbox 2376 295 2463 348; x_wconf 88' lang='lat' dir='ltr'><strong><em>ET</em></strong></span> <span class='ocrx_word' id='word_1_8' title='bbox 2503 292 2852 347; x_wconf 79' lang='lat' dir='ltr'><strong><em>SANGUINE</em></strong></span> <span class='ocrx_word' id='word_1_9' title='bbox 2892 291 3157 347; x_wconf 79' lang='lat' dir='ltr'><strong>DOMINI.</strong></span> 
     </span>
    </p>
   </div>
   <div class='ocr_carea' id='block_1_3' title="bbox 3876 102 3881 179">
    <p class='ocr_par' dir='ltr' id='par_1_3' title="bbox 3876 102 3881 179">
     <span class='ocr_line' id='line_1_3' title="bbox 3876 102 3881 179; baseline 0 0"><span class='ocrx_word' id='word_1_10' title='bbox 3876 102 3881 179; x_wconf 80' lang='lat' dir='ltr'><strong><em>l</em></strong></span> 
     </span>
    </p>
   </div>
   <div class='ocr_carea' id='block_1_4' title="bbox 3774 296 3845 345">
    <p class='ocr_par' dir='ltr' id='par_1_4' title="bbox 3774 296 3845 345">
     <span class='ocr_line' id='line_1_4' title="bbox 3774 296 3845 345; baseline -0.014 0"><span class='ocrx_word' id='word_1_11' title='bbox 3774 296 3845 345; x_wconf 64' lang='lat'><strong><em>&#39;22!)</em></strong></span> 
     </span>
    </p>
   </div>
   <div class='ocr_carea' id='block_1_5' title="bbox 381 424 3879 501">
    <p class='ocr_par' dir='ltr' id='par_1_5' title="bbox 381 424 3879 501">
     <span class='ocr_line' id='line_1_5' title="bbox 381 424 3879 501; baseline -0.002 -15"><span class='ocrx_word' id='word_1_12' title='bbox 381 434 537 486; x_wconf 84' lang='lat' dir='ltr'><strong><em>dente</em></strong></span> <span class='ocrx_word' id='word_1_13' title='bbox 581 435 845 501; x_wconf 74' lang='lat' dir='ltr'><strong><em>premitur</em></strong></span> <span class='ocrx_word' id='word_1_14' title='bbox 897 431 1042 499; x_wconf 88' lang='lat' dir='ltr'><strong><em>quod</em></strong></span> <span class='ocrx_word' id='word_1_15' title='bbox 1111 446 1208 499; x_wconf 89' lang='lat' dir='ltr'><strong><em>per</em></strong></span> <span class='ocrx_word' id='word_1_16' title='bbox 1260 434 1445 499; x_wconf 87' lang='lat' dir='ltr'><strong><em>partes</em></strong></span> <span class='ocrx_word' id='word_1_17' title='bbox 1503 431 1902 494; x_wconf 75' lang='lat' dir='ltr'><strong><em>comminuitur,</em></strong></span> <span class='ocrx_word' id='word_1_18' title='bbox 1975 429 2069 482; x_wconf 89' lang='lat' dir='ltr'><strong><em>sed</em></strong></span> <span class='ocrx_word' id='word_1_19' title='bbox 2106 435 2148 486; x_wconf 84' lang='lat' dir='ltr'><strong>A</strong></span> <span class='ocrx_word' id='word_1_20' title='bbox 2179 444 2268 482; x_wconf 66' lang='lat' dir='ltr'><strong><em>nm</em></strong></span> <span class='ocrx_word' id='word_1_21' title='bbox 2298 427 2644 498; x_wconf 88' lang='lat' dir='ltr'><strong><em>patrocinari</em></strong></span> <span class='ocrx_word' id='word_1_22' title='bbox 2675 426 2900 501; x_wconf 62' lang='lat' dir='ltr'><strong><em>potest?</em></strong></span> <span class='ocrx_word' id='word_1_23' title='bbox 2946 428 3011 501; x_wconf 83' lang='lat' dir='ltr'><strong><em>Et</em></strong></span> <span class='ocrx_word' id='word_1_24' title='bbox 3032 426 3154 480; x_wconf 66' lang='lat' dir='ltr'><strong><em>haec</em></strong></span> <span class='ocrx_word' id='word_1_25' title='bbox 3182 426 3364 480; x_wconf 81' lang='lat' dir='ltr'><strong><em>miror</em></strong></span> <span class='ocrx_word' id='word_1_26' title='bbox 3411 442 3723 497; x_wconf 81' lang='lat' dir='ltr'><strong><em>nunquam</em></strong></span> <span class='ocrx_word' id='word_1_27' title='bbox 3771 424 3879 481; x_wconf 70' lang='lat' dir='ltr'><strong><em>dis‘</em></strong></span> 
     </span>
    </p>
   </div>
   <div class='ocr_carea' id='block_1_6' title="bbox 383 502 2068 571">
    <p class='ocr_par' dir='ltr' id='par_1_6' title="bbox 383 502 2068 571">
     <span class='ocr_line' id='line_1_6' title="bbox 383 502 2068 571; baseline -0.002 -15"><span class='ocrx_word' id='word_1_28' title='bbox 383 503 526 571; x_wconf 87' lang='lat' dir='ltr'><strong><em>quod</em></strong></span> <span class='ocrx_word' id='word_1_29' title='bbox 565 506 623 556; x_wconf 90' lang='lat' dir='ltr'><strong><em>in</em></strong></span> <span class='ocrx_word' id='word_1_30' title='bbox 668 503 773 570; x_wconf 79' lang='lat' dir='ltr'><strong><em>ﬁde</em></strong></span> <span class='ocrx_word' id='word_1_31' title='bbox 810 502 1176 569; x_wconf 83' lang='lat' dir='ltr'><strong><em>spiritualiter</em></strong></span> <span class='ocrx_word' id='word_1_32' title='bbox 1222 503 1511 568; x_wconf 83' lang='lat' dir='ltr'><strong><em>accipitur,</em></strong></span> <span class='ocrx_word' id='word_1_33' title='bbox 1570 504 1759 553; x_wconf 86' lang='lat' dir='ltr'><strong><em>innues</em></strong></span> <span class='ocrx_word' id='word_1_34' title='bbox 1806 502 2068 553; x_wconf 80' lang='lat' dir='ltr'><strong><em>nimirum</em></strong></span> 
     </span>
    </p>
   </div>
   <div class='ocr_carea' id='block_1_7' title="bbox 380 571 2068 641">
    <p class='ocr_par' dir='ltr' id='par_1_7' title="bbox 380 571 2068 641">
     <span class='ocr_line' id='line_1_7' title="bbox 380 571 2068 641; baseline -0.002 -15"><span class='ocrx_word' id='word_1_35' title='bbox 380 579 538 626; x_wconf 65' lang='lat' dir='ltr'><strong><em>castra</em></strong></span> <span class='ocrx_word' id='word_1_36' title='bbox 561 574 723 634; x_wconf 82' lang='lat' dir='ltr'><strong><em>ﬁdem</em></strong></span> <span class='ocrx_word' id='word_1_37' title='bbox 760 574 901 627; x_wconf 91' lang='lat' dir='ltr'><strong><em>nihil</em></strong></span> <span class='ocrx_word' id='word_1_38' title='bbox 926 588 1036 627; x_wconf 89' lang='lat' dir='ltr'><strong><em>esse</em></strong></span> <span class='ocrx_word' id='word_1_39' title='bbox 1080 574 1191 625; x_wconf 87' lang='lat' dir='ltr'><strong><em>nisi</em></strong></span> <span class='ocrx_word' id='word_1_40' title='bbox 1247 571 1389 641; x_wconf 89' lang='lat' dir='ltr'><strong><em>quod</em></strong></span> <span class='ocrx_word' id='word_1_41' title='bbox 1418 586 1610 639; x_wconf 88' lang='lat' dir='ltr'><strong><em>corpus</em></strong></span> <span class='ocrx_word' id='word_1_42' title='bbox 1661 574 1857 638; x_wconf 84' lang='lat' dir='ltr'><strong><em>pascit,</em></strong></span> <span class='ocrx_word' id='word_1_43' title='bbox 1914 571 2068 624; x_wconf 87' lang='lat' dir='ltr'><strong><em>dente</em></strong></span> 
     </span>
    </p>
   </div>
   <div class='ocr_carea' id='block_1_8' title="bbox 376 642 2069 712">
    <p class='ocr_par' dir='ltr' id='par_1_8' title="bbox 376 642 2069 712">
     <span class='ocr_line' id='line_1_8' title="bbox 376 642 2069 712; baseline -0.002 -15"><span class='ocrx_word' id='word_1_44' title='bbox 376 646 664 712; x_wconf 78' lang='lat' dir='ltr'><strong><em>premitur.</em></strong></span> <span class='ocrx_word' id='word_1_45' title='bbox 709 646 813 699; x_wconf 87' lang='lat' dir='ltr'><strong><em>Nec</em></strong></span> <span class='ocrx_word' id='word_1_46' title='bbox 872 644 984 697; x_wconf 86' lang='lat' dir='ltr'><strong><em>dici</em></strong></span> <span class='ocrx_word' id='word_1_47' title='bbox 1042 658 1218 710; x_wconf 84' lang='lat' dir='ltr'><strong><em>posse,</em></strong></span> <span class='ocrx_word' id='word_1_48' title='bbox 1280 642 1424 709; x_wconf 85' lang='lat' dir='ltr'><strong><em>quod</em></strong></span> <span class='ocrx_word' id='word_1_49' title='bbox 1476 642 1769 710; x_wconf 84' lang='lat' dir='ltr'><strong><em>proﬁtetur</em></strong></span> <span class='ocrx_word' id='word_1_50' title='bbox 1820 642 2069 695; x_wconf 86' lang='lat' dir='ltr'><strong><em>Ecclesia</em></strong></span> 
     </span>
    </p>
   </div>
   <div class='ocr_carea' id='block_1_9' title="bbox 383 712 2068 779">
    <p class='ocr_par' dir='ltr' id='par_1_9' title="bbox 383 712 2068 779">
     <span class='ocr_line' id='line_1_9' title="bbox 383 712 2068 779; baseline -0.002 -12"><span class='ocrx_word' id='word_1_51' title='bbox 383 717 477 767; x_wconf 86' lang='lat' dir='ltr'><strong><em>Dei</em></strong></span> <span class='ocrx_word' id='word_1_52' title='bbox 510 730 628 767; x_wconf 91' lang='lat' dir='ltr'><strong><em>cum</em></strong></span> <span class='ocrx_word' id='word_1_53' title='bbox 679 716 847 768; x_wconf 87' lang='lat' dir='ltr'><strong><em>Paulo</em></strong></span> <span class='ocrx_word' id='word_1_54' title='bbox 897 719 946 767; x_wconf 91' lang='lat' dir='ltr'><strong><em>et</em></strong></span> <span class='ocrx_word' id='word_1_55' title='bbox 1003 715 1332 779; x_wconf 82' lang='lat' dir='ltr'><strong><em>Augustino,</em></strong></span> <span class='ocrx_word' id='word_1_56' title='bbox 1391 715 1497 765; x_wconf 85' lang='lat' dir='ltr'><strong><em>imo</em></strong></span> <span class='ocrx_word' id='word_1_57' title='bbox 1544 728 1663 765; x_wconf 88' lang='lat' dir='ltr'><strong><em>cum</em></strong></span> <span class='ocrx_word' id='word_1_58' title='bbox 1701 712 1913 768; x_wconf 82' lang='lat' dir='ltr'><strong><em>Christo</em></strong></span> <span class='ocrx_word' id='word_1_59' title='bbox 1963 715 2068 765; x_wconf 87' lang='lat' dir='ltr'><strong><em>Do-</em></strong></span> 
     </span>
    </p>
   </div>
   <div class='ocr_carea' id='block_1_10' title="bbox 380 785 1500 852">
    <p class='ocr_par' dir='ltr' id='par_1_10' title="bbox 380 785 1500 852">
     <span class='ocr_line' id='line_1_10' title="bbox 380 785 1500 852; baseline -0.002 -14"><span class='ocrx_word' id='word_1_60' title='bbox 380 787 546 838; x_wconf 89' lang='lat' dir='ltr'><strong><em>mino.</em></strong></span> <span class='ocrx_word' id='word_1_61' title='bbox 582 785 735 850; x_wconf 85' lang='lat' dir='ltr'><strong><em>Quod</em></strong></span> <span class='ocrx_word' id='word_1_62' title='bbox 764 786 960 838; x_wconf 81' lang='lat' dir='ltr'><strong><em>videtis</em></strong></span> <span class='ocrx_word' id='word_1_63' title='bbox 991 790 1067 838; x_wconf 88' lang='lat' dir='ltr'><strong><em>est</em></strong></span> <span class='ocrx_word' id='word_1_64' title='bbox 1088 799 1280 852; x_wconf 89' lang='lat' dir='ltr'><strong><em>corpus</em></strong></span> <span class='ocrx_word' id='word_1_65' title='bbox 1308 798 1500 837; x_wconf 89' lang='lat' dir='ltr'><strong><em>meum.</em></strong></span> 
     </span>
    </p>
   </div>
   <div class='ocr_carea' id='block_1_11' title="bbox 1071 938 1381 976">
    <p class='ocr_par' dir='ltr' id='par_1_11' title="bbox 1071 938 1381 976">
     <span class='ocr_line' id='line_1_11' title="bbox 1071 938 1381 976; baseline -0.003 0"><span class='ocrx_word' id='word_1_66' title='bbox 1071 938 1381 976; x_wconf 75' lang='lat' dir='ltr'><strong><em>RESPONSIO.</em></strong></span> 
     </span>
    </p>
   </div>
   <div class='ocr_carea' id='block_1_12' title="bbox 451 1044 2068 1113">
    <p class='ocr_par' dir='ltr' id='par_1_12' title="bbox 451 1044 2068 1113">
     <span class='ocr_line' id='line_1_12' title="bbox 451 1044 2068 1113; baseline -0.001 -14"><span class='ocrx_word' id='word_1_67' title='bbox 451 1047 575 1099; x_wconf 83' lang='lat' dir='ltr'><strong><em>Jam</em></strong></span> <span class='ocrx_word' id='word_1_68' title='bbox 632 1045 1057 1099; x_wconf 83' lang='lat' dir='ltr'><strong><em>observavimus</em></strong></span> <span class='ocrx_word' id='word_1_69' title='bbox 1111 1044 1485 1097; x_wconf 87' lang='lat' dir='ltr'><strong><em>nutritionem</em></strong></span> <span class='ocrx_word' id='word_1_70' title='bbox 1533 1044 1743 1097; x_wconf 67' lang='lat' dir='ltr'><strong><em>anima:</em></strong></span> <span class='ocrx_word' id='word_1_71' title='bbox 1801 1060 2068 1113; x_wconf 89' lang='lat' dir='ltr'><strong><em>procura-</em></strong></span> 
     </span>
    </p>
   </div>
   <div class='ocr_carea' id='block_1_13' title="bbox 384 1114 2070 1185">
    <p class='ocr_par' dir='ltr' id='par_1_13' title="bbox 384 1114 2070 1185">
     <span class='ocr_line' id='line_1_13' title="bbox 384 1114 2070 1185; baseline -0.001 -16"><span class='ocrx_word' id='word_1_72' title='bbox 384 1122 500 1169; x_wconf 89' lang='lat' dir='ltr'><strong><em>tam</em></strong></span> <span class='ocrx_word' id='word_1_73' title='bbox 529 1132 697 1169; x_wconf 88' lang='lat' dir='ltr'><strong><em>carne</em></strong></span> <span class='ocrx_word' id='word_1_74' title='bbox 728 1122 783 1169; x_wconf 89' lang='lat' dir='ltr'><strong><em>et</em></strong></span> <span class='ocrx_word' id='word_1_75' title='bbox 830 1115 1109 1185; x_wconf 81' lang='lat' dir='ltr'><strong><em>sanguine</em></strong></span> <span class='ocrx_word' id='word_1_76' title='bbox 1161 1114 1367 1169; x_wconf 90' lang='lat' dir='ltr'><strong><em>Christi</em></strong></span> <span class='ocrx_word' id='word_1_77' title='bbox 1407 1131 1523 1167; x_wconf 91' lang='lat' dir='ltr'><strong><em>non</em></strong></span> <span class='ocrx_word' id='word_1_78' title='bbox 1552 1114 1695 1176; x_wconf 86' lang='lat' dir='ltr'><strong><em>ﬁeri,</em></strong></span> <span class='ocrx_word' id='word_1_79' title='bbox 1749 1115 1927 1167; x_wconf 88' lang='lat' dir='ltr'><strong><em>instar</em></strong></span> <span class='ocrx_word' id='word_1_80' title='bbox 1956 1132 2070 1168; x_wconf 87' lang='lat' dir='ltr'><strong><em>nu—</em></strong></span> 
     </span>
    </p>
   </div>
   <div class='ocr_carea' id='block_1_14' title="bbox 384 1185 2069 1255">
    <p class='ocr_par' dir='ltr' id='par_1_14' title="bbox 384 1185 2069 1255">
     <span class='ocr_line' id='line_1_14' title="bbox 384 1185 2069 1255; baseline -0.001 -16"><span class='ocrx_word' id='word_1_81' title='bbox 384 1186 634 1239; x_wconf 89' lang='lat' dir='ltr'><strong><em>tritionis</em></strong></span> <span class='ocrx_word' id='word_1_82' title='bbox 665 1186 957 1250; x_wconf 82' lang='lat' dir='ltr'><strong><em>naturalis,</em></strong></span> <span class='ocrx_word' id='word_1_83' title='bbox 992 1201 1096 1255; x_wconf 89' lang='lat' dir='ltr'><strong><em>per</em></strong></span> <span class='ocrx_word' id='word_1_84' title='bbox 1122 1185 1510 1238; x_wconf 86' lang='lat' dir='ltr'><strong><em>conversionis</em></strong></span> <span class='ocrx_word' id='word_1_85' title='bbox 1558 1186 1743 1237; x_wconf 87' lang='lat' dir='ltr'><strong><em>carnis</em></strong></span> <span class='ocrx_word' id='word_1_86' title='bbox 1776 1186 1953 1254; x_wconf 88' lang='lat' dir='ltr'><strong><em>ipsius</em></strong></span> <span class='ocrx_word' id='word_1_87' title='bbox 2010 1186 2069 1237; x_wconf 92' lang='lat' dir='ltr'><strong><em>in</em></strong></span> 
     </span>
    </p>
   </div>
   <div class='ocr_carea' id='block_1_15' title="bbox 387 1255 2069 1325">
    <p class='ocr_par' dir='ltr' id='par_1_15' title="bbox 387 1255 2069 1325">
     <span class='ocr_line' id='line_1_15' title="bbox 387 1255 2069 1325; baseline 0 -17"><span class='ocrx_word' id='word_1_88' title='bbox 387 1257 760 1310; x_wconf 83' lang='lat' dir='ltr'><strong><em>substantiam</em></strong></span> <span class='ocrx_word' id='word_1_89' title='bbox 796 1257 1023 1318; x_wconf 79' lang='lat' dir='ltr'><strong><em>animae,</em></strong></span> <span class='ocrx_word' id='word_1_90' title='bbox 1057 1257 1149 1307; x_wconf 83' lang='lat' dir='ltr'><strong><em>sed</em></strong></span> <span class='ocrx_word' id='word_1_91' title='bbox 1174 1272 1274 1325; x_wconf 87' lang='lat' dir='ltr'><strong><em>per</em></strong></span> <span class='ocrx_word' id='word_1_92' title='bbox 1300 1255 1640 1307; x_wconf 88' lang='lat' dir='ltr'><strong><em>infusionem</em></strong></span> <span class='ocrx_word' id='word_1_93' title='bbox 1688 1257 1883 1323; x_wconf 71' lang='lat' dir='ltr'><strong><em>gratiae</em></strong></span> <span class='ocrx_word' id='word_1_94' title='bbox 1916 1256 2069 1321; x_wconf 91' lang='lat' dir='ltr'><strong><em>ﬁdei,</em></strong></span> 
     </span>
    </p>
   </div>
   <div class='ocr_carea' id='block_1_16' title="bbox 385 1326 2070 1396">
    <p class='ocr_par' dir='ltr' id='par_1_16' title="bbox 385 1326 2070 1396">
     <span class='ocr_line' id='line_1_16' title="bbox 385 1326 2070 1396; baseline -0.001 -16"><span class='ocrx_word' id='word_1_95' title='bbox 385 1327 508 1396; x_wconf 87' lang='lat' dir='ltr'><strong><em>spei</em></strong></span> <span class='ocrx_word' id='word_1_96' title='bbox 539 1335 595 1380; x_wconf 87' lang='lat' dir='ltr'><strong><em>et</em></strong></span> <span class='ocrx_word' id='word_1_97' title='bbox 624 1328 934 1379; x_wconf 80' lang='lat' dir='ltr'><strong><em>charitatis.</em></strong></span> <span class='ocrx_word' id='word_1_98' title='bbox 970 1326 1080 1381; x_wconf 85' lang='lat' dir='ltr'><strong><em>Sed</em></strong></span> <span class='ocrx_word' id='word_1_99' title='bbox 1130 1326 1250 1379; x_wconf 67' lang='lat' dir='ltr'><strong><em>haec</em></strong></span> <span class='ocrx_word' id='word_1_100' title='bbox 1277 1342 1394 1379; x_wconf 89' lang='lat' dir='ltr'><strong><em>non</em></strong></span> <span class='ocrx_word' id='word_1_101' title='bbox 1443 1326 1807 1394; x_wconf 70' lang='lat' dir='ltr'><strong><em>praepediant</em></strong></span> <span class='ocrx_word' id='word_1_102' title='bbox 1837 1326 2070 1395; x_wconf 89' lang='lat' dir='ltr'><strong><em>quomi—</em></strong></span> 
     </span>
    </p>
   </div>
   <div class='ocr_carea' id='block_1_17' title="bbox 384 1396 2073 1465">
    <p class='ocr_par' dir='ltr' id='par_1_17' title="bbox 384 1396 2073 1465">
     <span class='ocr_line' id='line_1_17' title="bbox 384 1396 2073 1465; baseline -0.001 -15"><span class='ocrx_word' id='word_1_103' title='bbox 384 1414 492 1450; x_wconf 89' lang='lat' dir='ltr'><strong><em>nus</em></strong></span> <span class='ocrx_word' id='word_1_104' title='bbox 515 1398 586 1450; x_wconf 89' lang='lat' dir='ltr'><strong><em>sit</em></strong></span> <span class='ocrx_word' id='word_1_105' title='bbox 615 1413 813 1451; x_wconf 88' lang='lat' dir='ltr'><strong><em>verum</em></strong></span> <span class='ocrx_word' id='word_1_106' title='bbox 850 1397 1059 1450; x_wconf 80' lang='lat' dir='ltr'><strong><em>Christi</em></strong></span> <span class='ocrx_word' id='word_1_107' title='bbox 1099 1413 1304 1465; x_wconf 90' lang='lat' dir='ltr'><strong><em>corpus</em></strong></span> <span class='ocrx_word' id='word_1_108' title='bbox 1348 1396 1509 1464; x_wconf 82' lang='lat' dir='ltr'><strong><em>cujus</em></strong></span> <span class='ocrx_word' id='word_1_109' title='bbox 1568 1396 1963 1449; x_wconf 75' lang='lat' dir='ltr'><strong><em>commistione</em></strong></span> <span class='ocrx_word' id='word_1_110' title='bbox 2017 1401 2073 1449; x_wconf 89' lang='lat' dir='ltr'><strong><em>et</em></strong></span> 
     </span>
    </p>
   </div>
   <div class='ocr_carea' id='block_1_18' title="bbox 380 1466 2072 1537">
    <p class='ocr_par' dir='ltr' id='par_1_18' title="bbox 380 1466 2072 1537">
     <span class='ocr_line' id='line_1_18' title="bbox 380 1466 2072 1537; baseline -0.002 -16"><span class='ocrx_word' id='word_1_111' title='bbox 380 1468 708 1537; x_wconf 88' lang='lat' dir='ltr'><strong><em>receptione</em></strong></span> <span class='ocrx_word' id='word_1_112' title='bbox 758 1472 1095 1537; x_wconf 83' lang='lat' dir='ltr'><strong><em>procuratur</em></strong></span> <span class='ocrx_word' id='word_1_113' title='bbox 1136 1467 1300 1519; x_wconf 91' lang='lat' dir='ltr'><strong><em>nobis</em></strong></span> <span class='ocrx_word' id='word_1_114' title='bbox 1341 1466 1579 1519; x_wconf 79' lang='lat' dir='ltr'><strong><em>nutritio</em></strong></span> <span class='ocrx_word' id='word_1_115' title='bbox 1629 1466 1941 1535; x_wconf 88' lang='lat' dir='ltr'><strong><em>spiritualis</em></strong></span> <span class='ocrx_word' id='word_1_116' title='bbox 1969 1482 2072 1534; x_wconf 90' lang='lat' dir='ltr'><strong><em>per</em></strong></span> 
     </span>
    </p>
   </div>
   <div class='ocr_carea' id='block_1_19' title="bbox 380 1537 2071 1608">
    <p class='ocr_par' dir='ltr' id='par_1_19' title="bbox 380 1537 2071 1608">
     <span class='ocr_line' id='line_1_19' title="bbox 380 1537 2071 1608; baseline -0.001 -18"><span class='ocrx_word' id='word_1_117' title='bbox 380 1538 736 1606; x_wconf 88' lang='lat' dir='ltr'><strong><em>spiritualem</em></strong></span> <span class='ocrx_word' id='word_1_118' title='bbox 771 1538 1004 1608; x_wconf 77' lang='lat' dir='ltr'><strong><em>spiritus</em></strong></span> <span class='ocrx_word' id='word_1_119' title='bbox 1038 1537 1135 1589; x_wconf 84' lang='lat' dir='ltr'><strong><em>Dei</em></strong></span> <span class='ocrx_word' id='word_1_120' title='bbox 1168 1537 1480 1605; x_wconf 82' lang='lat' dir='ltr'><strong><em>potentiam</em></strong></span> <span class='ocrx_word' id='word_1_121' title='bbox 1511 1542 1567 1590; x_wconf 89' lang='lat' dir='ltr'><strong><em>et</em></strong></span> <span class='ocrx_word' id='word_1_122' title='bbox 1602 1537 1891 1589; x_wconf 82' lang='lat' dir='ltr'><strong><em>virtutem.</em></strong></span> <span class='ocrx_word' id='word_1_123' title='bbox 1935 1537 2071 1599; x_wconf 64' lang='lat' dir='ltr'><strong><em>Quae</em></strong></span> 
     </span>
    </p>
   </div>
   <div class='ocr_carea' id='block_1_20' title="bbox 381 1608 2070 1677">
    <p class='ocr_par' dir='ltr' id='par_1_20' title="bbox 381 1608 2070 1677">
     <span class='ocr_line' id='line_1_20' title="bbox 381 1608 2070 1677; baseline 0 -17"><span class='ocrx_word' id='word_1_124' title='bbox 381 1623 511 1661; x_wconf 92' lang='lat' dir='ltr'><strong><em>cum</em></strong></span> <span class='ocrx_word' id='word_1_125' title='bbox 547 1609 626 1660; x_wconf 90' lang='lat' dir='ltr'><strong><em>ita</em></strong></span> <span class='ocrx_word' id='word_1_126' title='bbox 665 1608 798 1671; x_wconf 91' lang='lat' dir='ltr'><strong><em>sint,</em></strong></span> <span class='ocrx_word' id='word_1_127' title='bbox 830 1608 1284 1660; x_wconf 82' lang='lat' dir='ltr'><strong><em>animadvertere</em></strong></span> <span class='ocrx_word' id='word_1_128' title='bbox 1324 1623 1549 1660; x_wconf 90' lang='lat' dir='ltr'><strong><em>necesse</em></strong></span> <span class='ocrx_word' id='word_1_129' title='bbox 1574 1613 1659 1659; x_wconf 88' lang='lat' dir='ltr'><strong><em>est</em></strong></span> <span class='ocrx_word' id='word_1_130' title='bbox 1687 1624 1858 1677; x_wconf 85' lang='lat' dir='ltr'><strong><em>quam</em></strong></span> <span class='ocrx_word' id='word_1_131' title='bbox 1898 1609 2070 1660; x_wconf 85' lang='lat' dir='ltr'><strong><em>vehe-</em></strong></span> 
     </span>
    </p>
   </div>
   <div class='ocr_carea' id='block_1_21' title="bbox 381 1676 2071 1736">
    <p class='ocr_par' dir='ltr' id='par_1_21' title="bbox 381 1676 2071 1736">
     <span class='ocr_line' id='line_1_21' title="bbox 381 1676 2071 1736; baseline -0.001 -5"><span class='ocrx_word' id='word_1_132' title='bbox 381 1684 607 1731; x_wconf 87' lang='lat' dir='ltr'><strong><em>menter</em></strong></span> <span class='ocrx_word' id='word_1_133' title='bbox 647 1678 991 1731; x_wconf 82' lang='lat' dir='ltr'><strong><em>allucinatus</em></strong></span> <span class='ocrx_word' id='word_1_134' title='bbox 1019 1678 1091 1730; x_wconf 91' lang='lat' dir='ltr'><strong><em>sit</em></strong></span> <span class='ocrx_word' id='word_1_135' title='bbox 1139 1678 1490 1736; x_wconf 79' lang='lat' dir='ltr'><strong><em>dissertator.</em></strong></span> <span class='ocrx_word' id='word_1_136' title='bbox 1553 1677 1688 1729; x_wconf 89' lang='lat' dir='ltr'><strong><em>dum</em></strong></span> <span class='ocrx_word' id='word_1_137' title='bbox 1734 1676 1936 1730; x_wconf 86' lang='lat' dir='ltr'><strong><em>asserit</em></strong></span> <span class='ocrx_word' id='word_1_138' title='bbox 1967 1678 2071 1731; x_wconf 81' lang='lat' dir='ltr'><strong><em>Ra-</em></strong></span> 
     </span>
    </p>
   </div>
   <div class='ocr_carea' id='block_1_22' title="bbox 2177 497 3883 599">
    <p class='ocr_par' dir='ltr' id='par_1_22' title="bbox 2177 497 3883 599">
     <span class='ocr_line' id='line_1_22' title="bbox 2177 497 3883 599; baseline -0.002 -47"><span class='ocrx_word' id='word_1_139' title='bbox 2177 497 2510 552; x_wconf 79' lang='lat' dir='ltr'><strong><em>sertatorem</em></strong></span> <span class='ocrx_word' id='word_1_140' title='bbox 2542 497 2772 552; x_wconf 86' lang='lat' dir='ltr'><strong><em>attentis</em></strong></span> <span class='ocrx_word' id='word_1_141' title='bbox 2809 497 3018 551; x_wconf 89' lang='lat' dir='ltr'><strong><em>animis</em></strong></span> <span class='ocrx_word' id='word_1_142' title='bbox 3047 502 3360 567; x_wconf 89' lang='lat' dir='ltr'><strong><em>reputasse.</em></strong></span> <span class='ocrx_word' id='word_1_143' title='bbox 3878 514 3883 599; x_wconf 48' lang='lat' dir='ltr'>r</span> 
     </span>
     <span class='ocr_line' id='line_1_23' title="bbox 2252 570 3828 599; baseline 0 0"><span class='ocrx_word' id='word_1_144' title='bbox 2252 571 2268 599; x_wconf 88' lang='grc'><strong><em>1</em></strong></span> <span class='ocrx_word' id='word_1_145' title='bbox 2293 570 2385 599; x_wconf 75' lang='lat' dir='ltr'><strong><em>\III</em></strong></span> <span class='ocrx_word' id='word_1_146' title='bbox 2461 570 2603 599; x_wconf 53' lang='lat' dir='ltr'><strong><em>Ill-ub)</em></strong></span> <span class='ocrx_word' id='word_1_147' title='bbox 2632 570 2646 599; x_wconf 91' lang='lat'><strong><em>\</em></strong></span> <span class='ocrx_word' id='word_1_148' title='bbox 2693 572 2752 599; x_wconf 68' lang='grc' dir='ltr'><strong><em>ΠΙ</em></strong></span> <span class='ocrx_word' id='word_1_149' title='bbox 2791 585 2915 599; x_wconf 60' lang='grc' dir='ltr'><strong><em>θυμω</em></strong></span> <span class='ocrx_word' id='word_1_150' title='bbox 2981 571 3042 599; x_wconf 72' lang='grc' dir='ltr'><strong><em>Η).</em></strong></span> <span class='ocrx_word' id='word_1_151' title='bbox 3072 570 3422 599; x_wconf 51' lang='lat' dir='ltr'><strong><em>anniti-linguam</em></strong></span> <span class='ocrx_word' id='word_1_152' title='bbox 3455 584 3569 599; x_wconf 71' lang='grc' dir='ltr'><strong><em>ηοοο</em></strong></span> <span class='ocrx_word' id='word_1_153' title='bbox 3618 570 3702 599; x_wconf 52' lang='lat' dir='ltr'><strong><em>ne?</em></strong></span> <span class='ocrx_word' id='word_1_154' title='bbox 3750 572 3828 599; x_wconf 66' lang='lat' dir='ltr'><strong><em>‘m:</em></strong></span> 
     </span>
    </p>
   </div>
   <div class='ocr_carea' id='block_1_23' title="bbox 2250 570 3845 637">
    <p class='ocr_par' dir='ltr' id='par_1_23' title="bbox 2250 570 3845 637">
     <span class='ocr_line' id='line_1_24' title="bbox 2250 570 3845 637; baseline -0.001 -14"><span class='ocrx_word' id='word_1_155' title='bbox 2250 570 2408 623; x_wconf 86' lang='lat' dir='ltr'><strong>LVII.</strong></span> <span class='ocrx_word' id='word_1_156' title='bbox 2461 570 2646 633; x_wconf 85' lang='lat' dir='ltr'><strong><em>(Ibid.)</em></strong></span> <span class='ocrx_word' id='word_1_157' title='bbox 2684 572 2752 623; x_wconf 88' lang='lat' dir='ltr'><strong><em>Et</em></strong></span> <span class='ocrx_word' id='word_1_158' title='bbox 2791 585 2937 622; x_wconf 89' lang='lat' dir='ltr'><strong><em>num.</em></strong></span> <span class='ocrx_word' id='word_1_159' title='bbox 2981 571 3042 622; x_wconf 87' lang='lat'><strong><em>16</em></strong></span> <span class='ocrx_word' id='word_1_160' title='bbox 3072 570 3422 621; x_wconf 84' lang='lat' dir='ltr'><strong><em>mutationem</em></strong></span> <span class='ocrx_word' id='word_1_161' title='bbox 3454 584 3569 621; x_wconf 88' lang='lat' dir='ltr'><strong><em>esse</em></strong></span> <span class='ocrx_word' id='word_1_162' title='bbox 3616 570 3703 621; x_wconf 87' lang='lat' dir='ltr'><strong><em>ait</em></strong></span> <span class='ocrx_word' id='word_1_163' title='bbox 3745 572 3845 637; x_wconf 73' lang='lat' dir='ltr'><strong><em>ﬁgu-</em></strong></span> 
     </span>
    </p>
   </div>
   <div class='ocr_carea' id='block_1_24' title="bbox 2175 626 3886 764">
    <p class='ocr_par' dir='ltr' id='par_1_24' title="bbox 2175 626 3886 764">
     <span class='ocr_line' id='line_1_25' title="bbox 2175 626 3886 764; baseline 0.001 -72"><span class='ocrx_word' id='word_1_164' title='bbox 2175 648 2356 764; x_wconf 54' lang='lat' dir='ltr'><strong><em>rattaliln</em></strong></span> <span class='ocrx_word' id='word_1_165' title='bbox 2386 645 2436 763; x_wconf 54' lang='lat' dir='ltr'><strong><em>(tat</em></strong></span> <span class='ocrx_word' id='word_1_166' title='bbox 2464 626 2829 708; x_wconf 83' lang='lat' dir='ltr'><strong><em>spiritualem,</em></strong></span> <span class='ocrx_word' id='word_1_167' title='bbox 2875 644 2937 692; x_wconf 89' lang='lat' dir='ltr'><strong><em>ut</em></strong></span> <span class='ocrx_word' id='word_1_168' title='bbox 2988 640 3250 704; x_wconf 64' lang='lat' dir='ltr'><strong><em>discimus,</em></strong></span> <span class='ocrx_word' id='word_1_169' title='bbox 3294 655 3415 707; x_wconf 74' lang='lat' dir='ltr'><strong><em>quae</em></strong></span> <span class='ocrx_word' id='word_1_170' title='bbox 3442 638 3551 708; x_wconf 84' lang='lat' dir='ltr'><strong><em>ﬁat</em></strong></span> <span class='ocrx_word' id='word_1_171' title='bbox 3599 655 3709 708; x_wconf 82' lang='lat' dir='ltr'><strong><em>per</em></strong></span> <span class='ocrx_word' id='word_1_172' title='bbox 3745 626 3886 707; x_wconf 46' lang='grc' dir='ltr'><strong><em>’βὰν</em></strong></span> 
     </span>
     <span class='ocr_line' id='line_1_26' title="bbox 2177 725 2521 764; baseline -0.006 0"><span class='ocrx_word' id='word_1_173' title='bbox 2177 727 2235 764; x_wconf 76' lang='lat' dir='ltr'><strong><em>in</em></strong></span> <span class='ocrx_word' id='word_1_174' title='bbox 2262 727 2287 764; x_wconf 92' lang='lat' dir='ltr'><strong><em>e</em></strong></span> <span class='ocrx_word' id='word_1_175' title='bbox 2331 725 2384 763; x_wconf 93' lang='lat' dir='ltr'><strong><em>ec</em></strong></span> <span class='ocrx_word' id='word_1_176' title='bbox 2413 726 2521 763; x_wconf 91' lang='lat' dir='ltr'><strong><em>um.</em></strong></span> 
     </span>
    </p>
   </div>
   <div class='ocr_carea' id='block_1_25' title="bbox 2868 811 3177 850">
    <p class='ocr_par' dir='ltr' id='par_1_25' title="bbox 2868 811 3177 850">
     <span class='ocr_line' id='line_1_27' title="bbox 2868 811 3177 850; baseline 0.003 -2"><span class='ocrx_word' id='word_1_177' title='bbox 2868 811 3177 850; x_wconf 79' lang='lat' dir='ltr'><strong><em>RESPONSIO.</em></strong></span> 
     </span>
    </p>
   </div>
   <div class='ocr_carea' id='block_1_26' title="bbox 2250 900 3851 970">
    <p class='ocr_par' dir='ltr' id='par_1_26' title="bbox 2250 900 3851 970">
     <span class='ocr_line' id='line_1_28' title="bbox 2250 900 3851 970; baseline -0.001 -16"><span class='ocrx_word' id='word_1_178' title='bbox 2250 903 2365 955; x_wconf 84' lang='lat' dir='ltr'><strong><em>Hoc</em></strong></span> <span class='ocrx_word' id='word_1_179' title='bbox 2415 900 2620 954; x_wconf 85' lang='lat' dir='ltr'><strong><em>falsum</em></strong></span> <span class='ocrx_word' id='word_1_180' title='bbox 2669 904 2769 963; x_wconf 88' lang='lat' dir='ltr'><strong><em>est,</em></strong></span> <span class='ocrx_word' id='word_1_181' title='bbox 2824 916 3121 970; x_wconf 87' lang='lat' dir='ltr'><strong><em>nunquam</em></strong></span> <span class='ocrx_word' id='word_1_182' title='bbox 3191 900 3270 954; x_wconf 91' lang='lat' dir='ltr'><strong><em>sic</em></strong></span> <span class='ocrx_word' id='word_1_183' title='bbox 3319 902 3546 955; x_wconf 89' lang='lat' dir='ltr'><strong><em>locutus</em></strong></span> <span class='ocrx_word' id='word_1_184' title='bbox 3599 906 3697 955; x_wconf 86' lang='lat' dir='ltr'><strong><em>est</em></strong></span> <span class='ocrx_word' id='word_1_185' title='bbox 3770 902 3851 954; x_wconf 81' lang='lat' dir='ltr'><strong><em>Ra-</em></strong></span> 
     </span>
    </p>
   </div>
   <div class='ocr_carea' id='block_1_27' title="bbox 2178 958 3890 1040">
    <p class='ocr_par' dir='ltr' id='par_1_27' title="bbox 2178 958 3890 1040">
     <span class='ocr_line' id='line_1_29' title="bbox 2178 958 3890 1040; baseline -0.001 -16"><span class='ocrx_word' id='word_1_186' title='bbox 2178 976 2457 1037; x_wconf 88' lang='lat' dir='ltr'><strong><em>tramnus,</em></strong></span> <span class='ocrx_word' id='word_1_187' title='bbox 2491 987 2595 1025; x_wconf 90' lang='lat' dir='ltr'><strong><em>nec</em></strong></span> <span class='ocrx_word' id='word_1_188' title='bbox 2624 958 2767 1024; x_wconf 81' lang='lat' dir='ltr'><strong><em>dixit</em></strong></span> <span class='ocrx_word' id='word_1_189' title='bbox 2793 971 2939 1024; x_wconf 92' lang='lat' dir='ltr'><strong><em>hanc</em></strong></span> <span class='ocrx_word' id='word_1_190' title='bbox 2965 958 3339 1024; x_wconf 74' lang='lat' dir='ltr'><strong><em>mutationem</em></strong></span> <span class='ocrx_word' id='word_1_191' title='bbox 3371 971 3554 1025; x_wconf 84' lang='lat' dir='ltr'><strong><em>efﬁeri</em></strong></span> <span class='ocrx_word' id='word_1_192' title='bbox 3590 987 3704 1040; x_wconf 87' lang='lat' dir='ltr'><strong><em>per</em></strong></span> <span class='ocrx_word' id='word_1_193' title='bbox 3749 972 3852 1025; x_wconf 83' lang='lat' dir='ltr'><strong><em>ﬁdei</em></strong></span> <span class='ocrx_word' id='word_1_194' title='bbox 3884 958 3890 1031; x_wconf 69' lang='grc'><strong><em>1</em></strong></span> 
     </span>
    </p>
   </div>
   <div class='ocr_carea' id='block_1_28' title="bbox 2180 1042 3890 1111">
    <p class='ocr_par' dir='ltr' id='par_1_28' title="bbox 2180 1042 3890 1111">
     <span class='ocr_line' id='line_1_30' title="bbox 2180 1042 3890 1111; baseline 0 -16"><span class='ocrx_word' id='word_1_195' title='bbox 2180 1043 2557 1095; x_wconf 89' lang='lat' dir='ltr'><strong><em>intellectum.</em></strong></span> <span class='ocrx_word' id='word_1_196' title='bbox 2586 1043 2706 1094; x_wconf 89' lang='lat' dir='ltr'><strong><em>Imo</em></strong></span> <span class='ocrx_word' id='word_1_197' title='bbox 2734 1057 2868 1095; x_wconf 90' lang='lat' dir='ltr'><strong><em>vero</em></strong></span> <span class='ocrx_word' id='word_1_198' title='bbox 2898 1042 3125 1109; x_wconf 89' lang='lat' dir='ltr'><strong><em>subjicit</em></strong></span> <span class='ocrx_word' id='word_1_199' title='bbox 3173 1043 3451 1110; x_wconf 88' lang='lat' dir='ltr'><strong><em>ejusmodi</em></strong></span> <span class='ocrx_word' id='word_1_200' title='bbox 3497 1043 3851 1096; x_wconf 84' lang='lat' dir='ltr'><strong><em>mutationem</em></strong></span> <span class='ocrx_word' id='word_1_201' title='bbox 3884 1042 3890 1111; x_wconf 51' lang='grc' dir='ltr'><strong>ς</strong></span> 
     </span>
    </p>
   </div>
   <div class='ocr_carea' id='block_1_29' title="bbox 2178 1112 3890 1183">
    <p class='ocr_par' dir='ltr' id='par_1_29' title="bbox 2178 1112 3890 1183">
     <span class='ocr_line' id='line_1_31' title="bbox 2178 1112 3890 1183; baseline -0.001 -18"><span class='ocrx_word' id='word_1_202' title='bbox 2178 1114 2301 1165; x_wconf 86' lang='lat' dir='ltr'><strong><em>ﬁeri</em></strong></span> <span class='ocrx_word' id='word_1_203' title='bbox 2333 1113 2539 1166; x_wconf 86' lang='lat' dir='ltr'><strong><em>debere</em></strong></span> <span class='ocrx_word' id='word_1_204' title='bbox 2571 1129 2637 1183; x_wconf 85' lang='lat' dir='ltr'><strong><em>ex</em></strong></span> <span class='ocrx_word' id='word_1_205' title='bbox 2670 1128 2817 1181; x_wconf 86' lang='lat' dir='ltr'><strong><em>pane</em></strong></span> <span class='ocrx_word' id='word_1_206' title='bbox 2850 1118 2908 1165; x_wconf 89' lang='lat' dir='ltr'><strong><em>et</em></strong></span> <span class='ocrx_word' id='word_1_207' title='bbox 2940 1112 3069 1165; x_wconf 90' lang='lat' dir='ltr'><strong><em>vino</em></strong></span> <span class='ocrx_word' id='word_1_208' title='bbox 3103 1113 3161 1164; x_wconf 90' lang='lat' dir='ltr'><strong><em>in</em></strong></span> <span class='ocrx_word' id='word_1_209' title='bbox 3214 1128 3418 1183; x_wconf 85' lang='lat' dir='ltr'><strong><em>corpus</em></strong></span> <span class='ocrx_word' id='word_1_210' title='bbox 3447 1118 3502 1165; x_wconf 89' lang='lat' dir='ltr'><strong><em>et</em></strong></span> <span class='ocrx_word' id='word_1_211' title='bbox 3532 1113 3850 1183; x_wconf 84' lang='lat' dir='ltr'><strong><em>sanguinem</em></strong></span> <span class='ocrx_word' id='word_1_212' title='bbox 3888 1114 3890 1117; x_wconf 85' lang='grc'><em>’</em></span> 
     </span>
    </p>
   </div>
   <div class='ocr_carea' id='block_1_30' title="bbox 2179 1182 3885 1252">
    <p class='ocr_par' dir='ltr' id='par_1_30' title="bbox 2179 1182 3885 1252">
     <span class='ocr_line' id='line_1_32' title="bbox 2179 1182 3885 1252; baseline -0.001 -15"><span class='ocrx_word' id='word_1_213' title='bbox 2179 1182 2409 1247; x_wconf 87' lang='lat' dir='ltr'><strong><em>Christi,</em></strong></span> <span class='ocrx_word' id='word_1_214' title='bbox 2439 1189 2499 1235; x_wconf 95' lang='lat' dir='ltr'><strong><em>ut</em></strong></span> <span class='ocrx_word' id='word_1_215' title='bbox 2531 1182 2610 1236; x_wconf 88' lang='lat' dir='ltr'><strong><em>ait</em></strong></span> <span class='ocrx_word' id='word_1_216' title='bbox 2634 1199 2795 1235; x_wconf 91' lang='lat' dir='ltr'><strong><em>num.</em></strong></span> <span class='ocrx_word' id='word_1_217' title='bbox 2840 1184 2926 1248; x_wconf 88' lang='lat'><strong><em>30,</em></strong></span> <span class='ocrx_word' id='word_1_218' title='bbox 2961 1198 3221 1252; x_wconf 81' lang='lat' dir='ltr'><strong><em>«panem</em></strong></span> <span class='ocrx_word' id='word_1_219' title='bbox 3270 1192 3325 1235; x_wconf 90' lang='lat' dir='ltr'><strong><em>et</em></strong></span> <span class='ocrx_word' id='word_1_220' title='bbox 3359 1184 3556 1236; x_wconf 87' lang='lat' dir='ltr'><strong><em>vinum</em></strong></span> <span class='ocrx_word' id='word_1_221' title='bbox 3591 1182 3669 1236; x_wconf 84' lang='lat' dir='ltr'><strong><em>in</em></strong></span> <span class='ocrx_word' id='word_1_222' title='bbox 3692 1200 3851 1252; x_wconf 84' lang='lat' dir='ltr'><strong><em>corpo-</em></strong></span> <span class='ocrx_word' id='word_1_223' title='bbox 3882 1240 3885 1243; x_wconf 96' lang='lat'><em>_</em></span> 
     </span>
    </p>
   </div>
   <div class='ocr_carea' id='block_1_31' title="bbox 2181 1253 3852 1323">
    <p class='ocr_par' dir='ltr' id='par_1_31' title="bbox 2181 1253 3852 1323">
     <span class='ocr_line' id='line_1_33' title="bbox 2181 1253 3852 1323; baseline 0 -18"><span class='ocrx_word' id='word_1_224' title='bbox 2181 1254 2257 1305; x_wconf 85' lang='lat' dir='ltr'><strong><em>ris</em></strong></span> <span class='ocrx_word' id='word_1_225' title='bbox 2287 1261 2343 1306; x_wconf 90' lang='lat' dir='ltr'><strong><em>et</em></strong></span> <span class='ocrx_word' id='word_1_226' title='bbox 2372 1253 2670 1323; x_wconf 80' lang='lat' dir='ltr'><strong><em>sanguinis</em></strong></span> <span class='ocrx_word' id='word_1_227' title='bbox 2702 1269 2972 1306; x_wconf 88' lang='lat' dir='ltr'><strong><em>conversa</em></strong></span> <span class='ocrx_word' id='word_1_228' title='bbox 3012 1253 3386 1306; x_wconf 86' lang='lat' dir='ltr'><strong><em>substantiam</em></strong></span> <span class='ocrx_word' id='word_1_229' title='bbox 3415 1254 3633 1307; x_wconf 88' lang='lat' dir='ltr'><strong><em>virtute</em></strong></span> <span class='ocrx_word' id='word_1_230' title='bbox 3671 1260 3729 1307; x_wconf 88' lang='lat' dir='ltr'><strong><em>et</em></strong></span> <span class='ocrx_word' id='word_1_231' title='bbox 3774 1270 3852 1322; x_wconf 82' lang='lat' dir='ltr'><strong><em>po-</em></strong></span> 
     </span>
    </p>
   </div>
   <div class='ocr_carea' id='block_1_32' title="bbox 2180 1324 3853 1392">
    <p class='ocr_par' dir='ltr' id='par_1_32' title="bbox 2180 1324 3853 1392">
     <span class='ocr_line' id='line_1_34' title="bbox 2180 1324 3853 1392; baseline -0.001 -16"><span class='ocrx_word' id='word_1_232' title='bbox 2180 1324 2355 1377; x_wconf 87' lang='lat' dir='ltr'><strong><em>tentia</em></strong></span> <span class='ocrx_word' id='word_1_233' title='bbox 2382 1324 2550 1377; x_wconf 85' lang='lat' dir='ltr'><strong><em>Verbi</em></strong></span> <span class='ocrx_word' id='word_1_234' title='bbox 2580 1324 2775 1377; x_wconf 88' lang='lat' dir='ltr'><strong><em>divini.</em></strong></span> <span class='ocrx_word' id='word_1_235' title='bbox 2799 1343 2825 1374; x_wconf 74' lang='grc' dir='ltr'><strong><em>υ</em></strong></span> <span class='ocrx_word' id='word_1_236' title='bbox 2876 1325 3091 1377; x_wconf 78' lang='lat' dir='ltr'><strong><em>Revera</em></strong></span> <span class='ocrx_word' id='word_1_237' title='bbox 3135 1324 3302 1377; x_wconf 90' lang='lat' dir='ltr'><strong><em>docet</em></strong></span> <span class='ocrx_word' id='word_1_238' title='bbox 3340 1325 3633 1392; x_wconf 83' lang='lat' dir='ltr'><strong><em>ejusmodi</em></strong></span> <span class='ocrx_word' id='word_1_239' title='bbox 3696 1338 3853 1376; x_wconf 79' lang='lat' dir='ltr'><strong><em>muta-</em></strong></span> 
     </span>
    </p>
   </div>
   <div class='ocr_carea' id='block_1_33' title="bbox 2179 1393 3854 1463">
    <p class='ocr_par' dir='ltr' id='par_1_33' title="bbox 2179 1393 3854 1463">
     <span class='ocr_line' id='line_1_35' title="bbox 2179 1393 3854 1463; baseline -0.001 -16"><span class='ocrx_word' id='word_1_240' title='bbox 2179 1394 2395 1447; x_wconf 86' lang='lat' dir='ltr'><strong><em>tionem</em></strong></span> <span class='ocrx_word' id='word_1_241' title='bbox 2429 1410 2543 1447; x_wconf 91' lang='lat' dir='ltr'><strong><em>non</em></strong></span> <span class='ocrx_word' id='word_1_242' title='bbox 2574 1395 2699 1448; x_wconf 87' lang='lat' dir='ltr'><strong><em>ﬁeri</em></strong></span> <span class='ocrx_word' id='word_1_243' title='bbox 2727 1394 2896 1447; x_wconf 90' lang='lat' dir='ltr'><strong><em>modo</em></strong></span> <span class='ocrx_word' id='word_1_244' title='bbox 2930 1393 3187 1447; x_wconf 89' lang='lat' dir='ltr'><strong><em>sensibili</em></strong></span> <span class='ocrx_word' id='word_1_245' title='bbox 3215 1399 3270 1447; x_wconf 88' lang='lat' dir='ltr'><strong><em>et</em></strong></span> <span class='ocrx_word' id='word_1_246' title='bbox 3301 1411 3603 1462; x_wconf 88' lang='lat' dir='ltr'><strong><em>corporeo,</em></strong></span> <span class='ocrx_word' id='word_1_247' title='bbox 3641 1395 3742 1447; x_wconf 89' lang='lat' dir='ltr'><strong><em>sed</em></strong></span> <span class='ocrx_word' id='word_1_248' title='bbox 3768 1397 3854 1463; x_wconf 85' lang='lat' dir='ltr'><strong><em>spi-</em></strong></span> 
     </span>
    </p>
   </div>
   <div class='ocr_carea' id='block_1_34' title="bbox 2180 1464 3852 1527">
    <p class='ocr_par' dir='ltr' id='par_1_34' title="bbox 2180 1464 3852 1527">
     <span class='ocr_line' id='line_1_36' title="bbox 2180 1464 3852 1527; baseline -0.001 -10"><span class='ocrx_word' id='word_1_249' title='bbox 2180 1464 2373 1518; x_wconf 86' lang='lat' dir='ltr'><strong><em>rituali</em></strong></span> <span class='ocrx_word' id='word_1_250' title='bbox 2397 1471 2453 1518; x_wconf 90' lang='lat' dir='ltr'><strong><em>et</em></strong></span> <span class='ocrx_word' id='word_1_251' title='bbox 2483 1481 2516 1517; x_wconf 92' lang='lat' dir='ltr'><strong><em>a</em></strong></span> <span class='ocrx_word' id='word_1_252' title='bbox 2554 1466 2817 1518; x_wconf 89' lang='lat' dir='ltr'><strong><em>sensibus</em></strong></span> <span class='ocrx_word' id='word_1_253' title='bbox 2846 1471 3065 1518; x_wconf 90' lang='lat' dir='ltr'><strong><em>remoto</em></strong></span> <span class='ocrx_word' id='word_1_254' title='bbox 3099 1470 3161 1518; x_wconf 90' lang='lat' dir='ltr'><strong><em>ut</em></strong></span> <span class='ocrx_word' id='word_1_255' title='bbox 3190 1465 3455 1518; x_wconf 85' lang='lat' dir='ltr'><strong><em>dixerunt</em></strong></span> <span class='ocrx_word' id='word_1_256' title='bbox 3509 1466 3852 1527; x_wconf 74' lang='lat' dir='ltr'><strong><em>Paschasius,</em></strong></span> 
     </span>
    </p>
   </div>
   <div class='ocr_carea' id='block_1_35' title="bbox 2179 1535 3890 1605">
    <p class='ocr_par' dir='ltr' id='par_1_35' title="bbox 2179 1535 3890 1605">
     <span class='ocr_line' id='line_1_37' title="bbox 2179 1535 3890 1605; baseline -0.001 -18"><span class='ocrx_word' id='word_1_257' title='bbox 2179 1535 2444 1605; x_wconf 86' lang='lat' dir='ltr'><strong><em>Algerus,</em></strong></span> <span class='ocrx_word' id='word_1_258' title='bbox 2486 1536 2833 1589; x_wconf 88' lang='lat' dir='ltr'><strong><em>Lanfrancus</em></strong></span> <span class='ocrx_word' id='word_1_259' title='bbox 2880 1540 2936 1588; x_wconf 89' lang='lat' dir='ltr'><strong><em>et</em></strong></span> <span class='ocrx_word' id='word_1_260' title='bbox 2980 1551 3179 1588; x_wconf 89' lang='lat' dir='ltr'><strong><em>omnes</em></strong></span> <span class='ocrx_word' id='word_1_261' title='bbox 3224 1536 3523 1604; x_wconf 87' lang='lat' dir='ltr'><strong><em>scriptores</em></strong></span> <span class='ocrx_word' id='word_1_262' title='bbox 3585 1536 3853 1587; x_wconf 87' lang='lat' dir='ltr'><strong><em>catholici.</em></strong></span> <span class='ocrx_word' id='word_1_263' title='bbox 3888 1570 3890 1597; x_wconf 68' lang='grc' dir='ltr'>ε</span> 
     </span>
    </p>
   </div>
   <div class='ocr_carea' id='block_1_36' title="bbox 2181 1605 3890 1668">
    <p class='ocr_par' dir='ltr' id='par_1_36' title="bbox 2181 1605 3890 1668">
     <span class='ocr_line' id='line_1_38' title="bbox 2181 1605 3890 1668; baseline -0.001 -11"><span class='ocrx_word' id='word_1_264' title='bbox 2181 1605 2565 1668; x_wconf 86' lang='lat' dir='ltr'><strong><em>Quamobrem</em></strong></span> <span class='ocrx_word' id='word_1_265' title='bbox 2598 1608 2677 1659; x_wconf 87' lang='lat' dir='ltr'><strong><em>sic</em></strong></span> <span class='ocrx_word' id='word_1_266' title='bbox 2731 1608 2879 1660; x_wconf 81' lang='lat' dir='ltr'><strong><em>fatur</em></strong></span> <span class='ocrx_word' id='word_1_267' title='bbox 2912 1608 3255 1660; x_wconf 75' lang='lat' dir='ltr'><strong><em>Hatramnus</em></strong></span> <span class='ocrx_word' id='word_1_268' title='bbox 3308 1622 3465 1658; x_wconf 87' lang='lat' dir='ltr'><strong><em>num.</em></strong></span> <span class='ocrx_word' id='word_1_269' title='bbox 3510 1609 3574 1658; x_wconf 87' lang='lat'><strong><em>16</em></strong></span> <span class='ocrx_word' id='word_1_270' title='bbox 3638 1606 3739 1658; x_wconf 91' lang='lat' dir='ltr'><strong><em>sub</em></strong></span> <span class='ocrx_word' id='word_1_271' title='bbox 3788 1622 3890 1655; x_wconf 65' lang='grc' dir='ltr'><strong><em>νε·-</em></strong></span> 
     </span>
    </p>
   </div>
   <div class='ocr_carea' id='block_1_37' title="bbox 2182 1675 3858 1746">
    <p class='ocr_par' dir='ltr' id='par_1_37' title="bbox 2182 1675 3858 1746">
     <span class='ocr_line' id='line_1_39' title="bbox 2182 1675 3858 1746; baseline 0 -18"><span class='ocrx_word' id='word_1_272' title='bbox 2182 1677 2431 1729; x_wconf 88' lang='lat' dir='ltr'><strong><em>lamento</em></strong></span> <span class='ocrx_word' id='word_1_273' title='bbox 2471 1678 2732 1746; x_wconf 89' lang='lat' dir='ltr'><strong><em>corporei</em></strong></span> <span class='ocrx_word' id='word_1_274' title='bbox 2763 1677 2947 1745; x_wconf 87' lang='lat' dir='ltr'><strong><em>panis,</em></strong></span> <span class='ocrx_word' id='word_1_275' title='bbox 2997 1676 3370 1746; x_wconf 88' lang='lat' dir='ltr'><strong><em>corporeique</em></strong></span> <span class='ocrx_word' id='word_1_276' title='bbox 3404 1675 3520 1728; x_wconf 88' lang='lat' dir='ltr'><strong><em>vini</em></strong></span> <span class='ocrx_word' id='word_1_277' title='bbox 3581 1679 3858 1744; x_wconf 71' lang='lat' dir='ltr'><strong><em>spirituale</em></strong></span> 
     </span>
    </p>
   </div>
   <div class='ocr_carea' id='block_1_38' title="bbox 379 1746 3854 1830">
    <p class='ocr_par' dir='ltr' id='par_1_38' title="bbox 379 1746 3854 1830">
     <span class='ocr_line' id='line_1_40' title="bbox 379 1746 3854 1830; baseline -0.001 -29"><span class='ocrx_word' id='word_1_278' title='bbox 379 1748 1015 1830; x_wconf 40' lang='lat' dir='ltr'><strong><em>tramnum&#39;signiﬁcare</em></strong></span> <span class='ocrx_word' id='word_1_279' title='bbox 1038 1748 1290 1830; x_wconf 75' lang='lat' dir='ltr'><strong><em>voluisse</em></strong></span> <span class='ocrx_word' id='word_1_280' title='bbox 1320 1754 1531 1830; x_wconf 67' lang='lat' dir='ltr'><strong><em>praeter</em></strong></span> <span class='ocrx_word' id='word_1_281' title='bbox 1558 1748 1728 1830; x_wconf 75' lang='lat' dir='ltr'><strong><em>ﬁdem</em></strong></span> <span class='ocrx_word' id='word_1_282' title='bbox 1769 1748 1825 1800; x_wconf 90' lang='lat' dir='ltr'><strong><em>in</em></strong></span> <span class='ocrx_word' id='word_1_283' title='bbox 1862 1749 2074 1828; x_wconf 79' lang='lat' dir='ltr'><strong><em>Eucha-</em></strong></span> <span class='ocrx_word' id='word_1_284' title='bbox 2112 1778 2153 1830; x_wconf 78' lang='grc' dir='ltr'><strong>Β</strong></span> <span class='ocrx_word' id='word_1_285' title='bbox 2180 1761 2378 1830; x_wconf 82' lang='lat' dir='ltr'><strong><em>corpus</em></strong></span> <span class='ocrx_word' id='word_1_286' title='bbox 2409 1748 2627 1830; x_wconf 65' lang='lat' dir='ltr'><strong><em>Christi</em></strong></span> <span class='ocrx_word' id='word_1_287' title='bbox 2673 1749 3089 1830; x_wconf 71' lang='lat' dir='ltr'><strong><em>spiritualisque</em></strong></span> <span class='ocrx_word' id='word_1_288' title='bbox 3117 1748 3342 1830; x_wconf 75' lang='lat' dir='ltr'><strong><em>sanguis</em></strong></span> <span class='ocrx_word' id='word_1_289' title='bbox 3371 1748 3605 1830; x_wconf 55' lang='lat' dir='ltr'><strong><em>existit;</em></strong></span> <span class='ocrx_word' id='word_1_290' title='bbox 3646 1746 3781 1825; x_wconf 77' lang='lat' dir='ltr'><strong><em>quia</em></strong></span> <span class='ocrx_word' id='word_1_291' title='bbox 3800 1746 3854 1830; x_wconf 32' lang='lat' dir='ltr'><strong><em>lni-</em></strong></span> 
     </span>
    </p>
   </div>
   <div class='ocr_carea' id='block_1_39' title="bbox 384 1818 2068 1888">
    <p class='ocr_par' dir='ltr' id='par_1_39' title="bbox 384 1818 2068 1888">
     <span class='ocr_line' id='line_1_41' title="bbox 384 1818 2068 1888; baseline 0 -17"><span class='ocrx_word' id='word_1_292' title='bbox 384 1818 541 1871; x_wconf 88' lang='lat' dir='ltr'><strong><em>ristia</em></strong></span> <span class='ocrx_word' id='word_1_293' title='bbox 569 1819 710 1871; x_wconf 89' lang='lat' dir='ltr'><strong><em>nihil</em></strong></span> <span class='ocrx_word' id='word_1_294' title='bbox 736 1818 979 1888; x_wconf 89' lang='lat' dir='ltr'><strong><em>reperiri</em></strong></span> <span class='ocrx_word' id='word_1_295' title='bbox 1000 1818 1110 1871; x_wconf 89' lang='lat' dir='ltr'><strong><em>nisi</em></strong></span> <span class='ocrx_word' id='word_1_296' title='bbox 1139 1819 1293 1887; x_wconf 91' lang='lat' dir='ltr'><strong><em>quod</em></strong></span> <span class='ocrx_word' id='word_1_297' title='bbox 1321 1818 1393 1871; x_wconf 88' lang='lat' dir='ltr'><strong><em>ad</em></strong></span> <span class='ocrx_word' id='word_1_298' title='bbox 1416 1818 1791 1871; x_wconf 89' lang='lat' dir='ltr'><strong><em>nutritionem</em></strong></span> <span class='ocrx_word' id='word_1_299' title='bbox 1814 1819 2068 1887; x_wconf 90' lang='lat' dir='ltr'><strong><em>corporis</em></strong></span> 
     </span>
    </p>
   </div>
   <div class='ocr_carea' id='block_1_40' title="bbox 379 1888 2069 1954">
    <p class='ocr_par' dir='ltr' id='par_1_40' title="bbox 379 1888 2069 1954">
     <span class='ocr_line' id='line_1_42' title="bbox 379 1888 2069 1954; baseline -0.001 -12"><span class='ocrx_word' id='word_1_300' title='bbox 379 1888 737 1942; x_wconf 87' lang='lat' dir='ltr'><strong><em>conducibile</em></strong></span> <span class='ocrx_word' id='word_1_301' title='bbox 767 1891 870 1953; x_wconf 86' lang='lat' dir='ltr'><strong><em>sit;</em></strong></span> <span class='ocrx_word' id='word_1_302' title='bbox 905 1889 1013 1942; x_wconf 92' lang='lat' dir='ltr'><strong><em>hoc</em></strong></span> <span class='ocrx_word' id='word_1_303' title='bbox 1039 1890 1193 1941; x_wconf 92' lang='lat' dir='ltr'><strong><em>enim</em></strong></span> <span class='ocrx_word' id='word_1_304' title='bbox 1227 1904 1342 1941; x_wconf 91' lang='lat' dir='ltr'><strong><em>non</em></strong></span> <span class='ocrx_word' id='word_1_305' title='bbox 1390 1889 1525 1941; x_wconf 84' lang='lat' dir='ltr'><strong><em>dicit</em></strong></span> <span class='ocrx_word' id='word_1_306' title='bbox 1572 1890 1934 1954; x_wconf 78' lang='lat' dir='ltr'><strong><em>Ratramnus,</em></strong></span> <span class='ocrx_word' id='word_1_307' title='bbox 1969 1890 2069 1941; x_wconf 86' lang='lat' dir='ltr'><strong><em>sed</em></strong></span> 
     </span>
    </p>
   </div>
   <div class='ocr_carea' id='block_1_41' title="bbox 381 1959 2064 2029">
    <p class='ocr_par' dir='ltr' id='par_1_41' title="bbox 381 1959 2064 2029">
     <span class='ocr_line' id='line_1_43' title="bbox 381 1959 2064 2029; baseline 0.001 -18"><span class='ocrx_word' id='word_1_308' title='bbox 381 1960 534 2028; x_wconf 90' lang='lat' dir='ltr'><strong><em>quod</em></strong></span> <span class='ocrx_word' id='word_1_309' title='bbox 559 1975 688 2012; x_wconf 88' lang='lat' dir='ltr'><strong><em>cum</em></strong></span> <span class='ocrx_word' id='word_1_310' title='bbox 722 1959 834 2013; x_wconf 88' lang='lat' dir='ltr'><strong><em>ﬁde</em></strong></span> <span class='ocrx_word' id='word_1_311' title='bbox 862 1959 1235 2029; x_wconf 86' lang='lat' dir='ltr'><strong><em>spiritualiter</em></strong></span> <span class='ocrx_word' id='word_1_312' title='bbox 1272 1959 1547 2028; x_wconf 88' lang='lat' dir='ltr'><strong><em>accipitur</em></strong></span> <span class='ocrx_word' id='word_1_313' title='bbox 1576 1965 1844 2027; x_wconf 70' lang='lat' dir='ltr'><strong><em>praestare</em></strong></span> <span class='ocrx_word' id='word_1_314' title='bbox 1884 1960 2064 2012; x_wconf 87' lang='lat' dir='ltr'><strong><em>nutri-</em></strong></span> 
     </span>
    </p>
   </div>
   <div class='ocr_carea' id='block_1_42' title="bbox 382 2029 2070 2083">
    <p class='ocr_par' dir='ltr' id='par_1_42' title="bbox 382 2029 2070 2083">
     <span class='ocr_line' id='line_1_44' title="bbox 382 2029 2070 2083; baseline 0.001 -1"><span class='ocrx_word' id='word_1_315' title='bbox 382 2030 601 2083; x_wconf 89' lang='lat' dir='ltr'><strong><em>tionem</em></strong></span> <span class='ocrx_word' id='word_1_316' title='bbox 652 2030 877 2082; x_wconf 61' lang='lat' dir='ltr'><strong><em>animae.</em></strong></span> <span class='ocrx_word' id='word_1_317' title='bbox 936 2029 1175 2083; x_wconf 84' lang='lat' dir='ltr'><strong><em>Maxima</em></strong></span> <span class='ocrx_word' id='word_1_318' title='bbox 1229 2029 1383 2082; x_wconf 90' lang='lat' dir='ltr'><strong><em>enim</em></strong></span> <span class='ocrx_word' id='word_1_319' title='bbox 1428 2029 1748 2082; x_wconf 84' lang='lat' dir='ltr'><strong><em>ditferentia</em></strong></span> <span class='ocrx_word' id='word_1_320' title='bbox 1794 2034 1879 2083; x_wconf 89' lang='lat' dir='ltr'><strong><em>est</em></strong></span> <span class='ocrx_word' id='word_1_321' title='bbox 1920 2030 2070 2083; x_wconf 90' lang='lat' dir='ltr'><strong><em>inter</em></strong></span> 
     </span>
    </p>
   </div>
   <div class='ocr_carea' id='block_1_43' title="bbox 380 2100 2070 2169">
    <p class='ocr_par' dir='ltr' id='par_1_43' title="bbox 380 2100 2070 2169">
     <span class='ocr_line' id='line_1_45' title="bbox 380 2100 2070 2169; baseline -0.001 -15"><span class='ocrx_word' id='word_1_322' title='bbox 380 2100 553 2154; x_wconf 84' lang='lat' dir='ltr'><strong><em>ﬁdem</em></strong></span> <span class='ocrx_word' id='word_1_323' title='bbox 588 2105 645 2153; x_wconf 88' lang='lat' dir='ltr'><strong><em>et</em></strong></span> <span class='ocrx_word' id='word_1_324' title='bbox 676 2100 730 2153; x_wconf 90' lang='lat' dir='ltr'><strong><em>id</em></strong></span> <span class='ocrx_word' id='word_1_325' title='bbox 782 2101 932 2169; x_wconf 90' lang='lat' dir='ltr'><strong><em>quod</em></strong></span> <span class='ocrx_word' id='word_1_326' title='bbox 983 2116 1112 2153; x_wconf 87' lang='lat' dir='ltr'><strong><em>cum</em></strong></span> <span class='ocrx_word' id='word_1_327' title='bbox 1172 2100 1283 2153; x_wconf 80' lang='lat' dir='ltr'><strong><em>ﬁde</em></strong></span> <span class='ocrx_word' id='word_1_328' title='bbox 1335 2100 1665 2169; x_wconf 84' lang='lat' dir='ltr'><strong><em>percipitur,</em></strong></span> <span class='ocrx_word' id='word_1_329' title='bbox 1719 2100 1866 2154; x_wconf 89' lang='lat' dir='ltr'><strong><em>sicut</em></strong></span> <span class='ocrx_word' id='word_1_330' title='bbox 1915 2101 2070 2153; x_wconf 88' lang='lat' dir='ltr'><strong><em>inter</em></strong></span> 
     </span>
    </p>
   </div>
   <div class='ocr_carea' id='block_1_44' title="bbox 379 2170 2070 2240">
    <p class='ocr_par' dir='ltr' id='par_1_44' title="bbox 379 2170 2070 2240">
     <span class='ocr_line' id='line_1_46' title="bbox 379 2170 2070 2240; baseline 0.001 -19"><span class='ocrx_word' id='word_1_331' title='bbox 379 2170 566 2223; x_wconf 87' lang='lat' dir='ltr'><strong><em>visum</em></strong></span> <span class='ocrx_word' id='word_1_332' title='bbox 622 2177 679 2223; x_wconf 90' lang='lat' dir='ltr'><strong><em>et</em></strong></span> <span class='ocrx_word' id='word_1_333' title='bbox 733 2170 1017 2240; x_wconf 85' lang='lat' dir='ltr'><strong><em>objectutn</em></strong></span> <span class='ocrx_word' id='word_1_334' title='bbox 1081 2170 1250 2223; x_wconf 91' lang='lat' dir='ltr'><strong><em>visus.</em></strong></span> <span class='ocrx_word' id='word_1_335' title='bbox 1316 2171 1455 2224; x_wconf 91' lang='lat' dir='ltr'><strong><em>Cum</em></strong></span> <span class='ocrx_word' id='word_1_336' title='bbox 1523 2171 1833 2224; x_wconf 78' lang='lat' dir='ltr'><strong><em>Hatramno</em></strong></span> <span class='ocrx_word' id='word_1_337' title='bbox 1889 2171 2070 2224; x_wconf 89' lang='lat' dir='ltr'><strong><em>mira-</em></strong></span> 
     </span>
    </p>
   </div>
   <div class='ocr_carea' id='block_1_45' title="bbox 380 2240 2070 2306">
    <p class='ocr_par' dir='ltr' id='par_1_45' title="bbox 380 2240 2070 2306">
     <span class='ocr_line' id='line_1_47' title="bbox 380 2240 2070 2306; baseline -0.001 -12"><span class='ocrx_word' id='word_1_338' title='bbox 380 2240 572 2294; x_wconf 89' lang='lat' dir='ltr'><strong><em>biliter</em></strong></span> <span class='ocrx_word' id='word_1_339' title='bbox 655 2241 922 2294; x_wconf 80' lang='lat' dir='ltr'><strong><em>convenit</em></strong></span> <span class='ocrx_word' id='word_1_340' title='bbox 999 2240 1349 2306; x_wconf 79' lang='lat' dir='ltr'><strong><em>Paschasius,</em></strong></span> <span class='ocrx_word' id='word_1_341' title='bbox 1423 2242 1730 2294; x_wconf 89' lang='lat' dir='ltr'><strong><em>discrimen</em></strong></span> <span class='ocrx_word' id='word_1_342' title='bbox 1816 2246 2070 2295; x_wconf 88' lang='lat' dir='ltr'><strong><em>statuens</em></strong></span> 
     </span>
    </p>
   </div>
   <div class='ocr_carea' id='block_1_46' title="bbox 378 2311 2069 2381">
    <p class='ocr_par' dir='ltr' id='par_1_46' title="bbox 378 2311 2069 2381">
     <span class='ocr_line' id='line_1_48' title="bbox 378 2311 2069 2381; baseline -0.001 -16"><span class='ocrx_word' id='word_1_343' title='bbox 378 2311 531 2365; x_wconf 88' lang='lat' dir='ltr'><strong><em>inter</em></strong></span> <span class='ocrx_word' id='word_1_344' title='bbox 568 2311 833 2365; x_wconf 87' lang='lat' dir='ltr'><strong><em>homines</em></strong></span> <span class='ocrx_word' id='word_1_345' title='bbox 886 2311 1056 2381; x_wconf 84' lang='lat' dir='ltr'><strong><em>digne</em></strong></span> <span class='ocrx_word' id='word_1_346' title='bbox 1110 2316 1209 2364; x_wconf 88' lang='lat' dir='ltr'><strong><em>aut</em></strong></span> <span class='ocrx_word' id='word_1_347' title='bbox 1274 2311 1508 2381; x_wconf 90' lang='lat' dir='ltr'><strong><em>indigne</em></strong></span> <span class='ocrx_word' id='word_1_348' title='bbox 1551 2315 1620 2364; x_wconf 90' lang='lat' dir='ltr'><strong><em>ad</em></strong></span> <span class='ocrx_word' id='word_1_349' title='bbox 1681 2328 1896 2364; x_wconf 87' lang='lat' dir='ltr'><strong><em>sacram</em></strong></span> <span class='ocrx_word' id='word_1_350' title='bbox 1943 2328 2069 2364; x_wconf 89' lang='lat' dir='ltr'><strong><em>cor-</em></strong></span> 
     </span>
    </p>
   </div>
   <div class='ocr_carea' id='block_1_47' title="bbox 378 2382 2068 2451">
    <p class='ocr_par' dir='ltr' id='par_1_47' title="bbox 378 2382 2068 2451">
     <span class='ocr_line' id='line_1_49' title="bbox 378 2382 2068 2451; baseline 0 -16"><span class='ocrx_word' id='word_1_351' title='bbox 378 2382 537 2451; x_wconf 84' lang='lat' dir='ltr'><strong><em>poris</em></strong></span> <span class='ocrx_word' id='word_1_352' title='bbox 594 2382 797 2435; x_wconf 82' lang='lat' dir='ltr'><strong><em>Christi</em></strong></span> <span class='ocrx_word' id='word_1_353' title='bbox 878 2383 1345 2435; x_wconf 86' lang='lat' dir='ltr'><strong><em>communionem</em></strong></span> <span class='ocrx_word' id='word_1_354' title='bbox 1438 2383 1784 2435; x_wconf 88' lang='lat' dir='ltr'><strong><em>accedentes.</em></strong></span> <span class='ocrx_word' id='word_1_355' title='bbox 1841 2401 1867 2432; x_wconf 88' lang='lat'>«</span> <span class='ocrx_word' id='word_1_356' title='bbox 1932 2383 2068 2435; x_wconf 87' lang='lat' dir='ltr'><strong><em>Ecce</em></strong></span> 
     </span>
    </p>
   </div>
   <div class='ocr_carea' id='block_1_48' title="bbox 380 2452 2071 2521">
    <p class='ocr_par' dir='ltr' id='par_1_48' title="bbox 380 2452 2071 2521">
     <span class='ocr_line' id='line_1_50' title="bbox 380 2452 2071 2521; baseline 0.001 -17"><span class='ocrx_word' id='word_1_357' title='bbox 380 2468 582 2505; x_wconf 89' lang='lat' dir='ltr'><strong><em>omnes</em></strong></span> <span class='ocrx_word' id='word_1_358' title='bbox 626 2452 1027 2505; x_wconf 79' lang='lat' dir='ltr'><strong><em>indiﬁ‘erentur</em></strong></span> <span class='ocrx_word' id='word_1_359' title='bbox 1081 2468 1253 2521; x_wconf 89' lang='lat' dir='ltr'><strong><em>quam</em></strong></span> <span class='ocrx_word' id='word_1_360' title='bbox 1302 2468 1452 2521; x_wconf 57' lang='lat' dir='ltr'><strong><em>saepe</em></strong></span> <span class='ocrx_word' id='word_1_361' title='bbox 1487 2458 1845 2505; x_wconf 84' lang='lat' dir='ltr'><strong><em>sacramenta</em></strong></span> <span class='ocrx_word' id='word_1_362' title='bbox 1874 2453 2071 2505; x_wconf 89' lang='lat' dir='ltr'><strong><em>altaris</em></strong></span> 
     </span>
    </p>
   </div>
   <div class='ocr_carea' id='block_1_49' title="bbox 379 2521 2072 2591">
    <p class='ocr_par' dir='ltr' id='par_1_49' title="bbox 379 2521 2072 2591">
     <span class='ocr_line' id='line_1_51' title="bbox 379 2521 2072 2591; baseline 0 -17"><span class='ocrx_word' id='word_1_363' title='bbox 379 2521 709 2590; x_wconf 86' lang='lat' dir='ltr'><strong><em>percipiunt</em></strong></span> <span class='ocrx_word' id='word_1_364' title='bbox 738 2539 750 2574; x_wconf 92' lang='lat'>:</span> <span class='ocrx_word' id='word_1_365' title='bbox 777 2522 1102 2591; x_wconf 90' lang='lat' dir='ltr'><strong><em>percipiunt</em></strong></span> <span class='ocrx_word' id='word_1_366' title='bbox 1127 2522 1318 2590; x_wconf 87' lang='lat' dir='ltr'><strong><em>plane,</em></strong></span> <span class='ocrx_word' id='word_1_367' title='bbox 1353 2522 1449 2575; x_wconf 86' lang='lat' dir='ltr'><strong><em>sed</em></strong></span> <span class='ocrx_word' id='word_1_368' title='bbox 1483 2522 1628 2574; x_wconf 88' lang='lat' dir='ltr'><strong><em>alius</em></strong></span> <span class='ocrx_word' id='word_1_369' title='bbox 1658 2539 1887 2575; x_wconf 85' lang='lat' dir='ltr'><strong><em>carnem</em></strong></span> <span class='ocrx_word' id='word_1_370' title='bbox 1917 2523 2072 2576; x_wconf 87' lang='lat' dir='ltr'><strong><em>Chri-</em></strong></span> 
     </span>
    </p>
   </div>
   <div class='ocr_carea' id='block_1_50' title="bbox 382 2592 2072 2661">
    <p class='ocr_par' dir='ltr' id='par_1_50' title="bbox 382 2592 2072 2661">
     <span class='ocr_line' id='line_1_52' title="bbox 382 2592 2072 2661; baseline 0.001 -17"><span class='ocrx_word' id='word_1_371' title='bbox 382 2592 455 2644; x_wconf 91' lang='lat' dir='ltr'><strong><em>sti</em></strong></span> <span class='ocrx_word' id='word_1_372' title='bbox 485 2592 860 2660; x_wconf 87' lang='lat' dir='ltr'><strong><em>spiritualiter</em></strong></span> <span class='ocrx_word' id='word_1_373' title='bbox 902 2592 1209 2645; x_wconf 79' lang='lat' dir='ltr'><strong><em>manducet</em></strong></span> <span class='ocrx_word' id='word_1_374' title='bbox 1251 2597 1306 2644; x_wconf 88' lang='lat' dir='ltr'><strong><em>et</em></strong></span> <span class='ocrx_word' id='word_1_375' title='bbox 1332 2593 1670 2661; x_wconf 89' lang='lat' dir='ltr'><strong><em>sanguinem</em></strong></span> <span class='ocrx_word' id='word_1_376' title='bbox 1714 2592 1881 2657; x_wconf 90' lang='lat' dir='ltr'><strong><em>bibit,</em></strong></span> <span class='ocrx_word' id='word_1_377' title='bbox 1928 2594 2072 2645; x_wconf 91' lang='lat' dir='ltr'><strong><em>alius</em></strong></span> 
     </span>
    </p>
   </div>
   <div class='ocr_carea' id='block_1_51' title="bbox 382 2661 2072 2730">
    <p class='ocr_par' dir='ltr' id='par_1_51' title="bbox 382 2661 2072 2730">
     <span class='ocr_line' id='line_1_53' title="bbox 382 2661 2072 2730; baseline 0.002 -17"><span class='ocrx_word' id='word_1_378' title='bbox 382 2677 518 2714; x_wconf 89' lang='lat' dir='ltr'><strong><em>vero</em></strong></span> <span class='ocrx_word' id='word_1_379' title='bbox 561 2677 699 2727; x_wconf 91' lang='lat' dir='ltr'><strong><em>non,</em></strong></span> <span class='ocrx_word' id='word_1_380' title='bbox 759 2663 1019 2730; x_wconf 89' lang='lat' dir='ltr'><strong><em>quamvis</em></strong></span> <span class='ocrx_word' id='word_1_381' title='bbox 1066 2661 1379 2715; x_wconf 89' lang='lat' dir='ltr'><strong><em>buccellam</em></strong></span> <span class='ocrx_word' id='word_1_382' title='bbox 1432 2664 1500 2716; x_wconf 92' lang='lat' dir='ltr'><strong><em>de</em></strong></span> <span class='ocrx_word' id='word_1_383' title='bbox 1562 2679 1736 2716; x_wconf 89' lang='lat' dir='ltr'><strong><em>manu</em></strong></span> <span class='ocrx_word' id='word_1_384' title='bbox 1767 2663 2072 2716; x_wconf 89' lang='lat' dir='ltr'><strong><em>sacerdotis</em></strong></span> 
     </span>
    </p>
   </div>
   <div class='ocr_carea' id='block_1_52' title="bbox 383 2731 2071 2802">
    <p class='ocr_par' dir='ltr' id='par_1_52' title="bbox 383 2731 2071 2802">
     <span class='ocr_line' id='line_1_54' title="bbox 383 2731 2071 2802; baseline 0.001 -18"><span class='ocrx_word' id='word_1_385' title='bbox 383 2731 643 2786; x_wconf 84' lang='lat' dir='ltr'><strong><em>videatur</em></strong></span> <span class='ocrx_word' id='word_1_386' title='bbox 662 2732 969 2802; x_wconf 88' lang='lat' dir='ltr'><strong><em>percipere.</em></strong></span> <span class='ocrx_word' id='word_1_387' title='bbox 1007 2753 1035 2780; x_wconf 89' lang='grc'><strong><em>››</em></strong></span> <span class='ocrx_word' id='word_1_388' title='bbox 1076 2731 1161 2785; x_wconf 81' lang='lat' dir='ltr'><strong><em>Ad</em></strong></span> <span class='ocrx_word' id='word_1_389' title='bbox 1191 2732 1245 2785; x_wconf 91' lang='lat' dir='ltr'><strong><em>id</em></strong></span> <span class='ocrx_word' id='word_1_390' title='bbox 1277 2749 1409 2786; x_wconf 88' lang='lat' dir='ltr'><strong><em>vero</em></strong></span> <span class='ocrx_word' id='word_1_391' title='bbox 1459 2734 1609 2802; x_wconf 90' lang='lat' dir='ltr'><strong><em>quod</em></strong></span> <span class='ocrx_word' id='word_1_392' title='bbox 1667 2733 1747 2787; x_wconf 90' lang='lat' dir='ltr'><strong><em>ait</em></strong></span> <span class='ocrx_word' id='word_1_393' title='bbox 1801 2734 2071 2787; x_wconf 90' lang='lat' dir='ltr'><strong><em>disserta-</em></strong></span> 
     </span>
    </p>
   </div>
   <div class='ocr_carea' id='block_1_53' title="bbox 381 2802 2071 2874">
    <p class='ocr_par' dir='ltr' id='par_1_53' title="bbox 381 2802 2071 2874">
     <span class='ocr_line' id='line_1_55' title="bbox 381 2802 2071 2874; baseline 0.002 -19"><span class='ocrx_word' id='word_1_394' title='bbox 381 2807 489 2868; x_wconf 87' lang='lat' dir='ltr'><strong><em>tor,</em></strong></span> <span class='ocrx_word' id='word_1_395' title='bbox 513 2803 904 2874; x_wconf 78' lang='lat' dir='ltr'><strong><em>Batramnum</em></strong></span> <span class='ocrx_word' id='word_1_396' title='bbox 938 2802 1142 2856; x_wconf 91' lang='lat' dir='ltr'><strong><em>docere</em></strong></span> <span class='ocrx_word' id='word_1_397' title='bbox 1185 2819 1250 2855; x_wconf 90' lang='lat' dir='ltr'><strong><em>eo</em></strong></span> <span class='ocrx_word' id='word_1_398' title='bbox 1282 2804 1390 2856; x_wconf 92' lang='lat' dir='ltr'><strong><em>loci</em></strong></span> <span class='ocrx_word' id='word_1_399' title='bbox 1420 2820 1525 2857; x_wconf 86' lang='lat' dir='ltr'><strong><em>nec</em></strong></span> <span class='ocrx_word' id='word_1_400' title='bbox 1575 2804 1683 2858; x_wconf 90' lang='lat' dir='ltr'><strong><em>dici</em></strong></span> <span class='ocrx_word' id='word_1_401' title='bbox 1716 2821 1879 2873; x_wconf 88' lang='lat' dir='ltr'><strong><em>posse</em></strong></span> <span class='ocrx_word' id='word_1_402' title='bbox 1919 2805 2071 2874; x_wconf 88' lang='lat' dir='ltr'><strong><em>quod</em></strong></span> 
     </span>
    </p>
   </div>
   <div class='ocr_carea' id='block_1_54' title="bbox 381 2873 2071 2945">
    <p class='ocr_par' dir='ltr' id='par_1_54' title="bbox 381 2873 2071 2945">
     <span class='ocr_line' id='line_1_56' title="bbox 381 2873 2071 2945; baseline 0.002 -20"><span class='ocrx_word' id='word_1_403' title='bbox 381 2873 686 2945; x_wconf 83' lang='lat' dir='ltr'><strong><em>proﬁtetur</em></strong></span> <span class='ocrx_word' id='word_1_404' title='bbox 716 2873 955 2945; x_wconf 86' lang='lat' dir='ltr'><strong><em>Ecclesia</em></strong></span> <span class='ocrx_word' id='word_1_405' title='bbox 993 2873 1091 2927; x_wconf 87' lang='lat' dir='ltr'><strong><em>Dei</em></strong></span> <span class='ocrx_word' id='word_1_406' title='bbox 1117 2889 1245 2927; x_wconf 91' lang='lat' dir='ltr'><strong><em>cum</em></strong></span> <span class='ocrx_word' id='word_1_407' title='bbox 1279 2874 1451 2927; x_wconf 89' lang='lat' dir='ltr'><strong><em>Paulo</em></strong></span> <span class='ocrx_word' id='word_1_408' title='bbox 1485 2880 1540 2927; x_wconf 93' lang='lat' dir='ltr'><strong><em>et</em></strong></span> <span class='ocrx_word' id='word_1_409' title='bbox 1567 2875 1911 2945; x_wconf 83' lang='lat' dir='ltr'><strong><em>Augustino.</em></strong></span> <span class='ocrx_word' id='word_1_410' title='bbox 1936 2873 2071 2928; x_wconf 18' lang='lat' dir='ltr'><strong><em>fimo</em></strong></span> 
     </span>
    </p>
   </div>
   <div class='ocr_carea' id='block_1_55' title="bbox 382 2943 2073 3013">
    <p class='ocr_par' dir='ltr' id='par_1_55' title="bbox 382 2943 2073 3013">
     <span class='ocr_line' id='line_1_57' title="bbox 382 2943 2073 3013; baseline 0.001 -16"><span class='ocrx_word' id='word_1_411' title='bbox 382 2960 509 2997; x_wconf 89' lang='lat' dir='ltr'><strong><em>cum</em></strong></span> <span class='ocrx_word' id='word_1_412' title='bbox 541 2943 763 2997; x_wconf 86' lang='lat' dir='ltr'><strong><em>Christo</em></strong></span> <span class='ocrx_word' id='word_1_413' title='bbox 796 2944 1040 2997; x_wconf 90' lang='lat' dir='ltr'><strong><em>Domino</em></strong></span> <span class='ocrx_word' id='word_1_414' title='bbox 1075 2959 1088 2997; x_wconf 87' lang='lat'><strong>:</strong></span> <span class='ocrx_word' id='word_1_415' title='bbox 1125 2965 1152 2993; x_wconf 89' lang='grc'><em>‹‹</em></span> <span class='ocrx_word' id='word_1_416' title='bbox 1184 2946 1301 2999; x_wconf 86' lang='lat' dir='ltr'><strong><em>Hoc</em></strong></span> <span class='ocrx_word' id='word_1_417' title='bbox 1354 2946 1501 3013; x_wconf 89' lang='lat' dir='ltr'><strong><em>quod</em></strong></span> <span class='ocrx_word' id='word_1_418' title='bbox 1562 2943 1784 2999; x_wconf 80' lang='lat' dir='ltr'><strong><em>videtur</em></strong></span> <span class='ocrx_word' id='word_1_419' title='bbox 1822 2951 1907 2998; x_wconf 89' lang='lat' dir='ltr'><strong><em>est</em></strong></span> <span class='ocrx_word' id='word_1_420' title='bbox 1957 2962 2073 2998; x_wconf 90' lang='lat' dir='ltr'><strong><em>cor-</em></strong></span> 
     </span>
    </p>
   </div>
   <div class='ocr_carea' id='block_1_56' title="bbox 380 3014 2071 3084">
    <p class='ocr_par' dir='ltr' id='par_1_56' title="bbox 380 3014 2071 3084">
     <span class='ocr_line' id='line_1_58' title="bbox 380 3014 2071 3084; baseline 0.002 -18"><span class='ocrx_word' id='word_1_421' title='bbox 380 3030 488 3083; x_wconf 88' lang='lat' dir='ltr'><strong><em>pus</em></strong></span> <span class='ocrx_word' id='word_1_422' title='bbox 519 3030 733 3079; x_wconf 91' lang='lat' dir='ltr'><strong><em>meum,</em></strong></span> <span class='ocrx_word' id='word_1_423' title='bbox 766 3033 792 3064; x_wconf 82' lang='grc' dir='ltr'><strong><em>ι›</em></strong></span> <span class='ocrx_word' id='word_1_424' title='bbox 819 3015 1077 3084; x_wconf 87' lang='lat' dir='ltr'><strong><em>quamvis</em></strong></span> <span class='ocrx_word' id='word_1_425' title='bbox 1098 3015 1217 3084; x_wconf 87' lang='lat' dir='ltr'><strong><em>jam</em></strong></span> <span class='ocrx_word' id='word_1_426' title='bbox 1259 3014 1498 3068; x_wconf 89' lang='lat' dir='ltr'><strong><em>inﬁnitis</em></strong></span> <span class='ocrx_word' id='word_1_427' title='bbox 1544 3017 1678 3069; x_wconf 90' lang='lat' dir='ltr'><strong><em>locis</em></strong></span> <span class='ocrx_word' id='word_1_428' title='bbox 1708 3017 1817 3070; x_wconf 93' lang='lat' dir='ltr'><strong><em>hoc</em></strong></span> <span class='ocrx_word' id='word_1_429' title='bbox 1844 3016 2071 3069; x_wconf 79' lang='lat' dir='ltr'><strong><em>axioma</em></strong></span> 
     </span>
    </p>
   </div>
   <div class='ocr_carea' id='block_1_57' title="bbox 381 3084 2071 3157">
    <p class='ocr_par' dir='ltr' id='par_1_57' title="bbox 381 3084 2071 3157">
     <span class='ocr_line' id='line_1_59' title="bbox 381 3084 2071 3157; baseline 0.002 -21"><span class='ocrx_word' id='word_1_430' title='bbox 381 3084 853 3157; x_wconf 77' lang='lat' dir='ltr'><strong><em>explicuerimus,</em></strong></span> <span class='ocrx_word' id='word_1_431' title='bbox 904 3101 1019 3157; x_wconf 82' lang='lat' dir='ltr'><strong><em>non</em></strong></span> <span class='ocrx_word' id='word_1_432' title='bbox 1064 3086 1276 3157; x_wconf 88' lang='lat' dir='ltr'><strong><em>melius</em></strong></span> <span class='ocrx_word' id='word_1_433' title='bbox 1310 3087 1677 3157; x_wconf 84' lang='lat' dir='ltr'><strong><em>respondere</em></strong></span> <span class='ocrx_word' id='word_1_434' title='bbox 1766 3103 2071 3157; x_wconf 89' lang='lat' dir='ltr'><strong><em>possumus</em></strong></span> 
     </span>
    </p>
   </div>
   <div class='ocr_carea' id='block_1_58' title="bbox 379 3154 2068 3224">
    <p class='ocr_par' dir='ltr' id='par_1_58' title="bbox 379 3154 2068 3224">
     <span class='ocr_line' id='line_1_60' title="bbox 379 3154 2068 3224; baseline 0.001 -17"><span class='ocrx_word' id='word_1_435' title='bbox 379 3170 553 3223; x_wconf 90' lang='lat' dir='ltr'><strong><em>quam</em></strong></span> <span class='ocrx_word' id='word_1_436' title='bbox 586 3154 674 3207; x_wconf 90' lang='lat' dir='ltr'><strong><em>his</em></strong></span> <span class='ocrx_word' id='word_1_437' title='bbox 702 3155 890 3208; x_wconf 87' lang='lat' dir='ltr'><strong><em>verbis</em></strong></span> <span class='ocrx_word' id='word_1_438' title='bbox 927 3155 1076 3208; x_wconf 89' lang='lat' dir='ltr'><strong><em>beati</em></strong></span> <span class='ocrx_word' id='word_1_439' title='bbox 1131 3156 1322 3224; x_wconf 87' lang='lat' dir='ltr'><strong><em>Algeri</em></strong></span> <span class='ocrx_word' id='word_1_440' title='bbox 1362 3154 1460 3209; x_wconf 85' lang='lat' dir='ltr'><strong><em>lib.</em></strong></span> <span class='ocrx_word' id='word_1_441' title='bbox 1504 3174 1519 3209; x_wconf 90' lang='lat'><strong>1</strong></span> <span class='ocrx_word' id='word_1_442' title='bbox 1577 3157 1644 3210; x_wconf 91' lang='lat' dir='ltr'><strong><em>de</em></strong></span> <span class='ocrx_word' id='word_1_443' title='bbox 1691 3154 2068 3222; x_wconf 78' lang='lat' dir='ltr'><strong><em>Eucharistia,</em></strong></span> 
     </span>
    </p>
   </div>
   <div class='ocr_carea' id='block_1_59' title="bbox 379 3225 2077 3294">
    <p class='ocr_par' dir='ltr' id='par_1_59' title="bbox 379 3225 2077 3294">
     <span class='ocr_line' id='line_1_61' title="bbox 379 3225 2077 3294; baseline 0.002 -16"><span class='ocrx_word' id='word_1_444' title='bbox 379 3241 501 3294; x_wconf 87' lang='lat' dir='ltr'><strong><em>cap.</em></strong></span> <span class='ocrx_word' id='word_1_445' title='bbox 540 3228 623 3278; x_wconf 89' lang='lat'><strong><em>11.</em></strong></span> <span class='ocrx_word' id='word_1_446' title='bbox 663 3226 862 3278; x_wconf 82' lang='lat' dir='ltr'><strong><em>«Item</em></strong></span> <span class='ocrx_word' id='word_1_447' title='bbox 893 3225 1244 3294; x_wconf 85' lang='lat' dir='ltr'><strong><em>Augustinus</em></strong></span> <span class='ocrx_word' id='word_1_448' title='bbox 1296 3226 1367 3279; x_wconf 90' lang='lat' dir='ltr'><strong><em>ad</em></strong></span> <span class='ocrx_word' id='word_1_449' title='bbox 1414 3228 1692 3281; x_wconf 77' lang='lat' dir='ltr'><strong><em>Irenaeum</em></strong></span> <span class='ocrx_word' id='word_1_450' title='bbox 1728 3244 1740 3280; x_wconf 91' lang='lat'>:</span> <span class='ocrx_word' id='word_1_451' title='bbox 1803 3228 1929 3281; x_wconf 88' lang='lat' dir='ltr'><strong><em>Non</em></strong></span> <span class='ocrx_word' id='word_1_452' title='bbox 1972 3227 2077 3281; x_wconf 90' lang='lat' dir='ltr'><strong><em>hoc</em></strong></span> 
     </span>
    </p>
   </div>
   <div class='ocr_carea' id='block_1_60' title="bbox 380 3295 2073 3367">
    <p class='ocr_par' dir='ltr' id='par_1_60' title="bbox 380 3295 2073 3367">
     <span class='ocr_line' id='line_1_62' title="bbox 380 3295 2073 3367; baseline 0.002 -20"><span class='ocrx_word' id='word_1_453' title='bbox 380 3295 533 3367; x_wconf 88' lang='lat' dir='ltr'><strong><em>quod</em></strong></span> <span class='ocrx_word' id='word_1_454' title='bbox 564 3295 765 3348; x_wconf 87' lang='lat' dir='ltr'><strong><em>videtis</em></strong></span> <span class='ocrx_word' id='word_1_455' title='bbox 786 3296 1180 3367; x_wconf 86' lang='lat' dir='ltr'><strong><em>manducaturi</em></strong></span> <span class='ocrx_word' id='word_1_456' title='bbox 1223 3297 1374 3360; x_wconf 90' lang='lat' dir='ltr'><strong><em>estis,</em></strong></span> <span class='ocrx_word' id='word_1_457' title='bbox 1408 3297 1595 3364; x_wconf 85' lang='lat' dir='ltr'><strong><em>ipsum</em></strong></span> <span class='ocrx_word' id='word_1_458' title='bbox 1622 3298 1853 3367; x_wconf 87' lang='lat' dir='ltr'><strong><em>quidem</em></strong></span> <span class='ocrx_word' id='word_1_459' title='bbox 1881 3305 2073 3351; x_wconf 89' lang='lat' dir='ltr'><strong><em>etnon</em></strong></span> 
     </span>
    </p>
   </div>
   <div class='ocr_carea' id='block_1_61' title="bbox 378 3366 2069 3436">
    <p class='ocr_par' dir='ltr' id='par_1_61' title="bbox 378 3366 2069 3436">
     <span class='ocr_line' id='line_1_63' title="bbox 378 3366 2069 3436; baseline 0.002 -18"><span class='ocrx_word' id='word_1_460' title='bbox 378 3366 592 3432; x_wconf 87' lang='lat' dir='ltr'><strong><em>ipsum,</em></strong></span> <span class='ocrx_word' id='word_1_461' title='bbox 626 3366 815 3434; x_wconf 88' lang='lat' dir='ltr'><strong><em>ipsum</em></strong></span> <span class='ocrx_word' id='word_1_462' title='bbox 863 3366 1225 3420; x_wconf 85' lang='lat' dir='ltr'><strong><em>invisibiliter</em></strong></span> <span class='ocrx_word' id='word_1_463' title='bbox 1250 3372 1307 3420; x_wconf 89' lang='lat' dir='ltr'><strong><em>et</em></strong></span> <span class='ocrx_word' id='word_1_464' title='bbox 1356 3383 1470 3420; x_wconf 89' lang='lat' dir='ltr'><strong><em>non</em></strong></span> <span class='ocrx_word' id='word_1_465' title='bbox 1503 3366 1689 3436; x_wconf 86' lang='lat' dir='ltr'><strong><em>ipsum</em></strong></span> <span class='ocrx_word' id='word_1_466' title='bbox 1749 3369 2069 3421; x_wconf 87' lang='lat' dir='ltr'><strong><em>visibiliter.</em></strong></span> 
     </span>
    </p>
   </div>
   <div class='ocr_carea' id='block_1_62' title="bbox 380 3436 2072 3493">
    <p class='ocr_par' dir='ltr' id='par_1_62' title="bbox 380 3436 2072 3493">
     <span class='ocr_line' id='line_1_64' title="bbox 380 3436 2072 3493; baseline 0.002 -3"><span class='ocrx_word' id='word_1_467' title='bbox 380 3436 538 3490; x_wconf 88' lang='lat' dir='ltr'><strong><em>Unde</em></strong></span> <span class='ocrx_word' id='word_1_468' title='bbox 560 3437 823 3490; x_wconf 87' lang='lat' dir='ltr'><strong><em>subditur</em></strong></span> <span class='ocrx_word' id='word_1_469' title='bbox 866 3452 877 3489; x_wconf 91' lang='lat'><strong>:</strong></span> <span class='ocrx_word' id='word_1_470' title='bbox 911 3437 968 3490; x_wconf 92' lang='lat' dir='ltr'><strong><em>Si</em></strong></span> <span class='ocrx_word' id='word_1_471' title='bbox 999 3453 1227 3490; x_wconf 88' lang='lat' dir='ltr'><strong><em>necesse</em></strong></span> <span class='ocrx_word' id='word_1_472' title='bbox 1278 3444 1362 3490; x_wconf 89' lang='lat' dir='ltr'><strong><em>est</em></strong></span> <span class='ocrx_word' id='word_1_473' title='bbox 1399 3438 1698 3491; x_wconf 85' lang='lat' dir='ltr'><strong><em>visibiliter</em></strong></span> <span class='ocrx_word' id='word_1_474' title='bbox 1747 3438 1885 3492; x_wconf 91' lang='lat' dir='ltr'><strong><em>illud</em></strong></span> <span class='ocrx_word' id='word_1_475' title='bbox 1927 3440 2072 3493; x_wconf 85' lang='lat' dir='ltr'><strong><em>cele-</em></strong></span> 
     </span>
    </p>
   </div>
   <div class='ocr_carea' id='block_1_63' title="bbox 380 3506 2073 3579">
    <p class='ocr_par' dir='ltr' id='par_1_63' title="bbox 380 3506 2073 3579">
     <span class='ocr_line' id='line_1_65' title="bbox 380 3506 2073 3579; baseline 0.002 -19"><span class='ocrx_word' id='word_1_476' title='bbox 380 3506 552 3571; x_wconf 89' lang='lat' dir='ltr'><strong><em>brari,</em></strong></span> <span class='ocrx_word' id='word_1_477' title='bbox 599 3523 827 3560; x_wconf 89' lang='lat' dir='ltr'><strong><em>necesse</em></strong></span> <span class='ocrx_word' id='word_1_478' title='bbox 863 3513 949 3560; x_wconf 88' lang='lat' dir='ltr'><strong><em>est</em></strong></span> <span class='ocrx_word' id='word_1_479' title='bbox 1006 3507 1365 3579; x_wconf 83' lang='lat' dir='ltr'><strong><em>inVisibiliter</em></strong></span> <span class='ocrx_word' id='word_1_480' title='bbox 1421 3509 1679 3578; x_wconf 88' lang='lat' dir='ltr'><strong><em>intelligi.</em></strong></span> <span class='ocrx_word' id='word_1_481' title='bbox 1742 3510 1884 3572; x_wconf 88' lang='lat' dir='ltr'><strong><em>Quia</em></strong></span> <span class='ocrx_word' id='word_1_482' title='bbox 1938 3526 2073 3579; x_wconf 86' lang='lat' dir='ltr'><strong><em>ergo</em></strong></span> 
     </span>
    </p>
   </div>
   <div class='ocr_carea' id='block_1_64' title="bbox 377 3578 2070 3651">
    <p class='ocr_par' dir='ltr' id='par_1_64' title="bbox 377 3578 2070 3651">
     <span class='ocr_line' id='line_1_66' title="bbox 377 3578 2070 3651; baseline 0.002 -21"><span class='ocrx_word' id='word_1_483' title='bbox 377 3578 842 3651; x_wconf 20' lang='lat' dir='ltr'><strong><em>corpusADomini</em></strong></span> <span class='ocrx_word' id='word_1_484' title='bbox 900 3578 1202 3647; x_wconf 87' lang='lat' dir='ltr'><strong><em>spirituale</em></strong></span> <span class='ocrx_word' id='word_1_485' title='bbox 1260 3584 1504 3651; x_wconf 80' lang='lat' dir='ltr'><strong><em>nonest</em></strong></span> <span class='ocrx_word' id='word_1_486' title='bbox 1560 3582 1875 3651; x_wconf 88' lang='lat' dir='ltr'><strong><em>corporalis</em></strong></span> <span class='ocrx_word' id='word_1_487' title='bbox 1923 3578 2070 3648; x_wconf 84' lang='lat' dir='ltr'><strong><em>esca,</em></strong></span> 
     </span>
    </p>
   </div>
   <div class='ocr_carea' id='block_1_65' title="bbox 377 3648 2074 3717">
    <p class='ocr_par' dir='ltr' id='par_1_65' title="bbox 377 3648 2074 3717">
     <span class='ocr_line' id='line_1_67' title="bbox 377 3648 2074 3717; baseline 0.002 -17"><span class='ocrx_word' id='word_1_488' title='bbox 377 3649 471 3701; x_wconf 90' lang='lat' dir='ltr'><strong><em>sed</em></strong></span> <span class='ocrx_word' id='word_1_489' title='bbox 522 3648 852 3717; x_wconf 85' lang='lat' dir='ltr'><strong><em>spiritualis,</em></strong></span> <span class='ocrx_word' id='word_1_490' title='bbox 914 3656 970 3703; x_wconf 91' lang='lat' dir='ltr'><strong><em>et</em></strong></span> <span class='ocrx_word' id='word_1_491' title='bbox 1014 3665 1241 3702; x_wconf 91' lang='lat' dir='ltr'><strong><em>necesse</em></strong></span> <span class='ocrx_word' id='word_1_492' title='bbox 1285 3648 1680 3715; x_wconf 62' lang='lat' dir='ltr'><strong><em>invisibiliter,</em></strong></span> <span class='ocrx_word' id='word_1_493' title='bbox 1720 3651 1862 3704; x_wconf 91' lang='lat' dir='ltr'><strong><em>illud</em></strong></span> <span class='ocrx_word' id='word_1_494' title='bbox 1912 3652 2074 3705; x_wconf 89' lang='lat' dir='ltr'><strong><em>intel-</em></strong></span> 
     </span>
    </p>
   </div>
   <div class='ocr_carea' id='block_1_66' title="bbox 376 3718 2072 3787">
    <p class='ocr_par' dir='ltr' id='par_1_66' title="bbox 376 3718 2072 3787">
     <span class='ocr_line' id='line_1_68' title="bbox 376 3718 2072 3787; baseline 0.002 -15"><span class='ocrx_word' id='word_1_495' title='bbox 376 3718 498 3787; x_wconf 90' lang='lat' dir='ltr'><strong><em>ligi.</em></strong></span> <span class='ocrx_word' id='word_1_496' title='bbox 536 3739 563 3770; x_wconf 83' lang='lat'>»</span> <span class='ocrx_word' id='word_1_497' title='bbox 596 3719 685 3774; x_wconf 88' lang='lat' dir='ltr'><strong><em>Sic</em></strong></span> <span class='ocrx_word' id='word_1_498' title='bbox 715 3720 864 3773; x_wconf 89' lang='lat' dir='ltr'><strong><em>fatur</em></strong></span> <span class='ocrx_word' id='word_1_499' title='bbox 908 3720 1256 3773; x_wconf 86' lang='lat' dir='ltr'><strong><em>fortissimus</em></strong></span> <span class='ocrx_word' id='word_1_500' title='bbox 1290 3720 1421 3774; x_wconf 88' lang='lat' dir='ltr'><strong><em>ﬁdei</em></strong></span> <span class='ocrx_word' id='word_1_501' title='bbox 1471 3722 1766 3774; x_wconf 67' lang='lat' dir='ltr'><strong><em>catholica-&#39;3</em></strong></span> <span class='ocrx_word' id='word_1_502' title='bbox 1809 3722 2072 3775; x_wconf 88' lang='lat' dir='ltr'><strong><em>defensor</em></strong></span> 
     </span>
    </p>
   </div>
   <div class='ocr_carea' id='block_1_67' title="bbox 376 3789 2067 3861">
    <p class='ocr_par' dir='ltr' id='par_1_67' title="bbox 376 3789 2067 3861">
     <span class='ocr_line' id='line_1_69' title="bbox 376 3789 2067 3861; baseline 0.003 -20"><span class='ocrx_word' id='word_1_503' title='bbox 376 3789 643 3843; x_wconf 86' lang='lat' dir='ltr'><strong><em>adversus</em></strong></span> <span class='ocrx_word' id='word_1_504' title='bbox 678 3792 1103 3860; x_wconf 89' lang='lat' dir='ltr'><strong><em>Berengarinm,</em></strong></span> <span class='ocrx_word' id='word_1_505' title='bbox 1136 3792 1393 3860; x_wconf 90' lang='lat' dir='ltr'><strong><em>apposite</em></strong></span> <span class='ocrx_word' id='word_1_506' title='bbox 1427 3793 1662 3861; x_wconf 89' lang='lat' dir='ltr'><strong><em>quidem</em></strong></span> <span class='ocrx_word' id='word_1_507' title='bbox 1699 3793 1768 3845; x_wconf 90' lang='lat' dir='ltr'><strong><em>ad</em></strong></span> <span class='ocrx_word' id='word_1_508' title='bbox 1816 3798 2067 3847; x_wconf 90' lang='lat' dir='ltr'><strong><em>mentem</em></strong></span> 
     </span>
    </p>
   </div>
   <div class='ocr_carea' id='block_1_68' title="bbox 376 3861 2069 3932">
    <p class='ocr_par' dir='ltr' id='par_1_68' title="bbox 376 3861 2069 3932">
     <span class='ocr_line' id='line_1_70' title="bbox 376 3861 2069 3932; baseline 0.002 -19"><span class='ocrx_word' id='word_1_509' title='bbox 376 3861 645 3932; x_wconf 79' lang='lat' dir='ltr'><strong><em>tuendam</em></strong></span> <span class='ocrx_word' id='word_1_510' title='bbox 679 3867 735 3914; x_wconf 90' lang='lat' dir='ltr'><strong><em>et</em></strong></span> <span class='ocrx_word' id='word_1_511' title='bbox 767 3862 1105 3915; x_wconf 89' lang='lat' dir='ltr'><strong><em>sententiam</em></strong></span> <span class='ocrx_word' id='word_1_512' title='bbox 1141 3863 1437 3916; x_wconf 80' lang='lat' dir='ltr'><strong><em>Ratramni</em></strong></span> <span class='ocrx_word' id='word_1_513' title='bbox 1463 3864 1664 3923; x_wconf 81' lang='lat' dir='ltr'><strong><em>nostri,</em></strong></span> <span class='ocrx_word' id='word_1_514' title='bbox 1698 3878 1867 3932; x_wconf 89' lang='lat' dir='ltr'><strong><em>quem</em></strong></span> <span class='ocrx_word' id='word_1_515' title='bbox 1900 3879 2069 3917; x_wconf 90' lang='lat' dir='ltr'><strong><em>nemo</em></strong></span> 
     </span>
    </p>
   </div>
   <div class='ocr_carea' id='block_1_69' title="bbox 376 3930 2069 3986">
    <p class='ocr_par' dir='ltr' id='par_1_69' title="bbox 376 3930 2069 3986">
     <span class='ocr_line' id='line_1_71' title="bbox 376 3930 2069 3986; baseline 0.002 -3"><span class='ocrx_word' id='word_1_516' title='bbox 376 3930 550 3984; x_wconf 92' lang='lat' dir='ltr'><strong><em>homo</em></strong></span> <span class='ocrx_word' id='word_1_517' title='bbox 582 3932 896 3985; x_wconf 88' lang='lat' dir='ltr'><strong><em>catholicus</em></strong></span> <span class='ocrx_word' id='word_1_518' title='bbox 934 3934 1146 3985; x_wconf 90' lang='lat' dir='ltr'><strong><em>erroris</em></strong></span> <span class='ocrx_word' id='word_1_519' title='bbox 1186 3938 1285 3985; x_wconf 88' lang='lat' dir='ltr'><strong><em>aut</em></strong></span> <span class='ocrx_word' id='word_1_520' title='bbox 1339 3934 1569 3986; x_wconf 83' lang='lat' dir='ltr'><strong><em>haeresis</em></strong></span> <span class='ocrx_word' id='word_1_521' title='bbox 1610 3930 1847 3986; x_wconf 81' lang='lat' dir='ltr'><strong><em>crimine</em></strong></span> <span class='ocrx_word' id='word_1_522' title='bbox 1904 3950 2069 3986; x_wconf 90' lang='lat' dir='ltr'><strong><em>accu-</em></strong></span> 
     </span>
    </p>
   </div>
   <div class='ocr_carea' id='block_1_70' title="bbox 378 4002 2067 4072">
    <p class='ocr_par' dir='ltr' id='par_1_70' title="bbox 378 4002 2067 4072">
     <span class='ocr_line' id='line_1_72' title="bbox 378 4002 2067 4072; baseline 0.002 -20"><span class='ocrx_word' id='word_1_523' title='bbox 378 4017 501 4053; x_wconf 89' lang='lat' dir='ltr'><strong><em>sare</em></strong></span> <span class='ocrx_word' id='word_1_524' title='bbox 523 4002 720 4072; x_wconf 87' lang='lat' dir='ltr'><strong><em>potuit</em></strong></span> <span class='ocrx_word' id='word_1_525' title='bbox 749 4018 817 4055; x_wconf 91' lang='lat' dir='ltr'><strong><em>eo</em></strong></span> <span class='ocrx_word' id='word_1_526' title='bbox 856 4003 1008 4072; x_wconf 90' lang='lat' dir='ltr'><strong><em>quod</em></strong></span> <span class='ocrx_word' id='word_1_527' title='bbox 1042 4002 1264 4055; x_wconf 77' lang='lat' dir='ltr'><strong><em>dixerit.</em></strong></span> <span class='ocrx_word' id='word_1_528' title='bbox 1288 4003 1401 4056; x_wconf 88' lang='lat' dir='ltr'><strong><em>Hoc</em></strong></span> <span class='ocrx_word' id='word_1_529' title='bbox 1432 4005 1585 4071; x_wconf 86' lang='lat' dir='ltr'><strong><em>quod</em></strong></span> <span class='ocrx_word' id='word_1_530' title='bbox 1622 4004 1824 4056; x_wconf 86' lang='lat' dir='ltr'><strong><em>videtis</em></strong></span> <span class='ocrx_word' id='word_1_531' title='bbox 1866 4003 1925 4055; x_wconf 90' lang='lat' dir='ltr'><strong><em>in</em></strong></span> <span class='ocrx_word' id='word_1_532' title='bbox 1958 4005 2067 4057; x_wconf 88' lang='lat' dir='ltr'><strong><em>Eu-</em></strong></span> 
     </span>
    </p>
   </div>
   <div class='ocr_carea' id='block_1_71' title="bbox 378 4071 2069 4142">
    <p class='ocr_par' dir='ltr' id='par_1_71' title="bbox 378 4071 2069 4142">
     <span class='ocr_line' id='line_1_73' title="bbox 378 4071 2069 4142; baseline 0.004 -21"><span class='ocrx_word' id='word_1_533' title='bbox 378 4071 643 4142; x_wconf 79' lang='lat' dir='ltr'><strong><em>charistia</em></strong></span> <span class='ocrx_word' id='word_1_534' title='bbox 676 4088 789 4123; x_wconf 90' lang='lat' dir='ltr'><strong><em>non</em></strong></span> <span class='ocrx_word' id='word_1_535' title='bbox 812 4079 897 4124; x_wconf 88' lang='lat' dir='ltr'><strong><em>est</em></strong></span> <span class='ocrx_word' id='word_1_536' title='bbox 943 4072 1132 4140; x_wconf 90' lang='lat' dir='ltr'><strong><em>ipsum</em></strong></span> <span class='ocrx_word' id='word_1_537' title='bbox 1172 4088 1378 4140; x_wconf 88' lang='lat' dir='ltr'><strong><em>corpus</em></strong></span> <span class='ocrx_word' id='word_1_538' title='bbox 1402 4074 1629 4140; x_wconf 86' lang='lat' dir='ltr'><strong><em>Christi,</em></strong></span> <span class='ocrx_word' id='word_1_539' title='bbox 1661 4074 1795 4142; x_wconf 88' lang='lat' dir='ltr'><strong><em>quia</em></strong></span> <span class='ocrx_word' id='word_1_540' title='bbox 1829 4090 1940 4126; x_wconf 92' lang='lat' dir='ltr'><strong><em>non</em></strong></span> <span class='ocrx_word' id='word_1_541' title='bbox 1986 4080 2069 4128; x_wconf 87' lang='lat' dir='ltr'><strong><em>est</em></strong></span> 
     </span>
    </p>
   </div>
   <div class='ocr_carea' id='block_1_72' title="bbox 379 4140 2067 4214">
    <p class='ocr_par' dir='ltr' id='par_1_72' title="bbox 379 4140 2067 4214">
     <span class='ocr_line' id='line_1_74' title="bbox 379 4140 2067 4214; baseline 0.005 -25"><span class='ocrx_word' id='word_1_542' title='bbox 379 4140 604 4214; x_wconf 77' lang='lat' dir='ltr'><strong><em>visibile</em></strong></span> <span class='ocrx_word' id='word_1_543' title='bbox 636 4156 739 4214; x_wconf 82' lang='lat' dir='ltr'><strong><em>nec</em></strong></span> <span class='ocrx_word' id='word_1_544' title='bbox 758 4142 1089 4214; x_wconf 80' lang='lat' dir='ltr'><strong><em>palpabile;</em></strong></span> <span class='ocrx_word' id='word_1_545' title='bbox 1122 4143 1219 4195; x_wconf 91' lang='lat' dir='ltr'><strong><em>sed</em></strong></span> <span class='ocrx_word' id='word_1_546' title='bbox 1251 4152 1335 4195; x_wconf 87' lang='lat' dir='ltr'><strong><em>est</em></strong></span> <span class='ocrx_word' id='word_1_547' title='bbox 1364 4143 1554 4211; x_wconf 85' lang='lat' dir='ltr'><strong><em>ipsum</em></strong></span> <span class='ocrx_word' id='word_1_548' title='bbox 1588 4140 1741 4213; x_wconf 79' lang='lat' dir='ltr'><strong><em>quod</em></strong></span> <span class='ocrx_word' id='word_1_549' title='bbox 1774 4144 1877 4197; x_wconf 89' lang='lat' dir='ltr'><strong><em>sub</em></strong></span> <span class='ocrx_word' id='word_1_550' title='bbox 1934 4161 2067 4214; x_wconf 90' lang='lat' dir='ltr'><strong><em>spe-</em></strong></span> 
     </span>
    </p>
   </div>
   <div class='ocr_carea' id='block_1_73' title="bbox 380 4209 2067 4268">
    <p class='ocr_par' dir='ltr' id='par_1_73' title="bbox 380 4209 2067 4268">
     <span class='ocr_line' id='line_1_75' title="bbox 380 4209 2067 4268; baseline 0.004 -7"><span class='ocrx_word' id='word_1_551' title='bbox 380 4209 574 4261; x_wconf 90' lang='lat' dir='ltr'><strong><em>ciebus</em></strong></span> <span class='ocrx_word' id='word_1_552' title='bbox 606 4209 924 4264; x_wconf 88' lang='lat' dir='ltr'><strong><em>visibilibus</em></strong></span> <span class='ocrx_word' id='word_1_553' title='bbox 979 4228 1177 4265; x_wconf 84' lang='lat' dir='ltr'><strong><em>revera</em></strong></span> <span class='ocrx_word' id='word_1_554' title='bbox 1210 4215 1295 4264; x_wconf 87' lang='lat' dir='ltr'><strong><em>est</em></strong></span> <span class='ocrx_word' id='word_1_555' title='bbox 1321 4209 1624 4266; x_wconf 47' lang='lat' dir='ltr'><strong><em>occultum&#39;</em></strong></span> <span class='ocrx_word' id='word_1_556' title='bbox 1657 4220 1714 4266; x_wconf 89' lang='lat' dir='ltr'><strong><em>et</em></strong></span> <span class='ocrx_word' id='word_1_557' title='bbox 1767 4209 2067 4268; x_wconf 83' lang='lat' dir='ltr'><strong><em>abscondi-</em></strong></span> 
     </span>
    </p>
   </div>
   <div class='ocr_carea' id='block_1_74' title="bbox 380 4280 2066 4357">
    <p class='ocr_par' dir='ltr' id='par_1_74' title="bbox 380 4280 2066 4357">
     <span class='ocr_line' id='line_1_76' title="bbox 380 4280 2066 4357; baseline 0.005 -27"><span class='ocrx_word' id='word_1_558' title='bbox 380 4280 699 4357; x_wconf 74' lang='lat' dir='ltr'><strong><em>tumpanis</em></strong></span> <span class='ocrx_word' id='word_1_559' title='bbox 730 4286 785 4333; x_wconf 88' lang='lat' dir='ltr'><strong><em>et</em></strong></span> <span class='ocrx_word' id='word_1_560' title='bbox 817 4280 954 4357; x_wconf 75' lang='lat' dir='ltr'><strong><em>vini,</em></strong></span> <span class='ocrx_word' id='word_1_561' title='bbox 990 4298 1116 4350; x_wconf 65' lang='lat' dir='ltr'><strong><em>quae</em></strong></span> <span class='ocrx_word' id='word_1_562' title='bbox 1142 4288 1311 4357; x_wconf 80' lang='lat' dir='ltr'><strong><em>antea</em></strong></span> <span class='ocrx_word' id='word_1_563' title='bbox 1334 4283 1592 4357; x_wconf 76' lang='lat' dir='ltr'><strong><em>fuerunt,</em></strong></span> <span class='ocrx_word' id='word_1_564' title='bbox 1620 4290 1672 4357; x_wconf 80' lang='lat' dir='ltr'><strong><em>et</em></strong></span> <span class='ocrx_word' id='word_1_565' title='bbox 1696 4285 2066 4357; x_wconf 84' lang='lat' dir='ltr'><strong><em>jam_insub-</em></strong></span> 
     </span>
    </p>
   </div>
   <div class='ocr_carea' id='block_1_75' title="bbox 380 4352 2065 4422">
    <p class='ocr_par' dir='ltr' id='par_1_75' title="bbox 380 4352 2065 4422">
     <span class='ocr_line' id='line_1_77' title="bbox 380 4352 2065 4422; baseline 0.004 -22"><span class='ocrx_word' id='word_1_566' title='bbox 380 4352 647 4422; x_wconf 85' lang='lat' dir='ltr'><strong><em>stantiam</em></strong></span> <span class='ocrx_word' id='word_1_567' title='bbox 695 4352 952 4422; x_wconf 85' lang='lat' dir='ltr'><strong><em>corporis</em></strong></span> <span class='ocrx_word' id='word_1_568' title='bbox 999 4357 1055 4404; x_wconf 91' lang='lat' dir='ltr'><strong><em>et</em></strong></span> <span class='ocrx_word' id='word_1_569' title='bbox 1113 4353 1408 4422; x_wconf 87' lang='lat' dir='ltr'><strong><em>sanguinis</em></strong></span> <span class='ocrx_word' id='word_1_570' title='bbox 1466 4353 1671 4407; x_wconf 89' lang='lat' dir='ltr'><strong><em>Christi</em></strong></span> <span class='ocrx_word' id='word_1_571' title='bbox 1702 4352 1762 4407; x_wconf 18' lang='lat' dir='ltr'><strong><em>7a</em></strong></span> <span class='ocrx_word' id='word_1_572' title='bbox 1802 4354 2065 4409; x_wconf 87' lang='lat' dir='ltr'><strong><em>ﬁdelibus</em></strong></span> 
     </span>
    </p>
   </div>
   <div class='ocr_carea' id='block_1_76' title="bbox 378 4420 1568 4478">
    <p class='ocr_par' dir='ltr' id='par_1_76' title="bbox 378 4420 1568 4478">
     <span class='ocr_line' id='line_1_78' title="bbox 378 4420 1568 4478; baseline 0.005 -6"><span class='ocrx_word' id='word_1_573' title='bbox 378 4420 639 4473; x_wconf 87' lang='lat' dir='ltr'><strong><em>sumenda</em></strong></span> <span class='ocrx_word' id='word_1_574' title='bbox 671 4420 756 4472; x_wconf 88' lang='lat' dir='ltr'><strong><em>vel</em></strong></span> <span class='ocrx_word' id='word_1_575' title='bbox 783 4422 1095 4475; x_wconf 85' lang='lat' dir='ltr'><strong><em>sumendam</em></strong></span> <span class='ocrx_word' id='word_1_576' title='bbox 1123 4420 1390 4476; x_wconf 38' lang='lat' dir='ltr'><strong><em>con—versa</em></strong></span> <span class='ocrx_word' id='word_1_577' title='bbox 1417 4430 1568 4478; x_wconf 88' lang='lat' dir='ltr'><strong><em>sunt.</em></strong></span> 
     </span>
    </p>
   </div>
   <div class='ocr_carea' id='block_1_77' title="bbox 2110 3141 2148 3184">
    <p class='ocr_par' dir='ltr' id='par_1_77' title="bbox 2110 3141 2148 3184">
     <span class='ocr_line' id='line_1_79' title="bbox 2110 3141 2148 3184; baseline 0 0"><span class='ocrx_word' id='word_1_578' title='bbox 2110 3141 2148 3184; x_wconf 68' lang='lat' dir='ltr'><strong><em>b</em></strong></span> 
     </span>
    </p>
   </div>
   <div class='ocr_carea' id='block_1_78' title="bbox 452 4477 2149 4565">
    <p class='ocr_par' dir='ltr' id='par_1_78' title="bbox 452 4477 2149 4565">
     <span class='ocr_line' id='line_1_80' title="bbox 452 4477 2149 4565; baseline 0.004 -21"><span class='ocrx_word' id='word_1_579' title='bbox 452 4490 581 4544; x_wconf 84' lang='lat' dir='ltr'><strong>LVI.</strong></span> <span class='ocrx_word' id='word_1_580' title='bbox 615 4491 813 4560; x_wconf 79' lang='grc' dir='ltr'><strong><em>(Ῑὸἱά.)</em></strong></span> <span class='ocrx_word' id='word_1_581' title='bbox 850 4492 993 4565; x_wconf 86' lang='lat' dir='ltr'><strong><em>Eam</em></strong></span> <span class='ocrx_word' id='word_1_582' title='bbox 1012 4493 1073 4545; x_wconf 93' lang='lat' dir='ltr'><strong><em>ob</em></strong></span> <span class='ocrx_word' id='word_1_583' title='bbox 1104 4510 1216 4547; x_wconf 89' lang='lat' dir='ltr'><strong><em>rem</em></strong></span> <span class='ocrx_word' id='word_1_584' title='bbox 1244 4509 1391 4546; x_wconf 92' lang='lat' dir='ltr'><strong><em>num.</em></strong></span> <span class='ocrx_word' id='word_1_585' title='bbox 1432 4497 1515 4559; x_wconf 81' lang='lat'><strong><em>15,</em></strong></span> <span class='ocrx_word' id='word_1_586' title='bbox 1537 4477 1710 4561; x_wconf 85' lang='lat' dir='ltr'><strong><em>negat</em></strong></span> <span class='ocrx_word' id='word_1_587' title='bbox 1742 4511 1932 4565; x_wconf 86' lang='lat' dir='ltr'><strong><em>corpus</em></strong></span> <span class='ocrx_word' id='word_1_588' title='bbox 1965 4512 2066 4564; x_wconf 88' lang='lat' dir='ltr'><strong><em>pa-</em></strong></span> <span class='ocrx_word' id='word_1_589' title='bbox 2106 4477 2149 4531; x_wconf 81' lang='lat' dir='ltr'><strong><em>D</em></strong></span> 
     </span>
    </p>
   </div>
   <div class='ocr_carea' id='block_1_79' title="bbox 378 4563 2063 4635">
    <p class='ocr_par' dir='ltr' id='par_1_79' title="bbox 378 4563 2063 4635">
     <span class='ocr_line' id='line_1_81' title="bbox 378 4563 2063 4635; baseline 0.005 -22"><span class='ocrx_word' id='word_1_590' title='bbox 378 4563 464 4635; x_wconf 84' lang='lat' dir='ltr'><strong><em>nis</em></strong></span> <span class='ocrx_word' id='word_1_591' title='bbox 490 4576 599 4635; x_wconf 73' lang='lat' dir='ltr'><strong><em>esse</em></strong></span> <span class='ocrx_word' id='word_1_592' title='bbox 636 4567 922 4615; x_wconf 88' lang='lat' dir='ltr'><strong><em>mutatum.</em></strong></span> <span class='ocrx_word' id='word_1_593' title='bbox 968 4564 1116 4617; x_wconf 82' lang='lat' dir='ltr'><strong><em>Cur?</em></strong></span> <span class='ocrx_word' id='word_1_594' title='bbox 1149 4565 1513 4631; x_wconf 70' lang='lat' dir='ltr'><strong><em>Corrporaliter</em></strong></span> <span class='ocrx_word' id='word_1_595' title='bbox 1557 4563 2063 4635; x_wconf 27' lang='lat' dir='ltr'><strong><em>namque,’inquit,</em></strong></span> 
     </span>
    </p>
   </div>
   <div class='ocr_carea' id='block_1_80' title="bbox 377 4633 2069 4758">
    <p class='ocr_par' dir='ltr' id='par_1_80' title="bbox 377 4633 2069 4758">
     <span class='ocr_line' id='line_1_82' title="bbox 377 4633 2069 4758; baseline 0.005 -74"><span class='ocrx_word' id='word_1_596' title='bbox 377 4633 595 4758; x_wconf 55' lang='grc' dir='ltr'><strong><em>ἓξςιίιίῗ</em></strong></span> <span class='ocrx_word' id='word_1_597' title='bbox 623 4635 698 4686; x_wconf 90' lang='lat' dir='ltr'><strong><em>eis</em></strong></span> <span class='ocrx_word' id='word_1_598' title='bbox 745 4635 990 4686; x_wconf 86' lang='lat' dir='ltr'><strong><em>cernitur</em></strong></span> <span class='ocrx_word' id='word_1_599' title='bbox 1020 4649 1136 4688; x_wconf 89' lang='lat' dir='ltr'><strong><em>esse</em></strong></span> <span class='ocrx_word' id='word_1_600' title='bbox 1181 4640 1571 4702; x_wconf 78' lang='lat' dir='ltr'><strong><em>permutatum.</em></strong></span> <span class='ocrx_word' id='word_1_601' title='bbox 1616 4633 1777 4702; x_wconf 90' lang='lat' dir='ltr'><strong><em>Sane,</em></strong></span> <span class='ocrx_word' id='word_1_602' title='bbox 1810 4637 1905 4691; x_wconf 90' lang='lat' dir='ltr'><strong><em>sed</em></strong></span> <span class='ocrx_word' id='word_1_603' title='bbox 1935 4633 2069 4692; x_wconf 75' lang='lat' dir='ltr'><strong><em>cre-</em></strong></span> 
     </span>
     <span class='ocr_line' id='line_1_83' title="bbox 420 4719 755 4757; baseline 0.006 -2"><span class='ocrx_word' id='word_1_604' title='bbox 420 4719 438 4755; x_wconf 79' lang='grc' dir='ltr'><strong><em>ι</em></strong></span> <span class='ocrx_word' id='word_1_605' title='bbox 464 4719 532 4756; x_wconf 92' lang='lat' dir='ltr'><strong><em>ur</em></strong></span> <span class='ocrx_word' id='word_1_606' title='bbox 583 4719 755 4757; x_wconf 89' lang='lat' dir='ltr'><strong><em>amen.</em></strong></span> 
     </span>
    </p>
   </div>
   <div class='ocr_carea' id='block_1_81' title="bbox 1069 4825 1380 4864">
    <p class='ocr_par' dir='ltr' id='par_1_81' title="bbox 1069 4825 1380 4864">
     <span class='ocr_line' id='line_1_84' title="bbox 1069 4825 1380 4864; baseline -0.006 0"><span class='ocrx_word' id='word_1_607' title='bbox 1069 4825 1380 4864; x_wconf 77' lang='lat' dir='ltr'><strong><em>RESPONSIO.</em></strong></span> 
     </span>
    </p>
   </div>
   <div class='ocr_carea' id='block_1_82' title="bbox 452 4932 2069 5003">
    <p class='ocr_par' dir='ltr' id='par_1_82' title="bbox 452 4932 2069 5003">
     <span class='ocr_line' id='line_1_85' title="bbox 452 4932 2069 5003; baseline 0.003 -19"><span class='ocrx_word' id='word_1_608' title='bbox 452 4932 578 5003; x_wconf 64' lang='lat' dir='ltr'><strong><em>Non</em></strong></span> <span class='ocrx_word' id='word_1_609' title='bbox 602 4935 776 5002; x_wconf 88' lang='lat' dir='ltr'><strong><em>negat</em></strong></span> <span class='ocrx_word' id='word_1_610' title='bbox 806 4948 966 4986; x_wconf 92' lang='lat' dir='ltr'><strong><em>num.</em></strong></span> <span class='ocrx_word' id='word_1_611' title='bbox 1004 4935 1089 4996; x_wconf 79' lang='grc'><strong><em>15,</em></strong></span> <span class='ocrx_word' id='word_1_612' title='bbox 1140 4948 1349 5002; x_wconf 90' lang='lat' dir='ltr'><strong><em>corpus</em></strong></span> <span class='ocrx_word' id='word_1_613' title='bbox 1392 4933 1559 5003; x_wconf 88' lang='lat' dir='ltr'><strong><em>panis</em></strong></span> <span class='ocrx_word' id='word_1_614' title='bbox 1590 4950 1710 4987; x_wconf 91' lang='lat' dir='ltr'><strong><em>esse</em></strong></span> <span class='ocrx_word' id='word_1_615' title='bbox 1765 4939 2069 5001; x_wconf 91' lang='lat' dir='ltr'><strong><em>mutatum,</em></strong></span> 
     </span>
    </p>
   </div>
   <div class='ocr_carea' id='block_1_83' title="bbox 381 5001 2072 5073">
    <p class='ocr_par' dir='ltr' id='par_1_83' title="bbox 381 5001 2072 5073">
     <span class='ocr_line' id='line_1_86' title="bbox 381 5001 2072 5073; baseline 0.004 -20"><span class='ocrx_word' id='word_1_616' title='bbox 381 5001 479 5055; x_wconf 89' lang='lat' dir='ltr'><strong><em>sed</em></strong></span> <span class='ocrx_word' id='word_1_617' title='bbox 509 5001 712 5070; x_wconf 83' lang='lat' dir='ltr'><strong><em>probat</em></strong></span> <span class='ocrx_word' id='word_1_618' title='bbox 731 5003 988 5056; x_wconf 89' lang='lat' dir='ltr'><strong><em>numeris</em></strong></span> <span class='ocrx_word' id='word_1_619' title='bbox 1008 5001 1457 5069; x_wconf 78' lang='lat' dir='ltr'><strong><em>continentibus,</em></strong></span> <span class='ocrx_word' id='word_1_620' title='bbox 1486 5004 1681 5073; x_wconf 87' lang='lat' dir='ltr'><strong><em>aitque</em></strong></span> <span class='ocrx_word' id='word_1_621' title='bbox 1711 5006 2072 5060; x_wconf 89' lang='lat' dir='ltr'><strong><em>solummodo</em></strong></span> 
     </span>
    </p>
   </div>
   <div class='ocr_carea' id='block_1_84' title="bbox 380 5074 2073 5144">
    <p class='ocr_par' dir='ltr' id='par_1_84' title="bbox 380 5074 2073 5144">
     <span class='ocr_line' id='line_1_87' title="bbox 380 5074 2073 5144; baseline 0.004 -20"><span class='ocrx_word' id='word_1_622' title='bbox 380 5074 764 5144; x_wconf 85' lang='lat' dir='ltr'><strong><em>mutationem</em></strong></span> <span class='ocrx_word' id='word_1_623' title='bbox 789 5078 1081 5126; x_wconf 87' lang='lat' dir='ltr'><strong><em>externam</em></strong></span> <span class='ocrx_word' id='word_1_624' title='bbox 1113 5075 1373 5128; x_wconf 88' lang='lat' dir='ltr'><strong><em>sensibus</em></strong></span> <span class='ocrx_word' id='word_1_625' title='bbox 1403 5075 1675 5128; x_wconf 90' lang='lat' dir='ltr'><strong><em>humanis</em></strong></span> <span class='ocrx_word' id='word_1_626' title='bbox 1720 5091 1839 5129; x_wconf 89' lang='lat' dir='ltr'><strong><em>non</em></strong></span> <span class='ocrx_word' id='word_1_627' title='bbox 1885 5078 2073 5144; x_wconf 89' lang='lat' dir='ltr'><strong><em>perci-</em></strong></span> 
     </span>
    </p>
   </div>
   <div class='ocr_carea' id='block_1_85' title="bbox 380 5142 2073 5217">
    <p class='ocr_par' dir='ltr' id='par_1_85' title="bbox 380 5142 2073 5217">
     <span class='ocr_line' id='line_1_88' title="bbox 380 5142 2073 5217; baseline 0.004 -23"><span class='ocrx_word' id='word_1_628' title='bbox 380 5142 460 5217; x_wconf 84' lang='lat' dir='ltr'><strong><em>pi,</em></strong></span> <span class='ocrx_word' id='word_1_629' title='bbox 494 5142 562 5195; x_wconf 91' lang='lat' dir='ltr'><strong><em>de</em></strong></span> <span class='ocrx_word' id='word_1_630' title='bbox 596 5159 711 5212; x_wconf 92' lang='lat' dir='ltr'><strong><em>quo</em></strong></span> <span class='ocrx_word' id='word_1_631' title='bbox 742 5144 971 5217; x_wconf 81' lang='lat' dir='ltr'><strong><em>nemini</em></strong></span> <span class='ocrx_word' id='word_1_632' title='bbox 986 5144 1212 5217; x_wconf 86' lang='lat' dir='ltr'><strong><em>homini</em></strong></span> <span class='ocrx_word' id='word_1_633' title='bbox 1236 5145 1473 5199; x_wconf 90' lang='lat' dir='ltr'><strong><em>dubium</em></strong></span> <span class='ocrx_word' id='word_1_634' title='bbox 1508 5146 1751 5212; x_wconf 91' lang='lat' dir='ltr'><strong><em>subolet,</em></strong></span> <span class='ocrx_word' id='word_1_635' title='bbox 1784 5167 1810 5197; x_wconf 78' lang='grc' dir='ltr'>α</span> <span class='ocrx_word' id='word_1_636' title='bbox 1859 5142 2073 5217; x_wconf 89' lang='lat' dir='ltr'><strong><em>Corpo-</em></strong></span> 
     </span>
    </p>
   </div>
   <div class='ocr_carea' id='block_1_86' title="bbox 380 5213 2073 5284">
    <p class='ocr_par' dir='ltr' id='par_1_86' title="bbox 380 5213 2073 5284">
     <span class='ocr_line' id='line_1_89' title="bbox 380 5213 2073 5284; baseline 0.004 -19"><span class='ocrx_word' id='word_1_637' title='bbox 380 5213 577 5265; x_wconf 88' lang='lat' dir='ltr'><strong><em>raliter</em></strong></span> <span class='ocrx_word' id='word_1_638' title='bbox 627 5229 897 5283; x_wconf 88' lang='lat' dir='ltr'><strong><em>namque,</em></strong></span> <span class='ocrx_word' id='word_1_639' title='bbox 958 5213 1167 5284; x_wconf 86' lang='lat' dir='ltr'><strong><em>inquit,</em></strong></span> <span class='ocrx_word' id='word_1_640' title='bbox 1203 5216 1263 5268; x_wconf 92' lang='lat' dir='ltr'><strong><em>in</em></strong></span> <span class='ocrx_word' id='word_1_641' title='bbox 1315 5216 1396 5269; x_wconf 87' lang='lat' dir='ltr'><strong><em>eis</em></strong></span> <span class='ocrx_word' id='word_1_642' title='bbox 1438 5216 1581 5271; x_wconf 87' lang='lat' dir='ltr'><strong><em>nihil</em></strong></span> <span class='ocrx_word' id='word_1_643' title='bbox 1640 5217 1895 5270; x_wconf 87' lang='lat' dir='ltr'><strong><em>cernitur</em></strong></span> <span class='ocrx_word' id='word_1_644' title='bbox 1951 5213 2073 5272; x_wconf 74' lang='lat' dir='ltr'><strong><em>esse</em></strong></span> 
     </span>
    </p>
   </div>
   <div class='ocr_carea' id='block_1_87' title="bbox 382 5285 2075 5353">
    <p class='ocr_par' dir='ltr' id='par_1_87' title="bbox 382 5285 2075 5353">
     <span class='ocr_line' id='line_1_90' title="bbox 382 5285 2075 5353; baseline 0.005 -19"><span class='ocrx_word' id='word_1_645' title='bbox 382 5288 791 5351; x_wconf 87' lang='lat' dir='ltr'><strong><em>permutatum.</em></strong></span> <span class='ocrx_word' id='word_1_646' title='bbox 842 5285 1191 5339; x_wconf 86' lang='lat' dir='ltr'><strong><em>Fatebuntur</em></strong></span> <span class='ocrx_word' id='word_1_647' title='bbox 1220 5286 1398 5353; x_wconf 85' lang='lat' dir='ltr'><strong><em>igitur</em></strong></span> <span class='ocrx_word' id='word_1_648' title='bbox 1426 5303 1655 5341; x_wconf 80' lang='lat' dir='ltr'><strong><em>necesse</em></strong></span> <span class='ocrx_word' id='word_1_649' title='bbox 1688 5294 1773 5341; x_wconf 90' lang='lat' dir='ltr'><strong><em>est</em></strong></span> <span class='ocrx_word' id='word_1_650' title='bbox 1803 5291 1903 5340; x_wconf 91' lang='lat' dir='ltr'><strong><em>aut</em></strong></span> <span class='ocrx_word' id='word_1_651' title='bbox 1941 5305 2075 5342; x_wconf 91' lang='lat' dir='ltr'><strong><em>mu-</em></strong></span> 
     </span>
    </p>
   </div>
   <div class='ocr_carea' id='block_1_88' title="bbox 380 5356 2069 5427">
    <p class='ocr_par' dir='ltr' id='par_1_88' title="bbox 380 5356 2069 5427">
     <span class='ocr_line' id='line_1_91' title="bbox 380 5356 2069 5427; baseline 0 -21"><span class='ocrx_word' id='word_1_652' title='bbox 380 5358 497 5427; x_wconf 78' lang='lat' dir='ltr'><strong><em>t_ata</em></strong></span> <span class='ocrx_word' id='word_1_653' title='bbox 528 5368 651 5427; x_wconf 68' lang='lat' dir='ltr'><strong><em>esse</em></strong></span> <span class='ocrx_word' id='word_1_654' title='bbox 683 5357 994 5427; x_wconf 82' lang='lat' dir='ltr'><strong><em>secundum</em></strong></span> <span class='ocrx_word' id='word_1_655' title='bbox 1025 5356 1180 5409; x_wconf 86' lang='lat' dir='ltr'><strong><em>aliud</em></strong></span> <span class='ocrx_word' id='word_1_656' title='bbox 1228 5373 1400 5427; x_wconf 89' lang='lat' dir='ltr'><strong><em>quam</em></strong></span> <span class='ocrx_word' id='word_1_657' title='bbox 1428 5358 1744 5412; x_wconf 87' lang='lat' dir='ltr'><strong><em>secundum</em></strong></span> <span class='ocrx_word' id='word_1_658' title='bbox 1778 5375 2006 5426; x_wconf 82' lang='lat' dir='ltr'><strong><em>corpus.</em></strong></span> <span class='ocrx_word' id='word_1_659' title='bbox 2042 5380 2069 5407; x_wconf 84' lang='grc'><strong>››</strong></span> 
     </span>
    </p>
   </div>
   <div class='ocr_carea' id='block_1_89' title="bbox 384 5423 2074 5507">
    <p class='ocr_par' dir='ltr' id='par_1_89' title="bbox 384 5423 2074 5507">
     <span class='ocr_line' id='line_1_92' title="bbox 384 5423 2074 5507; baseline 0.004 -31"><span class='ocrx_word' id='word_1_660' title='bbox 384 5425 450 5477; x_wconf 89' lang='lat' dir='ltr'><strong><em>Et</em></strong></span> <span class='ocrx_word' id='word_1_661' title='bbox 478 5424 536 5477; x_wconf 90' lang='lat' dir='ltr'><strong><em>in</em></strong></span> <span class='ocrx_word' id='word_1_662' title='bbox 567 5423 680 5507; x_wconf 80' lang='lat' dir='ltr'><strong><em>ﬁne</em></strong></span> <span class='ocrx_word' id='word_1_663' title='bbox 722 5424 893 5495; x_wconf 91' lang='lat' dir='ltr'><strong><em>hujus</em></strong></span> <span class='ocrx_word' id='word_1_664' title='bbox 945 5427 1173 5507; x_wconf 82' lang='lat' dir='ltr'><strong><em>numeri</em></strong></span> <span class='ocrx_word' id='word_1_665' title='bbox 1215 5423 1819 5507; x_wconf 46' lang='lat' dir='ltr'><strong><em>p—ostquam_probavit</em></strong></span> <span class='ocrx_word' id='word_1_666' title='bbox 1834 5423 2074 5507; x_wconf 76' lang='lat' dir='ltr'><strong><em>necesse</em></strong></span> 
     </span>
    </p>
   </div>
   <div class='ocr_carea' id='block_1_90' title="bbox 382 5495 2071 5565">
    <p class='ocr_par' dir='ltr' id='par_1_90' title="bbox 382 5495 2071 5565">
     <span class='ocr_line' id='line_1_93' title="bbox 382 5495 2071 5565; baseline 0.003 -18"><span class='ocrx_word' id='word_1_667' title='bbox 382 5510 504 5547; x_wconf 90' lang='lat' dir='ltr'><strong><em>esse</em></strong></span> <span class='ocrx_word' id='word_1_668' title='bbox 546 5495 799 5564; x_wconf 85' lang='lat' dir='ltr'><strong><em>aliquam</em></strong></span> <span class='ocrx_word' id='word_1_669' title='bbox 838 5495 1232 5551; x_wconf 78' lang='lat' dir='ltr'><strong><em>mutationem</em></strong></span> <span class='ocrx_word' id='word_1_670' title='bbox 1252 5495 1380 5552; x_wconf 83' lang='lat' dir='ltr'><strong><em>ﬁeri</em></strong></span> <span class='ocrx_word' id='word_1_671' title='bbox 1426 5498 1487 5551; x_wconf 92' lang='lat' dir='ltr'><strong><em>in</em></strong></span> <span class='ocrx_word' id='word_1_672' title='bbox 1530 5495 1904 5565; x_wconf 85' lang='lat' dir='ltr'><strong><em>Eucharistia,</em></strong></span> <span class='ocrx_word' id='word_1_673' title='bbox 1955 5500 2071 5553; x_wconf 90' lang='lat' dir='ltr'><strong><em>ait:</em></strong></span> 
     </span>
    </p>
   </div>
   <div class='ocr_carea' id='block_1_91' title="bbox 388 5567 2076 5640">
    <p class='ocr_par' dir='ltr' id='par_1_91' title="bbox 388 5567 2076 5640">
     <span class='ocr_line' id='line_1_94' title="bbox 388 5567 2076 5640; baseline 0.005 -25"><span class='ocrx_word' id='word_1_674' title='bbox 388 5586 409 5613; x_wconf 85' lang='grc'>‹</span> <span class='ocrx_word' id='word_1_675' title='bbox 444 5568 559 5618; x_wconf 83' lang='lat' dir='ltr'><strong><em>Aut</em></strong></span> <span class='ocrx_word' id='word_1_676' title='bbox 586 5567 634 5619; x_wconf 91' lang='lat' dir='ltr'><strong><em>si</em></strong></span> <span class='ocrx_word' id='word_1_677' title='bbox 662 5567 771 5620; x_wconf 87' lang='lat' dir='ltr'><strong><em>hoc</em></strong></span> <span class='ocrx_word' id='word_1_678' title='bbox 796 5568 1056 5640; x_wconf 77' lang='lat' dir='ltr'><strong><em>profiteri</em></strong></span> <span class='ocrx_word' id='word_1_679' title='bbox 1078 5569 1383 5630; x_wconf 88' lang='lat' dir='ltr'><strong><em>voluerint,</em></strong></span> <span class='ocrx_word' id='word_1_680' title='bbox 1408 5570 1838 5639; x_wconf 87' lang='lat' dir='ltr'><strong><em>compelluntur</em></strong></span> <span class='ocrx_word' id='word_1_681' title='bbox 1866 5585 2076 5640; x_wconf 89' lang='lat' dir='ltr'><strong><em>negare</em></strong></span> 
     </span>
    </p>
   </div>
   <div class='ocr_carea' id='block_1_92' title="bbox 382 5638 2078 5709">
    <p class='ocr_par' dir='ltr' id='par_1_92' title="bbox 382 5638 2078 5709">
     <span class='ocr_line' id='line_1_95' title="bbox 382 5638 2078 5709; baseline 0.003 -20"><span class='ocrx_word' id='word_1_682' title='bbox 382 5650 592 5705; x_wconf 86' lang='lat' dir='ltr'><strong><em>corpus</em></strong></span> <span class='ocrx_word' id='word_1_683' title='bbox 625 5652 761 5709; x_wconf 78' lang='lat' dir='ltr'><strong><em>esse</em></strong></span> <span class='ocrx_word' id='word_1_684' title='bbox 822 5638 1276 5709; x_wconf 85' lang='lat' dir='ltr'><strong><em>sanguinemque</em></strong></span> <span class='ocrx_word' id='word_1_685' title='bbox 1316 5638 1549 5693; x_wconf 79' lang='lat' dir='ltr'><strong><em>Christi</em></strong></span> <span class='ocrx_word' id='word_1_686' title='bbox 1581 5640 1731 5709; x_wconf 92' lang='lat' dir='ltr'><strong><em>quod</em></strong></span> <span class='ocrx_word' id='word_1_687' title='bbox 1784 5638 1965 5693; x_wconf 55' lang='lat' dir='ltr'><strong><em>nefas&#39;</em></strong></span> <span class='ocrx_word' id='word_1_688' title='bbox 1993 5646 2078 5694; x_wconf 90' lang='lat' dir='ltr'><strong><em>est</em></strong></span> 
     </span>
    </p>
   </div>
   <div class='ocr_carea' id='block_1_93' title="bbox 384 5707 2076 5776">
    <p class='ocr_par' dir='ltr' id='par_1_93' title="bbox 384 5707 2076 5776">
     <span class='ocr_line' id='line_1_96' title="bbox 384 5707 2076 5776; baseline 0.004 -18"><span class='ocrx_word' id='word_1_689' title='bbox 384 5721 503 5759; x_wconf 91' lang='lat' dir='ltr'><strong><em>non</em></strong></span> <span class='ocrx_word' id='word_1_690' title='bbox 560 5707 745 5761; x_wconf 89' lang='lat' dir='ltr'><strong><em>solum</em></strong></span> <span class='ocrx_word' id='word_1_691' title='bbox 805 5708 1015 5774; x_wconf 88' lang='lat' dir='ltr'><strong><em>dicere,</em></strong></span> <span class='ocrx_word' id='word_1_692' title='bbox 1066 5707 1264 5761; x_wconf 85' lang='lat' dir='ltr'><strong><em>verum</em></strong></span> <span class='ocrx_word' id='word_1_693' title='bbox 1328 5710 1498 5762; x_wconf 88' lang='lat' dir='ltr'><strong><em>etiam</em></strong></span> <span class='ocrx_word' id='word_1_694' title='bbox 1534 5707 1872 5776; x_wconf 70' lang='lat' dir='ltr'><strong><em>cogitare.»</em></strong></span> <span class='ocrx_word' id='word_1_695' title='bbox 1931 5710 2076 5773; x_wconf 88' lang='lat' dir='ltr'><strong><em>Quid</em></strong></span> 
     </span>
    </p>
   </div>
   <div class='ocr_carea' id='block_1_94' title="bbox 384 5778 2073 5836">
    <p class='ocr_par' dir='ltr' id='par_1_94' title="bbox 384 5778 2073 5836">
     <span class='ocr_line' id='line_1_97' title="bbox 384 5778 2073 5836; baseline 0.004 -7"><span class='ocrx_word' id='word_1_696' title='bbox 384 5791 516 5831; x_wconf 89' lang='lat' dir='ltr'><strong><em>vero</em></strong></span> <span class='ocrx_word' id='word_1_697' title='bbox 548 5778 846 5833; x_wconf 86' lang='lat' dir='ltr'><strong><em>nervosius</em></strong></span> <span class='ocrx_word' id='word_1_698' title='bbox 884 5779 972 5834; x_wconf 89' lang='lat' dir='ltr'><strong><em>his</em></strong></span> <span class='ocrx_word' id='word_1_699' title='bbox 1009 5778 1195 5835; x_wconf 86' lang='lat' dir='ltr'><strong><em>verbis</em></strong></span> <span class='ocrx_word' id='word_1_700' title='bbox 1236 5780 1495 5834; x_wconf 61' lang='lat' dir='ltr'><strong><em>Ecclesiae</em></strong></span> <span class='ocrx_word' id='word_1_701' title='bbox 1522 5779 1819 5836; x_wconf 74' lang='lat' dir='ltr'><strong><em>catholicae</em></strong></span> <span class='ocrx_word' id='word_1_702' title='bbox 1867 5780 2073 5835; x_wconf 86' lang='lat' dir='ltr'><strong><em>doctri-</em></strong></span> 
     </span>
    </p>
   </div>
   <div class='ocr_carea' id='block_1_95' title="bbox 2180 1817 3853 1887">
    <p class='ocr_par' dir='ltr' id='par_1_95' title="bbox 2180 1817 3853 1887">
     <span class='ocr_line' id='line_1_98' title="bbox 2180 1817 3853 1887; baseline 0 -18"><span class='ocrx_word' id='word_1_703' title='bbox 2180 1824 2267 1870; x_wconf 86' lang='lat' dir='ltr'><strong><em>cet</em></strong></span> <span class='ocrx_word' id='word_1_704' title='bbox 2312 1833 2518 1887; x_wconf 83' lang='lat' dir='ltr'><strong><em>corpus</em></strong></span> <span class='ocrx_word' id='word_1_705' title='bbox 2564 1818 2637 1870; x_wconf 90' lang='lat' dir='ltr'><strong><em>sit</em></strong></span> <span class='ocrx_word' id='word_1_706' title='bbox 2667 1834 2887 1880; x_wconf 89' lang='lat' dir='ltr'><strong><em>verum,</em></strong></span> <span class='ocrx_word' id='word_1_707' title='bbox 2918 1818 3061 1869; x_wconf 90' lang='lat' dir='ltr'><strong><em>nulli</em></strong></span> <span class='ocrx_word' id='word_1_708' title='bbox 3096 1818 3306 1870; x_wconf 86' lang='lat' dir='ltr'><strong><em>mentis</em></strong></span> <span class='ocrx_word' id='word_1_709' title='bbox 3352 1817 3700 1886; x_wconf 87' lang='lat' dir='ltr'><strong><em>cogitationi</em></strong></span> <span class='ocrx_word' id='word_1_710' title='bbox 3746 1818 3853 1869; x_wconf 87' lang='lat' dir='ltr'><strong><em>sub-</em></strong></span> 
     </span>
    </p>
   </div>
   <div class='ocr_carea' id='block_1_96' title="bbox 2172 1887 3860 1957">
    <p class='ocr_par' dir='ltr' id='par_1_96' title="bbox 2172 1887 3860 1957">
     <span class='ocr_line' id='line_1_99' title="bbox 2172 1887 3860 1957; baseline 0 -17"><span class='ocrx_word' id='word_1_711' title='bbox 2172 1888 2411 1957; x_wconf 88' lang='lat' dir='ltr'><strong><em>jectum,</em></strong></span> <span class='ocrx_word' id='word_1_712' title='bbox 2445 1893 2529 1941; x_wconf 90' lang='lat' dir='ltr'><strong><em>est</em></strong></span> <span class='ocrx_word' id='word_1_713' title='bbox 2556 1893 2748 1941; x_wconf 88' lang='lat' dir='ltr'><strong><em>tamen</em></strong></span> <span class='ocrx_word' id='word_1_714' title='bbox 2781 1887 3077 1957; x_wconf 86' lang='lat' dir='ltr'><strong><em>spirituale</em></strong></span> <span class='ocrx_word' id='word_1_715' title='bbox 3108 1893 3165 1940; x_wconf 89' lang='lat' dir='ltr'><strong><em>et</em></strong></span> <span class='ocrx_word' id='word_1_716' title='bbox 3193 1887 3528 1956; x_wconf 86' lang='lat' dir='ltr'><strong><em>gloriosum,</em></strong></span> <span class='ocrx_word' id='word_1_717' title='bbox 3579 1887 3659 1940; x_wconf 89' lang='lat' dir='ltr'><strong><em>ad</em></strong></span> <span class='ocrx_word' id='word_1_718' title='bbox 3703 1887 3860 1940; x_wconf 78' lang='lat' dir='ltr'><strong><em>instar</em></strong></span> 
     </span>
    </p>
   </div>
   <div class='ocr_carea' id='block_1_97' title="bbox 2178 1957 3861 2027">
    <p class='ocr_par' dir='ltr' id='par_1_97' title="bbox 2178 1957 3861 2027">
     <span class='ocr_line' id='line_1_100' title="bbox 2178 1957 3861 2027; baseline -0.001 -17"><span class='ocrx_word' id='word_1_719' title='bbox 2178 1975 2485 2027; x_wconf 88' lang='lat' dir='ltr'><strong><em>corporum</em></strong></span> <span class='ocrx_word' id='word_1_720' title='bbox 2534 1964 2861 2011; x_wconf 90' lang='lat' dir='ltr'><strong><em>nostrorum</em></strong></span> <span class='ocrx_word' id='word_1_721' title='bbox 2905 1974 3034 2011; x_wconf 89' lang='lat' dir='ltr'><strong><em>cum</em></strong></span> <span class='ocrx_word' id='word_1_722' title='bbox 3091 1963 3220 2027; x_wconf 90' lang='lat' dir='ltr'><strong><em>post</em></strong></span> <span class='ocrx_word' id='word_1_723' title='bbox 3271 1957 3765 2011; x_wconf 87' lang='lat' dir='ltr'><strong><em>resurrectionem</em></strong></span> <span class='ocrx_word' id='word_1_724' title='bbox 3793 1974 3861 2009; x_wconf 84' lang='lat' dir='ltr'><strong><em>re-</em></strong></span> 
     </span>
    </p>
   </div>
   <div class='ocr_carea' id='block_1_98' title="bbox 2177 2027 3863 2098">
    <p class='ocr_par' dir='ltr' id='par_1_98' title="bbox 2177 2027 3863 2098">
     <span class='ocr_line' id='line_1_101' title="bbox 2177 2027 3863 2098; baseline -0.001 -17"><span class='ocrx_word' id='word_1_725' title='bbox 2177 2029 2422 2081; x_wconf 82' lang='lat' dir='ltr'><strong><em>vixerint</em></strong></span> <span class='ocrx_word' id='word_1_726' title='bbox 2455 2046 2466 2082; x_wconf 90' lang='lat'><strong>:</strong></span> <span class='ocrx_word' id='word_1_727' title='bbox 2498 2046 2626 2098; x_wconf 68' lang='lat' dir='ltr'><strong><em>quas</em></strong></span> <span class='ocrx_word' id='word_1_728' title='bbox 2658 2028 2889 2097; x_wconf 86' lang='lat' dir='ltr'><strong><em>quidem</em></strong></span> <span class='ocrx_word' id='word_1_729' title='bbox 2930 2034 3097 2081; x_wconf 88' lang='lat' dir='ltr'><strong><em>erunt</em></strong></span> <span class='ocrx_word' id='word_1_730' title='bbox 3128 2028 3324 2081; x_wconf 89' lang='lat' dir='ltr'><strong><em>eadem</em></strong></span> <span class='ocrx_word' id='word_1_731' title='bbox 3356 2044 3486 2098; x_wconf 66' lang='lat' dir='ltr'><strong><em>quae</em></strong></span> <span class='ocrx_word' id='word_1_732' title='bbox 3525 2033 3671 2081; x_wconf 89' lang='lat' dir='ltr'><strong><em>sunt</em></strong></span> <span class='ocrx_word' id='word_1_733' title='bbox 3708 2027 3863 2082; x_wconf 81' lang='lat' dir='ltr'><strong><em>hodie</em></strong></span> 
     </span>
    </p>
   </div>
   <div class='ocr_carea' id='block_1_99' title="bbox 2177 2099 3864 2169">
    <p class='ocr_par' dir='ltr' id='par_1_99' title="bbox 2177 2099 3864 2169">
     <span class='ocr_line' id='line_1_102' title="bbox 2177 2099 3864 2169; baseline -0.001 -17"><span class='ocrx_word' id='word_1_734' title='bbox 2177 2100 2236 2152; x_wconf 88' lang='lat' dir='ltr'><strong><em>in</em></strong></span> <span class='ocrx_word' id='word_1_735' title='bbox 2270 2099 2435 2152; x_wconf 88' lang='lat' dir='ltr'><strong><em>terris</em></strong></span> <span class='ocrx_word' id='word_1_736' title='bbox 2462 2100 2606 2165; x_wconf 90' lang='lat' dir='ltr'><strong><em>viva,</em></strong></span> <span class='ocrx_word' id='word_1_737' title='bbox 2643 2101 2772 2151; x_wconf 89' lang='lat' dir='ltr'><strong><em>licet</em></strong></span> <span class='ocrx_word' id='word_1_738' title='bbox 2797 2100 2855 2152; x_wconf 91' lang='lat' dir='ltr'><strong><em>in</em></strong></span> <span class='ocrx_word' id='word_1_739' title='bbox 2902 2099 3058 2153; x_wconf 65' lang='lat' dir='ltr'><strong><em>caelis</em></strong></span> <span class='ocrx_word' id='word_1_740' title='bbox 3083 2105 3140 2151; x_wconf 88' lang='lat' dir='ltr'><strong><em>et</em></strong></span> <span class='ocrx_word' id='word_1_741' title='bbox 3187 2099 3370 2169; x_wconf 89' lang='lat' dir='ltr'><strong><em>gloria</em></strong></span> <span class='ocrx_word' id='word_1_742' title='bbox 3418 2099 3703 2161; x_wconf 83' lang='lat' dir='ltr'><strong><em>rediviva,</em></strong></span> <span class='ocrx_word' id='word_1_743' title='bbox 3763 2106 3813 2151; x_wconf 86' lang='lat' dir='ltr'><strong><em>et</em></strong></span> <span class='ocrx_word' id='word_1_744' title='bbox 3839 2116 3864 2150; x_wconf 80' lang='grc' dir='ltr'><strong><em>ει</em></strong></span> 
     </span>
    </p>
   </div>
   <div class='ocr_carea' id='block_1_100' title="bbox 2178 2168 3863 2239">
    <p class='ocr_par' dir='ltr' id='par_1_100' title="bbox 2178 2168 3863 2239">
     <span class='ocr_line' id='line_1_103' title="bbox 2178 2168 3863 2239; baseline -0.001 -17"><span class='ocrx_word' id='word_1_745' title='bbox 2178 2170 2379 2239; x_wconf 86' lang='lat' dir='ltr'><strong><em>seipsis</em></strong></span> <span class='ocrx_word' id='word_1_746' title='bbox 2440 2170 2779 2223; x_wconf 89' lang='lat' dir='ltr'><strong><em>mortalibus</em></strong></span> <span class='ocrx_word' id='word_1_747' title='bbox 2831 2185 2936 2239; x_wconf 89' lang='lat' dir='ltr'><strong><em>per</em></strong></span> <span class='ocrx_word' id='word_1_748' title='bbox 2983 2168 3361 2223; x_wconf 87' lang='lat' dir='ltr'><strong><em>substantiam</em></strong></span> <span class='ocrx_word' id='word_1_749' title='bbox 3416 2168 3863 2222; x_wconf 85' lang='lat' dir='ltr'><strong><em>immortalitatis</em></strong></span> 
     </span>
    </p>
   </div>
   <div class='ocr_carea' id='block_1_101' title="bbox 2179 2239 3866 2309">
    <p class='ocr_par' dir='ltr' id='par_1_101' title="bbox 2179 2239 3866 2309">
     <span class='ocr_line' id='line_1_104' title="bbox 2179 2239 3866 2309; baseline -0.001 -16"><span class='ocrx_word' id='word_1_750' title='bbox 2179 2241 2580 2309; x_wconf 90' lang='lat' dir='ltr'><strong><em>discrepantia.</em></strong></span> <span class='ocrx_word' id='word_1_751' title='bbox 2638 2240 2776 2303; x_wconf 61' lang='lat' dir='ltr'><strong><em>Quae</em></strong></span> <span class='ocrx_word' id='word_1_752' title='bbox 2841 2239 3156 2293; x_wconf 88' lang='lat' dir='ltr'><strong><em>continenti</em></strong></span> <span class='ocrx_word' id='word_1_753' title='bbox 3227 2255 3490 2292; x_wconf 90' lang='lat' dir='ltr'><strong><em>sermone</em></strong></span> <span class='ocrx_word' id='word_1_754' title='bbox 3559 2239 3717 2293; x_wconf 87' lang='lat' dir='ltr'><strong><em>dixit</em></strong></span> <span class='ocrx_word' id='word_1_755' title='bbox 3773 2241 3866 2294; x_wconf 77' lang='lat' dir='ltr'><strong><em>Ra-</em></strong></span> 
     </span>
    </p>
   </div>
   <div class='ocr_carea' id='block_1_102' title="bbox 2178 2310 3865 2380">
    <p class='ocr_par' dir='ltr' id='par_1_102' title="bbox 2178 2310 3865 2380">
     <span class='ocr_line' id='line_1_105' title="bbox 2178 2310 3865 2380; baseline 0.001 -17"><span class='ocrx_word' id='word_1_756' title='bbox 2178 2316 2459 2374; x_wconf 89' lang='lat' dir='ltr'><strong><em>tramnus,</em></strong></span> <span class='ocrx_word' id='word_1_757' title='bbox 2503 2311 2887 2363; x_wconf 87' lang='lat' dir='ltr'><strong><em>sinceritatem</em></strong></span> <span class='ocrx_word' id='word_1_758' title='bbox 2923 2310 3055 2363; x_wconf 88' lang='lat' dir='ltr'><strong><em>ﬁdei</em></strong></span> <span class='ocrx_word' id='word_1_759' title='bbox 3094 2312 3215 2378; x_wconf 89' lang='lat' dir='ltr'><strong><em>ejus</em></strong></span> <span class='ocrx_word' id='word_1_760' title='bbox 3261 2316 3378 2363; x_wconf 89' lang='lat' dir='ltr'><strong><em>tam</em></strong></span> <span class='ocrx_word' id='word_1_761' title='bbox 3400 2310 3713 2380; x_wconf 86' lang='lat' dir='ltr'><strong><em>perspicue</em></strong></span> <span class='ocrx_word' id='word_1_762' title='bbox 3747 2327 3865 2364; x_wconf 87' lang='lat' dir='ltr'><strong><em>con-</em></strong></span> 
     </span>
    </p>
   </div>
   <div class='ocr_carea' id='block_1_103' title="bbox 2178 2380 3865 2451">
    <p class='ocr_par' dir='ltr' id='par_1_103' title="bbox 2178 2380 3865 2451">
     <span class='ocr_line' id='line_1_106' title="bbox 2178 2380 3865 2451; baseline -0.001 -17"><span class='ocrx_word' id='word_1_763' title='bbox 2178 2381 2409 2434; x_wconf 86' lang='lat' dir='ltr'><strong><em>ﬁrmant</em></strong></span> <span class='ocrx_word' id='word_1_764' title='bbox 2440 2386 2503 2434; x_wconf 91' lang='lat' dir='ltr'><strong><em>ut</em></strong></span> <span class='ocrx_word' id='word_1_765' title='bbox 2533 2382 2691 2433; x_wconf 90' lang='lat' dir='ltr'><strong><em>nulla</em></strong></span> <span class='ocrx_word' id='word_1_766' title='bbox 2728 2396 2816 2433; x_wconf 89' lang='lat' dir='ltr'><strong><em>res</em></strong></span> <span class='ocrx_word' id='word_1_767' title='bbox 2854 2380 3144 2433; x_wconf 85' lang='lat' dir='ltr'><strong><em>inﬁrmare</em></strong></span> <span class='ocrx_word' id='word_1_768' title='bbox 3201 2381 3380 2450; x_wconf 88' lang='lat' dir='ltr'><strong><em>possit</em></strong></span> <span class='ocrx_word' id='word_1_769' title='bbox 3413 2397 3425 2433; x_wconf 95' lang='lat'>:</span> <span class='ocrx_word' id='word_1_770' title='bbox 3461 2399 3487 2431; x_wconf 79' lang='grc' dir='ltr'><strong><em>α</em></strong></span> <span class='ocrx_word' id='word_1_771' title='bbox 3538 2381 3675 2433; x_wconf 82' lang='lat' dir='ltr'><strong><em>Non</em></strong></span> <span class='ocrx_word' id='word_1_772' title='bbox 3729 2381 3865 2451; x_wconf 88' lang='lat' dir='ltr'><strong><em>quod</em></strong></span> 
     </span>
    </p>
   </div>
   <div class='ocr_carea' id='block_1_104' title="bbox 2178 2451 3864 2510">
    <p class='ocr_par' dir='ltr' id='par_1_104' title="bbox 2178 2451 3864 2510">
     <span class='ocr_line' id='line_1_107' title="bbox 2178 2451 3864 2510; baseline 0 -6"><span class='ocrx_word' id='word_1_773' title='bbox 2178 2452 2422 2506; x_wconf 87' lang='lat' dir='ltr'><strong><em>duarum</em></strong></span> <span class='ocrx_word' id='word_1_774' title='bbox 2458 2452 2573 2504; x_wconf 86' lang='lat' dir='ltr'><strong><em>sint</em></strong></span> <span class='ocrx_word' id='word_1_775' title='bbox 2611 2451 2925 2504; x_wconf 64' lang='lat' dir='ltr'><strong><em>existentiae</em></strong></span> <span class='ocrx_word' id='word_1_776' title='bbox 2964 2466 3154 2503; x_wconf 89' lang='lat' dir='ltr'><strong><em>rerum</em></strong></span> <span class='ocrx_word' id='word_1_777' title='bbox 3198 2457 3348 2503; x_wconf 84' lang='lat' dir='ltr'><strong><em>inter</em></strong></span> <span class='ocrx_word' id='word_1_778' title='bbox 3379 2468 3437 2504; x_wconf 90' lang='lat' dir='ltr'><strong><em>se</em></strong></span> <span class='ocrx_word' id='word_1_779' title='bbox 3485 2451 3864 2510; x_wconf 81' lang='lat' dir='ltr'><strong><em>diversarum,</em></strong></span> 
     </span>
    </p>
   </div>
   <div class='ocr_carea' id='block_1_105' title="bbox 2178 2520 3865 2591">
    <p class='ocr_par' dir='ltr' id='par_1_105' title="bbox 2178 2520 3865 2591">
     <span class='ocr_line' id='line_1_108' title="bbox 2178 2520 3865 2591; baseline -0.001 -17"><span class='ocrx_word' id='word_1_780' title='bbox 2178 2523 2436 2591; x_wconf 87' lang='lat' dir='ltr'><strong><em>corporis</em></strong></span> <span class='ocrx_word' id='word_1_781' title='bbox 2466 2521 2731 2575; x_wconf 85' lang='lat' dir='ltr'><strong><em>videlicet</em></strong></span> <span class='ocrx_word' id='word_1_782' title='bbox 2760 2528 2813 2575; x_wconf 87' lang='lat' dir='ltr'><strong><em>et</em></strong></span> <span class='ocrx_word' id='word_1_783' title='bbox 2852 2520 3107 2591; x_wconf 88' lang='lat' dir='ltr'><strong><em>spiritus,</em></strong></span> <span class='ocrx_word' id='word_1_784' title='bbox 3151 2537 3351 2574; x_wconf 88' lang='lat' dir='ltr'><strong><em>verum</em></strong></span> <span class='ocrx_word' id='word_1_785' title='bbox 3380 2537 3495 2575; x_wconf 90' lang='lat' dir='ltr'><strong><em>una</em></strong></span> <span class='ocrx_word' id='word_1_786' title='bbox 3546 2523 3865 2591; x_wconf 87' lang='lat' dir='ltr'><strong><em>eademque</em></strong></span> 
     </span>
    </p>
   </div>
   <div class='ocr_carea' id='block_1_106' title="bbox 2180 2591 3870 2660">
    <p class='ocr_par' dir='ltr' id='par_1_106' title="bbox 2180 2591 3870 2660">
     <span class='ocr_line' id='line_1_109' title="bbox 2180 2591 3870 2660; baseline -0.001 -15"><span class='ocrx_word' id='word_1_787' title='bbox 2180 2608 2306 2657; x_wconf 85' lang='lat' dir='ltr'><strong><em>res;</em></strong></span> <span class='ocrx_word' id='word_1_788' title='bbox 2341 2593 2655 2645; x_wconf 87' lang='lat' dir='ltr'><strong><em>secundum</em></strong></span> <span class='ocrx_word' id='word_1_789' title='bbox 2691 2591 2845 2645; x_wconf 91' lang='lat' dir='ltr'><strong><em>aliud</em></strong></span> <span class='ocrx_word' id='word_1_790' title='bbox 2894 2591 3109 2660; x_wconf 87' lang='lat' dir='ltr'><strong><em>species</em></strong></span> <span class='ocrx_word' id='word_1_791' title='bbox 3146 2592 3309 2660; x_wconf 89' lang='lat' dir='ltr'><strong><em>panis</em></strong></span> <span class='ocrx_word' id='word_1_792' title='bbox 3340 2597 3395 2645; x_wconf 89' lang='lat' dir='ltr'><strong><em>et</em></strong></span> <span class='ocrx_word' id='word_1_793' title='bbox 3430 2591 3550 2644; x_wconf 90' lang='lat' dir='ltr'><strong><em>vini</em></strong></span> <span class='ocrx_word' id='word_1_794' title='bbox 3590 2593 3870 2651; x_wconf 82' lang='lat' dir='ltr'><strong><em>consistit,</em></strong></span> 
     </span>
    </p>
   </div>
   <div class='ocr_carea' id='block_1_107' title="bbox 2181 2662 3871 2732">
    <p class='ocr_par' dir='ltr' id='par_1_107' title="bbox 2181 2662 3871 2732">
     <span class='ocr_line' id='line_1_110' title="bbox 2181 2662 3871 2732; baseline -0.001 -18"><span class='ocrx_word' id='word_1_795' title='bbox 2181 2663 2494 2715; x_wconf 90' lang='lat' dir='ltr'><strong><em>secundum</em></strong></span> <span class='ocrx_word' id='word_1_796' title='bbox 2555 2663 2709 2716; x_wconf 89' lang='lat' dir='ltr'><strong><em>aliud</em></strong></span> <span class='ocrx_word' id='word_1_797' title='bbox 2743 2666 2934 2715; x_wconf 89' lang='lat' dir='ltr'><strong><em>autem</em></strong></span> <span class='ocrx_word' id='word_1_798' title='bbox 2984 2678 3188 2732; x_wconf 88' lang='lat' dir='ltr'><strong><em>corpus</em></strong></span> <span class='ocrx_word' id='word_1_799' title='bbox 3218 2669 3275 2715; x_wconf 89' lang='lat' dir='ltr'><strong><em>et</em></strong></span> <span class='ocrx_word' id='word_1_800' title='bbox 3307 2662 3540 2730; x_wconf 89' lang='lat' dir='ltr'><strong><em>sanguis</em></strong></span> <span class='ocrx_word' id='word_1_801' title='bbox 3588 2663 3871 2716; x_wconf 51' lang='lat' dir='ltr'><strong><em>Christi.”</em></strong></span> 
     </span>
    </p>
   </div>
   <div class='ocr_carea' id='block_1_108' title="bbox 2183 2732 3874 2802">
    <p class='ocr_par' dir='ltr' id='par_1_108' title="bbox 2183 2732 3874 2802">
     <span class='ocr_line' id='line_1_111' title="bbox 2183 2732 3874 2802; baseline -0.001 -16"><span class='ocrx_word' id='word_1_802' title='bbox 2183 2733 2332 2787; x_wconf 87' lang='lat' dir='ltr'><strong><em>Nihil</em></strong></span> <span class='ocrx_word' id='word_1_803' title='bbox 2367 2733 2502 2786; x_wconf 91' lang='lat' dir='ltr'><strong><em>ﬁdei</em></strong></span> <span class='ocrx_word' id='word_1_804' title='bbox 2531 2733 2824 2786; x_wconf 69' lang='lat' dir='ltr'><strong><em>catholicae</em></strong></span> <span class='ocrx_word' id='word_1_805' title='bbox 2877 2733 3311 2785; x_wconf 88' lang='lat' dir='ltr'><strong><em>convenientius</em></strong></span> <span class='ocrx_word' id='word_1_806' title='bbox 3341 2732 3453 2785; x_wconf 91' lang='lat' dir='ltr'><strong><em>dici</em></strong></span> <span class='ocrx_word' id='word_1_807' title='bbox 3513 2739 3727 2802; x_wconf 82' lang='lat' dir='ltr'><strong><em>potest,</em></strong></span> <span class='ocrx_word' id='word_1_808' title='bbox 3782 2750 3874 2785; x_wconf 87' lang='lat' dir='ltr'><strong><em>nec</em></strong></span> 
     </span>
    </p>
   </div>
   <div class='ocr_carea' id='block_1_109' title="bbox 2180 2803 3876 2873">
    <p class='ocr_par' dir='ltr' id='par_1_109' title="bbox 2180 2803 3876 2873">
     <span class='ocr_line' id='line_1_112' title="bbox 2180 2803 3876 2873; baseline -0.001 -17"><span class='ocrx_word' id='word_1_809' title='bbox 2180 2803 2567 2857; x_wconf 85' lang='lat' dir='ltr'><strong><em>internoscere</em></strong></span> <span class='ocrx_word' id='word_1_810' title='bbox 2604 2820 2832 2873; x_wconf 87' lang='lat' dir='ltr'><strong><em>possum</em></strong></span> <span class='ocrx_word' id='word_1_811' title='bbox 2865 2804 3144 2856; x_wconf 87' lang='lat' dir='ltr'><strong><em>rationem</em></strong></span> <span class='ocrx_word' id='word_1_812' title='bbox 3189 2803 3323 2873; x_wconf 85' lang='lat' dir='ltr'><strong><em>quia</em></strong></span> <span class='ocrx_word' id='word_1_813' title='bbox 3377 2812 3707 2857; x_wconf 88' lang='lat' dir='ltr'><strong><em>commotus</em></strong></span> <span class='ocrx_word' id='word_1_814' title='bbox 3766 2806 3876 2857; x_wconf 86' lang='lat' dir='ltr'><strong><em>dis-</em></strong></span> 
     </span>
    </p>
   </div>
   <div class='ocr_carea' id='block_1_110' title="bbox 2181 2873 3880 2943">
    <p class='ocr_par' dir='ltr' id='par_1_110' title="bbox 2181 2873 3880 2943">
     <span class='ocr_line' id='line_1_113' title="bbox 2181 2873 3880 2943; baseline -0.001 -17"><span class='ocrx_word' id='word_1_815' title='bbox 2181 2880 2427 2927; x_wconf 89' lang='lat' dir='ltr'><strong><em>sertator</em></strong></span> <span class='ocrx_word' id='word_1_816' title='bbox 2453 2890 2518 2927; x_wconf 84' lang='lat' dir='ltr'><strong><em>ex</em></strong></span> <span class='ocrx_word' id='word_1_817' title='bbox 2559 2875 2648 2927; x_wconf 88' lang='lat' dir='ltr'><strong><em>his</em></strong></span> <span class='ocrx_word' id='word_1_818' title='bbox 2699 2873 2884 2926; x_wconf 87' lang='lat' dir='ltr'><strong><em>verbis</em></strong></span> <span class='ocrx_word' id='word_1_819' title='bbox 2914 2874 3198 2943; x_wconf 90' lang='lat' dir='ltr'><strong><em>intelligat</em></strong></span> <span class='ocrx_word' id='word_1_820' title='bbox 3227 2873 3558 2943; x_wconf 87' lang='lat' dir='ltr'><strong><em>signiﬁcari,</em></strong></span> <span class='ocrx_word' id='word_1_821' title='bbox 3602 2878 3668 2927; x_wconf 84' lang='lat' dir='ltr'><strong><em>in</em></strong></span> <span class='ocrx_word' id='word_1_822' title='bbox 3718 2876 3880 2928; x_wconf 79' lang='lat' dir='ltr'><strong><em>altari</em></strong></span> 
     </span>
    </p>
   </div>
   <div class='ocr_carea' id='block_1_111' title="bbox 2179 2944 3877 3013">
    <p class='ocr_par' dir='ltr' id='par_1_111' title="bbox 2179 2944 3877 3013">
     <span class='ocr_line' id='line_1_114' title="bbox 2179 2944 3877 3013; baseline -0.001 -15"><span class='ocrx_word' id='word_1_823' title='bbox 2179 2946 2543 2998; x_wconf 88' lang='lat' dir='ltr'><strong><em>substantiam</em></strong></span> <span class='ocrx_word' id='word_1_824' title='bbox 2586 2947 2749 3013; x_wconf 86' lang='lat' dir='ltr'><strong><em>panis</em></strong></span> <span class='ocrx_word' id='word_1_825' title='bbox 2808 2944 3104 3009; x_wconf 70' lang='lat' dir='ltr'><strong><em>duntaxat,</em></strong></span> <span class='ocrx_word' id='word_1_826' title='bbox 3160 2946 3314 3012; x_wconf 85' lang='lat' dir='ltr'><strong><em>cujus</em></strong></span> <span class='ocrx_word' id='word_1_827' title='bbox 3361 2944 3649 2998; x_wconf 85' lang='lat' dir='ltr'><strong><em>admonitu</em></strong></span> <span class='ocrx_word' id='word_1_828' title='bbox 3690 2960 3877 3012; x_wconf 81' lang='lat' dir='ltr'><strong><em>corpus</em></strong></span> 
     </span>
    </p>
   </div>
   <div class='ocr_carea' id='block_1_112' title="bbox 2182 3015 3875 3084">
    <p class='ocr_par' dir='ltr' id='par_1_112' title="bbox 2182 3015 3875 3084">
     <span class='ocr_line' id='line_1_115' title="bbox 2182 3015 3875 3084; baseline -0.002 -15"><span class='ocrx_word' id='word_1_829' title='bbox 2182 3016 2387 3069; x_wconf 84' lang='lat' dir='ltr'><strong><em>Christi</em></strong></span> <span class='ocrx_word' id='word_1_830' title='bbox 2430 3016 2573 3084; x_wconf 88' lang='lat' dir='ltr'><strong><em>quod</em></strong></span> <span class='ocrx_word' id='word_1_831' title='bbox 2605 3015 2844 3068; x_wconf 85' lang='lat' dir='ltr'><strong><em>creditur</em></strong></span> <span class='ocrx_word' id='word_1_832' title='bbox 2874 3018 3081 3068; x_wconf 89' lang='lat' dir='ltr'><strong><em>animos</em></strong></span> <span class='ocrx_word' id='word_1_833' title='bbox 3112 3016 3441 3067; x_wconf 77' lang='lat' dir='ltr'><strong><em>credentium</em></strong></span> <span class='ocrx_word' id='word_1_834' title='bbox 3477 3020 3527 3067; x_wconf 90' lang='lat' dir='ltr'><strong><em>et</em></strong></span> <span class='ocrx_word' id='word_1_835' title='bbox 3554 3018 3875 3083; x_wconf 78' lang='lat' dir='ltr'><strong><em>viviﬁcare:</em></strong></span> 
     </span>
    </p>
   </div>
   <div class='ocr_carea' id='block_1_113' title="bbox 2180 3085 3882 3155">
    <p class='ocr_par' dir='ltr' id='par_1_113' title="bbox 2180 3085 3882 3155">
     <span class='ocr_line' id='line_1_116' title="bbox 2180 3085 3882 3155; baseline -0.001 -17"><span class='ocrx_word' id='word_1_836' title='bbox 2180 3092 2234 3138; x_wconf 89' lang='lat' dir='ltr'><strong><em>et</em></strong></span> <span class='ocrx_word' id='word_1_837' title='bbox 2255 3102 2321 3138; x_wconf 93' lang='lat' dir='ltr'><strong><em>eo</em></strong></span> <span class='ocrx_word' id='word_1_838' title='bbox 2354 3087 2508 3155; x_wconf 83' lang='lat' dir='ltr'><strong><em>quod</em></strong></span> <span class='ocrx_word' id='word_1_839' title='bbox 2540 3085 2875 3155; x_wconf 82' lang='lat' dir='ltr'><strong><em>concipitur,</em></strong></span> <span class='ocrx_word' id='word_1_840' title='bbox 2918 3101 3126 3155; x_wconf 89' lang='lat' dir='ltr'><strong><em>corpus</em></strong></span> <span class='ocrx_word' id='word_1_841' title='bbox 3157 3085 3363 3138; x_wconf 86' lang='lat' dir='ltr'><strong><em>Christi</em></strong></span> <span class='ocrx_word' id='word_1_842' title='bbox 3407 3085 3711 3154; x_wconf 86' lang='lat' dir='ltr'><strong><em>spirituale</em></strong></span> <span class='ocrx_word' id='word_1_843' title='bbox 3749 3102 3882 3139; x_wconf 51' lang='lat' dir='ltr'><strong><em>nun-</em></strong></span> 
     </span>
    </p>
   </div>
   <div class='ocr_carea' id='block_1_114' title="bbox 2185 3156 3880 3225">
    <p class='ocr_par' dir='ltr' id='par_1_114' title="bbox 2185 3156 3880 3225">
     <span class='ocr_line' id='line_1_117' title="bbox 2185 3156 3880 3225; baseline -0.001 -16"><span class='ocrx_word' id='word_1_844' title='bbox 2185 3160 2409 3225; x_wconf 83' lang='lat' dir='ltr'><strong><em>cupari;</em></strong></span> <span class='ocrx_word' id='word_1_845' title='bbox 2443 3173 2574 3209; x_wconf 90' lang='lat' dir='ltr'><strong><em>nam</em></strong></span> <span class='ocrx_word' id='word_1_846' title='bbox 2607 3175 2637 3209; x_wconf 83' lang='lat' dir='ltr'><strong><em>e</em></strong></span> <span class='ocrx_word' id='word_1_847' title='bbox 2667 3161 2863 3208; x_wconf 89' lang='lat' dir='ltr'><strong><em>contra</em></strong></span> <span class='ocrx_word' id='word_1_848' title='bbox 2891 3172 3021 3209; x_wconf 90' lang='lat' dir='ltr'><strong><em>cum</em></strong></span> <span class='ocrx_word' id='word_1_849' title='bbox 3060 3156 3436 3209; x_wconf 88' lang='lat' dir='ltr'><strong><em>mutationem</em></strong></span> <span class='ocrx_word' id='word_1_850' title='bbox 3470 3157 3629 3224; x_wconf 87' lang='lat' dir='ltr'><strong><em>panis</em></strong></span> <span class='ocrx_word' id='word_1_851' title='bbox 3682 3164 3743 3210; x_wconf 88' lang='lat' dir='ltr'><strong><em>et</em></strong></span> <span class='ocrx_word' id='word_1_852' title='bbox 3772 3157 3880 3209; x_wconf 82' lang='lat' dir='ltr'><strong><em>vini</em></strong></span> 
     </span>
    </p>
   </div>
   <div class='ocr_carea' id='block_1_115' title="bbox 2183 3226 3883 3296">
    <p class='ocr_par' dir='ltr' id='par_1_115' title="bbox 2183 3226 3883 3296">
     <span class='ocr_line' id='line_1_118' title="bbox 2183 3226 3883 3296; baseline 0 -18"><span class='ocrx_word' id='word_1_853' title='bbox 2183 3226 2240 3278; x_wconf 90' lang='lat' dir='ltr'><strong><em>in</em></strong></span> <span class='ocrx_word' id='word_1_854' title='bbox 2272 3243 2478 3295; x_wconf 89' lang='lat' dir='ltr'><strong><em>corpus</em></strong></span> <span class='ocrx_word' id='word_1_855' title='bbox 2527 3232 2584 3279; x_wconf 89' lang='lat' dir='ltr'><strong><em>et</em></strong></span> <span class='ocrx_word' id='word_1_856' title='bbox 2641 3227 2979 3296; x_wconf 88' lang='lat' dir='ltr'><strong><em>sanguinem</em></strong></span> <span class='ocrx_word' id='word_1_857' title='bbox 3038 3226 3245 3280; x_wconf 89' lang='lat' dir='ltr'><strong><em>Christi</em></strong></span> <span class='ocrx_word' id='word_1_858' title='bbox 3299 3230 3695 3294; x_wconf 80' lang='lat' dir='ltr'><strong><em>recognoscat,</em></strong></span> <span class='ocrx_word' id='word_1_859' title='bbox 3762 3244 3883 3295; x_wconf 85' lang='lat' dir='ltr'><strong><em>spe-</em></strong></span> 
     </span>
    </p>
   </div>
   <div class='ocr_carea' id='block_1_116' title="bbox 2182 3297 3883 3367">
    <p class='ocr_par' dir='ltr' id='par_1_116' title="bbox 2182 3297 3883 3367">
     <span class='ocr_line' id='line_1_119' title="bbox 2182 3297 3883 3367; baseline 0.001 -18"><span class='ocrx_word' id='word_1_860' title='bbox 2182 3297 2413 3367; x_wconf 86' lang='lat' dir='ltr'><strong><em>ciesque</em></strong></span> <span class='ocrx_word' id='word_1_861' title='bbox 2444 3314 2745 3366; x_wconf 72' lang='lat' dir='ltr'><strong><em>corporeus</em></strong></span> <span class='ocrx_word' id='word_1_862' title='bbox 2801 3313 2864 3349; x_wconf 90' lang='lat' dir='ltr'><strong><em>ac</em></strong></span> <span class='ocrx_word' id='word_1_863' title='bbox 2900 3298 3163 3349; x_wconf 88' lang='lat' dir='ltr'><strong><em>sensibus</em></strong></span> <span class='ocrx_word' id='word_1_864' title='bbox 3210 3313 3325 3349; x_wconf 90' lang='lat' dir='ltr'><strong><em>non</em></strong></span> <span class='ocrx_word' id='word_1_865' title='bbox 3374 3297 3585 3350; x_wconf 89' lang='lat' dir='ltr'><strong><em>habere</em></strong></span> <span class='ocrx_word' id='word_1_866' title='bbox 3629 3298 3883 3351; x_wconf 78' lang='lat' dir='ltr'><strong><em>existen-</em></strong></span> 
     </span>
    </p>
   </div>
   <div class='ocr_carea' id='block_1_117' title="bbox 2182 3367 3883 3438">
    <p class='ocr_par' dir='ltr' id='par_1_117' title="bbox 2182 3367 3883 3438">
     <span class='ocr_line' id='line_1_120' title="bbox 2182 3367 3883 3438; baseline -0.001 -17"><span class='ocrx_word' id='word_1_867' title='bbox 2182 3368 2318 3421; x_wconf 89' lang='lat' dir='ltr'><strong><em>tiam</em></strong></span> <span class='ocrx_word' id='word_1_868' title='bbox 2348 3370 2626 3421; x_wconf 89' lang='lat' dir='ltr'><strong><em>diversam</em></strong></span> <span class='ocrx_word' id='word_1_869' title='bbox 2660 3385 2692 3419; x_wconf 92' lang='lat' dir='ltr'><strong><em>a</em></strong></span> <span class='ocrx_word' id='word_1_870' title='bbox 2724 3383 2960 3436; x_wconf 88' lang='lat' dir='ltr'><strong><em>corpore</em></strong></span> <span class='ocrx_word' id='word_1_871' title='bbox 3015 3367 3221 3420; x_wconf 84' lang='lat' dir='ltr'><strong><em>Christi</em></strong></span> <span class='ocrx_word' id='word_1_872' title='bbox 3252 3367 3540 3436; x_wconf 89' lang='lat' dir='ltr'><strong><em>spirituali</em></strong></span> <span class='ocrx_word' id='word_1_873' title='bbox 3600 3384 3710 3421; x_wconf 86' lang='lat' dir='ltr'><strong><em>seu</em></strong></span> <span class='ocrx_word' id='word_1_874' title='bbox 3762 3369 3883 3438; x_wconf 83' lang='lat' dir='ltr'><strong><em>glo-</em></strong></span> 
     </span>
    </p>
   </div>
   <div class='ocr_carea' id='block_1_118' title="bbox 2181 3438 3890 3505">
    <p class='ocr_par' dir='ltr' id='par_1_118' title="bbox 2181 3438 3890 3505">
     <span class='ocr_line' id='line_1_121' title="bbox 2181 3438 3890 3505; baseline 0.001 -15"><span class='ocrx_word' id='word_1_875' title='bbox 2181 3438 2349 3505; x_wconf 89' lang='lat' dir='ltr'><strong><em>rioso,</em></strong></span> <span class='ocrx_word' id='word_1_876' title='bbox 2400 3444 2836 3491; x_wconf 88' lang='lat' dir='ltr'><strong><em>consectaneum</em></strong></span> <span class='ocrx_word' id='word_1_877' title='bbox 2914 3438 3281 3491; x_wconf 84' lang='lat' dir='ltr'><strong><em>manifestum</em></strong></span> <span class='ocrx_word' id='word_1_878' title='bbox 3341 3444 3427 3491; x_wconf 84' lang='lat' dir='ltr'><strong><em>est</em></strong></span> <span class='ocrx_word' id='word_1_879' title='bbox 3497 3439 3890 3492; x_wconf 83' lang='lat' dir='ltr'><strong><em>Ratramnum</em></strong></span> 
     </span>
    </p>
   </div>
   <div class='ocr_carea' id='block_1_119' title="bbox 2183 3508 3890 3579">
    <p class='ocr_par' dir='ltr' id='par_1_119' title="bbox 2183 3508 3890 3579">
     <span class='ocr_line' id='line_1_122' title="bbox 2183 3508 3890 3579; baseline -0.001 -18"><span class='ocrx_word' id='word_1_880' title='bbox 2183 3525 2300 3561; x_wconf 88' lang='lat' dir='ltr'><strong><em>non</em></strong></span> <span class='ocrx_word' id='word_1_881' title='bbox 2331 3510 2578 3579; x_wconf 89' lang='lat' dir='ltr'><strong><em>potuisse</em></strong></span> <span class='ocrx_word' id='word_1_882' title='bbox 2607 3508 2925 3576; x_wconf 84' lang='lat' dir='ltr'><strong><em>intelligere</em></strong></span> <span class='ocrx_word' id='word_1_883' title='bbox 2950 3530 2975 3557; x_wconf 86' lang='grc'><strong><em>‹‹</em></strong></span> <span class='ocrx_word' id='word_1_884' title='bbox 3012 3510 3167 3577; x_wconf 91' lang='lat' dir='ltr'><strong><em>quod</em></strong></span> <span class='ocrx_word' id='word_1_885' title='bbox 3200 3508 3260 3560; x_wconf 89' lang='lat' dir='ltr'><strong><em>in</em></strong></span> <span class='ocrx_word' id='word_1_886' title='bbox 3290 3509 3399 3561; x_wconf 87' lang='lat' dir='ltr'><strong><em>hoc</em></strong></span> <span class='ocrx_word' id='word_1_887' title='bbox 3442 3510 3722 3577; x_wconf 78' lang='lat' dir='ltr'><strong><em>mysterio</em></strong></span> <span class='ocrx_word' id='word_1_888' title='bbox 3755 3510 3890 3562; x_wconf 69' lang='lat' dir='ltr'><strong><em>sub~</em></strong></span> 
     </span>
    </p>
   </div>
   <div class='ocr_carea' id='block_1_120' title="bbox 2182 3579 3890 3650">
    <p class='ocr_par' dir='ltr' id='par_1_120' title="bbox 2182 3579 3890 3650">
     <span class='ocr_line' id='line_1_123' title="bbox 2182 3579 3890 3650; baseline -0.001 -19"><span class='ocrx_word' id='word_1_889' title='bbox 2182 3581 2389 3632; x_wconf 85' lang='lat' dir='ltr'><strong><em>stantia</em></strong></span> <span class='ocrx_word' id='word_1_890' title='bbox 2422 3580 2493 3632; x_wconf 91' lang='lat' dir='ltr'><strong><em>sit</em></strong></span> <span class='ocrx_word' id='word_1_891' title='bbox 2545 3581 2823 3633; x_wconf 81' lang='lat' dir='ltr'><strong><em>duntaxat</em></strong></span> <span class='ocrx_word' id='word_1_892' title='bbox 2871 3579 3056 3649; x_wconf 88' lang='lat' dir='ltr'><strong><em>panis,</em></strong></span> <span class='ocrx_word' id='word_1_893' title='bbox 3108 3579 3271 3648; x_wconf 89' lang='lat' dir='ltr'><strong><em>cujus</em></strong></span> <span class='ocrx_word' id='word_1_894' title='bbox 3318 3579 3623 3650; x_wconf 90' lang='lat' dir='ltr'><strong><em>admonitu</em></strong></span> <span class='ocrx_word' id='word_1_895' title='bbox 3679 3596 3890 3650; x_wconf 86' lang='lat' dir='ltr'><strong><em>corpus</em></strong></span> 
     </span>
    </p>
   </div>
   <div class='ocr_carea' id='block_1_121' title="bbox 2180 3649 3890 3718">
    <p class='ocr_par' dir='ltr' id='par_1_121' title="bbox 2180 3649 3890 3718">
     <span class='ocr_line' id='line_1_124' title="bbox 2180 3649 3890 3718; baseline 0.002 -19"><span class='ocrx_word' id='word_1_896' title='bbox 2180 3650 2335 3718; x_wconf 88' lang='lat' dir='ltr'><strong><em>quod</em></strong></span> <span class='ocrx_word' id='word_1_897' title='bbox 2388 3650 2661 3716; x_wconf 89' lang='lat' dir='ltr'><strong><em>creditur,</em></strong></span> <span class='ocrx_word' id='word_1_898' title='bbox 2713 3650 2967 3703; x_wconf 90' lang='lat' dir='ltr'><strong><em>animam</em></strong></span> <span class='ocrx_word' id='word_1_899' title='bbox 3020 3650 3201 3717; x_wconf 87' lang='lat' dir='ltr'><strong><em>pascit</em></strong></span> <span class='ocrx_word' id='word_1_900' title='bbox 3259 3664 3322 3701; x_wconf 90' lang='lat' dir='ltr'><strong><em>ac</em></strong></span> <span class='ocrx_word' id='word_1_901' title='bbox 3365 3649 3634 3716; x_wconf 86' lang='lat' dir='ltr'><strong><em>viviﬁcat,</em></strong></span> <span class='ocrx_word' id='word_1_902' title='bbox 3671 3658 3735 3703; x_wconf 89' lang='lat' dir='ltr'><strong><em>et.</em></strong></span> <span class='ocrx_word' id='word_1_903' title='bbox 3795 3649 3890 3703; x_wconf 25' lang='lat' dir='ltr'><strong><em>’eo</em></strong></span> 
     </span>
    </p>
   </div>
   <div class='ocr_carea' id='block_1_122' title="bbox 2180 3719 3739 3791">
    <p class='ocr_par' dir='ltr' id='par_1_122' title="bbox 2180 3719 3739 3791">
     <span class='ocr_line' id='line_1_125' title="bbox 2180 3719 3739 3791; baseline -0.003 -18"><span class='ocrx_word' id='word_1_904' title='bbox 2180 3722 2330 3791; x_wconf 90' lang='lat' dir='ltr'><strong><em>quod</em></strong></span> <span class='ocrx_word' id='word_1_905' title='bbox 2365 3722 2686 3788; x_wconf 88' lang='lat' dir='ltr'><strong><em>concipitur</em></strong></span> <span class='ocrx_word' id='word_1_906' title='bbox 2714 3736 2920 3791; x_wconf 88' lang='lat' dir='ltr'><strong><em>corpus</em></strong></span> <span class='ocrx_word' id='word_1_907' title='bbox 2948 3719 3243 3789; x_wconf 89' lang='lat' dir='ltr'><strong><em>spirituale</em></strong></span> <span class='ocrx_word' id='word_1_908' title='bbox 3278 3725 3670 3788; x_wconf 87' lang='lat' dir='ltr'><strong><em>nuncupatur.</em></strong></span> <span class='ocrx_word' id='word_1_909' title='bbox 3708 3743 3739 3770; x_wconf 75' lang='lat' dir='ltr'><strong><em>n</em></strong></span> 
     </span>
    </p>
   </div>
   <div class='ocr_carea' id='block_1_123' title="bbox 2253 3790 3890 3861">
    <p class='ocr_par' dir='ltr' id='par_1_123' title="bbox 2253 3790 3890 3861">
     <span class='ocr_line' id='line_1_126' title="bbox 2253 3790 3890 3861; baseline -0.001 -17"><span class='ocrx_word' id='word_1_910' title='bbox 2253 3792 2443 3846; x_wconf 82' lang='lat' dir='ltr'><strong><em>LVIII.</em></strong></span> <span class='ocrx_word' id='word_1_911' title='bbox 2481 3793 2639 3861; x_wconf 83' lang='lat' dir='ltr'><strong><em>(Pag.</em></strong></span> <span class='ocrx_word' id='word_1_912' title='bbox 2684 3793 2786 3844; x_wconf 84' lang='lat'><strong>276</strong></span> <span class='ocrx_word' id='word_1_913' title='bbox 2818 3790 2954 3843; x_wconf 87' lang='lat' dir='ltr'><strong><em>edit.</em></strong></span> <span class='ocrx_word' id='word_1_914' title='bbox 3006 3791 3317 3844; x_wconf 83' lang='lat' dir='ltr'><strong><em>Amstelod.</em></strong></span> <span class='ocrx_word' id='word_1_915' title='bbox 3368 3798 3424 3842; x_wconf 88' lang='lat' dir='ltr'><strong><em>et</em></strong></span> <span class='ocrx_word' id='word_1_916' title='bbox 3457 3794 3548 3844; x_wconf 87' lang='lat'><strong><em>191</em></strong></span> <span class='ocrx_word' id='word_1_917' title='bbox 3606 3791 3759 3844; x_wconf 86' lang='lat' dir='ltr'><strong><em>edit.</em></strong></span> <span class='ocrx_word' id='word_1_918' title='bbox 3798 3794 3890 3845; x_wconf 87' lang='lat' dir='ltr'><strong><em>Pa-</em></strong></span> 
     </span>
    </p>
   </div>
   <div class='ocr_carea' id='block_1_124' title="bbox 2176 3861 3890 3930">
    <p class='ocr_par' dir='ltr' id='par_1_124' title="bbox 2176 3861 3890 3930">
     <span class='ocr_line' id='line_1_127' title="bbox 2176 3861 3890 3930; baseline 0.001 -16"><span class='ocrx_word' id='word_1_919' title='bbox 2176 3861 2303 3929; x_wconf 88' lang='lat' dir='ltr'><strong><em>ris.)</em></strong></span> <span class='ocrx_word' id='word_1_920' title='bbox 2330 3864 2417 3915; x_wconf 74' lang='lat' dir='ltr'><strong><em>Ea:</em></strong></span> <span class='ocrx_word' id='word_1_921' title='bbox 2457 3878 2559 3929; x_wconf 90' lang='lat' dir='ltr'><strong><em>quo</em></strong></span> <span class='ocrx_word' id='word_1_922' title='bbox 2608 3864 2997 3915; x_wconf 85' lang='lat' dir='ltr'><strong><em>consectarium</em></strong></span> <span class='ocrx_word' id='word_1_923' title='bbox 3046 3876 3250 3914; x_wconf 90' lang='lat' dir='ltr'><strong><em>necesse</em></strong></span> <span class='ocrx_word' id='word_1_924' title='bbox 3304 3865 3521 3915; x_wconf 84' lang='lat' dir='ltr'><strong><em>estesse</em></strong></span> <span class='ocrx_word' id='word_1_925' title='bbox 3550 3862 3706 3930; x_wconf 86' lang='lat' dir='ltr'><strong><em>quod</em></strong></span> <span class='ocrx_word' id='word_1_926' title='bbox 3747 3866 3890 3916; x_wconf 67' lang='grc' dir='ltr'><strong><em>τιατ-ε</em></strong></span> 
     </span>
    </p>
   </div>
   <div class='ocr_carea' id='block_1_125' title="bbox 2177 3933 3890 4000">
    <p class='ocr_par' dir='ltr' id='par_1_125' title="bbox 2177 3933 3890 4000">
     <span class='ocr_line' id='line_1_128' title="bbox 2177 3933 3890 4000; baseline 0 -16"><span class='ocrx_word' id='word_1_927' title='bbox 2177 3937 2227 3985; x_wconf 89' lang='lat' dir='ltr'><strong><em>et</em></strong></span> <span class='ocrx_word' id='word_1_928' title='bbox 2256 3938 2442 4000; x_wconf 86' lang='lat' dir='ltr'><strong><em>aperte</em></strong></span> <span class='ocrx_word' id='word_1_929' title='bbox 2482 3935 2564 3985; x_wconf 89' lang='lat' dir='ltr'><strong><em>ait</em></strong></span> <span class='ocrx_word' id='word_1_930' title='bbox 2596 3948 2742 3985; x_wconf 91' lang='lat' dir='ltr'><strong><em>num.</em></strong></span> <span class='ocrx_word' id='word_1_931' title='bbox 2792 3933 2879 3996; x_wconf 75' lang='grc'><strong><em>40,</em></strong></span> <span class='ocrx_word' id='word_1_932' title='bbox 2919 3933 3261 3984; x_wconf 87' lang='lat' dir='ltr'><strong><em>Dominicum</em></strong></span> <span class='ocrx_word' id='word_1_933' title='bbox 3307 3946 3501 4000; x_wconf 81' lang='lat' dir='ltr'><strong><em>corpus</em></strong></span> <span class='ocrx_word' id='word_1_934' title='bbox 3547 3936 3599 3985; x_wconf 86' lang='lat' dir='ltr'><strong><em>et</em></strong></span> <span class='ocrx_word' id='word_1_935' title='bbox 3648 3937 3890 4000; x_wconf 79' lang='lat' dir='ltr'><strong><em>sangui-</em></strong></span> 
     </span>
    </p>
   </div>
   <div class='ocr_carea' id='block_1_126' title="bbox 2175 4003 3890 4071">
    <p class='ocr_par' dir='ltr' id='par_1_126' title="bbox 2175 4003 3890 4071">
     <span class='ocr_line' id='line_1_129' title="bbox 2175 4003 3890 4071; baseline 0 -16"><span class='ocrx_word' id='word_1_936' title='bbox 2175 4018 2294 4055; x_wconf 90' lang='lat' dir='ltr'><strong><em>nem</em></strong></span> <span class='ocrx_word' id='word_1_937' title='bbox 2331 4004 2668 4055; x_wconf 87' lang='lat' dir='ltr'><strong><em>Dominicum</em></strong></span> <span class='ocrx_word' id='word_1_938' title='bbox 2708 4003 2949 4069; x_wconf 85' lang='lat' dir='ltr'><strong><em>symbola</em></strong></span> <span class='ocrx_word' id='word_1_939' title='bbox 2979 4003 3269 4070; x_wconf 87' lang='lat' dir='ltr'><strong><em>appellari,</em></strong></span> <span class='ocrx_word' id='word_1_940' title='bbox 3321 4005 3577 4069; x_wconf 84' lang='lat' dir='ltr'><strong><em>quoniam</em></strong></span> <span class='ocrx_word' id='word_1_941' title='bbox 3624 4003 3753 4071; x_wconf 87' lang='lat' dir='ltr'><strong><em>ejus</em></strong></span> <span class='ocrx_word' id='word_1_942' title='bbox 3808 4020 3890 4057; x_wconf 26' lang='lat' dir='ltr'><strong><em>sui</em></strong></span> 
     </span>
    </p>
   </div>
   <div class='ocr_carea' id='block_1_127' title="bbox 2176 4073 3884 4141">
    <p class='ocr_par' dir='ltr' id='par_1_127' title="bbox 2176 4073 3884 4141">
     <span class='ocr_line' id='line_1_130' title="bbox 2176 4073 3884 4141; baseline 0.001 -16"><span class='ocrx_word' id='word_1_943' title='bbox 2176 4079 2328 4126; x_wconf 90' lang='lat' dir='ltr'><strong><em>munt</em></strong></span> <span class='ocrx_word' id='word_1_944' title='bbox 2384 4073 2819 4141; x_wconf 81' lang='lat' dir='ltr'><strong><em>appellationem,</em></strong></span> <span class='ocrx_word' id='word_1_945' title='bbox 2876 4073 2967 4125; x_wconf 87' lang='lat' dir='ltr'><strong><em>hoc</em></strong></span> <span class='ocrx_word' id='word_1_946' title='bbox 3012 4078 3089 4125; x_wconf 84' lang='lat' dir='ltr'><strong><em>est</em></strong></span> <span class='ocrx_word' id='word_1_947' title='bbox 3125 4075 3242 4125; x_wconf 85' lang='lat' dir='ltr'><strong><em>veri</em></strong></span> <span class='ocrx_word' id='word_1_948' title='bbox 3279 4075 3520 4141; x_wconf 85' lang='lat' dir='ltr'><strong><em>corporis</em></strong></span> <span class='ocrx_word' id='word_1_949' title='bbox 3558 4078 3609 4126; x_wconf 89' lang='lat' dir='ltr'><strong><em>et</em></strong></span> <span class='ocrx_word' id='word_1_950' title='bbox 3656 4078 3884 4140; x_wconf 80' lang='lat' dir='ltr'><strong><em>sangui</em></strong></span> 
     </span>
    </p>
   </div>
   <div class='ocr_carea' id='block_1_128' title="bbox 2175 4142 3890 4211">
    <p class='ocr_par' dir='ltr' id='par_1_128' title="bbox 2175 4142 3890 4211">
     <span class='ocr_line' id='line_1_131' title="bbox 2175 4142 3890 4211; baseline 0.002 -16"><span class='ocrx_word' id='word_1_951' title='bbox 2175 4146 2281 4209; x_wconf 88' lang='lat' dir='ltr'><strong><em>nis,</em></strong></span> <span class='ocrx_word' id='word_1_952' title='bbox 2317 4146 2374 4197; x_wconf 87' lang='lat' dir='ltr'><strong><em>in</em></strong></span> <span class='ocrx_word' id='word_1_953' title='bbox 2406 4160 2509 4211; x_wconf 89' lang='lat' dir='ltr'><strong><em>quo</em></strong></span> <span class='ocrx_word' id='word_1_954' title='bbox 2543 4143 2794 4197; x_wconf 84' lang='lat' dir='ltr'><strong><em>Christus</em></strong></span> <span class='ocrx_word' id='word_1_955' title='bbox 2838 4148 2916 4196; x_wconf 89' lang='lat' dir='ltr'><strong><em>est</em></strong></span> <span class='ocrx_word' id='word_1_956' title='bbox 2951 4150 3134 4205; x_wconf 83' lang='lat' dir='ltr'><strong><em>natus,</em></strong></span> <span class='ocrx_word' id='word_1_957' title='bbox 3169 4142 3325 4211; x_wconf 86' lang='lat' dir='ltr'><strong><em>cujus</em></strong></span> <span class='ocrx_word' id='word_1_958' title='bbox 3381 4145 3631 4197; x_wconf 63' lang='lat' dir='ltr'><strong><em>existunt</em></strong></span> <span class='ocrx_word' id='word_1_959' title='bbox 3683 4159 3890 4198; x_wconf 83' lang='lat' dir='ltr'><strong><em>sacra-</em></strong></span> 
     </span>
    </p>
   </div>
   <div class='ocr_carea' id='block_1_129' title="bbox 2174 4214 3515 4282">
    <p class='ocr_par' dir='ltr' id='par_1_129' title="bbox 2174 4214 3515 4282">
     <span class='ocr_line' id='line_1_132' title="bbox 2174 4214 3515 4282; baseline 0.001 -15"><span class='ocrx_word' id='word_1_960' title='bbox 2174 4220 2429 4280; x_wconf 87' lang='lat' dir='ltr'><strong><em>mentum,</em></strong></span> <span class='ocrx_word' id='word_1_961' title='bbox 2458 4215 2612 4282; x_wconf 84' lang='lat' dir='ltr'><strong><em>cujus</em></strong></span> <span class='ocrx_word' id='word_1_962' title='bbox 2641 4216 2951 4267; x_wconf 89' lang='lat' dir='ltr'><strong><em>memoriam</em></strong></span> <span class='ocrx_word' id='word_1_963' title='bbox 2982 4219 3032 4266; x_wconf 91' lang='lat' dir='ltr'><strong><em>et</em></strong></span> <span class='ocrx_word' id='word_1_964' title='bbox 3062 4214 3221 4282; x_wconf 76' lang='lat' dir='ltr'><strong><em>fidem</em></strong></span> <span class='ocrx_word' id='word_1_965' title='bbox 3252 4215 3515 4268; x_wconf 70' lang='lat' dir='ltr'><strong><em>excitant.</em></strong></span> 
     </span>
    </p>
   </div>
   <div class='ocr_carea' id='block_1_130' title="bbox 2862 4353 3172 4390">
    <p class='ocr_par' dir='ltr' id='par_1_130' title="bbox 2862 4353 3172 4390">
     <span class='ocr_line' id='line_1_133' title="bbox 2862 4353 3172 4390; baseline -0.003 0"><span class='ocrx_word' id='word_1_966' title='bbox 2862 4353 3172 4390; x_wconf 74' lang='lat' dir='ltr'><strong><em>RESPONSIO.</em></strong></span> 
     </span>
    </p>
   </div>
   <div class='ocr_carea' id='block_1_131' title="bbox 2246 4441 3890 4512">
    <p class='ocr_par' dir='ltr' id='par_1_131' title="bbox 2246 4441 3890 4512">
     <span class='ocr_line' id='line_1_134' title="bbox 2246 4441 3890 4512; baseline 0 -15"><span class='ocrx_word' id='word_1_967' title='bbox 2246 4442 2517 4511; x_wconf 83' lang='lat' dir='ltr'><strong><em>Symbola</em></strong></span> <span class='ocrx_word' id='word_1_968' title='bbox 2544 4458 2660 4495; x_wconf 91' lang='lat' dir='ltr'><strong><em>non</em></strong></span> <span class='ocrx_word' id='word_1_969' title='bbox 2700 4442 2937 4495; x_wconf 91' lang='lat' dir='ltr'><strong><em>omnino</em></strong></span> <span class='ocrx_word' id='word_1_970' title='bbox 2978 4446 3385 4512; x_wconf 88' lang='lat' dir='ltr'><strong><em>nuncupantur</em></strong></span> <span class='ocrx_word' id='word_1_971' title='bbox 3410 4457 3621 4512; x_wconf 87' lang='lat' dir='ltr'><strong><em>corpus</em></strong></span> <span class='ocrx_word' id='word_1_972' title='bbox 3662 4441 3890 4497; x_wconf 76' lang='lat' dir='ltr'><strong><em>Christ</em></strong></span> 
     </span>
    </p>
   </div>
   <div class='ocr_carea' id='block_1_132' title="bbox 2176 4511 3890 4583">
    <p class='ocr_par' dir='ltr' id='par_1_132' title="bbox 2176 4511 3890 4583">
     <span class='ocr_line' id='line_1_135' title="bbox 2176 4511 3890 4583; baseline 0.002 -17"><span class='ocrx_word' id='word_1_973' title='bbox 2176 4529 2241 4566; x_wconf 92' lang='lat' dir='ltr'><strong><em>eo</em></strong></span> <span class='ocrx_word' id='word_1_974' title='bbox 2267 4513 2509 4583; x_wconf 89' lang='lat' dir='ltr'><strong><em>quodin</em></strong></span> <span class='ocrx_word' id='word_1_975' title='bbox 2569 4513 2905 4566; x_wconf 88' lang='lat' dir='ltr'><strong><em>memoriam</em></strong></span> <span class='ocrx_word' id='word_1_976' title='bbox 2964 4511 3227 4566; x_wconf 88' lang='lat' dir='ltr'><strong><em>revocent</em></strong></span> <span class='ocrx_word' id='word_1_977' title='bbox 3274 4511 3427 4565; x_wconf 88' lang='lat' dir='ltr'><strong><em>istud</em></strong></span> <span class='ocrx_word' id='word_1_978' title='bbox 3483 4528 3713 4581; x_wconf 87' lang='lat' dir='ltr'><strong><em>corpus,</em></strong></span> <span class='ocrx_word' id='word_1_979' title='bbox 3794 4532 3890 4569; x_wconf 74' lang='lat' dir='ltr'><strong><em>au‘</em></strong></span> 
     </span>
    </p>
   </div>
   <div class='ocr_carea' id='block_1_133' title="bbox 2178 4583 3890 4653">
    <p class='ocr_par' dir='ltr' id='par_1_133' title="bbox 2178 4583 3890 4653">
     <span class='ocr_line' id='line_1_136' title="bbox 2178 4583 3890 4653; baseline 0.002 -18"><span class='ocrx_word' id='word_1_980' title='bbox 2178 4584 2301 4652; x_wconf 89' lang='lat' dir='ltr'><strong><em>ejus</em></strong></span> <span class='ocrx_word' id='word_1_981' title='bbox 2322 4584 2494 4636; x_wconf 89' lang='lat' dir='ltr'><strong><em>ﬁdem</em></strong></span> <span class='ocrx_word' id='word_1_982' title='bbox 2529 4583 2795 4649; x_wconf 79' lang='lat' dir='ltr'><strong><em>excitant,</em></strong></span> <span class='ocrx_word' id='word_1_983' title='bbox 2844 4583 2940 4636; x_wconf 91' lang='lat' dir='ltr'><strong><em>sed</em></strong></span> <span class='ocrx_word' id='word_1_984' title='bbox 2970 4583 3106 4653; x_wconf 91' lang='lat' dir='ltr'><strong><em>quia</em></strong></span> <span class='ocrx_word' id='word_1_985' title='bbox 3162 4590 3517 4636; x_wconf 88' lang='lat' dir='ltr'><strong><em>sacramenta</em></strong></span> <span class='ocrx_word' id='word_1_986' title='bbox 3566 4588 3624 4636; x_wconf 87' lang='lat' dir='ltr'><strong><em>et</em></strong></span> <span class='ocrx_word' id='word_1_987' title='bbox 3654 4594 3890 4653; x_wconf 46' lang='lat' dir='ltr'><strong><em>myste.</em></strong></span> 
     </span>
    </p>
   </div>
   <div class='ocr_carea' id='block_1_134' title="bbox 2178 4654 3890 4722">
    <p class='ocr_par' dir='ltr' id='par_1_134' title="bbox 2178 4654 3890 4722">
     <span class='ocr_line' id='line_1_137' title="bbox 2178 4654 3890 4722; baseline 0.001 -16"><span class='ocrx_word' id='word_1_988' title='bbox 2178 4654 2264 4707; x_wconf 89' lang='lat' dir='ltr'><strong><em>ria</em></strong></span> <span class='ocrx_word' id='word_1_989' title='bbox 2295 4669 2485 4707; x_wconf 88' lang='lat' dir='ltr'><strong><em>rerum</em></strong></span> <span class='ocrx_word' id='word_1_990' title='bbox 2521 4669 2663 4722; x_wconf 89' lang='lat' dir='ltr'><strong><em>quas</em></strong></span> <span class='ocrx_word' id='word_1_991' title='bbox 2707 4654 3007 4707; x_wconf 88' lang='lat' dir='ltr'><strong><em>continent</em></strong></span> <span class='ocrx_word' id='word_1_992' title='bbox 3053 4655 3287 4707; x_wconf 91' lang='lat' dir='ltr'><strong><em>nomina</em></strong></span> <span class='ocrx_word' id='word_1_993' title='bbox 3323 4654 3653 4706; x_wconf 85' lang='lat' dir='ltr'><strong><em>sortiantur.</em></strong></span> <span class='ocrx_word' id='word_1_994' title='bbox 3700 4655 3795 4708; x_wconf 80' lang='lat' dir='ltr'><strong><em>Ea</em></strong></span> <span class='ocrx_word' id='word_1_995' title='bbox 3833 4658 3890 4710; x_wconf 77' lang='lat' dir='ltr'><strong><em>dt</em></strong></span> 
     </span>
    </p>
   </div>
   <div class='ocr_carea' id='block_1_135' title="bbox 2179 4723 3890 4794">
    <p class='ocr_par' dir='ltr' id='par_1_135' title="bbox 2179 4723 3890 4794">
     <span class='ocr_line' id='line_1_138' title="bbox 2179 4723 3890 4794; baseline 0.002 -17"><span class='ocrx_word' id='word_1_996' title='bbox 2179 4740 2348 4777; x_wconf 87' lang='lat' dir='ltr'><strong><em>causa</em></strong></span> <span class='ocrx_word' id='word_1_997' title='bbox 2405 4730 2571 4776; x_wconf 88' lang='lat' dir='ltr'><strong><em>vocat</em></strong></span> <span class='ocrx_word' id='word_1_998' title='bbox 2634 4723 3045 4776; x_wconf 81' lang='lat' dir='ltr'><strong><em>Eucharistiam</em></strong></span> <span class='ocrx_word' id='word_1_999' title='bbox 3120 4724 3319 4777; x_wconf 87' lang='lat' dir='ltr'><strong><em>beatus</em></strong></span> <span class='ocrx_word' id='word_1_1000' title='bbox 3369 4723 3613 4792; x_wconf 81' lang='lat' dir='ltr'><strong><em>Algerus</em></strong></span> <span class='ocrx_word' id='word_1_1001' title='bbox 3682 4740 3890 4794; x_wconf 73' lang='lat' dir='ltr'><strong><em>corpu</em></strong></span> 
     </span>
    </p>
   </div>
   <div class='ocr_carea' id='block_1_136' title="bbox 2177 4794 3890 4864">
    <p class='ocr_par' dir='ltr' id='par_1_136' title="bbox 2177 4794 3890 4864">
     <span class='ocr_line' id='line_1_139' title="bbox 2177 4794 3890 4864; baseline 0.003 -17"><span class='ocrx_word' id='word_1_1002' title='bbox 2177 4797 2607 4862; x_wconf 85' lang='lat' dir='ltr'><strong><em>nuncupativum</em></strong></span> <span class='ocrx_word' id='word_1_1003' title='bbox 2662 4797 2787 4847; x_wconf 84' lang='lat' dir='ltr'><strong><em>Jesu</em></strong></span> <span class='ocrx_word' id='word_1_1004' title='bbox 2859 4795 3083 4859; x_wconf 84' lang='lat' dir='ltr'><strong><em>Christi,</em></strong></span> <span class='ocrx_word' id='word_1_1005' title='bbox 3156 4794 3429 4864; x_wconf 90' lang='lat' dir='ltr'><strong><em>quoniam</em></strong></span> <span class='ocrx_word' id='word_1_1006' title='bbox 3493 4811 3559 4846; x_wconf 89' lang='lat' dir='ltr'><strong><em>ea</em></strong></span> <span class='ocrx_word' id='word_1_1007' title='bbox 3613 4794 3890 4863; x_wconf 72' lang='lat' dir='ltr'><strong><em>ejusdem</em></strong></span> 
     </span>
    </p>
   </div>
   <div class='ocr_carea' id='block_1_137' title="bbox 2180 4864 3883 4935">
    <p class='ocr_par' dir='ltr' id='par_1_137' title="bbox 2180 4864 3883 4935">
     <span class='ocr_line' id='line_1_140' title="bbox 2180 4864 3883 4935; baseline 0.001 -16"><span class='ocrx_word' id='word_1_1008' title='bbox 2180 4866 2365 4933; x_wconf 86' lang='lat' dir='ltr'><strong><em>ﬁgura</em></strong></span> <span class='ocrx_word' id='word_1_1009' title='bbox 2394 4870 2527 4917; x_wconf 91' lang='lat' dir='ltr'><strong><em>sunt</em></strong></span> <span class='ocrx_word' id='word_1_1010' title='bbox 2559 4880 2621 4917; x_wconf 89' lang='lat' dir='ltr'><strong><em>ac</em></strong></span> <span class='ocrx_word' id='word_1_1011' title='bbox 2652 4866 2931 4917; x_wconf 87' lang='lat' dir='ltr'><strong><em>velamen.</em></strong></span> <span class='ocrx_word' id='word_1_1012' title='bbox 2970 4865 3269 4919; x_wconf 86' lang='lat' dir='ltr'><strong><em>Enimvero</em></strong></span> <span class='ocrx_word' id='word_1_1013' title='bbox 3322 4864 3607 4935; x_wconf 85' lang='lat' dir='ltr'><strong><em>ejusmodi</em></strong></span> <span class='ocrx_word' id='word_1_1014' title='bbox 3657 4868 3883 4935; x_wconf 85' lang='lat' dir='ltr'><strong><em>specie</em></strong></span> 
     </span>
    </p>
   </div>
   <div class='ocr_carea' id='block_1_138' title="bbox 2181 4935 3890 5005">
    <p class='ocr_par' dir='ltr' id='par_1_138' title="bbox 2181 4935 3890 5005">
     <span class='ocr_line' id='line_1_141' title="bbox 2181 4935 3890 5005; baseline 0.001 -16"><span class='ocrx_word' id='word_1_1015' title='bbox 2181 4952 2245 4989; x_wconf 87' lang='lat' dir='ltr'><strong><em>ac</em></strong></span> <span class='ocrx_word' id='word_1_1016' title='bbox 2282 4937 2483 5005; x_wconf 72' lang='lat' dir='ltr'><strong><em>ﬁgurae</em></strong></span> <span class='ocrx_word' id='word_1_1017' title='bbox 2537 4935 2605 4988; x_wconf 89' lang='lat' dir='ltr'><strong><em>ad</em></strong></span> <span class='ocrx_word' id='word_1_1018' title='bbox 2669 4935 3108 4988; x_wconf 89' lang='lat' dir='ltr'><strong><em>similitudinem</em></strong></span> <span class='ocrx_word' id='word_1_1019' title='bbox 3140 4936 3393 5004; x_wconf 86' lang='lat' dir='ltr'><strong><em>corporis</em></strong></span> <span class='ocrx_word' id='word_1_1020' title='bbox 3446 4935 3661 4990; x_wconf 87' lang='lat' dir='ltr'><strong><em>Christi</em></strong></span> <span class='ocrx_word' id='word_1_1021' title='bbox 3723 4953 3890 4991; x_wconf 84' lang='lat' dir='ltr'><strong><em>acce</em></strong></span> 
     </span>
    </p>
   </div>
   <div class='ocr_carea' id='block_1_139' title="bbox 2181 5006 3884 5085">
    <p class='ocr_par' dir='ltr' id='par_1_139' title="bbox 2181 5006 3884 5085">
     <span class='ocr_line' id='line_1_142' title="bbox 2181 5006 3884 5085; baseline 0.002 -25"><span class='ocrx_word' id='word_1_1022' title='bbox 2181 5007 2344 5071; x_wconf 91' lang='lat' dir='ltr'><strong><em>dunt,</em></strong></span> <span class='ocrx_word' id='word_1_1023' title='bbox 2380 5006 2619 5085; x_wconf 88' lang='lat' dir='ltr'><strong><em>ejusque</em></strong></span> <span class='ocrx_word' id='word_1_1024' title='bbox 2659 5006 2972 5085; x_wconf 81' lang='lat' dir='ltr'><strong><em>imaginem</em></strong></span> <span class='ocrx_word' id='word_1_1025' title='bbox 3008 5006 3404 5085; x_wconf 62' lang='lat' dir='ltr'><strong><em>presseferunt,</em></strong></span> <span class='ocrx_word' id='word_1_1026' title='bbox 3433 5006 3725 5084; x_wconf 85' lang='lat' dir='ltr'><strong><em>non_quia</em></strong></span> <span class='ocrx_word' id='word_1_1027' title='bbox 3760 5012 3884 5079; x_wconf 80' lang='lat' dir='ltr'><strong><em>eju</em></strong></span> 
     </span>
    </p>
   </div>
   <div class='ocr_carea' id='block_1_140' title="bbox 2182 5076 3890 5147">
    <p class='ocr_par' dir='ltr' id='par_1_140' title="bbox 2182 5076 3890 5147">
     <span class='ocr_line' id='line_1_143' title="bbox 2182 5076 3890 5147; baseline 0.002 -17"><span class='ocrx_word' id='word_1_1028' title='bbox 2182 5076 2524 5130; x_wconf 89' lang='lat' dir='ltr'><strong><em>memoriam</em></strong></span> <span class='ocrx_word' id='word_1_1029' title='bbox 2558 5080 2842 5139; x_wconf 85' lang='lat' dir='ltr'><strong><em>revocant,</em></strong></span> <span class='ocrx_word' id='word_1_1030' title='bbox 2876 5076 2973 5129; x_wconf 89' lang='lat' dir='ltr'><strong><em>sed</em></strong></span> <span class='ocrx_word' id='word_1_1031' title='bbox 3002 5076 3139 5146; x_wconf 91' lang='lat' dir='ltr'><strong><em>quia</em></strong></span> <span class='ocrx_word' id='word_1_1032' title='bbox 3168 5092 3376 5147; x_wconf 88' lang='lat' dir='ltr'><strong><em>corpus</em></strong></span> <span class='ocrx_word' id='word_1_1033' title='bbox 3409 5076 3700 5147; x_wconf 85' lang='lat' dir='ltr'><strong><em>nutriunt.</em></strong></span> <span class='ocrx_word' id='word_1_1034' title='bbox 3767 5076 3890 5135; x_wconf 71' lang='lat' dir='ltr'><strong><em>ubi</em></strong></span> 
     </span>
    </p>
   </div>
   <div class='ocr_carea' id='block_1_141' title="bbox 2183 5146 3890 5217">
    <p class='ocr_par' dir='ltr' id='par_1_141' title="bbox 2183 5146 3890 5217">
     <span class='ocr_line' id='line_1_144' title="bbox 2183 5146 3890 5217; baseline 0.002 -16"><span class='ocrx_word' id='word_1_1035' title='bbox 2183 5164 2343 5202; x_wconf 90' lang='lat' dir='ltr'><strong><em>secus</em></strong></span> <span class='ocrx_word' id='word_1_1036' title='bbox 2374 5162 2436 5199; x_wconf 91' lang='lat' dir='ltr'><strong><em>ac</em></strong></span> <span class='ocrx_word' id='word_1_1037' title='bbox 2468 5147 2713 5201; x_wconf 88' lang='lat' dir='ltr'><strong><em>Verbum</em></strong></span> <span class='ocrx_word' id='word_1_1038' title='bbox 2746 5148 2867 5212; x_wconf 92' lang='lat' dir='ltr'><strong><em>Dei,</em></strong></span> <span class='ocrx_word' id='word_1_1039' title='bbox 2916 5147 3073 5217; x_wconf 89' lang='lat' dir='ltr'><strong><em>quod</em></strong></span> <span class='ocrx_word' id='word_1_1040' title='bbox 3114 5153 3198 5200; x_wconf 89' lang='lat' dir='ltr'><strong><em>est</em></strong></span> <span class='ocrx_word' id='word_1_1041' title='bbox 3231 5146 3398 5217; x_wconf 84' lang='lat' dir='ltr'><strong><em>panis</em></strong></span> <span class='ocrx_word' id='word_1_1042' title='bbox 3443 5146 3603 5199; x_wconf 89' lang='lat' dir='ltr'><strong><em>vivus</em></strong></span> <span class='ocrx_word' id='word_1_1043' title='bbox 3643 5148 3890 5204; x_wconf 81' lang='lat' dir='ltr'><strong><em>descen</em></strong></span> 
     </span>
    </p>
   </div>
   <div class='ocr_carea' id='block_1_142' title="bbox 2182 5217 3884 5287">
    <p class='ocr_par' dir='ltr' id='par_1_142' title="bbox 2182 5217 3884 5287">
     <span class='ocr_line' id='line_1_145' title="bbox 2182 5217 3884 5287; baseline 0.001 -16"><span class='ocrx_word' id='word_1_1044' title='bbox 2182 5219 2323 5271; x_wconf 91' lang='lat' dir='ltr'><strong><em>dens</em></strong></span> <span class='ocrx_word' id='word_1_1045' title='bbox 2352 5217 2421 5271; x_wconf 93' lang='lat' dir='ltr'><strong><em>de</em></strong></span> <span class='ocrx_word' id='word_1_1046' title='bbox 2443 5218 2604 5283; x_wconf 87' lang='lat' dir='ltr'><strong><em>ccelo,</em></strong></span> <span class='ocrx_word' id='word_1_1047' title='bbox 2633 5218 2723 5271; x_wconf 93' lang='lat' dir='ltr'><strong><em>sui</em></strong></span> <span class='ocrx_word' id='word_1_1048' title='bbox 2778 5217 3217 5287; x_wconf 87' lang='lat' dir='ltr'><strong><em>participatione</em></strong></span> <span class='ocrx_word' id='word_1_1049' title='bbox 3273 5218 3469 5271; x_wconf 87' lang='lat' dir='ltr'><strong><em>ﬁdeles</em></strong></span> <span class='ocrx_word' id='word_1_1050' title='bbox 3517 5217 3746 5272; x_wconf 87' lang='lat' dir='ltr'><strong><em>animas</em></strong></span> <span class='ocrx_word' id='word_1_1051' title='bbox 3784 5236 3884 5273; x_wconf 87' lang='lat' dir='ltr'><strong><em>nu</em></strong></span> 
     </span>
    </p>
   </div>
   <div class='ocr_carea' id='block_1_143' title="bbox 2183 5287 3885 5359">
    <p class='ocr_par' dir='ltr' id='par_1_143' title="bbox 2183 5287 3885 5359">
     <span class='ocr_line' id='line_1_146' title="bbox 2183 5287 3885 5359; baseline 0.002 -18"><span class='ocrx_word' id='word_1_1052' title='bbox 2183 5290 2279 5342; x_wconf 90' lang='lat' dir='ltr'><strong><em>trit</em></strong></span> <span class='ocrx_word' id='word_1_1053' title='bbox 2327 5294 2387 5341; x_wconf 86' lang='lat' dir='ltr'><strong><em>et</em></strong></span> <span class='ocrx_word' id='word_1_1054' title='bbox 2443 5294 2679 5341; x_wconf 89' lang='lat' dir='ltr'><strong><em>recreat.</em></strong></span> <span class='ocrx_word' id='word_1_1055' title='bbox 2733 5310 2759 5337; x_wconf 84' lang='lat'><strong>«</strong></span> <span class='ocrx_word' id='word_1_1056' title='bbox 2806 5288 2947 5349; x_wconf 91' lang='lat' dir='ltr'><strong><em>Ouia</em></strong></span> <span class='ocrx_word' id='word_1_1057' title='bbox 3005 5289 3151 5344; x_wconf 91' lang='lat' dir='ltr'><strong><em>sicut</em></strong></span> <span class='ocrx_word' id='word_1_1058' title='bbox 3197 5288 3370 5357; x_wconf 88' lang='lat' dir='ltr'><strong><em>hujus</em></strong></span> <span class='ocrx_word' id='word_1_1059' title='bbox 3417 5287 3663 5359; x_wconf 84' lang='lat' dir='ltr'><strong><em>visibilis</em></strong></span> <span class='ocrx_word' id='word_1_1060' title='bbox 3715 5294 3885 5359; x_wconf 83' lang='lat' dir='ltr'><strong><em>pani</em></strong></span> 
     </span>
    </p>
   </div>
   <div class='ocr_carea' id='block_1_144' title="bbox 2182 5358 3890 5429">
    <p class='ocr_par' dir='ltr' id='par_1_144' title="bbox 2182 5358 3890 5429">
     <span class='ocr_line' id='line_1_147' title="bbox 2182 5358 3890 5429; baseline 0.003 -18"><span class='ocrx_word' id='word_1_1061' title='bbox 2182 5359 2417 5429; x_wconf 89' lang='lat' dir='ltr'><strong><em>vinique</em></strong></span> <span class='ocrx_word' id='word_1_1062' title='bbox 2447 5359 2762 5413; x_wconf 86' lang='lat' dir='ltr'><strong><em>substantia</em></strong></span> <span class='ocrx_word' id='word_1_1063' title='bbox 2792 5359 3131 5413; x_wconf 81' lang='lat' dir='ltr'><strong><em>exteriorem</em></strong></span> <span class='ocrx_word' id='word_1_1064' title='bbox 3174 5359 3356 5412; x_wconf 88' lang='lat' dir='ltr'><strong><em>nutrit</em></strong></span> <span class='ocrx_word' id='word_1_1065' title='bbox 3407 5363 3463 5412; x_wconf 88' lang='lat' dir='ltr'><strong><em>et</em></strong></span> <span class='ocrx_word' id='word_1_1066' title='bbox 3498 5358 3754 5413; x_wconf 89' lang='lat' dir='ltr'><strong><em>inebriat</em></strong></span> <span class='ocrx_word' id='word_1_1067' title='bbox 3795 5361 3890 5416; x_wconf 84' lang='lat' dir='ltr'><strong><em>hu</em></strong></span> 
     </span>
    </p>
   </div>
   <div class='ocr_carea' id='block_1_145' title="bbox 2184 5429 3885 5501">
    <p class='ocr_par' dir='ltr' id='par_1_145' title="bbox 2184 5429 3885 5501">
     <span class='ocr_line' id='line_1_148' title="bbox 2184 5429 3885 5501; baseline 0.004 -20"><span class='ocrx_word' id='word_1_1068' title='bbox 2184 5430 2422 5501; x_wconf 86' lang='lat' dir='ltr'><strong><em>minem,</em></strong></span> <span class='ocrx_word' id='word_1_1069' title='bbox 2455 5430 2534 5484; x_wconf 88' lang='lat' dir='ltr'><strong><em>ita</em></strong></span> <span class='ocrx_word' id='word_1_1070' title='bbox 2569 5430 2815 5501; x_wconf 73' lang='lat' dir='ltr'><strong><em>verbum</em></strong></span> <span class='ocrx_word' id='word_1_1071' title='bbox 2848 5429 2970 5495; x_wconf 88' lang='lat' dir='ltr'><strong><em>Dei,</em></strong></span> <span class='ocrx_word' id='word_1_1072' title='bbox 3012 5430 3165 5498; x_wconf 90' lang='lat' dir='ltr'><strong><em>quod</em></strong></span> <span class='ocrx_word' id='word_1_1073' title='bbox 3198 5435 3282 5483; x_wconf 89' lang='lat' dir='ltr'><strong><em>est</em></strong></span> <span class='ocrx_word' id='word_1_1074' title='bbox 3312 5429 3478 5500; x_wconf 90' lang='lat' dir='ltr'><strong><em>panis</em></strong></span> <span class='ocrx_word' id='word_1_1075' title='bbox 3522 5429 3709 5497; x_wconf 90' lang='lat' dir='ltr'><strong><em>vivus,</em></strong></span> <span class='ocrx_word' id='word_1_1076' title='bbox 3742 5447 3885 5501; x_wconf 83' lang='lat' dir='ltr'><strong><em>par</em></strong></span> 
     </span>
    </p>
   </div>
   <div class='ocr_carea' id='block_1_146' title="bbox 2182 5500 3444 5569">
    <p class='ocr_par' dir='ltr' id='par_1_146' title="bbox 2182 5500 3444 5569">
     <span class='ocr_line' id='line_1_149' title="bbox 2182 5500 3444 5569; baseline -0.003 -15"><span class='ocrx_word' id='word_1_1077' title='bbox 2182 5500 2512 5569; x_wconf 87' lang='lat' dir='ltr'><strong><em>ticipatione</em></strong></span> <span class='ocrx_word' id='word_1_1078' title='bbox 2544 5500 2629 5554; x_wconf 89' lang='lat' dir='ltr'><strong><em>sui</em></strong></span> <span class='ocrx_word' id='word_1_1079' title='bbox 2666 5500 2861 5553; x_wconf 88' lang='lat' dir='ltr'><strong><em>ﬁdeles</em></strong></span> <span class='ocrx_word' id='word_1_1080' title='bbox 2894 5506 3113 5554; x_wconf 88' lang='lat' dir='ltr'><strong><em>recreat</em></strong></span> <span class='ocrx_word' id='word_1_1081' title='bbox 3143 5505 3382 5554; x_wconf 89' lang='lat' dir='ltr'><strong><em>mentes.</em></strong></span> <span class='ocrx_word' id='word_1_1082' title='bbox 3418 5519 3444 5549; x_wconf 75' lang='grc' dir='ltr'><strong><em>ι)</em></strong></span> 
     </span>
    </p>
   </div>
   <div class='ocr_carea' id='block_1_147' title="bbox 2259 5570 3890 5641">
    <p class='ocr_par' dir='ltr' id='par_1_147' title="bbox 2259 5570 3890 5641">
     <span class='ocr_line' id='line_1_150' title="bbox 2259 5570 3890 5641; baseline 0.002 -16"><span class='ocrx_word' id='word_1_1083' title='bbox 2259 5571 2382 5625; x_wconf 84' lang='lat' dir='ltr'><strong>LIX.</strong></span> <span class='ocrx_word' id='word_1_1084' title='bbox 2404 5570 2562 5640; x_wconf 86' lang='lat' dir='ltr'><strong><em>(Pag.</em></strong></span> <span class='ocrx_word' id='word_1_1085' title='bbox 2621 5573 2725 5624; x_wconf 76' lang='lat'><strong><em>296</em></strong></span> <span class='ocrx_word' id='word_1_1086' title='bbox 2772 5573 2977 5637; x_wconf 86' lang='lat' dir='ltr'><strong><em>Amst.,</em></strong></span> <span class='ocrx_word' id='word_1_1087' title='bbox 3029 5587 3159 5641; x_wconf 88' lang='lat' dir='ltr'><strong><em>pag.</em></strong></span> <span class='ocrx_word' id='word_1_1088' title='bbox 3220 5573 3338 5625; x_wconf 80' lang='lat'><strong><em>192.</em></strong></span> <span class='ocrx_word' id='word_1_1089' title='bbox 3390 5570 3592 5637; x_wconf 90' lang='lat' dir='ltr'><strong><em>Paris.)</em></strong></span> <span class='ocrx_word' id='word_1_1090' title='bbox 3634 5573 3761 5625; x_wconf 87' lang='lat' dir='ltr'><strong><em>Non</em></strong></span> <span class='ocrx_word' id='word_1_1091' title='bbox 3829 5591 3890 5629; x_wconf 71' lang='lat' dir='ltr'><strong><em>es</em></strong></span> 
     </span>
    </p>
   </div>
   <div class='ocr_carea' id='block_1_148' title="bbox 2184 5641 3890 5709">
    <p class='ocr_par' dir='ltr' id='par_1_148' title="bbox 2184 5641 3890 5709">
     <span class='ocr_line' id='line_1_151' title="bbox 2184 5641 3890 5709; baseline 0.003 -16"><span class='ocrx_word' id='word_1_1092' title='bbox 2184 5644 2361 5694; x_wconf 87' lang='lat' dir='ltr'><strong><em>autem</em></strong></span> <span class='ocrx_word' id='word_1_1093' title='bbox 2420 5641 2858 5709; x_wconf 57' lang='lat' dir='ltr'><strong><em>pratereundum</em></strong></span> <span class='ocrx_word' id='word_1_1094' title='bbox 2907 5641 3051 5709; x_wconf 89' lang='lat' dir='ltr'><strong><em>quod</em></strong></span> <span class='ocrx_word' id='word_1_1095' title='bbox 3106 5644 3314 5709; x_wconf 88' lang='lat' dir='ltr'><strong><em>insigni</em></strong></span> <span class='ocrx_word' id='word_1_1096' title='bbox 3361 5641 3600 5695; x_wconf 87' lang='lat' dir='ltr'><strong><em>audacia</em></strong></span> <span class='ocrx_word' id='word_1_1097' title='bbox 3654 5643 3890 5698; x_wconf 56' lang='lat' dir='ltr'><strong><em>Patrue</em></strong></span> 
     </span>
    </p>
   </div>
   <div class='ocr_carea' id='block_1_149' title="bbox 2187 5712 3890 5777">
    <p class='ocr_par' dir='ltr' id='par_1_149' title="bbox 2187 5712 3890 5777">
     <span class='ocr_line' id='line_1_152' title="bbox 2187 5712 3890 5777; baseline 0.004 -15"><span class='ocrx_word' id='word_1_1098' title='bbox 2187 5713 2511 5775; x_wconf 85' lang='lat' dir='ltr'><strong><em>testimonia,</em></strong></span> <span class='ocrx_word' id='word_1_1099' title='bbox 2568 5712 2762 5777; x_wconf 87' lang='lat' dir='ltr'><strong><em>quibus</em></strong></span> <span class='ocrx_word' id='word_1_1100' title='bbox 2822 5712 3068 5766; x_wconf 87' lang='lat' dir='ltr'><strong><em>abutitur</em></strong></span> <span class='ocrx_word' id='word_1_1101' title='bbox 3113 5712 3717 5771; x_wconf 82' lang='lat' dir='ltr'><strong><em>Pseudo-Ratramnus.</em></strong></span> <span class='ocrx_word' id='word_1_1102' title='bbox 3778 5730 3890 5769; x_wconf 68' lang='lat' dir='ltr'><strong><em>cos</em></strong></span> 
     </span>
    </p>
   </div>
   <div class='ocr_carea' id='block_1_150' title="bbox 2185 5781 3890 5851">
    <p class='ocr_par' dir='ltr' id='par_1_150' title="bbox 2185 5781 3890 5851">
     <span class='ocr_line' id='line_1_153' title="bbox 2185 5781 3890 5851; baseline 0.004 -18"><span class='ocrx_word' id='word_1_1103' title='bbox 2185 5783 2419 5851; x_wconf 85' lang='lat' dir='ltr'><strong><em>ruperit,</em></strong></span> <span class='ocrx_word' id='word_1_1104' title='bbox 2442 5781 2722 5836; x_wconf 80' lang='lat' dir='ltr'><strong><em>Ambrosii</em></strong></span> <span class='ocrx_word' id='word_1_1105' title='bbox 2762 5786 3064 5851; x_wconf 75' lang='lat' dir='ltr'><strong><em>praesertim</em></strong></span> <span class='ocrx_word' id='word_1_1106' title='bbox 3093 5788 3143 5837; x_wconf 88' lang='lat' dir='ltr'><strong><em>et</em></strong></span> <span class='ocrx_word' id='word_1_1107' title='bbox 3170 5782 3491 5850; x_wconf 84' lang='lat' dir='ltr'><strong><em>Augustini.</em></strong></span> <span class='ocrx_word' id='word_1_1108' title='bbox 3535 5784 3612 5836; x_wconf 88' lang='lat' dir='ltr'><strong><em>De</em></strong></span> <span class='ocrx_word' id='word_1_1109' title='bbox 3639 5783 3890 5842; x_wconf 77' lang='lat' dir='ltr'><strong><em>Ambra</em></strong></span> 
     </span>
    </p>
   </div>
  </div>
