3890 6230
70 315 141 365 2-21
771 309 1225 366 DISSERTATIO
1264 310 1329 364 IN
1370 309 1498 363 LIB.
1538 309 1627 362 DE
1668 307 1987 363 CORPORE
2030 306 2115 362 ET
2154 307 2501 363 SANGUINE
2544 306 2801 362 DOMINI.

3438 308 3540 358 222
3558 324 3561 325 ν

66 446 132 497 sio
162 446 301 494 certe
320 443 443 509 jam
483 441 811 509 praemonuit
859 441 1085 494 antistes
1115 440 1519 493 illustrissimus
1556 441 1741 492 Petrus
1780 440 1823 492 A
1855 437 1990 491 anni
2036 438 2195 509 1686,
2248 437 2315 509 ad
2362 453 2537 509 quam
2566 437 2920 491 curationem
2969 453 3086 490 non
3119 437 3301 509 levem
3340 435 3537 509 habui,

67 516 119 565 de
165 514 375 567 Marco.
446 514 505 565 in
574 528 631 565 eo
681 513 981 565 testimonio
1034 510 1178 577 quod
1236 512 1497 577 impostor
1551 512 1742 563 recitat

68 600 188 637 nam.
224 585 317 647 59,
368 584 479 635 hzec
521 582 684 635 verba
726 581 899 643 fuisse
936 586 1236 650 θεραπείας
1276 582 1389 635 Hoc
1420 580 1572 650 quod
1605 596 1740 633 cou-

67 656 275 708 licimus
308 668 515 723 corpus
545 668 613 706 ex
645 652 875 721 Virgine
906 657 1011 705 est.

748 756 1057 793 RESPONSIO.

124 830 243 882 Non
281 828 481 881 infecit
511 843 615 881 nec
640 828 899 897 corrupit
922 828 978 882 S.
1009 826 1375 880 Ambrosium
1402 827 1745 881 Ratramnus

64 916 175 954 cum
207 915 347 952 eum
378 900 570 952 locum
607 916 671 952 ex
722 898 887 951 libro.
937 900 1009 951 De
1060 899 1127 950 iis
1157 898 1254 968 qui
1309 898 1595 967 mysteriis
1634 897 1748 950 ini-

65 973 291 1034 tiantur,
326 986 449 1038 cap.
494 973 547 1035 9,
581 970 638 1022 in
673 969 928 1021 medium
955 968 1213 1033 adducit;
1250 985 1434 1037 neque
1473 968 1742 1021 illustris-

64 1043 226 1094 simus
256 1055 323 1092 ac
368 1040 731 1093 doctissimus
767 1041 963 1093 Petrus
988 1040 1057 1092 de
1090 1041 1269 1092 Marca
1318 1055 1384 1091 eo
1434 1039 1749 1106 corruptio-

66 1113 140 1165 nis
166 1110 409 1163 crimine
440 1127 699 1180 unquam
743 1112 1042 1163 accusavit.
1080 1112 1195 1163 Hoc
1233 1109 1558 1175 intelligere
1582 1110 1746 1163 facile

68 1188 137 1236 est
188 1198 261 1234 ex
306 1182 429 1248 ejus
485 1182 730 1249 epistola
788 1181 859 1233 ad
910 1180 1185 1233 domuum
1248 1180 1453 1233 Lucam
1512 1180 1746 1233 d’Ache-

65 1254 222 1315 rium,
280 1253 463 1304 relata
517 1259 671 1304 tomo
727 1251 769 1301 V
810 1250 1122 1321 Spicilegii.
1184 1250 1292 1304 Sed
1336 1250 1598 1303 observat
1628 1255 1749 1303 tan-

68 1322 355 1375 tummodo
406 1322 551 1375 bene
612 1338 673 1375 ac
722 1323 1010 1391 sapienter
1068 1321 1319 1390 potuisse
1373 1322 1748 1374 Ratramnum

69 1394 170 1447 haec
196 1392 378 1445 verba
420 1392 677 1460 ejusdem
726 1392 926 1459 capitis
974 1392 1029 1446 S.
1073 1391 1397 1445 Ambrosii:
1448 1393 1557 1445 Hoc
1606 1391 1750 1460 quod

70 1465 366 1530 conﬁcimus
424 1478 618 1531 corpus
666 1478 732 1515 ea:
790 1465 1014 1530 Virgine
1060 1468 1158 1527 est,
1208 1478 1334 1531 qua:
1387 1462 1649 1531 superius
1689 1462 1749 1514 in

72 1536 258 1587 eodem
329 1534 513 1603 capite
559 1538 883 1597 occurrunt,
938 1532 1287 1602 interpositis
1334 1534 1751 1603 quinquaginta

74 1604 243 1657 lineis.
318 1605 525 1657 Eadem
581 1603 753 1656 verba
803 1603 1053 1671 proferre
1102 1608 1343 1672 poterat.
1401 1602 1747 1667 Paschasius,

74 1691 164 1727 nec
191 1680 389 1727 tamen
426 1680 729 1743 propterea
760 1673 1043 1726 Ambrosii
1074 1678 1373 1741 corruptor
1402 1674 1613 1727 audiet.
1646 1674 1751 1727 Sed

73 1747 112 1797 si
137 1746 288 1798 bona
322 1744 432 1798 ﬁde
464 1760 723 1814 agamus,
755 1760 826 1797 an
859 1749 1049 1812 potest
1068 1744 1197 1812 jure
1237 1744 1441 1796 merito
1476 1745 1755 1813 deprava-

73 1816 232 1868 tionis
282 1822 340 1867 et
387 1813 775 1885 corruptionis
827 1813 1075 1867 accusari
1126 1814 1367 1882 scriptor
1416 1814 1756 1885 ecclesiastie

71 1903 179 1953 cus,
208 1892 265 1938 et
314 1884 955 1954 crimine’expunctoris
1003 1891 1058 1938 et
1108 1884 1435 1954 impostoris
1480 1884 1755 1954 postulari

73 1962 296 2025 propter
343 1957 558 2009 omissa
588 1956 853 2026 quaedam
881 1955 1058 2009 verba
1096 1971 1129 2007 a
1160 1955 1490 2026 lococitato
1511 1955 1753 2026 interea-7

74 2028 263 2096 pedioe
298 2025 728 2096 quinquaginta
756 2026 1037 2079 linearum
1073 2025 1386 2096 distantia?
1433 2025 1612 2078 Absit.
1649 2025 1756 2078 Sed

74 2095 115 2149 Si
168 2104 537 2166 percontarer
579 2095 663 2151 ab
704 2097 970 2149 omnibus
1026 2097 1110 2149 rei
1153 2095 1445 2149 litterariae
1494 2095 1757 2148 Patribus

75 2165 398 2236 conscriptis
460 2167 597 2237 quid
662 2167 735 2219 sit
795 2172 1010 2219 textum
1059 2165 1306 2219 auctoris
1364 2182 1752 2235 corrumpere,

72 2237 425 2290 concorditer
468 2238 883 2307 responderent
926 2252 1070 2301 esse
1097 2252 1293 2289 vocem
1344 2252 1410 2289 ex
1453 2243 1609 2290 textu
1654 2252 1756 2289 ex-

74 2324 341 2377 pungere,
389 2313 445 2360 et
474 2309 600 2379 ejus
648 2324 755 2377 ope
791 2323 1023 2379 sensum
1054 2307 1383 2379 haereticum
1423 2323 1527 2376 pro
1559 2307 1757 2379 catho-

78 2380 171 2431 lico
214 2379 490 2432 inducere
548 2383 606 2431 et
662 2378 878 2432 auctori
937 2378 1238 2431 ascribere.
1306 2378 1592 2445 Ejusmodi
1645 2378 1754 2429 cri-

75 2450 234 2501 minis
286 2450 552 2518 exempla
582 2449 891 2517 perspiciet
921 2449 1093 2500 lector
1138 2448 1491 2515 amplissima
1525 2448 1580 2499 in
1624 2450 1753 2500 Col-

74 2520 257 2587 loquio
286 2520 485 2572 critico
515 2519 584 2572 de
636 2519 971 2588 sphalmatis
1014 2518 1269 2583 virorum
1297 2518 1354 2570 in
1391 2536 1448 2570 re
1481 2519 1757 2571 litteraria

78 2590 395 2655 illustrium,
447 2590 507 2641 in
558 2589 848 2658 opusculis
900 2589 1146 2642 Marcelli
1194 2589 1474 2657 Ancyrani
1522 2605 1755 2657 compa-

75 2666 239 2712 ctum.
272 2661 384 2713 Sed
425 2660 654 2713 interim
712 2660 1129 2713 animadvertat
1159 2659 1542 2711 dissertatoris
1584 2659 1757 2712 auda-

75 2732 209 2783 ciam
239 2747 375 2799 pag.
410 2731 526 2792 184,
563 2734 619 2783 in
652 2746 764 2800 qua
796 2730 1101 2799 assumptis
1130 2729 1218 2782 his
1248 2729 1434 2782 verbis
1464 2729 1758 2783 Ratramni

74 2817 133 2879 ex
162 2817 408 2879 nurnero
437 2803 542 2853 ὅδε
599 2823 620 2847 ι
664 2801 924 2869 Intellige
969 2800 1359 2879 quodmnon'in
1401 2800 1609 2879 specie,
1658 2800 1754 2852 sed

72 2872 124 2923 in
163 2872 405 2924 veritate
443 2887 650 2939 corpus
710 2877 765 2925 et
806 2870 1038 2938 sanguis
1097 2870 1303 2923 Christi
1334 2870 1586 2924 existunt
1628 2886 1757 2940 quae

71 2948 400 3007 cernuntur,
428 2962 453 2992 υ
496 2958 625 3010 quae
654 2957 886 2995 sensum
918 2941 1266 2995 catholicum
1300 2946 1356 2993 et
1387 2940 1625 2994 omnino
1658 2957 1758 2993 or-

70 3012 375 3065 thodoxum
418 3018 714 3081 praestant,
763 3012 1096 3065 dissertator
1142 3010 1416 3080 expunxit
1466 3011 1573 3063 hoc
1625 3027 1756 3064 ver-
1794 3022 1832 3077 ο

70 3082 196 3135 bum
239 3087 556 3150 cernuntur,
605 3089 662 3136 et
706 3082 930 3151 scripsit
975 3082 1036 3134 in
1066 3087 1223 3134 textu
1274 3082 1590 3141 Ratramni,
1642 3098 1752 3135 cre-

71 3154 289 3218 duntur,
341 3160 405 3205 ut
441 3153 655 3206 dictum
699 3154 1078 3207 Ratramnum
1130 3152 1362 3205 hzeresis
1411 3152 1757 3205 Calvinianaa

70 3224 303 3275 crimine
360 3223 743 3289 convinceret,
794 3223 874 3275 uti
917 3223 1036 3291 jam
1086 3222 1513 3275 observavimus
1562 3222 1622 3275 in
1663 3239 1758 3275 re-

72 3294 372 3362 sponsione
437 3294 505 3347 ad
560 3293 946 3362 objectionem
997 3296 1084 3356 39,
1144 3309 1317 3362 quam
1368 3292 1458 3346 hic
1497 3298 1757 3363 repetere

74 3365 424 3416 fastidiosum
458 3370 515 3417 et
543 3380 1029 3431 supervacaneum
1057 3364 1365 3416 videretur.

137 3435 233 3487 LX.
288 3434 454 3503 (Pag.
534 3438 631 3489 l93
702 3435 903 3498 Paris,
963 3439 1020 3487 et
1076 3436 1178 3487 296
1244 3433 1579 3500 Amstelod.)
1637 3436 1758 3487 Jam

76 3510 125 3555 in
155 3508 462 3571 Augustini
488 3506 667 3558 verbis
694 3505 844 3557 haud
873 3506 1037 3573 paulo
1066 3505 1250 3558 levior.
1290 3506 1429 3557 Nam
1457 3520 1573 3557 cum
1604 3506 1757 3557 dime-

74 3580 143 3627 rit
194 3583 415 3628 sanctus
469 3575 655 3628 doctor
707 3578 765 3628 in
813 3590 1051 3629 sermone
1095 3574 1167 3627 ad
1221 3576 1460 3639 infantes
1510 3578 1759 3642 superius

75 3647 263 3699 allato:
303 3646 632 3714 Mysterium
681 3650 928 3698 vestrum
980 3644 1258 3713 accipitis,
1310 3646 1499 3712 legisse
1544 3645 1760 3698 videtur

78 3716 665 3781 Pseudo-Ratramnus,
714 3732 861 3771 num.
911 3718 996 3769 95.
1031 3715 1356 3784 Mysterium
1406 3715 1629 3769 Domini
1662 3731 1760 3767 ac-

77 3786 273 3855 cipitis.
336 3786 447 3856 (Sic
486 3786 642 3839 enim
674 3787 887 3839 habent
930 3786 1213 3839 editiones
1240 3785 1362 3853 ejus
1393 3786 1523 3839 libri
1555 3802 1757 3838 omnes

77 3872 105 3907 a
128 3858 335 3925 prima,
380 3873 508 3926 qua:
552 3873 702 3910 anno
742 3860 873 3911 1522
904 3857 1136 3925 prodiit,
1172 3862 1379 3924 prwter
1411 3862 1757 3925 postremam

78 3927 203 3980 anni
250 3928 435 3995 1686.)
488 3928 600 3980 Nec
650 3943 782 3980 vero
840 3930 955 3980 sine
1013 3929 1235 3980 consilio
1273 3928 1411 3979 hunc
1461 3929 1762 3993 Augustini

78 4002 236 4050 locum
272 4002 350 4051 sic
400 3999 766 4065 interpolavit.
800 4000 999 4066 Nempe
1028 4003 1086 4050 ut
1126 4000 1309 4050 statim
1349 3998 1619 4062 colligeret
1658 4012 1760 4065 pa-

76 4083 183 4119 nem
236 4073 604 4121 consecratum
663 4073 771 4120 tam
824 4083 933 4121 esse
977 4071 1291 4133 mysterium
1340 4070 1550 4121 nomine
1598 4083 1762 4135 quam

76 4144 144 4189 est
174 4140 490 4204 mysterium
533 4143 797 4202 nostrum,
851 4139 944 4191 hoc
974 4143 1193 4191 esttam
1240 4154 1349 4191 esse
1395 4138 1761 4191 tantummodo

74 4211 277 4271 signum
354 4210 595 4276 corporis
669 4207 937 4263 Dominici
1011 4225 1176 4277 quam
1251 4214 1329 4263 est
1396 4208 1763 4262 tantummodo

75 4284 278 4344 signum
313 4278 586 4332 credentis
606 4280 814 4348 populi.

760 4382 1045 4421 RESPONSIO
1056 4406 1067 4418 .

140 4455 217 4508 Ad
248 4456 372 4509 haec
399 4454 752 4526 respondere
782 4456 944 4510 facile
973 4460 1077 4521 est,
1125 4455 1437 4509 editionem
1467 4454 1760 4509 Ratramni

1855 508 2077 561 caeteris
2111 506 2541 561 anteferendum
2572 524 2715 570 esse,
2764 524 2889 561 cum
2932 507 3253 577 praesertim
3301 522 3366 560 ex
3398 506 3543 559 anti-

1855 595 1969 648 quo
2038 579 2228 632 codice
2290 578 2673 647 manuscripto
2742 578 3202 647 octingentorum
3259 593 3540 631 annorum

1855 648 2099 703 abbatiae
2146 648 2441 702 Lobieusis
2482 664 2746 718 expressa
2803 649 2895 712 sit,
2941 664 3070 701 cum
3127 664 3263 701 cura
3318 652 3374 700 et
3429 648 3541 701 iide

1855 719 2156 789 singulari.
2192 719 2477 773 Caeterum
2504 719 2550 771 si
2573 719 3032 787 interpolationis
3054 718 3400 771 contumelia
3429 733 3543 770 sor-

1855 791 2045 843 descat
2077 790 2419 843 Ratramnus
2450 794 2686 859 propter
2719 790 2837 841 hlBC
2877 789 3046 841 verba
3074 791 3390 858 mysterium
3444 791 3544 841 Do-

1854 863 1992 913 mini
2031 862 2302 926 accipitis,
2345 860 2466 912 loco
2500 861 2738 913 istorum
2789 862 3103 927 mysterium
3132 864 3366 912 vestrum
3396 860 3543 911 acci—

1853 934 2006 998 pitis,
2057 932 2253 984 eadem
2310 931 2594 983 notandus
2645 930 2751 983 erit
2790 931 2844 983 S.
2911 929 3195 997 Fulgentii
3226 945 3411 981 sermo
3444 928 3544 998 qui

1855 1001 2102 1054 occurrit
2150 1001 2211 1054 in
2251 1001 2364 1055 ﬁne
2406 1000 2662 1071 epistolae
2713 1000 2784 1053 ad
2843 1000 3193 1054 Ferrandum
3242 998 3544 1071 diaconum

1856 1088 1986 1124 cum
2035 1072 2140 1124 hac
2191 1072 2453 1135 lectione,
2504 1073 2817 1137 mysterium
2868 1072 3079 1123 Domini
3114 1071 3385 1137 accipitis.
3434 1070 3547 1121 Hoc

1898 1146 2216 1208 erspectum
2264 1142 2475 1195 habere
2526 1142 2689 1194 facile
2738 1146 2822 1193 est
2879 1157 2944 1193 ex
3003 1140 3255 1193 editione
3306 1154 3544 1207 operum

1898 1158 2216 1208 erspecmm
2264 1158 2475 1195 habere
2526 1158 2689 1194 Iacue
2738 1158 2822 1193 εει
2879 1158 2944 1193 ex
3003 1158 3255 1193 eaiuone
3306 1158 3544 1207 operum

1856 1158 1916 1291 ἓ.
1968 1212 2261 1291 ,ιςύιεθῃῐξὶ
2310 1212 2457 1291 facta
2509 1212 2766 1291 Lugd-uni
2816 1210 3265 1291 Sebusianorum
3311 1214 3549 1291 cura_et

1857 1283 2047 1336 studio
2092 1282 2275 1336 Patris
2315 1278 2616 1341 Theophili
2645 1282 2939 1341 Rainaudi,
2970 1281 3199 1334 Jesuitae
3229 1296 3344 1333 non
3384 1278 3549 1332 indo-

1858 1353 1931 1406 cti
1991 1369 2096 1406 nec
2140 1353 2432 1407 imbecilli.
2468 1350 2575 1406 Sed
2630 1358 2918 1421 utcunque
2970 1368 3058 1405 res
3104 1352 3194 1417 sit,
3238 1350 3285 1403 si
3342 1354 3550 1421 praeter

1859 1424 2252 1477 auctoritatem
2320 1424 2678 1493 antiquitatis
2746 1420 2955 1475 codicis
3006 1420 3385 1493 manuscripti
3436 1420 3549 1473 Lo—

1861 1495 2073 1547 bieusis
2108 1494 2316 1564 aliquis
2345 1492 2688 1562 conjecturae
2719 1494 2879 1546 locus
2910 1493 3058 1564 inter
3088 1492 3238 1544 viros
3268 1492 3550 1544 litteratos

1860 1581 1980 1618 esse
2010 1563 2220 1634 possit,
2236 1564 2497 1617 existimo
2528 1564 2720 1633 potius
2750 1563 3056 1632 legendum
3096 1564 3410 1629 mysterium
3433 1576 3549 1634 _ve-

1861 1631 2035 1688 strum
2082 1638 2334 1703 accipitis
2391 1631 2563 1704 quam
2603 1631 2917 1701 mysterium
2973 1635 3203 1697 Domini,
3252 1647 3382 1684 cum
3428 1631 3549 1701 ipse

1796 1728 1836 1781 Β
1868 1708 2214 1781 Ratramnus
2282 1705 2437 1781 linea
2488 1704 2785 1781 superiori
2835 1704 3042 1781 dixerit
3097 1705 3549 1781 mysterium_ve-

1864 1781 2038 1829 strum
2075 1779 2134 1829 in
2179 1791 2362 1829 mensa
2392 1772 2615 1828 Domini
2644 1774 2879 1842 positum
2908 1779 3013 1838 est;
3047 1772 3305 1842 adeoque
3329 1774 3551 1840 justum

1865 1846 2047 1916 magis
2074 1846 2300 1900 videtur
2342 1850 2397 1898 et
2426 1861 2656 1915 aequum
2678 1846 2745 1898 de
2777 1845 2889 1898 ﬁde
2925 1844 3220 1916 Batramni
3252 1842 3438 1916 potius
3486 1857 3551 1894 ex

1866 1912 2103 1986 antiquo
2161 1912 2622 1984 octingentorum
2688 1931 2971 1969 annorum
3038 1913 3226 1986 codice
3296 1912 3553 1986 judicare

1866 1982 2041 2056 quam
2114 2003 2179 2040 ex
2240 1982 2652 2040 recentioribus
2719 1986 2788 2039 ab
2866 1984 3150 2056 haereticis
3208 1982 3551 2056 hominibus,

1865 2053 2065 2127 primis
2094 2056 2266 2125 hujus
2300 2056 2429 2110 libri
2461 2056 2797 2120 editoribus,
2826 2055 3132 2127 corruptis
3169 2058 3223 2108 et
3250 2053 3555 2127 interpola-

1866 2124 1955 2180 tis.
2011 2129 2087 2183 De
2145 2124 2365 2198 reliquo
2409 2127 2742 2198 conjectura
2780 2124 3158 2179 dissertatoris
3195 2124 3337 2198 adeo
3386 2124 3554 2177 fallax

1866 2204 1970 2263 est,
2002 2204 2065 2251 ut
2095 2214 2212 2251 non
2243 2194 2550 2251 obscurum
2582 2197 2654 2250 sit
2692 2197 3118 2251 dissertatorem
3149 2194 3328 2248 nimio
3354 2199 3553 2247 contra

1867 2269 2241 2323 Ratramnum
2273 2268 2459 2321 studio
2491 2272 2786 2338 abreptum
2820 2266 3011 2320 fuisse.

1941 2340 2067 2393 LXI.
2126 2340 2281 2408 (Pag.
2336 2338 2602 2404 ibidem.)
2664 2339 2752 2392 Sic
2813 2353 3031 2391 rursum
3076 2352 3223 2389 num.
3284 2338 3372 2399 33,
3435 2348 3555 2387 cum

1867 2410 2210 2475 Augustinus
2266 2426 2300 2461 a
2351 2410 2504 2462 nobis
2565 2412 2763 2461 citatus
2820 2408 3047 2471 dia-erit,
3106 2408 3348 2458 suaviter
3392 2408 3555 2471 atque

1864 2482 2076 2533 utiliter
2114 2480 2505 2533 recondendum
2537 2482 2595 2531 in
2624 2481 2881 2531 memoria
2910 2480 3221 2544 mysterium
3261 2476 3551 2543 passionis,

1865 2553 1999 2618 ipse,
2030 2552 2311 2618 empunctis
2351 2548 2715 2617 detractisque
2760 2549 2977 2601 vocibus
3007 2548 3217 2600 duabus
3256 2545 3553 2618 prioribus,

1866 2616 2113 2674 ﬁdeliter
2178 2616 2929 2673 recondendum’ezhibuit.
2996 2618 3126 2681 Qua:
3183 2616 3553 2684 interpolatio,

1868 2693 2083 2745 tametsi
2127 2692 2262 2745 alibi
2305 2706 2401 2758 per
2442 2706 2495 2743 se
2540 2692 2670 2743 levis
2707 2691 2878 2757 possit
2904 2688 3098 2749 videri,
3140 2702 3196 2740 eo
3229 2693 3404 2739 tamen
3432 2699 3555 2738 con-

1867 2763 1989 2815 silio
2015 2766 2092 2814 est
2122 2763 2188 2813 ab
2242 2764 2343 2814 isto
2389 2760 2641 2813 adhibita
2670 2766 2729 2813 ut
2759 2775 2826 2813 ea:
2869 2774 2926 2811 eo
2980 2760 3199 2824 colligat
3228 2758 3554 2827 mysteria‘a

1865 2832 2114 2899 ﬁdelibus
2140 2833 2337 2899 peragi
2375 2847 2477 2885 sua
2503 2830 2629 2898 ﬁde,
2662 2846 2766 2884 non
2804 2830 2871 2883 ab
2902 2831 3020 2898 ipso
3061 2832 3162 2883 Deo
3211 2830 3271 2881 in
3286 2825 3556 2895 symbolis

1867 2904 2240 2971 sanctiﬁcatis.

2557 3004 2863 3042 RESPONSIO.

1938 3114 2057 3169 Hoc
2084 3112 2445 3182 probandum
2474 3111 2756 3165 incumbit
2777 3109 3151 3176 dissertatori,
3184 3111 3557 3182 Batramnum

1867 3200 1934 3238 eo
1981 3181 2218 3238 consilio
2270 3183 2643 3252 interpolasse
2699 3181 3115 3252 Augustinum:
3161 3181 3405 3252 sedgtam
3439 3181 3557 3233 leve

1865 3261 2163 3325 peccatum
2196 3258 2279 3307 est
2318 3250 2613 3325 ejusmodi
2650 3250 3112 3325 interpolationis
3152 3256 3222 3325 et
3260 3250 3446 3325 futile,
3496 3255 3560 3302 ut

1867 3322 1972 3395 pro
2014 3325 2195 3378 nihilo
2243 3325 2549 3382 habuerint
2590 3323 2924 3389 Calviniani,
2972 3338 3075 3395 nec
3274 3322 3560 3395 ullatenus

1867 3391 2216 3466 patrocinari
2264 3395 2733 3448 existimaverint.
2785 3393 3030 3466 Nam_in
3068 3392 3419 3466 editionibus
3452 3391 3557 3444 Ra-

1867 3461 2080 3520 tramni
2139 3482 2383 3535 quarum
2457 3466 2808 3518 curationem
2864 3463 3136 3527 habuere,
3209 3461 3562 3535 scripserunt

1866 3540 2107 3591 suaviter
2138 3531 2299 3604 atque
2351 3537 2563 3589 utiliter
2611 3552 2723 3587 non
2753 3534 3003 3601 ﬁdeliter,
3058 3538 3118 3585 ut
3146 3533 3444 3604 potissime
3479 3531 3560 3585 in-

1867 3609 2150 3677 telligitur
2180 3602 2243 3659 ex
2270 3607 2521 3677 editione
2552 3604 2945 3677 recentissima
2972 3602 3213 3677 liondini
3233 3602 3377 3677 facto
3409 3618 3559 3677 anno

1869 3671 2183 3747 ipso'1861,
2218 3682 2274 3730 et
2330 3692 2397 3747 ex
2428 3676 2674 3747 editione
2731 3674 2950 3727 domini
2982 3673 3134 3726 Petri
3180 3672 3327 3747 Allix
3358 3671 3559 3747 templi

1869 3742 2232 3803 Charentonii
2266 3746 2533 3807 ministri,
2590 3761 2740 3798 anno
2797 3748 2951 3803 1672,
3003 3748 3058 3795 et
3112 3742 3383 3794 omnibus
3431 3742 3558 3793 aliis

1868 3832 2003 3873 cura
2032 3823 2087 3871 et
2117 3816 2307 3870 studio
2339 3815 2641 3869 hominum
2674 3814 3113 3883 protestantium
3154 3811 3458 3883 publicatis
3485 3810 3553 3864 ab

1869 3906 2019 3943 anno
2056 3890 2210 3941 1532.
2246 3889 2487 3955 Insuper
2526 3886 2573 3938 si
2604 3882 2883 3955 ejusmodi
2938 3884 3341 3955 conjecturam,
3376 3882 3557 3955 levem

1871 3958 2243 4030 quantumvis
2271 3963 2327 4010 et
2369 3952 2614 4019 futilem,
2634 3952 3074 4030 contumaciter
3103 3953 3377 4005 tuendam
3423 3952 3560 4004 reci-

1870 4024 2003 4101 pere
2029 4028 2544 4101 velitdissertator,
2579 4026 2804 4101 appello
2838 4024 3165 4101 adsensum
3193 4038 3558 4101 communem

1870 4094 2122 4154 virorum
2156 4100 2472 4152 doctorum.
2513 4094 2669 4160 Quis
2690 4096 2843 4148 enim
2875 4094 2981 4148 sibi
3025 4096 3366 4164 persuadeat
3395 4108 3559 4162 posse

1870 4172 1927 4225 in
1968 4170 2306 4224 memoriam
2355 4173 2607 4221 nostram
2656 4166 2910 4220 revocari
2950 4180 3180 4218 carnem
3215 4164 3420 4217 Christi
3456 4179 3559 4231 pro

1871 4243 2051 4295 salute
2107 4240 2406 4293 hominum
2463 4238 2616 4291 cruci
2676 4238 2901 4289 affixam
2962 4238 3204 4289 suaviter
3239 4240 3289 4288 et
3328 4236 3557 4287 utiliter.

1870 4313 1926 4366 Si
1950 4329 2061 4364 non
2090 4312 2341 4379 ﬁdeliter,
2375 4315 2431 4362 et
2461 4308 2752 4379 quomodo
2779 4307 3053 4379 ﬁdeliter?
3090 4306 3145 4359 Si
3176 4320 3290 4379 non
3318 4307 3562 4379 suaviter

1870 4388 1927 4436 et
1952 4374 2178 4442 utiliter,
2210 4381 2348 4451 quid
2375 4374 2508 4449 ergo
2539 4379 2647 4451 sibi
2668 4374 2789 4430 vult
2819 4378 3149 4451 dissertator
3177 4376 3285 4451 nisi
3311 4374 3559 4446 quadam

1874 4446 2264 4525 ἰδιοσυγκρισιᾲ
2292 4467 2358 4505 ex
2390 4446 2615 4521 pumice
2654 4464 2863 4520 aquam
2893 4446 3222 4501 extrahere?
