3890 6230
345 291 373 340 ‘2

381 292 409 339 ‘2.

1501 283 1854 336 RATRAMNI
1886 280 2350 337 (ZORBEIENSIS
2393 278 2698 333 MONACHI
3754 275 3834 323 225

1669 578 2533 680 RATRAMNI

1720 795 2123 839 COBBEIENSIS
2170 795 2454 838 MONACHI

538 970 1331 1118 CONTRA
1433 968 2580 1114 GRAECORUM
2689 967 3662 1113 OPPOSITA

1324 1195 1729 1261 ROMANAM
1779 1195 2226 1261 ECCLESIAM
2278 1196 2855 1262 INFAMANTIUM

1611 1370 1921 1456 LIBRI
1997 1370 2569 1469 QUATUOB.

1360 1526 1549 1597 (Apud
1588 1525 1909 1587 Acherium,
1942 1524 2231 1596 Spicilegii
2266 1531 2419 1580 tomo
2453 1528 2497 1594 Ι,
2532 1543 2667 1598 pag.
2709 1531 2820 1597 63.)

1785 1802 2397 1875 MONITUM.

418 2140 528 2192 Hos
561 2138 735 2190 libros
751 2137 1148 2206 episcoporum
1178 2134 1649 2203 bortatujussuve
1671 2133 2033 2186 elucubrasse
2072 2136 2117 2187 A
2148 2131 2455 2186 Christiani
2498 2134 2772 2202 praesules
2813 2147 3040 2186 summo
3065 2133 3195 2255 {ure
3222 2148 3234 2184 :
3269 2133 3455 2201 deque
3487 2132 3622 2186 aliis
3660 2135 3839 2187 Eccle-

418 2214 723 2255 :tramnum
751 2206 1096 2255 DerSlladel‘t‘.
1131 2206 1394 2255 videntur
1421 2205 1616 2255 isthaac
1662 2203 1793 2255 libri
1845 2202 2035 2255 quarti
2145 2202 2237 2255 sia:
2289 2203 2490 2255 ritibus
2550 2203 2667 2255 agit
2721 2203 2959 2255 omnino
3014 2202 3065 2255 fe
3093 2203 3271 2255 iciter.
3333 2203 3511 2255 Ouam
3563 2220 3750 2255 norro
3792 2207 3839 2255 in

344 2210 723 2263 Ratramnum
751 2202 1096 2277 persuadere
1131 2206 1394 2258 videntur
1421 2202 1616 2277 isthch
1662 2203 1793 2257 libri
1845 2202 2035 2273 quarti

340 2280 512 2333 verba
543 2275 866 2349 postrema:
915 2298 935 2323 ι
988 2278 1220 2349 Egimus
1270 2277 1423 2349 velut
1455 2275 1749 2349 potuimus
1798 2290 2037 2349 respons-

340 2344 561 2403 dentes‘
582 2349 649 2402 ad
711 2364 776 2401 ea
826 2363 955 2418 quze
1015 2346 1458 2418 nobisqscripta
1504 2344 1942 2418 misistis._Quze
1992 2344 2036 2396 si

340 2419 680 2489 placuerint,
733 2414 863 2472 Deo—
884 2417 1100 2489 gratias
1126 2415 1378 2484 agimus;
1416 2415 1505 2468 sin
1562 2432 1694 2467 vero
1728 2414 2034 2489 displicue-

346 2485 481 2553 rint,
516 2495 720 2541 vestrae.
763 2485 1135 2540 correctionis
1184 2501 1483 2538 censuram
1536 2485 1962 2552 praestolamur.
2010 2506 2029 2531 ι

342 2559 568 2612 Etenim
605 2573 863 2610 summus
914 2556 1173 2610 Ecclesiae
1206 2556 1502 2608 hierarcha
1547 2556 1805 2608 Nicolaus
1839 2556 1856 2607 Ι
1909 2553 2035 2609 Gal-

342 2628 436 2682 liae
493 2628 789 2697 episcopos
842 2627 1043 2679 litteris
1100 2630 1531 2697 commoniierat
1570 2631 1639 2697 ut
1688 2626 2033 2689 Graecorum,

345 2695 619 2752 Romanae
674 2695 822 2751 sedis
864 2697 1340 2758 adversariorum,
1376 2695 1610 2764 objectis
1653 2701 2033 2761 occurrerent,

344 2769 431 2823 uti
488 2772 686 2823 auctor
716 2773 802 2821 est
858 2767 1212 2821 Frodoardus
1252 2766 1310 2819 in
1360 2767 1501 2821 Hist.
1550 2766 1690 2820 Eccl.
1726 2767 2031 2820 Bhemens.

344 2840 440 2893 lib.
480 2857 559 2905 iii,
595 2855 725 2909 cap.
782 2841 882 2891 i7:
941 2860 960 2884 α
1020 2838 1281 2909 Nicolaus
1315 2853 1460 2909 papa
1492 2838 1807 2909 epistolam
1848 2839 2033 2909 eidem

344 2907 686 2980 (Hincmaro)
737 2917 794 2961 et
842 2909 1061 2980 caeteris
1092 2907 1534 2980 archiepiscopis
1579 2913 1636 2961 et
1665 2908 1946 2976 episcopis
1976 2908 2036 2960 in

341 2978 521 3049 regno
560 2980 748 3034 Caroli
776 2978 1093 3031 constitutis
1124 2979 1460 3043 transmisit,
1494 2978 1856 3030 innotescens
1888 2994 2034 3046 prae—

343 3048 485 3103 fatos
517 3051 839 3104 Grmcorum
889 3050 1281 3117 imperatores,
1331 3049 1425 3101 sed
1458 3059 1511 3101 et
1545 3048 1861 3101 Orientales
1896 3049 2032 3117 epis-

343 3137 513 3189 c0pos
543 3118 880 3173 calumniari
912 3124 1161 3172 sanctam
1197 3119 1513 3172 Romanam
1558 3119 1885 3184 Ecclesiam,
1920 3118 2036 3171 imo

346 3207 577 3244 omnem
630 3190 933 3243 Ecclesiam
976 3206 1104 3259 qua;
1154 3190 1349 3242 Latina
1392 3189 1571 3241 utitur
1611 3189 1839 3257 lingua;
1884 3190 2032 3258 quod

336 3262 670 3330 jejunamus
699 3260 758 3313 in
798 3260 1088 3324 Sabbatis;
1141 3260 1292 3329 quod
1343 3259 1617 3329 Spiritum
1672 3266 1927 3312 sanctum
1970 3276 2034 3313 ex

343 3329 508 3385 Patre
544 3331 799 3400 Filioque
853 3329 1156 3400 procedere
1185 3330 1460 3394 dicimus;
1491 3330 1628 3398 quia
1676 3331 2036 3399 presbyteros

343 3402 647 3455 chrismate
710 3400 878 3463 linire
935 3400 1353 3469 baptizatorum
1413 3400 1601 3453 fronte
1664 3400 2030 3454 inhibenius:

344 3472 600 3526 dicentes
638 3472 745 3540 ipsi
803 3472 982 3526 Graeci
1013 3471 1166 3540 quod
1198 3471 1442 3523 chrisma
1491 3487 1552 3523 ex
1600 3486 1746 3539 aqua
1779 3471 2034 3524 ﬂuminis

346 3542 527 3597 Latini
553 3543 953 3607 conﬁciemus;
988 3541 1467 3612 reprehendentes
1499 3557 1599 3594 nos
1628 3542 1854 3595 Latinos
1883 3542 2034 3612 quod

345 3620 472 3667 octo
505 3613 961 3667 hebdomadibus
990 3628 1023 3665 a
1068 3612 1215 3666 casei
1256 3616 1311 3665 et
1336 3628 1573 3665 ovorum
1605 3628 1704 3665 esu
1739 3628 1898 3665 more
1931 3629 2033 3666 suo

341 3701 456 3738 non
496 3700 809 3746 cessamus;
865 3682 1116 3737 dicentes
1147 3684 1315 3736 etiam
1349 3682 1502 3753 quod
1532 3683 1590 3735 in
1638 3684 1851 3736 Pascha
1879 3699 2034 3735 more

340 3756 675 3809 Judasorum
716 3770 887 3823 super
934 3755 1111 3807 altare
1158 3755 1366 3822 pariter
1392 3769 1521 3807 cum
1572 3754 1865 3807 Dominico
1918 3769 2037 3806 cor-

341 3841 479 3895 pore
507 3842 721 3894 agnum
754 3824 1160 3879 benedicamus
1189 3832 1246 3877 et
1276 3824 1610 3890 oti'eramus;
1639 3831 2035 3878 succensentes

342 3897 514 3949 etiam
568 3895 733 3949 nobis
767 3896 903 3965 quia
959 3896 1149 3948 clerici
1205 3896 1356 3965 apud
1406 3912 1510 3948 nos
1549 3895 1752 3948 barbas
1785 3912 1913 3948 suas
1950 3911 2037 3948 ra-

342 3966 517 4025 dunt;
566 3971 621 4018 et
668 3965 925 4019 dicentes
974 3966 1111 4034 quia
1145 3965 1423 4018 diaconus
1454 3981 1565 4018 non
1614 3972 1874 4033 suscepto
1905 3982 2034 4035 pre-

346 4036 665 4105 sbyteratus
691 4035 878 4088 oliicio
903 4035 1054 4105 apud
1078 4052 1176 4087 nos
1203 4037 1502 4105 episcopus
1526 4035 1840 4101 ordinatur,
1867 4057 1893 4084 ››
1928 4040 2031 4089 etc.

350 4105 561 4157 Deinde
614 4105 832 4157 Nicolai
906 4105 1156 4173 epistolae
1221 4105 1390 4157 verba
1456 4105 1737 4158 subtexit:
1804 4124 1829 4155 ‹‹
1894 4106 2032 4171 Tua,

347 4175 668 4238 Hincmare,
731 4173 976 4227 charitas
1043 4190 1173 4227 cum
1230 4175 1376 4227 hanc
1431 4175 1734 4244 epistolam
1810 4175 2034 4244 legerit,

346 4260 478 4315 mox
511 4248 573 4296 ut
614 4244 788 4315 etiam
832 4244 899 4315 ad
940 4244 1081 4315 alios
1127 4244 1602 4313 archiepiscopos,
1636 4245 1735 4313 qui
1767 4245 1825 4297 in
1855 4262 2034 4315 regno

347 4314 454 4366 filii
486 4313 663 4365 nostri
684 4314 869 4368 Caroli
899 4314 1134 4383 gloriosi
1167 4317 1317 4383 regis
1347 4317 1683 4377 consistunt,
1725 4313 2032 4382 deferatur,

346 4399 713 4465 summopere
744 4399 924 4463 agere.
939 4386 1186 4463 studeat,
1208 4388 1271 4438 ut
1299 4390 1354 4437 et
1381 4385 1569 4465 dehis
1588 4386 1799 4465 singuli
1829 4386 1886 4465 iri
1919 4387 2037 4465 suis

348 4453 683 4508 dimcesibus
732 4454 981 4523 propriis
1031 4472 1140 4507 una
1181 4471 1309 4507 cum
1354 4453 1730 4524 suifraganeis
1788 4457 1925 4523 suis,
1975 4458 2036 4511 in

347 4526 738 4593 cujuscunque
773 4540 945 4594 regno
1003 4526 1117 4577 sint.
1147 4526 1461 4588 constituti,
1495 4528 1899 4581 convenienter
1927 4531 2035 4580 tra-

347 4602 521 4661 ctare,
550 4601 607 4647 et
635 4596 803 4648 nobis
835 4612 963 4663 qua:
1004 4596 1333 4663 repererint’
1352 4612 1659 4665 suggerere
1689 4603 1909 4661 curent,
1942 4615 2035 4651 eos

348 4664 585 4718 incitare
618 4681 731 4718 non
784 4666 1054 4735 negligat,
1086 4685 1112 4717 ››
1172 4673 1273 4719 etc.
1334 4664 1682 4720 Ensiumma
1714 4669 2036 4722 scliismatis

348 4736 410 4807 in
435 4736 668 4789 Oriente
698 4753 730 4787 a
760 4736 959 4789 Photio
991 4736 1537 4805 pseudopatriarcha
1562 4737 2039 4807 Constantinopo-

348 4804 529 4859 litano
562 4811 616 4858 et
659 4806 938 4874 gregariis
979 4804 1227 4871 excitati,
1260 4806 1474 4876 fotique
1509 4823 1541 4859 a
1570 4809 1891 4862 Graecorum
1925 4804 2036 4862 im-

350 4876 713 4945 peratoribus
736 4876 1001 4930 Michaele
1032 4884 1087 4929 et
1117 4876 1341 4930 Basilio.

423 4946 620 5015 Itaque
675 4948 1015 5019 Batramnus
1045 4953 1237 5000 noster
1268 4947 1321 5001 id
1368 4948 1621 5001 muneris
1670 4949 1777 5002 sibi
1808 4948 2039 5019 imposi—

351 5018 473 5068 tum
517 5022 798 5089 accurate,
831 5018 1208 5089 eleganteret
1255 5034 1486 5087 prorsus
1515 5018 1759 5083 erudite,
1794 5018 2042 5089 quatuor

352 5086 575 5158 peregit
616 5086 804 5158 libris.
865 5089 929 5158 In
962 5086 1431 5158 prioribustotus
1474 5096 1559 5142 est
1587 5106 1717 5143 cum
1759 5086 1827 5142 ιη’
1870 5090 2041 5144 sacris

352 5155 677 5224 Scripturis,
706 5163 824 5209 tum
859 5157 915 5210 in
949 5155 1272 5230 Graecorum
1319 5159 1762 5230 Latinorumque
1794 5161 2038 5228 placitis,

351 5241 465 5299 quo
487 5232 836 5299 novaturum
867 5229 1146 5298 propellat
1172 5229 1573 5299 blasphemios,
1608 5229 1941 5285 et’stabiliat
1972 5231 2041 5285 de

349 5296 567 5364 Spiritu
617 5302 808 5349 sancto
860 5296 1194 5353 catholicam
1224 5296 1542 5354 veritatem.
1567 5296 1789 5364 Quarto
1818 5318 1951 5355 vero
1981 5302 2041 5356 in

349 5365 494 5442 libro
551 5366 619 5442 de
672 5367 828 5419 varia
883 5369 1360 5442 Quadragesimai
1398 5371 1811 5442 observatione,
1853 5373 2039 5442 deque

350 5436 507 5511 rario
541 5437 798 5511 ciborum
823 5454 971 5511 usu;
1000 5439 1068 5493 de
1093 5436 1313 5509 jejunio
1341 5440 1571 5495 Sabbati
1600 5443 1751 5511 apud
1775 5436 2034 5497 Latinos:

350 5506 420 5579 de
450 5506 789 5579 clericorum
822 5508 1012 5563 barbie
1046 5506 1109 5563 et
1132 5506 1334 5579 capitis
1363 5516 1618 5578 tonsura,
1636 5506 1711 5565 'ac
1742 5513 2037 5578 caelibatu;

351 5578 421 5661 de
468 5578 932 5661 Conﬁrmati'ouis
978 5578 1331 5661 sacramento
1376 5597 1416 5661 a.
1436 5584 1554 5634 solo
1587 5583 1858 5661 episcopo
1899 5600 2041 5636 con-

349 5646 612 5721 ferendo;
655 5649 725 5721 de
788 5650 1029 5704 Romani
1081 5649 1364 5720 pontiﬁcis
1402 5651 1459 5704 in
1491 5646 1872 5721 patriarcham
1908 5658 2043 5708 Con-

346 5718 922 5789 stantinopolitanum
982 5718 1153 5791 atque
1220 5721 1362 5774 adeo
1421 5718 1833 5776 in‘universos
1888 5723 2043 5776 orbis

2145 2202 2237 2256 sim
2289 2203 2490 2256 ritibus
2550 2203 2667 2271 agit
2721 2203 2959 2255 omnino
3014 2202 3271 2257 feliciter.
3333 2203 3511 2266 Quam
3563 2220 3750 2272 porro
3792 2207 3839 2255 in

2146 2289 2318 2326 sacrae
2351 2273 2659 2340 Scriptura:
2706 2280 2762 2326 et
2802 2274 2859 2326 in
2891 2274 3258 2342 antiquorum
3293 2275 3524 2327 Patrum
3556 2291 3625 2327 ac
3660 2276 3841 2326 conci-

2147 2344 2354 2397 liorum
2418 2344 2654 2397 lectione
2714 2349 2964 2396 versatus
3029 2343 3205 2397 fuerit
3256 2345 3629 2406 Ratramnus,
3686 2346 3838 2398 facile

2147 2415 2243 2483 qui
2277 2414 2451 2466 libros
2482 2415 2651 2467 hosce
2691 2422 2938 2483 quatuor
2981 2414 3310 2479 evolverint,
3360 2415 3838 2467 animadvertent.

2150 2486 2270 2537 Non
2305 2485 2457 2537 enim
2504 2486 2638 2537 sinit
2687 2484 3035 2554 praefationis
3065 2485 3332 2553 angustia
3364 2485 3665 2554 prolixiori
3710 2487 3841 2555 style

2146 2555 2340 2607 laudes
2371 2556 2514 2607 tanti
2548 2556 2649 2607 viri
2678 2571 3032 2624 percurrere,
3067 2556 3135 2608 de
3177 2572 3290 2625 quo
3323 2556 3599 2608 nonnulla
3635 2556 3838 2609 dunta-

2145 2632 2239 2678 xat
2296 2625 2639 2695 scriptorum
2699 2626 3031 2678 testimonia
3087 2625 3175 2678 hic
3242 2626 3595 2694 subjicienda
3661 2627 3841 2679 existi-

2147 2712 2316 2749 mﬂVl.

2215 2766 2319 2820 Sed
2348 2771 2655 2836 antequam
2694 2766 2930 2818 ulterius
2963 2766 3316 2835 progrediar,
3353 2782 3467 2818 non
3498 2766 3597 2818 abs
3635 2783 3701 2818 re
3744 2765 3843 2819 fne-

2145 2837 2221 2890 rit
2251 2839 2517 2890 lectorem
2576 2853 2953 2906 praemonere,
2996 2837 3266 2906 Jacobum
3299 2837 3701 2901 Sirmoudum,
3752 2837 3843 2887 im-

2145 2908 2373 2960 mortali
2407 2904 2683 2960 memoria
2722 2907 2985 2976 dignum,
3019 2904 3241 2960 edendo
3288 2907 3342 2960 S.
3380 2908 3673 2976 Fulgentii
3709 2924 3839 2976 opu-

2145 2979 2298 3031 scula
2331 2978 2615 3047 quaedam,
2652 2979 2787 3031 dum
2837 2978 2896 3030 in
2927 2978 3076 3030 calce
3110 2978 3428 3046 fragmenta
3462 2994 3668 3030 eorum
3723 2994 3839 3047 quia

2144 3050 2421 3102 hactenus
2474 3049 2712 3115 latuere,
2773 3052 3104 3113 recenseret,
3161 3050 3286 3099 illos
3343 3049 3495 3117 ipsos
3543 3049 3842 3101 Ratramni

2146 3119 2321 3172 libros
2375 3119 2684 3172 Hincmaro
2749 3118 3059 3172 Rhemensi
3128 3118 3454 3186 ascripsisse
3519 3118 3841 3187 fragmento

2145 3190 2371 3254 ultimo,
2405 3190 2462 3242 in
2503 3190 2655 3243 hunc
2697 3190 2971 3242 modum:
3028 3191 3105 3241 Em
3143 3190 3281 3241 libro
3329 3206 3387 3241 iii
3430 3191 3723 3242 Hi'ncmari
3754 3206 3841 3241 ar-

2144 3262 2473 3329 chiepiscopi
2520 3262 2828 3314 Rhemensis
2857 3260 3117 3313 adversus
3161 3259 3368 3326 objecta
3401 3262 3744 3325 Graecorum,
3780 3260 3843 3309 ad

2146 3331 2379 3386 Odonem
2436 3332 2885 3399 Belluvacensem;
2936 3329 3141 3382 deinde
3204 3329 3489 3397 ipsissima
3543 3330 3841 3383 Ratramni

2145 3403 2319 3454 verba
2369 3401 2643 3466 subjecit:
2698 3403 3005 3465 Fulgentius
3057 3403 3335 3468 episcopus
3386 3401 3699 3453 litterarum
3743 3407 3845 3453 stu-

2145 3472 2255 3525 diis
2301 3471 2589 3525 admodum
2625 3472 2889 3535 eruditus,
2924 3477 3053 3533 etc.,
3107 3486 3234 3539 quae
3275 3472 3423 3523 infra
3456 3471 3553 3523 lib.
3590 3488 3673 3533 ιιι,
3708 3488 3756 3523 c.
3794 3476 3839 3523 5.

2143 3542 2378 3595 videbis.
2421 3543 2658 3595 Demum
2706 3542 2859 3595 idem
2911 3542 3034 3593 loca
3086 3542 3202 3595 duo
3245 3542 3528 3595 Fulgentii
3564 3542 3788 3593 inedita
3816 3558 3844 3591 a

2144 3613 2454 3666 Batramno
2490 3613 2626 3664 locis
2663 3612 2847 3665 citatis
2878 3612 3047 3665 allata
3084 3612 3319 3680 profert.
3354 3611 3499 3674 Quid
3536 3611 3841 3665 Sirmondo

2142 3683 2492 3752 persuaserit
2523 3684 2745 3751 prolem
2778 3684 2920 3736 hanc
2947 3686 3215 3736 extraneo
3242 3682 3466 3751 parenti
3488 3697 3838 3751 supponere.

2144 3754 2284 3806 mihi
2333 3770 2565 3822 prorsus
2624 3753 3067 3822 incompertum,
3123 3769 3251 3806 cum
3313 3752 3574 3819 alioquin
3622 3753 3842 3805 caeteris

2142 3824 2431 3877 Hincmari
2464 3824 2752 3892 operibus,
2791 3839 2892 3894 per
2921 3823 3499 3894 duodequadraginta
3539 3838 3724 3893 prope
3759 3838 3843 3873 au-

2141 3911 2246 3948 nos
2270 3911 2303 3947 a
2334 3912 2390 3947 se
2426 3910 2651 3948 summo
2683 3893 2870 3948 studio
2901 3910 3238 3964 summaque
3271 3893 3571 3963 diligentia
3597 3893 3841 3963 conqui-

2143 3965 2283 4026 sitis,
2328 3965 2466 4019 illud
2518 3981 2631 4018 non
2682 3965 2936 4033 ignobile
2981 3963 3468 4034 opus’accensere
3518 3963 3837 4017 debuisset.

2145 4037 2306 4090 Nunc
2334 4035 2657 4089 testimonia
2690 4036 2745 4087 iii
2780 4035 3032 4088 medium
3062 4035 3386 4088 ali'eramus.

2214 4107 2527 4160 SIGIBERTUS
2595 4106 2663 4159 de
2734 4106 3119 4175 Scriptoribus
3203 4103 3838 4175 Ecclesiasticis,ricap.

2143 4180 2245 4230 95:
2278 4198 2303 4223 ‹‹
2349 4178 2673 4230 Bertramus
2731 4174 2871 4245 (sive
2929 4176 3289 4244 Batramnus)
3342 4174 3573 4243 scripsit
3625 4174 3843 4245 librum

2144 4247 2214 4301 de
2253 4246 2505 4315 Corpore
2552 4252 2607 4299 et
2646 4247 2933 4315 Sanguine
2967 4246 3215 4309 Domini,
3258 4251 3313 4298 et
3360 4245 3428 4298 ad
3460 4244 3738 4299 Carolum
3783 4244 3843 4297 li-

2142 4318 2311 4372 brum
2338 4317 2407 4370 de
2434 4317 2963 4371 Praedestinatione.
3004 4337 3025 4362 ι

2212 4389 2455 4441 Joannes
2491 4389 2849 4453 TRITHEHIUS,
2884 4387 3057 4441 abbas
3088 4386 3159 4441 de
3213 4384 3357 4438 Viris
3406 4385 3735 4439 illustribus
3767 4400 3847 4437 or-

2143 4458 2292 4512 dinis
2346 4460 2400 4513 S.
2457 4458 2765 4519 Benedicti,
2821 4458 2920 4511 lib.
2982 4475 3041 4519 ii,
3096 4473 3218 4526 cap.
3280 4457 3376 4510 48:
3437 4477 3457 4504 ι
3516 4457 3846 4509 Bertramus

2144 4529 2475 4589 monachus,
2506 4529 2565 4581 in
2599 4528 2804 4581 divinis
2830 4528 3139 4596 Scripturis
3162 4527 3448 4579 studiosus
3469 4530 3525 4579 et
3557 4528 3845 4589 eruditus,

2143 4604 2313 4668 atque
2370 4598 2427 4651 in
2489 4599 2853 4652 saecularibus
2916 4598 3121 4651 litteris
3172 4597 3443 4650 nobiliter
3502 4597 3847 4668 instructus,

2147 4666 2373 4738 scripsit
2400 4686 2517 4722 non
2552 4668 3033 4739 parvipendendae
3088 4668 3349 4722 lectionis
3396 4668 3695 4739 opuscula,
3725 4666 3850 4739 qui-

2146 4739 2254 4793 bus
2304 4755 2469 4791 suum
2511 4738 2810 4807 magnifice
2861 4738 3191 4791 exereitavit
3222 4738 3540 4807 ingenium,
3572 4754 3602 4788 e
3634 4738 3848 4804 quibus

2149 4826 2254 4879 ego
2286 4816 2505 4862 tantum
2563 4811 2745 4878 reperi
2808 4810 2876 4863 de
2918 4811 3167 4878 Corpore
3204 4814 3259 4862 et
3289 4808 3580 4879 Sanguine
3614 4808 3845 4879 Domini

2149 4881 2248 4933 lib.
2282 4897 2316 4945 ι,
2351 4880 2417 4932 ad
2468 4880 2733 4934 Carolum
2772 4880 2839 4934 de
2882 4879 3385 4933 Prmdestinatione
3417 4878 3511 4931 lib.
3548 4896 3582 4931 ι.
3630 4878 3849 4931 Claruit

2148 4953 2209 5006 Α.
2240 4951 2302 5003 D.
2339 4953 2465 5004 870.
2512 4972 2533 4997 ι

2221 5021 2486 5074 Claudius
2516 5021 2856 5087 Esrmcaaus,
2894 5021 3093 5074 doctor
3125 5019 3478 5083 Parisiensis,
3521 5019 3591 5071 de
3628 5019 3841 5070 Eucha-

2150 5091 2310 5144 ristia
2364 5090 2462 5144 lib.
2517 5107 2589 5155 iv,
2625 5107 2672 5144 c.
2722 5094 2806 5156 19,
2856 5091 2959 5144 sub
3010 5091 3200 5144 med.:
3260 5113 3285 5135 «
3332 5091 3396 5143 Et
3424 5089 3632 5142 merito
3686 5104 3845 5151 sane,

2149 5177 2279 5215 cum
2305 5177 2488 5224 verus,
2519 5169 2578 5215 ut
2605 5162 2683 5214 ita
2709 5161 2933 5231 loquar,
2964 5160 3060 5215 ille
3097 5162 3446 5231 Bertramus,
3478 5165 3628 5231 totos
3667 5174 3850 5211 annos

2151 5232 2564 5301 septingentos,
2600 5248 2701 5284 nec
2743 5230 3053 5299 a’quodam
3088 5232 3366 5285 haereseos
3407 5230 3578 5283 fuerit
3611 5230 3849 5301 insimu-

2150 5302 2317 5367 latus,
2366 5302 2452 5355 vel
2503 5302 2883 5371 reprehensus
2915 5302 3077 5371 quasi
3124 5302 3269 5355 male
3314 5301 3623 5371 scripserit,
3656 5300 3760 5352 sed
3792 5301 3847 5351 in

2149 5374 2471 5442 catalogum
2534 5372 2878 5441 scriptorum
2932 5372 3444 5427 ecclesiasticarum
3500 5372 3732 5437 relatus,
3773 5374 3849 5442 ut

2147 5444 2245 5522 vir.
2286 5440 2395 5523 non
2418 5440 2801 5523 .mi'nusvita
2849 5460 3023 5513 quam
3058 5443 3338 5509 doctrina,
3370 5442 3609 5512 ingenio
3641 5445 3701 5494 et
3733 5440 3844 5493 elo-

2150 5529 2287 5583 quio
2323 5529 2583 5581 insignis.
2618 5534 2640 5561 ι

2220 5583 2487 5637 Claudius
2556 5601 2622 5637 DE
2678 5584 2929 5653 Samnis,
2981 5582 3280 5653 episcopus
3342 5581 3716 5644 Ebroicensis,
3778 5581 3843 5633 de

2152 5652 2519 5707 Eucharistiai
2573 5652 3034 5715 Coutroversiis.’
3064 5659 3244 5723 repet.
3277 5655 3330 5717 2,
3362 5669 3410 5723 c.
3446 5654 3538 5705 lli:
3579 5673 3601 5700 ι
3636 5653 3847 5705 Verum

2149 5723 2315 5776 illum
2376 5725 2730 5777 Bertramum
2788 5728 2938 5778 totos
2998 5722 3177 5777 annOs
3233 5722 3627 5794 septingentos
3676 5738 3847 5776 nemo
