3890 6230
50 322 138 371 225
1062 316 1335 373 CONTRA
1377 317 1777 373 GR/ECORUM
1819 316 2173 373 OPPOSITA.
2208 346 2273 355 —
2306 318 2431 372 LIB.
2469 320 2512 372 Ι.

3435 328 3539 380 226

47 457 317 508 haereseos
352 454 748 524 reprehendit,
781 453 945 523 quasi
979 452 1125 506 male
1157 452 1477 522 scripserit;
1511 453 1609 506 sed
1640 468 1727 505 re-
1767 455 1809 506 Α
1842 467 1970 524 rum
2016 452 2381 519 testimoniis,
2430 453 2546 506 imo
2594 453 2746 506 hisce
2796 454 3158 523 potissimum
3217 457 3538 513 rationibus

46 528 215 579 fertur
286 525 345 577 in
408 526 730 593 catalognm
789 524 1130 592 scriptorum
1195 524 1729 588 ecclesiasticarum,

46 604 96 649 ut
132 597 214 647 vir
243 611 360 647 non
395 596 589 648 minus
613 596 722 647 vita
753 610 923 663 quam
959 594 1235 659 doctrina,
1270 595 1501 662 ingenio
1534 600 1591 647 et
1622 594 1730 646 elo-

43 666 169 735 quio
200 666 445 731 insignis
477 673 531 716 et
554 665 887 717 catholicus.
929 686 947 708 ι

107 738 388 787 Aubertus
417 736 645 789 Mimans
678 736 733 789 in
762 735 1000 788 Scholiis
1024 735 1091 786 ad
1130 734 1429 801 praefatum
1463 733 1731 799 Sigiberti

42 815 239 876 caput:
277 827 303 853 ‹‹
362 808 693 861 Bertramus
743 806 968 874 scripsit
1002 805 1209 876 librum
1273 805 1342 857 de
1396 806 1647 876 Corpore
1679 811 1734 857 et

42 875 324 940 Sanguine
369 877 618 941 Domini,
670 892 937 929 excusum
989 875 1239 929 Coloniae
1296 877 1448 941 l532,
1498 875 1731 929 Basileze

43 949 93 999 in
132 947 667 1017 Mycmpresbylico,
713 951 768 999 et
805 946 961 1011 alibi,
1005 945 1101 998 sed
1160 946 1495 1017 damnatum
1528 962 1560 997 ει
1606 946 1732 999 Tri-

42 1015 285 1069 dentinis
326 1015 686 1070 censoribus.
743 1018 827 1069 Ita
859 1018 1113 1069 Molanus
1142 1016 1201 1068 in
1244 1015 1591 1069 Bibliotheca
1622 1032 1729 1069 ms.

45 1089 297 1140 Heeretici
327 1104 458 1141 eum
489 1089 666 1157 primi
698 1089 845 1156 typis
874 1088 1201 1148 ediderunt,
1236 1087 1614 1156 videnturque
1644 1088 1731 1139 illi

44 1158 347 1210 inseruisse
393 1175 753 1228 quaecunque
802 1159 884 1210 vel
934 1157 1171 1228 obscura
1225 1157 1308 1209 vel
1368 1158 1425 1209 in
1486 1158 1732 1227 speciem

66 1245 203 1280 irave
256 1227 525 1281 sonantia
557 1227 844 1298 leguntur.
876 1227 1144 1280 Plurimis
1182 1232 1331 1279 certe
1376 1228 1508 1280 locis
1541 1244 1732 1281 veram

46 1297 241 1352 Christi
315 1297 679 1368 praesentiam
733 1299 937 1350 astruit
1009 1302 1064 1351 et
1136 1298 1734 1351 transsubstantiatio-

48 1385 165 1421 nem
198 1370 385 1435 docet,
418 1375 482 1422 nt
522 1385 595 1422 ne
624 1370 746 1438 ipse
778 1368 1009 1438 quidem
1043 1368 1418 1436 interpolator
1447 1369 1501 1421 id
1531 1369 1636 1421 sub
1666 1368 1732 1421 ﬁ-

49 1456 166 1492 nem
214 1440 559 1501 dissimulet,
601 1440 793 1492 dicens
824 1443 1002 1492 multa
1034 1454 1146 1491 non
1179 1440 1466 1509 cohazrere
1496 1444 1551 1491 et
1581 1455 1730 1509 prae-

50 1512 295 1563 cedentia
347 1512 720 1579 sequentibus
767 1510 1173 1563 contradicere.
1228 1510 1340 1562 Hoc
1401 1508 1551 1562 inter
1593 1512 1732 1563 alios

49 1581 356 1632 observavit
408 1582 863 1634 Bartholommus
916 1581 1117 1633 Petrus
1166 1579 1500 1647 Lintrensis,
1534 1580 1734 1634 doctor

46 1650 381 1720 Tlieologus.
416 1671 442 1699 »

115 1722 395 1774 Dionisius
450 1722 715 1774 PETAvms
761 1721 817 1773 S.
875 1721 922 1773 J.
973 1720 1451 1781 Theologicorum
1488 1721 1731 1789 Dogma-

1844 521 2148 595 a_dd_uctn_s.
2195 523 2386 595 Altera
2440 530 2544 587 est,
2579 521 2967 593 septingentos
3014 542 3116 595 per
3147 543 3328 580 annos
3361 530 3537 582 barre-

1842 592 1918 644 sis
1952 592 2101 645 haud
2138 592 2531 646 insimulatum
2566 592 2791 647 ab’ullo
2817 592 3112 664 scriptore,
3145 599 3354 651 nedum
3380 600 3534 654 dam-

1845 664 2475 738 natumRatramnum.
2511 664 2700 716 Altera
2732 680 2886 738 vero,
2939 682 3132 738 neque
3174 668 3241 720 ab
3275 669 3397 738 ipso
3432 671 3533 724 Be-

1841 734 2109 808 rengario
2142 734 2542 808 hmresiarcha,
2588 750 2777 808 neque
2825 737 2894 787 ab
2937 734 3059 808 ejus
3106 734 3399 808 discipulis
3444 757 3533 794 us-

1843 818 2015 876 quam
2047 804 2679 876 laudatumﬂrepereris.
2715 805 2812 876 His
2842 807 3055 859 accedit
3075 809 3224 876 quod
3250 804 3532 864 immunis

1842 874 2119 927 exstiterit
2160 874 2300 927 liber
2331 875 2424 927 ille
2474 875 2767 928 Ratramni
2815 892 2843 927 a
2874 874 3111 928 censura
3141 879 3363 932 Consilii
3397 881 3530 933 Ver-

1841 944 2210 1019 cellensis,_in
2243 961 2355 1014 quo
2384 946 2712 1019 Berengarii
2742 946 2989 1019 impium,
3018 947 3529 1019 dogmasimulque

1839 1014 2070 1089 Joannis
2114 1015 2390 1084 Erigenm,
2434 1017 2549 1089 sive
2609 1017 2782 1077 Scoti,
2838 1014 3109 1085 ejusdem
3144 1018 3340 1071 farinae
3382 1014 3530 1089 opu-

1840 1086 1996 1138 scula
2038 1091 2251 1138 aeterno
2304 1088 2666 1139 anathemate
2698 1090 2857 1139 fuere
2902 1090 3180 1156 perculsa.
3235 1086 3531 1144 Postremo

1841 1156 2137 1229 subjungit
2189 1156 2572 1229 Sanbovaeus:
2624 1158 2739 1229 Etsi
2788 1174 2931 1226 opus
2978 1158 3120 1229 illud
3169 1159 3237 1212 de
3284 1160 3533 1229 Corpore

1841 1231 1895 1278 et
1928 1226 2215 1297 Sanguine
2270 1227 2518 1292 Domini,
2574 1227 2727 1297 quod
2775 1228 3050 1281 Bertrami
3096 1226 3528 1297 prtesefert—no-

1844 1312 1993 1363 men,
2028 1296 2312 1365 genuinus
2356 1304 2504 1350 esset
2536 1296 2712 1368 ipsius
2744 1297 2909 1362 fetus,
2948 1296 3302 1369 minimeque
3333 1316 3528 1354 corru-

1838 1372 1991 1435 ptus,
2027 1369 2679 1437 interpolatusve,suum
2710 1384 2831 1421 esse
2854 1370 3234 1422 nihilominus
3265 1371 3527 1433 Retram-

1841 1453 1979 1489 num
2009 1442 2293 1502 nostrum,
2326 1439 2410 1491 vel
2458 1454 2577 1491 suae
2624 1438 2830 1492 haeresi
2877 1439 3181 1495 faventem.
3218 1440 3291 1494 ob
3338 1458 3532 1496 naevos

1843 1524 1907 1560 eo
1936 1508 1995 1559 in
2033 1524 2205 1576 opere
2253 1515 2570 1573 contentos,
2611 1510 2897 1563 incassum
2936 1511 3281 1579 persuadere
3313 1528 3526 1566 conan-

1842 1578 2249 1649 torhazretici:
2310 1579 2524 1648 quippe
2578 1580 2673 1649 qui
2712 1578 2979 1632 continuo
3012 1581 3070 1633 in
3109 1582 3363 1635 Ecclesiae
3396 1584 3525 1636 sinu

1841 1648 1995 1709 vixit,
2055 1664 2117 1700 ac
2165 1649 2385 1717 placide
2416 1650 2473 1702 in
2508 1648 2630 1718 ejus
2663 1650 3013 1703 obdormivit
3042 1652 3456 1706 communione.
3497 1672 3524 1703 ι)

1841 1719 2112 1789 Aitenim
2146 1719 2440 1772 Facundus
2471 1720 2570 1773 lib.
2599 1735 2657 1786 κ,
2684 1737 2805 1789 cap.
2842 1723 2908 1772 ὅς
2944 1737 2972 1770 (ι
3002 1721 3123 1773 Non
3156 1737 3219 1774 ex
3253 1724 3360 1775 levi
3392 1739 3529 1776 sono

48 1796 161 1843 tum
191 1798 349 1844 toruo
404 1793 470 1847 ll.
508 1793 606 1844 lib.
640 1807 735 1853 νυ,
768 1806 891 1858 cap.
947 1793 1001 1851 2,
1034 1795 1164 1842 ante
1211 1791 1407 1853 linem,
1442 1788 1731 1846 Batramm'
1770 1798 1808 1850 Β
1842 1788 2167 1851 verborum,
2224 1790 2322 1841 sed
2392 1805 2459 1842 ex
2517 1788 2837 1843 intentione
2908 1791 3144 1843 dicentis
3193 1792 3528 1846 aestimanda

50 1869 298 1928 tanquam
332 1863 584 1915 catholici
624 1862 925 1927 nobilisque
961 1863 1243 1927 scriptoris
1274 1864 1596 1915 auctoritate
1619 1866 1731 1916 uti-

51 1939 146 1992 tur,
178 1935 458 2000 explicans
494 1948 667 1985 vocem
702 1932 979 2000 Filioque.
1014 1932 1265 1984 additum
1307 1931 1380 1984 ad
1421 1932 1729 2000 Symbolum

50 2003 724 2070 Constantinopolitanum.
806 2023 829 2046 ες
913 2000 1059 2064 Quin
1119 2001 1289 2053 etiam
1365 2002 1727 2071 Ratramnus,

52 2074 363 2125 Corbeinsis
405 2074 736 2136 monachus,
770 2072 829 2124 in
879 2072 976 2123 lib.
1029 2088 1065 2123 ii
1114 2087 1217 2140 pro
1260 2072 1517 2125 Romana
1551 2075 1731 2127 Eccle-

51 2146 123 2194 sia
167 2150 363 2196 contra
411 2144 657 2207 Grecos,
692 2158 864 2212 quem
907 2142 1053 2194 circa
1091 2158 1307 2195 annum
1352 2145 1455 2196 868
1484 2144 1727 2212 scripsit,

52 2214 227 2266 Photii
264 2220 549 2283 tempore,
588 2220 864 2282 tanquam
897 2214 966 2265 ab
1003 2213 1117 2265 illis
1149 2214 1437 2279 objectum
1472 2217 1729 2283 corrupti

50 2285 278 2351 symboli
322 2285 540 2336 crimen
571 2284 759 2347 diluit,
811 2305 838 2331 ››
885 2290 989 2336 etc.
1032 2285 1110 2337 Ac
1140 2284 1359 2336 subdit:
1415 2305 1441 2332 (ε
1493 2283 1732 2354 Scripsit.

50 2362 222 2407 autem
258 2355 623 2417 Ratramnus,
652 2360 714 2407 ut
736 2354 857 2423 jam
890 2354 1105 2407 dictum
1139 2360 1243 2417 est,
1279 2359 1408 2423 post
1436 2361 1729 2424 acceptam

51 2425 249 2477 Nicolai
303 2426 670 2494 Encyclicam,
725 2440 900 2494 quam
931 2424 998 2477 ad
1056 2425 1423 2477 Hincmarum
1472 2429 1527 2477 et
1587 2426 1729 2479 alios

52 2497 337 2563 episcopos
387 2498 443 2548 in
479 2512 658 2566 regno
708 2497 895 2548 Caroli
927 2495 1078 2548 Calvi
1107 2496 1464 2566 constitutos
1497 2496 1728 2549 miserat

51 2584 186 2617 anno
212 2569 335 2626 867,
374 2574 433 2619 ut
462 2565 561 2619 eos
583 2567 907 2619 hortaretur
937 2566 1006 2618 ad
1030 2565 1369 2619 refellendas
1400 2566 1726 2620 Griecorum

49 2636 369 2697 calumnias,
403 2636 675 2689 adversus
714 2637 1033 2690 Romanam
1069 2636 1371 2689 Ecclesiam
1415 2636 1666 2705 objectas
1695 2654 1728 2689 a

52 2707 303 2759 Michaele
347 2707 691 2776 imperatore
740 2711 794 2758 et
838 2706 1044 2759 Basilio
1093 2706 1151 2758 in
1204 2706 1445 2776 epistola
1479 2708 1725 2777 quadam

51 2778 108 2828 ad
136 2794 191 2829 se
224 2778 450 2846 scripta.
491 2798 518 2825 ››

105 2848 347 2901 Joannes
403 2864 468 2900 ne
516 2847 762 2910 LAUNOY,
798 2847 997 2900 doctor
1028 2846 1378 2912 Parisiensis,
1411 2846 1469 2899 in
1504 2847 1725 2900 disser-

48 2919 252 2970 tatione
300 2918 366 2971 de
422 2920 597 2971 veteri
640 2918 899 2970 ciborum
956 2919 1203 2979 Delectu,
1253 2923 1382 2980 etc.,
1436 2932 1569 2986 pag.
1624 2921 1720 2972 l3:

53 3012 67 3032 -
118 2989 439 3041 Graecorum
493 2988 803 3057 objectioni
857 2988 934 3039 sic
987 2988 1293 3056 respondet
1353 2988 1719 3053 Ratramnus,

52 3059 363 3111 tlorbeinsis
403 3059 735 3121 monachus,
772 3058 827 3110 in
859 3073 1032 3126 opere
1077 3057 1224 3127 quod
1261 3064 1393 3110 tunc
1425 3059 1721 3128 episcopo—

1842 1866 1975 1912 sunt
2004 1876 2131 1928 quae
2189 1860 2474 1913 dicuntur.
2534 1861 2780 1913 Dicentis
2839 1866 3030 1914 autem
3080 1862 3346 1927 intentio,
3396 1879 3528 1916 cum

1833 1930 1952 2003 jam
2004 1946 2247 2003 persona
2279 1930 2544 2003 defuncta
2588 1938 2689 1984 est.
2728 1947 2795 1984 ex
2821 1930 3253 2003 communione
3292 1932 3531 2003 religio-

1839 1999 1955 2052 sius
2015 2001 2349 2053 aastimatur.
2409 2020 2435 2049 ιι
2492 2002 2555 2054 Et
2603 2016 2738 2053 sane
2785 2001 2853 2053 ab
2904 2002 3382 2056 lieterodoxorum
3405 1999 3527 2056 Vca-

1840 2071 2057 2123 lnmnia
2106 2072 2380 2123 catholicc
2434 2071 2659 2124 defendi
2724 2078 2914 2140 posset
2979 2074 3344 2135 Hatramnus,
3415 2090 3529 2127 non

1840 2157 1999 2193 secus
2048 2148 2219 2210 atque
2269 2142 2406 2193 olim
2459 2141 2791 2209 Dionysium
2845 2144 3297 2195 Alexandrinum
3350 2144 3533 2198 vindi-

1840 2213 1985 2283 cavit
2018 2213 2390 2283 Athanasius.
2416 2232 2442 2258 «
2494 2212 2687 2283 Magni
2733 2218 2882 2264 certe
2932 2213 3257 2281 argumenti
3290 2218 3375 2266 est
3425 2215 3531 2283 (in-

1838 2282 1961 2351 quit
2013 2282 2132 2350 ipse
2188 2284 2244 2333 in
2305 2282 2545 2350 epistola.
2598 2284 2666 2335 de
2716 2282 2962 2351 Dionysii
3000 2283 3283 2336 sententia
3329 2282 3529 2337 contra

1838 2352 2096 2421 Arianos)
2130 2368 2199 2404 ne
2233 2353 2293 2404 in
2346 2355 2448 2405 hoc
2497 2352 2729 2422 quidem
2770 2352 2898 2405 illos
2942 2368 3139 2406 verum
3184 2354 3391 2418 dicere,
3428 2356 3527 2409 sed

1837 2424 2139 2475 calumniis
2190 2422 2375 2475 virum
2428 2438 2710 2491 premere,
2753 2424 2904 2492 quod
2957 2424 3053 2475 ille
3106 2439 3405 2493 nunquam
3458 2425 3528 2478 ab

1835 2493 1961 2546 aliis
1987 2494 2269 2562 episcopis
2311 2494 2379 2546 de
2415 2494 2705 2562 impietate
2738 2494 3028 2546 convictus
3066 2500 3169 2558 est,
3203 2510 3391 2563 neque
3418 2495 3527 2548 hee-

1837 2564 2004 2616 resim
2038 2564 2457 2633 propugnando
2497 2563 2566 2616 ab
2610 2564 2852 2616 Ecclesia
2905 2564 3153 2627 secessit,
3202 2564 3297 2616 sed
3344 2564 3404 2617 in
3462 2581 3529 2618 ea

1834 2649 1961 2685 cum
1994 2635 2207 2702 pietate
2238 2633 2617 2700 obdormivit;
2648 2633 2914 2703 quodque
2958 2634 3079 2701 ejus
3118 2635 3395 2687 memoria
3434 2634 3529 2687 ha-

1833 2710 2030 2756 ctenus
2075 2720 2202 2757 cum
2251 2704 2513 2757 Patribus
2559 2703 2854 2774 hucusque
2886 2704 3169 2757 celebrata
3202 2708 3303 2768 est,
3361 2709 3416 2757 et
3466 2706 3527 2758 in

1833 2774 2157 2841 catalognm
2190 2774 2400 2838 relata;
2435 2775 2533 2843 qui
2564 2775 2611 2827 si
2646 2789 2773 2827 cum
2805 2774 2928 2827 istis
2957 2774 3217 2843 ejusdem
3241 2774 3529 2843 opinionis

1832 2844 2047 2903 fuisset,
2105 2850 2202 2897 aut
2266 2845 2312 2896 si
2373 2845 2710 2914 scriptorum
2771 2860 3007 2897 suorum
3067 2845 3347 2897 rationem
3408 2861 3527 2899 non

1835 2915 2190 2979 reddidisset,
2248 2914 2483 2967 minime
2542 2915 2783 2967 dubium
2831 2915 2975 2984 quin
3023 2915 3222 2967 eadem
3271 2930 3398 2984 quae
3442 2916 3526 2969 illi

1831 3000 2029 3054 passus
2062 2984 2275 3038 fuisset.
2325 3006 2344 3031 ι
2394 2984 2643 3038 Tandem
2680 3001 2811 3037 vero
2844 3000 2973 3037 cum
3019 2990 3133 3037 tam
3166 2986 3438 3054 praeclara
3470 2991 3527 3039 et

1832 3060 2028 3124 aperta
2060 3055 2117 3106 in
2166 3054 2399 3124 praefato
2450 3055 2744 3108 Ratramni
2785 3070 2957 3125 opere
3008 3058 3219 3107 realem
3266 3056 3526 3124 corporis

52 3144 162 3181 rem
194 3130 526 3181 auctoritate
575 3135 773 3181 contra
816 3125 1041 3181 Graecos
1086 3125 1169 3179 vir
1219 3129 1315 3180 ille
1364 3125 1726 3182 doctissimus
1763 3129 1800 3182 C
1835 3134 1889 3178 et
1932 3125 2226 3195 sanguinis
2267 3125 2472 3178 Christi
2524 3126 2888 3195 praesentiam
2933 3125 3037 3178 sub
3082 3125 3378 3195 speciebus
3431 3143 3526 3178 eu-

51 3200 388 3269 conscripsit.
440 3199 514 3252 Ex
556 3199 656 3252 lib.
694 3215 746 3251 iv
793 3199 962 3268 hujus
990 3198 1201 3267 operis,
1236 3219 1255 3245 ι
1292 3204 1399 3251 etc.
1434 3198 1564 3252 Inde
1591 3214 1725 3267 pro-

54 3273 207 3322 lixam
237 3274 521 3338 pericopen
549 3274 836 3338 excerpsit.

110 3337 387 3392 Gilbertus
422 3337 721 3405 Mannum,
758 3339 881 3408 regi
926 3356 959 3391 a
1004 3338 1277 3398 consiliis.
1324 3337 1384 3392 in
1426 3338 1722 3392 Historiam

51 3415 95 3460 et
123 3410 545 3480 Chronologicas
596 3410 1021 3463 Dissertationis
1067 3409 1248 3479 capite
1288 3412 1370 3473 l7,
1404 3410 1471 3462 ad
1507 3425 1720 3463 annum

51 3482 157 3532 8-50.
192 3502 217 3529 σι
274 3481 386 3535 Hoc
431 3482 603 3533 etiam
640 3497 791 3533 anno
832 3482 1195 3543 Ratramnus,
1236 3480 1559 3533 Corbr-insis
1591 3496 1721 3532 mo-

54 3554 243 3603 nachus
285 3567 400 3604 non
432 3552 571 3604 levis
617 3556 923 3604 armatura
972 3551 1031 3603 in
1083 3550 1324 3603 Ecclesia
1356 3549 1565 3603 Christi
1614 3551 1721 3603 mi-

54 3624 137 3681 les,
168 3622 322 3690 regio
351 3622 622 3675 mandato
654 3621 1080 3691 obtemperans,
1113 3621 1257 3675 duos
1281 3620 1452 3673 libros
1477 3620 1545 3673 de
1577 3622 1724 3673 Prie-

53 3690 408 3812 gfitinatione
482 3690 914 3763 composuit.)
981 3692 1119 3757 Quos
1190 3692 1281 3744 ille
1352 3694 1564 3760 primus
1616 3692 1725 3744 luci

96 3786 120 3811 Δί
146 3780 161 3812 ὶ
190 3802 202 3812 .

96 3764 202 3815 edit.

110 3832 337 3886 Iacobus
379 3848 445 3884 ne
490 3833 685 3885 Sume
739 3832 975 3897 Baurve,
1031 3831 1215 3884 socius
1266 3830 1612 3884 Sorbonicus
1660 3848 1723 3885 ac

56 3902 219 3969 regius
267 3903 575 3971 professor,
626 3907 921 3955 tractatum
972 3903 1037 3955 de
1090 3902 1445 3956 Eucharistia
1491 3904 1549 3954 in
1595 3902 1721 3956 Sor-

56 3972 177 4025 buaa
203 3973 397 4026 scholis
430 3976 542 4041 ipse
562 3974 876 4041 praelegens,
909 3974 1269 4027 Ratramnum
1318 3973 1502 4025 multis
1550 3974 1725 4039 iisque

56 4058 142 4092 non
176 4045 392 4110 rulguri
424 4044 725 4097 eruditione
748 4045 969 4109 refertis
1000 4045 1210 4109 egregie
1236 4043 1501 4097 vindicat.
1534 4042 1723 4096 Primo

57 4112 257 4179 quidem
308 4118 438 4182 post
485 4113 859 4183 Sigibertum.
902 4112 1303 4175 Tritheminm,
1350 4114 1723 4181 Espencesnm

53 4189 99 4232 et
128 4183 491 4248 Sanctesium,
533 4184 684 4237 inter
732 4184 1142 4237 ecclesiasticos
1185 4184 1491 4252 scriptores
1523 4183 1723 4236 ortho-

56 4252 319 4323 doxosque
366 4254 545 4307 locum
597 4254 916 4307 obtinuisse
950 4254 1347 4317 Ratramnum,
1395 4252 1600 4306 deinde
1629 4269 1720 4306 ca—

58 4322 302 4394 tholicum
333 4339 476 4394 opus
519 4325 588 4378 de
625 4325 873 4393 Corpore
903 4330 959 4378 et
991 4323 1543 4394 SanguineDomini
1574 4339 1724 4377 com-

61 4392 279 4457 posuisse
316 4393 509 4459 docet;
561 4392 753 4448 fretus
774 4410 890 4448 non
938 4392 1163 4448 tantum
1193 4392 1458 4464 Sigiberti
1508 4398 1565 4447 et
1596 4394 1724 4447 alio-

1834 3196 2153 3249 charisticis
2182 3197 2423 3264 probent
2459 3212 2521 3248 ac
2559 3196 3278 3260 transsubstantiationem,
3322 3196 3527 3250 obscu-

1750 3314 1757 3317 Α
1834 3266 1985 3319 riora
2034 3267 2276 3335 proinde
2309 3273 2365 3318 et
2410 3266 2731 3319 difﬁciliora
2763 3266 2831 3319 ad
2873 3266 3253 3319 orthodoxum
3296 3282 3526 3320 sensum

1834 3336 2081 3406 benigne
2119 3342 2339 3406 queunt
2385 3336 2684 3400 elucidari;
2729 3352 2794 3389 ex
2841 3337 3055 3406 Regula
3106 3336 3383 3389 nimirum
3433 3337 3529 3390 Fa-

1835 3411 2026 3471 cundi,
2072 3407 2169 3461 lib.
2210 3424 2285 3473 1x,
2321 3422 2368 3460 c.
2412 3411 2483 3461 5:
2546 3425 2574 3457 α
2626 3406 3118 3470 Quemadmodum
3174 3407 3530 3461 calumnian-

1835 3479 1979 3531 tium
2036 3477 2435 3530 hmreticorum
2483 3483 2567 3530 est
2623 3494 2691 3530 ex
2742 3477 2934 3531 dubiis
2989 3483 3048 3530 et
3094 3476 3349 3530 obscuris
3399 3493 3528 3547 quas

1832 3556 1987 3601 certa
2033 3555 2088 3601 et
2118 3548 2416 3601 manifesta
2466 3553 2599 3601 sunt
2627 3549 2776 3601 male
2806 3547 3188 3616 interpretati,
3231 3548 3291 3600 in
3322 3548 3400 3601 ita
3430 3549 3530 3601 sal-

1834 3634 1966 3672 vum
2018 3623 2103 3671 est
2149 3618 2469 3687 prudentiae
2520 3634 2582 3671 ac
2617 3617 2844 3687 pietatis
2884 3617 3179 3670 catholicae
3207 3633 3273 3669 ex
3303 3617 3529 3671 indubi-

1834 3689 1965 3742 tatis
1998 3686 2170 3758 atque
2210 3688 2569 3741 evidentibus
2599 3686 2656 3740 et
2685 3688 2911 3758 ﬁrmare
2944 3686 3215 3758 ambigua
3265 3687 3527 3758 et_laten-

1832 3760 1912 3812 tia
1941 3756 2247 3812 declarare.
2284 3759 2338 3813 Si
2395 3758 2496 3828 qui
2536 3773 2667 3811 vero
2711 3757 3017 3810 orthodoxi
3068 3757 3237 3809 etiam
3272 3756 3431 3828 aliud
3456 3757 3529 3811 fa-

1833 3828 2100 3882 ciendum
2129 3827 2473 3898 putaverint,
2515 3844 2631 3882 non
2672 3832 2806 3880 sunt
2851 3828 2909 3879 in
2950 3828 3056 3879 hoc
3090 3844 3119 3878 a
3148 3827 3527 3897 prudentibus

1833 3900 2118 3953 imitandi.
2149 3918 2177 3949 ι)

1907 3972 2034 4024 [lch
2080 3969 2370 4033 Acherius,
2407 3968 2503 4039 qui
2537 3972 2816 4039 praeterea
2849 3971 3045 4020 monet
3072 3983 3167 4020 eos
3198 3965 3376 4039 libros
3405 3984 3527 4039 ase

1835 4041 2016 4094 editos
2069 4057 2189 4093 esse
2231 4056 2295 4092 ex
2347 4037 2554 4093 codice‘
2587 4039 2876 4092 Thuaneo.
2923 4040 3084 4093 Hunc
3128 4037 3390 4091 codicem
3433 4037 3528 4092 de-

1835 4111 1968 4164 inde
2022 4109 2281 4164 Baluzius
2333 4110 2575 4163 contulit
2650 4110 2708 4161 in
2778 4109 3114 4162 bibliotheca
3176 4107 3525 4175 Colbertina,

1836 4197 2084 4251 eumque
2135 4182 2449 4250 diligentias
2503 4196 2619 4251 suae
2658 4179 3204 4251 ifructumhretulit‘.
3258 4179 3441 4251 quodk
3466 4180 3525 4232 in

1834 4248 2133 4305 nonnullis
2178 4248 2314 4304 locis
2346 4250 2726 4320 deprehendit
2750 4249 2973 4304 Acherii
2998 4249 3294 4320 librarium
3325 4249 3385 4302 in
3412 4248 3529 4303 Ra-

1835 4322 2046 4375 tramni
2086 4337 2257 4392 opere
2308 4319 2679 4375 exscribenda
2733 4320 2977 4373 nimium
3030 4319 3263 4388 ingenio
3309 4336 3413 4373 suo
3444 4321 3526 4373 in-

1834 4392 2094 4446 dulsisse.

1411 4736 1692 4808 LIBER
1748 4734 2135 4807 PRIMUS.

1630 4917 1921 4925 -..——-_r._.._—‘

587 5095 813 5152 CAPUT
846 5092 1142 5148 PRIMUM.

72 5204 302 5258 Michaelis
331 5209 382 5259 et
402 5204 594 5258 Basilii
622 5205 796 5271 impp.
827 5203 1091 5270 oppositis
1120 5200 1415 5269 responsio.
1452 5197 1714 5265 Opposita

704 5273 1027 5328 Grecorum.

126 5362 366 5432 Opposita
418 5363 622 5433 quibus
680 5361 915 5415 Michael
959 5365 1015 5414 et
1071 5358 1331 5424 Basilius,
1388 5357 1713 5411 Graecorum

78 5458 418 5519 Imperatores,
442 5452 757 5505 Romanam
795 5448 1098 5502 Ecclesiam
1152 5446 1431 5500 infamare
1491 5458 1710 5497 conan-

78 5541 253 5595 tar,vel
301 5540 459 5602 falsa,
518 5538 605 5592 vel
666 5535 957 5600 haeretica,
1009 5536 1097 5589 vel
1151 5531 1564 5603 superstitiosa,
1622 5527 1711 5583 vel

80 5626 339 5694 lﬂcligiosa
366 5627 489 5679 fore
511 5626 955 5695 cognoscuntur.
980 5621 1336 5690 Quapropter
1353 5618 1557 5672 merito
1576 5631 1713 5669 con-

84 5714 272 5779 temptui
300 5713 591 5782 subjaeere
624 5711 922 5775 deberent,
942 5708 1055 5762 nisi
1075 5706 1531 5761 consideraretur
1560 5702 1714 5773 quod

86 5796 373 5866 duplicibus
406 5802 717 5869 minusque
765 5795 1066 5869 capacibus
1101 5794 1432 5849 scandalum
1466 5789 1713 5845 laesionis

1755 5088 1796 5140 Ι)
1828 5086 2037 5140 inferre
2058 5084 2333 5148 valerent,
2367 5079 2625 5149 illudque
2667 5075 3091 5133 Salomonicum
3135 5077 3353 5149 Spiritu
3392 5096 3520 5136 san-

1822 5178 1911 5229 cto
1958 5171 2299 5243 prolatum:
2347 5167 2623 5235 Responde
2688 5165 2855 5220 stulto
2894 5165 3186 5220 secundum
3228 5168 3524 5223 stultitiam

1822 5277 1998 5327 suam,
2039 5275 2106 5313 ne
2145 5258 2253 5312 sibi
2301 5258 2519 5325 sapiens
2566 5269 2676 5309 esse
2711 5252 2967 5307 videatur
3014 5253 3194 5323 (Prov.
3241 5271 3391 5325 xxvi,
3442 5259 3520 5325 5).

1824 5351 1966 5404 Cum
1988 5347 2141 5402 enim
2167 5345 2358 5399 dicant
2387 5342 2541 5413 quod
2567 5342 2813 5396 chrisma
2836 5340 3208 5397 conﬁciemus
3236 5359 3305 5397 ex
3335 5360 3520 5415 aqua;

1820 5445 1875 5493 et
1906 5436 2062 5509 quod
2110 5449 2324 5504 agnum
2361 5433 2451 5486 die
2482 5436 2675 5486 sancto
2723 5430 2953 5485 Paschae
2995 5448 3169 5503 super
3199 5433 3377 5487 altare
3408 5449 3523 5487 una

1822 5542 1952 5580 cum
2009 5521 2305 5577 Dominico
2365 5535 2603 5590 corpore
2654 5519 2994 5574 sacrandum
3064 5521 3396 5576 Iudaeorum
3453 5522 3521 5575 de

1820 5629 1979 5668 more
2004 5625 2309 5682 ponamus,
2356 5624 2549 5662 nonne
2602 5609 2903 5663 manifeste
2954 5607 3360 5662 mentiuntur?
3408 5608 3519 5661 Nec

1825 5702 2033 5755 timent
2077 5695 2222 5751 illud
2268 5693 2584 5749 Psalmistm
2634 5694 2853 5766 Spiritu
2904 5697 3101 5749 sancto
3167 5693 3455 5765 loquentis
3503 5709 3517 5746 :

1826 5787 2018 5842 Perdes
2069 5797 2245 5841 omnes
2291 5784 2389 5852 qui
2422 5782 2721 5852 loquuntur
2754 5779 3097 5838 mendacium
3144 5780 3311 5851 (Psal.
3349 5796 3401 5845 v,
3440 5779 3513 5847 7).
