3890 6230
343 296 442 349 227

1494 267 1852 339 RATRAMNI
1891 280 2351 337 CORBEIENSIS
2392 276 2703 333 MONACHI
3715 272 3790 321 ραις

344 425 409 478 Et
429 422 579 494 quod
615 421 753 474 alibi
782 420 1024 491 Spiritus
1074 422 1301 472 sanctus
1351 416 1780 471 comminatur:
1840 415 2028 469 Falsus
2067 417 2109 470 A
2141 428 2244 482 per
2272 400 2696 465 invocationem
2744 411 2953 461 sanctae
3001 406 3296 461 Trinitatis
3355 404 3667 459 facientes?
3709 404 3789 456 Sn-

345 512 493 565 testis
523 525 625 563 non
654 511 756 563 erit
781 510 1079 577 impunitus
1110 507 1287 575 (Prov.
1320 522 1430 570 xxx,
1467 509 1518 569 5,
1555 506 1625 571 9).
1657 504 1831 568 Idem,
1880 502 2033 573 quod

343 599 571 670 culpare
600 598 864 652 nituntur
903 613 1019 650 non
1057 597 1244 649 solum
1284 596 1621 653 Romanam.
1657 608 1856 645 verum
1910 607 2033 645 om-

342 704 474 741 nem
510 687 767 740 Latinam
805 685 1129 749 Ecclesiam,
1175 683 1327 753 quod
1355 682 1630 751 Spiritum
1661 686 1919 734 sanctum
1966 680 2031 730 de.

343 779 505 831 Patre
540 776 799 847 Filioque
824 773 1132 845 procedere
1161 771 1556 836 conﬁteamur,
1593 768 1910 823 secundum
1940 787 2031 820 ca-

342 864 608 919 tholicam
641 864 835 930 ﬁdem,
859 879 989 917 cum
1020 862 1102 915 illi
1133 865 1353 914 tantum
1377 860 1587 927 dicant,
1611 874 1743 912 eum
1766 858 1834 911 de
1868 859 2033 910 Patre

343 952 674 1023 procedere,
709 968 903 1006 nonne
925 967 980 1006 se
1013 952 1292 1019 haereseos
1314 949 1589 1018 pravitate
1622 946 2031 1011 condemnant,

346 1047 403 1094 et
436 1042 507 1094 ab
539 1041 799 1095 Ecclesiw
828 1038 1234 1091 communione
1265 1041 1579 1097 removent,
1605 1035 1737 1088 etin
1758 1033 2032 1104 Spiritum

347 1133 600 1183 sanctum
637 1127 1073 1199 blasphemant?
1116 1126 1262 1196 quod
1296 1130 1590 1195 peccatum
1640 1121 2034 1176 irremissibile

347 1234 467 1272 esse
521 1218 775 1272 Salvator
823 1218 881 1273 in
939 1215 1239 1285 Evangelio
1312 1218 1657 1284 protestatur
1714 1214 1881 1275 (Marc
1952 1226 2031 1276 ιιι,

346 1308 455 1376 29).
492 1307 609 1360 Nisi
669 1307 815 1359 forte
865 1310 1181 1357 monstrare
1236 1303 1454 1373 possint
1486 1318 1521 1354 a
1558 1300 1674 1354 suis
1723 1298 2036 1368 majoribus

347 1390 639 1444 catholicis
678 1389 813 1441 viris
866 1390 973 1441 hoc
1020 1388 1327 1458 aliquando
1377 1387 1747 1454 denegatum.
1812 1383 2036 1436 Etenim

346 1495 472 1534 cum
531 1479 723 1531 dicant
773 1476 1048 1547 Spiritum
1082 1480 1337 1529 sanctum
1391 1473 1700 1544 procedere
1758 1488 1791 1525 a
1848 1474 2033 1537 Patre,

345 1583 462 1622 non
484 1570 697 1636 negant
727 1570 783 1619 et
830 1582 862 1618 a
912 1565 1052 1617 Filio
1097 1563 1425 1633 procedere.
1480 1560 1643 1624 Quod
1700 1559 1745 1611 si
1795 1558 2037 1627 majores

348 1671 480 1708 suos
530 1654 691 1724 sequi
738 1653 1039 1715 voluerint,
1080 1651 1563 1720 amplexabuntur
1608 1647 1883 1701 catholice
1960 1645 2039 1699 di-

349 1748 524 1808 ctum,
567 1742 875 1812 procedere
927 1740 1202 1811 Spiritum
1266 1743 1526 1791 sanctum
1575 1753 1605 1789 a
1659 1738 1842 1801 Patre,
1872 1724 2038 1787 Isicut

350 1837 405 1884 et
434 1832 523 1883 sui
550 1833 795 1902 majores
825 1835 958 1883 sunt
986 1827 1252 1898 amplexi,
1287 1827 1385 1897 qui
1425 1825 1596 1879 sacris
1630 1823 1833 1878 litteris
1876 1822 2037 1876 insti-

348 1918 459 1971 tuti
490 1918 707 1988 optime
740 1921 1017 1972 noverunt
1050 1914 1348 1985 utriusque
1391 1913 1663 1983 Spiritum
1707 1928 1846 1972 esse.
1890 1910 2041 1963 vide-

350 2006 480 2060 licet
516 2011 632 2060 tam
674 2004 854 2058 Patris
919 2020 1091 2074 quam
1152 2003 1295 2057 Filii.
1348 2001 1510 2066 Quod
1568 2001 1629 2054 in
1670 1999 2040 2070 sequentibus

351 2095 557 2147 clarius
589 2092 1099 2148 demonstrabitur.

1023 2215 1248 2270 CAPUT
1296 2215 1366 2267 Il.

349 2345 547 2397 Iterum
576 2340 640 2394 de
687 2341 990 2396 Grazcorum
1034 2340 1271 2407 objectis.
1314 2368 1381 2378 —
1412 2337 1553 2403 Quid
1598 2336 1833 2389 muneris
1872 2336 2043 2402 impe-

898 2427 1173 2480 ratoribus
1205 2426 1485 2479 incumbit.

422 2534 545 2587 Jam
572 2534 723 2603 quod
751 2548 990 2601 arguere
1012 2536 1314 2595 conantur,
1350 2529 1498 2600 quod
1532 2528 1589 2581 in
1625 2526 1869 2581 Sabbato
1889 2525 2040 2596 jeju-

354 2637 557 2675 namus
587 2621 674 2674 vel
706 2621 855 2690 quod
893 2618 1156 2673 Paschale
1180 2617 1465 2686 jejunium
1509 2632 1625 2669 non
1666 2615 1865 2668 eadem
1915 2628 2041 2666 cum

352 2710 432 2764 eis
457 2709 657 2779 regula
702 2707 1087 2771 celebremus;
1123 2706 1251 2776 quis
1302 2721 1416 2758 non
1461 2704 1642 2758 videat
1688 2706 1902 2773 quanto
1950 2708 2041 2754 tu-

353 2814 533 2861 more,
591 2801 919 2867 quantaque
980 2793 1219 2848 stultitia
1263 2794 1350 2847 vel
1404 2791 1583 2846 inﬂati
1634 2792 1719 2844 vel
1778 2789 2043 2844 excmcati

352 2886 489 2940 talia
520 2884 750 2939 dicant?
778 2887 1039 2953 Arguunt
1067 2883 1416 2952 jejunautes,
1472 2879 1679 2933 iterum
1731 2879 2041 2948 reprehen-

2140 500 2497 571 perstitionis
2526 499 2633 552 ista
2683 495 3193 567 deprehenduntur
3222 510 3390 571 esset
3423 509 3540 547 non
3598 493 3791 561 alicujus
3838 522 3839 525 η

2141 589 2425 658 religiosm
2456 585 2946 641 considerationis.

2213 677 2359 740 Quid
2393 676 2600 729 mirum
2648 673 2981 743 hujusmodi
3010 672 3058 725 si
3090 670 3393 724 calumnias
3425 669 3723 739 procedant
3744 671 3794 722 ab

2143 765 2471 820 hominibus
2502 780 2674 819 sacrae
2702 763 2843 833 legis
2874 762 3091 831 peritis,
3144 758 3403 813 saeculari
3437 759 3690 828 potentia
3715 760 3795 811 tul-
3838 774 3839 781 ‘

2143 855 2232 921 tis,
2267 854 2494 924 imperii
2525 853 2670 907 fastu
2713 850 3171 905 contidentibus?
3213 849 3291 901 De
3322 847 3498 900 sacris
3555 846 3797 914 dogmati-

2142 944 2265 1003 bus,
2322 944 2391 996 de
2437 940 2813 996 ecclesiastico
2864 940 2999 1006 ritu,
3058 953 3173 991 non
3235 937 3668 1005 imperatorum,
3728 936 3801 987 sed

2143 1032 2544 1101 episcoporum
2576 1031 2760 1083 fuerat
2788 1028 3097 1097 disputare.
3152 1024 3495 1079 Discendum
3531 1024 3656 1088 illis,
3715 1040 3800 1076 non

2146 1120 2484 1182 docendum,
2528 1119 2586 1172 in
2620 1116 2863 1171 Ecclesia
2908 1114 3287 1169 ministerium
3319 1112 3684 1165 commissum
3720 1119 3796 1163 est.

2144 1211 2282 1263 Nam
2317 1207 2573 1279 quamvis
2596 1204 2882 1276 imperiali
2913 1203 3189 1274 dignitate
3214 1202 3566 1271 praecellant,
3599 1216 3681 1253 res
3717 1200 3800 1252 illis

2144 1297 2375 1367 publica
2400 1296 2699 1349 commissa
2741 1299 2845 1357 est,
2889 1309 3007 1349 non
3059 1290 3382 1360 episcopale
3427 1288 3799 1345 ministerium.

2147 1386 2527 1455 Imperatores
2594 1384 2661 1436 de
2740 1382 2932 1435 saeculi
3000 1382 3223 1449 legibus
3296 1383 3542 1430 tractare
3599 1377 3802 1439 debent;

2148 1474 2398 1543 episcopi
2429 1488 2559 1545 vero
2586 1471 2655 1525 de
2687 1470 2890 1524 divinis
2915 1468 3278 1539 dogmatibus
3309 1466 3623 1534 disputare.
3661 1465 3803 1516 Suum

2148 1562 2383 1615 modum
2436 1560 2657 1613 studeat
2722 1566 2937 1623 tenere,
3006 1573 3122 1610 non
3197 1555 3447 1608 ofﬁcium
3526 1553 3804 1622 episwpale

2148 1650 2477 1721 praeripere,
2507 1665 2577 1702 ne
2608 1648 2720 1701 illis
2741 1646 3039 1717 proveniat
3062 1645 3212 1715 quod
3248 1643 3395 1698 Ozias
3424 1642 3580 1711 regis
3613 1642 3804 1709 pontiﬁ-

2151 1739 2269 1792 cale
2298 1737 2683 1791 ministerium
2721 1733 3093 1805 praesumenti
3114 1732 3378 1800 contigit;
3426 1730 3529 1801 qui
3576 1729 3807 1782 divinitus

2148 1827 2305 1895 lepra
2338 1841 2635 1894 percussus
2675 1840 2792 1877 non
2835 1822 3022 1875 solum
3070 1839 3104 1874 a
3159 1821 3396 1889 templo,
3454 1834 3651 1872 verum
3699 1824 3744 1868 et
3783 1833 3805 1867 a

2150 1913 2555 1967 communione
2572 1912 2770 1982 populi
2801 1911 3052 1964 noscitur
3069 1910 3281 1978 ejectus
3304 1907 3385 1976 (ΙΙ
3404 1910 3535 1961 Par.
3562 1922 3701 1966 xxvi,
3730 1909 3806 1963 l7}.

2150 2003 2263 2056 Cur
2300 2017 2436 2071 ergo
2482 2006 2738 2054 recentes
2784 2000 2878 2052 isti
2920 1999 3202 2064 doctores,
3266 2002 3324 2051 et
3364 1995 3727 2058 monstruosi,
3765 2000 3809 2045 ut

2148 2091 2231 2145 ita
2255 2090 2529 2153 dicamus,
2576 2091 2970 2158 praeceptores,
3002 2102 3105 2138 suo
3150 2101 3300 2137 nunc
3328 2089 3591 2153 tempore
3630 2084 3685 2136 in
3722 2082 3805 2133 cri-

2152 2196 2282 2233 men
2315 2178 2584 2231 devocare
2615 2181 2914 2243 conantur,
2968 2174 3123 2245 quod
3162 2173 3249 2226 sui
3279 2173 3522 2241 priores,
3574 2172 3621 2224 si
3654 2177 3811 2224 tamen

2152 2267 2409 2321 Ecclesiae
2462 2264 2563 2318 ﬁlii
2610 2268 2762 2330 sunt,
2821 2268 2877 2317 et
2914 2262 3151 2317 unitatis
3180 2261 3472 2315 catholicas
3517 2265 3808 2318 sectatores,

2150 2357 2359 2411 duxere
2391 2369 2615 2423 semper
2670 2350 3100 2407 venerandum?
3161 2351 3360 2403 Nullus
3424 2366 3607 2403 novus
3662 2348 3812 2401 cultus

2151 2442 2299 2512 apud
2336 2443 2650 2496 Romanam
2691 2439 2995 2492 Ecclesiam
3032 2454 3185 2491 nunc
3229 2438 3449 2507 agitur;
3497 2437 3655 2491 nulla
3699 2449 3814 2486 nova

2150 2530 2374 2600 religio,
2414 2530 2567 2583 nulla
2618 2545 2764 2583 nova
2815 2528 3092 2593 doctrina,
3143 2526 3429 2579 institutio
3471 2542 3620 2579 nova
3669 2523 3811 2576 nulla.

2149 2620 2383 2688 Majores
2414 2617 2597 2672 nostri
2627 2634 2753 2688 quae
2785 2621 3041 2680 tenuere,
3078 2631 3205 2685 quae
3254 2615 3521 2680 docuere,
3568 2630 3692 2684 quae
3730 2626 3815 2661 ser-

2151 2708 2336 2761 vanda
2392 2706 2508 2760 suis
2562 2706 2804 2776 posteris
2861 2705 3168 2774 reliquere,
3231 2704 3353 2757 haec
3402 2708 3687 2764 tenemus,
3722 2700 3815 2752 hac

2151 2811 2465 2860 servamus,
2499 2793 2642 2847 nihil
2669 2810 2843 2863 supra
2871 2797 3169 2862 ponentes,
3199 2792 3345 2845 nihil
3388 2791 3473 2845 eis
3501 2792 3813 2845 adimentes.

2151 2885 2311 2949 Quod
2350 2884 2419 2938 de
2476 2888 2666 2937 sancto
2722 2883 2935 2953 Spiritu
2990 2887 3310 2946 senserunt,
3358 2883 3467 2935 hoc
3548 2880 3812 2933 sentimus.

351 2974 495 3027 dunt
524 2989 639 3025 non
665 2973 1021 3042 jejunantes;
1052 2976 1150 3024 aut
1178 2972 1332 3024 enim
1367 2970 1584 3023 bonum
1617 2974 1701 3023 est
1730 2956 2038 3037 jejunium;
2079 2998 2118 3052 ο
2153 2976 2538 3043 Perceperunt
2568 2972 2651 3025 illi
2683 2971 2751 3025 ab
2785 2971 3075 3041 apostolis,
3128 2970 3370 3040 apostoli
3413 2986 3447 3023 a
3494 2970 3712 3024 Christo
3750 2984 3816 3018 ac-

354 3066 452 3115 aut
490 3062 734 3126 malum;
793 3060 840 3113 si
872 3061 1087 3114 bonum
1129 3078 1143 3112 :
1202 3076 1303 3112 cur
1342 3057 1642 3111 accusant?
1697 3057 1744 3109 si
1773 3056 1987 3109 malum
2022 3072 2034 3108 :

351 3163 453 3201 cur
482 3157 745 3201 exercent
775 3147 929 3217 quod
969 3146 1276 3201 accusant?
1318 3145 1575 3199 Forsitan
1632 3160 1723 3197 res
1773 3159 1889 3196 non
1952 3142 2040 3195 sui

352 3236 556 3289 merito
595 3235 917 3301 sancienda,
972 3235 1071 3289 sed
1123 3250 1226 3304 pro
1275 3249 1650 3303 personarum
1716 3231 2041 3300 acceptione

350 3325 664 3395 judicanda
693 3327 809 3391 est;
846 3327 907 3376 ut
932 3323 1219 3393 jejunium
1261 3322 1414 3393 quod
1434 3322 1682 3375 celebrat
1712 3319 1946 3374 Latinus
1970 3320 2044 3373 sit

354 3413 742 3483 arguendem;
776 3412 930 3482 quod
961 3428 1093 3465 vero
1126 3411 1372 3475 Graecus,
1405 3410 1477 3462 sit
1522 3407 1930 3471 venerandum,
1967 3406 2044 3461 sic

346 3502 609 3572 judicant
648 3502 735 3555 vel
778 3501 1024 3555 elatione
1078 3499 1317 3569 decepti,
1388 3498 1477 3552 vel
1532 3496 1768 3551 scientia
1814 3496 2039 3566 privati.

353 3590 487 3655 Quis
506 3595 697 3645 autem
730 3589 877 3643 ferre
906 3588 1087 3659 possit
1130 3588 1283 3659 quod
1341 3585 1761 3657 reprehendere
1793 3585 2045 3655 gestiunt

352 3678 766 3737 continentiam
795 3677 1141 3742 aﬁ‘ectantes,
1171 3694 1203 3729 a
1240 3675 1589 3730 feminarum
1638 3673 1946 3727 concubitu
1986 3688 2044 3725 se

352 3771 728 3833 removentes,
780 3766 965 3819 carnis
1015 3770 1071 3819 et
1102 3764 1311 3819 animae
1366 3764 1725 3819 sanctitatem
1757 3760 2043 3814 aemulan-

354 3854 481 3909 tes?
522 3854 656 3918 Quaa
688 3869 817 3906 cum
856 3853 970 3906 sint
1004 3853 1063 3905 in
1107 3853 1323 3906 cunctis
1369 3850 1704 3905 mortalibus
1752 3848 2044 3919 prasconio

352 3942 540 3995 laudis
582 3942 922 3995 extollenda.
994 3945 1114 3993 tum
1179 3941 1472 4010 prmcipue
1531 3940 1589 3992 in
1656 3938 1799 3991 sacri
1852 3936 2046 3990 altaris

357 4028 620 4093 ministis,
654 4045 903 4099 quorum
944 4034 1028 4082 est
1085 4029 1339 4082 ofﬁcium
1379 4027 1440 4080 in
1483 4027 1655 4080 sacris
1691 4040 1917 4094 semper
1957 4041 2045 4077 as-

357 4116 576 4181 sistere,
611 4116 898 4169 Divinitati
929 4115 1214 4169 servitutis
1244 4115 1585 4185 obsequium
1630 4114 1849 4183 jugiter
1887 4111 2046 4165 exhi-

357 4204 513 4270 bere,
560 4220 665 4273 pro
718 4204 1033 4257 commissis
1089 4204 1316 4273 populis
1370 4203 1623 4257 divinam
1692 4200 2047 4269 majestatem

357 4291 556 4345 diebus
586 4290 853 4344 omnibus
878 4291 1003 4361 jugi
1029 4296 1257 4361 precatu
1281 4291 1535 4360 placare.
1574 4291 1686 4343 Hoc
1702 4289 1839 4359 quia
1869 4289 2047 4342 nostri

358 4380 679 4433 sacerdotes
708 4394 879 4448 agere
929 4380 999 4433 de
1052 4396 1212 4434 more
1270 4380 1548 4449 majorem
1605 4394 1721 4432 non
1752 4376 2045 4443 omittunt,

360 4467 713 4521 infamantur
749 4467 979 4536 nuptias
1004 4468 1297 4521 damnare.
1331 4466 1475 4530 Quid
1509 4467 1632 4520 haec
1680 4466 2047 4535 impugnant,

361 4555 473 4609 nisi
498 4554 878 4625 religionem?
923 4555 1071 4619 Quid
1124 4557 1246 4610 haec
1278 4557 1571 4610 destruere
1602 4554 1885 4619 nituntur,
1941 4553 2052 4606 nisi

361 4644 795 4698 sanctimoniam
842 4644 963 4698 sine
1012 4660 1124 4713 qua
1181 4660 1351 4698 nemo
1395 4644 1619 4713 placere
1676 4645 1866 4712 potest
1898 4642 2052 4696 Deo?

362 4730 497 4794 Quis
518 4748 653 4786 vero
687 4748 806 4785 non
835 4732 1023 4785 videat
1057 4737 1270 4802 quanto
1311 4732 1383 4784 sit
1435 4730 1746 4786 tenendum
1788 4729 2049 4795 ridiculo,

363 4819 432 4873 de
463 4820 656 4873 barbae
704 4818 969 4873 tonsione
1009 4820 1165 4889 quod
1196 4819 1463 4889 culpant:
1506 4819 1595 4871 vel
1618 4818 1767 4889 quod
1819 4818 2053 4888 presby-

363 4906 472 4959 teri
500 4923 677 4977 penes
704 4923 806 4960 nos
855 4906 1283 4977 baptizatorum
1315 4906 1532 4961 frontes
1586 4907 1889 4960 chrismate
1925 4921 2054 4959 san-

364 4996 452 5047 cto
484 5010 599 5047 non
640 4995 851 5062 linunt,
885 4994 981 5049 sed
1020 4995 1128 5049 hoc
1156 4994 1526 5065 privilegium
1558 4994 1927 5065 pontiﬁcibus
1964 5009 2057 5048 re-

365 5081 682 5151 linquunt?
714 5083 858 5135 Num
890 5082 951 5136 in
981 5083 1173 5137 barba:
1204 5085 1291 5137 vel
1321 5083 1603 5148 tonsione,
1635 5083 1723 5136 vel
1758 5099 2055 5138 conserva-

364 5169 546 5240 tione,
583 5174 1000 5239 praeceptorum
1041 5171 1366 5226 divinorum
1414 5171 1809 5242 praevaricatio
1842 5187 2055 5242 cogno-

368 5255 543 5309 scitur
573 5256 727 5310 ulla?
765 5258 852 5311 vel
878 5259 926 5311 si
973 5260 1291 5330 presbyteri
1337 5276 1481 5331 quos
1527 5260 1819 5330 baptizant
1854 5275 2056 5314 eorum

366 5343 584 5398 frontes
640 5345 911 5400 unctione
973 5363 1130 5402 sacra
1183 5364 1297 5402 non
1349 5348 1567 5415 linunt;
1636 5364 1777 5402 num
1843 5347 2055 5403 idcirco

367 5431 639 5501 baptismi
667 5433 912 5503 gratiam
941 5451 1062 5490 non
1090 5435 1413 5507 perﬁciunt,
1457 5436 1671 5491 trinam
1708 5436 2055 5492 mersionem

2149 3064 2447 3130 ceperunt.
2497 3060 2561 3113 In
2593 3060 2794 3113 eadem
2820 3059 2931 3113 ﬁde
2962 3064 3078 3113 tam
3134 3058 3440 3112 Orientalis
3472 3074 3650 3127 quam
3694 3054 3818 3108 Occi-

2147 3149 2390 3203 dentalis
2415 3164 2642 3218 semper
2668 3148 2941 3201 remansit
2991 3147 3254 3200 Ecclesia.
3304 3147 3600 3200 Noverunt
3640 3143 3818 3198 etenim

2150 3236 2393 3307 apostoli
2426 3236 2663 3302 dictum,
2696 3236 2849 3307 quod
2883 3241 2966 3290 est
3016 3252 3128 3289 una
3167 3235 3304 3303 fides
3357 3251 3527 3288 unum
3581 3234 3819 3302 baptisma

2150 3328 2367 3394 (Ephes.
2402 3342 2478 3394 1v,
2512 3326 2584 3394 5).
2629 3326 2693 3379 Et
2733 3325 2867 3379 licet
2909 3324 3156 3377 haereses
3203 3323 3536 3393 frequenter
3588 3335 3821 3388 exsurge-

2148 3417 2296 3479 rent,
2331 3429 2459 3483 quas
2488 3419 2764 3483 tanquam
2795 3412 2931 3467 mali
2961 3412 3142 3483 pisces
3173 3411 3382 3467 Christi
3418 3412 3560 3465 retia
3621 3422 3824 3477 rumpe-

2150 3506 2299 3566 rent,
2334 3500 2539 3555 Christi
2572 3505 2765 3554 tainen
2794 3501 2987 3554 tunica
3021 3499 3341 3570 permansit
3387 3498 3633 3569 integra.
3687 3494 3825 3549 lusti-

2150 3592 2275 3642 tuta
2303 3604 2437 3642 vero
2488 3589 2773 3657 majorum
2824 3589 2940 3643 suis
2986 3587 3443 3659 quibuscumque
3487 3587 3627 3640 locis
3681 3583 3823 3641 edita.

2153 3677 2296 3731 sicut
2340 3693 2457 3731 non
2509 3677 2777 3731 omnibus
2833 3677 3083 3731 ecclesiis
3142 3676 3365 3739 eadem,
3426 3675 3506 3729 sic
3574 3674 3825 3729 unitatem

2152 3765 2284 3820 ﬁdei
2315 3766 2475 3819 nullo
2504 3766 2676 3819 modo
2706 3766 2948 3819 divisere
2982 3782 2994 3818 :
3032 3781 3135 3819 nec
3165 3769 3402 3834 propter
3444 3764 3681 3817 alternae
3712 3775 3824 3813 con-

2154 3853 2482 3907 suetudinis
2510 3853 3021 3907 commutationem
3044 3858 3258 3907 mutuae
3290 3851 3578 3906 societatis
3617 3850 3827 3903 amisere

2153 3942 2642 3996 communionem.
2704 3942 2988 4005 Quoniam
3046 3942 3203 3995 aliud
3251 3946 3336 3994 est
3386 3941 3454 3994 de
3504 3940 3721 4003 habitu,
3774 3936 3827 3989 de

2154 4030 2583 4084 conversatione
2616 4029 2962 4096 discernere,
2991 4034 3046 4083 et
3067 4029 3226 4083 aliud
3258 4029 3327 4082 de
3365 4028 3589 4085 unitate
3610 4026 3739 4082 ﬁdei
3770 4023 3829 4075 si-

2156 4118 2368 4172 militer
2396 4118 2626 4172 sentire.
2661 4118 2769 4172 Sed
2824 4118 2893 4172 de
2940 4117 3029 4172 his
3057 4117 3358 4187 posterius.
3415 4118 3579 4170 Nunc
3609 4115 3678 4169 ad
3717 4130 3829 4184 pro-

2156 4206 2339 4276 posita
2394 4206 2712 4270 veniamus,
2766 4210 2823 4259 et
2869 4206 2939 4259 de
2981 4205 3223 4275 singulis
3264 4221 3393 4275 qum
3444 4204 3632 4274 gratia
3678 4198 3839 4255 sancti

2088 4293 2131 4345 D
2156 4293 2400 4364 Spiritus
2437 4294 2752 4362 donaverit,
2784 4294 3165 4364 disputemus,
3194 4310 3312 4347 non
3339 4293 3607 4347 ordinem
3644 4304 3829 4362 propo-

2157 4382 2394 4435 sitarum
2427 4387 2731 4453 sequentes
2748 4383 3151 4453 quaestionum.
3185 4383 3278 4436 Est
3309 4380 3464 4435 enim
3487 4381 3678 4434 minus
3716 4391 3831 4447 pru-

2159 4470 2361 4524 denter
2388 4470 2717 4540 dispositus,
2751 4470 2888 4541 quia
2922 4471 3148 4525 levitate
3176 4470 3404 4532 mentis,
3439 4485 3559 4523 non
3605 4467 3830 4539 pruden-

2158 4556 2252 4610 tia:
2280 4556 2557 4626 gravitate
2586 4558 2841 4628 digestus
2873 4574 2995 4613 esse
3035 4557 3423 4628 cognoscitur.

2230 4644 2299 4696 Et
2327 4644 2513 4714 primo
2539 4645 2608 4699 de
2639 4645 2851 4715 Spiritu
2878 4650 3074 4700 sancto
3108 4662 3237 4716 quae
3271 4644 3573 4699 donaverit
3604 4644 3722 4715 ipse
3752 4640 3832 4695 di-

2161 4747 2389 4785 camus:
2420 4732 2529 4785 hoc
2577 4733 2732 4786 enim
2764 4738 2822 4787 et
2852 4733 3109 4803 primum
3139 4738 3223 4787 est
3255 4737 3311 4786 et
3366 4732 3742 4802 praecipuum,
3787 4732 3833 4780 et

2162 4820 2233 4874 ad
2276 4819 2567 4874 catholicae
2613 4821 2748 4875 ﬁdei
2798 4821 3096 4891 pertinens
3154 4821 3608 4875 ﬁrmamentum.
3653 4819 3835 4872 Osten-

2162 4909 2297 4962 dere
2324 4924 2573 4979 namque
2604 4914 2691 4962 est
2719 4909 2914 4963 animo
2972 4909 3128 4980 quod
3170 4910 3250 4963 sic
3278 4909 3347 4962 de
3376 4924 3442 4961 eo
3495 4908 3764 4962 sentimus
3790 4904 3834 4955 et

2164 4995 2525 5065 conﬁtemur,
2558 4997 2704 5051 sicut
2733 5001 2789 5051 et
2816 4999 3012 5051 Patres
3059 4997 3243 5050 nostri
3292 5001 3601 5049 senserunt
3645 5000 3698 5048 et
3724 5005 3834 5044 con-

2164 5083 2294 5138 fessi
2325 5088 2486 5149 sunt;
2548 5089 2606 5138 et
2657 5085 2738 5138 sic
2787 5085 2898 5156 ipsi
2950 5088 3251 5138 senserunt
3305 5088 3360 5136 et
3413 5082 3659 5152 professi
3702 5084 3831 5141 sunt,

2166 5172 2310 5225 sicut
2339 5172 2584 5241 apostoli
2615 5175 2916 5227 senserunt
2964 5177 3021 5225 et
3067 5171 3401 5233 docuerunt.
3455 5170 3833 5241 Apostolorum

2164 5263 2359 5314 autem
2400 5258 2720 5314 doctrinam
2762 5260 2809 5313 si
2854 5259 2983 5329 quis
3021 5273 3262 5329 arguere
3309 5259 3603 5327 maluerit,
3658 5251 3834 5311 Christi

2164 5361 2398 5401 necesse
2430 5351 2516 5401 est
2542 5347 2941 5418 magisterium
2981 5346 3310 5417 redarguat,
3343 5352 3399 5400 et
3450 5347 3832 5419 prophetarum

2164 5436 2395 5489 oracula
2422 5435 2649 5490 refutet.
