3890 6230
367 308 459 358 231

1517 295 1877 352 BA'I‘RAMNI
1917 297 2374 353 CORBEIENSIS
2408 297 2717 352 MONACHI

2273 297 2374 353 SIS
2408 297 2687 352 ΜΟΝΑοιί
2698 298 2717 352 l
3732 305 3807 355 '23'2

364 439 508 493 ritus
544 440 786 490 sanctus.
824 433 1081 488 Procedit
1109 432 1354 487 cliaritas
1415 432 1593 485 Patris
1651 448 1683 484 a
1744 433 1928 499 Patre,
1990 436 2053 485 ut
2090 442 2131 491 Α
2164 431 2456 502 discipulis
2487 432 2565 486 ait
2594 450 2607 487 :
2643 433 2814 487 Verba
2863 448 2983 501 quae
3015 434 3222 487 locutus
3252 450 3371 488 sum
3419 435 3583 502 vobis,
3617 438 3807 505 Spiritus

365 528 567 596 diligat
598 524 833 591 Filium;
878 522 1131 593 procedit
1159 522 1330 574 etiam
1386 521 1634 573 charitas
1678 520 1802 573 Fiiii
1830 536 1863 573 a
1910 520 2050 573 Filio

362 621 423 668 ut
463 615 665 682 diligat.
710 614 955 665 Patrem.
1010 610 1191 679 Igitur
1257 610 1555 678 utriusque
1606 624 1722 661 una
1786 608 2051 673 Charitas,

356 702 628 773 quoniam
659 701 960 769 utriusque
1014 714 1163 751 unus
1204 696 1448 767 Spiritus
1480 698 1550 750 ab
1581 702 1823 767 utroque
1856 713 2051 766 prore-

363 791 523 845 dens.

432 877 689 943 Christus
741 874 1024 928 clamabat
1057 872 1252 927 dicens
1288 890 1299 925 :
1334 873 1395 927 Si
1438 874 1561 939 quis
1589 875 1726 938 sitit,
1759 874 1941 925 veniat
1983 871 2056 925 ad

359 981 460 1028 me,
515 970 565 1017 et
613 963 761 1016 bibat
808 964 984 1031 (Joan.
1042 977 1138 1026 vu,
1187 961 1290 1029 37).
1338 961 1442 1025 Qui
1471 960 1641 1013 credit
1670 962 1727 1011 in
1774 975 1873 1027 me,
1913 959 2058 1012 sicut

361 1053 499 1107 dicit
542 1051 855 1120 Scriptura,
914 1052 1142 1118 ﬂumina
1193 1049 1257 1101 de
1304 1053 1484 1101 ventre
1530 1048 1641 1116 ejus
1672 1051 1847 1115 ﬂuunt
1902 1062 2057 1115 aqua:

360 1143 515 1194 vivae.
572 1138 879 1208 Subjungit
933 1137 1328 1207 evangelista:
1388 1138 1494 1189 Hoc
1553 1140 1731 1189 autem
1795 1135 1943 1188 dixit
1992 1135 2058 1188 de

364 1231 577 1297 Spiritu
606 1244 766 1297 quem
818 1230 1093 1295 accepturi
1130 1231 1283 1279 erant
1320 1224 1589 1279 credentes
1631 1228 1689 1278 in
1716 1241 1835 1278 eum
1877 1226 2055 1293 (Joan.

358 1335 454 1382 vu,
498 1317 608 1385 39).
671 1318 848 1386 Aquae
883 1315 1015 1367 viva;
1074 1314 1333 1379 ﬂumina,
1387 1314 1737 1382 evangelista
1789 1314 2049 1380 docente,

367 1406 802 1459 inundationem
837 1403 1076 1456 dicimus
1105 1402 1348 1473 Spiritus
1380 1402 1576 1467 sancti,
1612 1418 1723 1471 qua
1747 1402 1912 1455 docet
1936 1401 2057 1454 Sal-

370 1500 531 1547 vator
568 1494 626 1545 in
667 1509 725 1545 se
768 1493 1063 1545 credentes
1120 1491 1466 1560 irrigandos.
1532 1489 1690 1544 Unde
1724 1488 1900 1558 igitur
1944 1489 2059 1542 ilu-

372 1583 546 1648 mina,
580 1580 688 1633 nisi
723 1580 791 1633 de
820 1579 930 1633 lida
961 1579 1163 1633 Christi
1207 1579 1497 1632 manantia
1528 1578 1554 1631 ‘I
1576 1580 1641 1632 Et
1687 1579 1838 1631 unde
1884 1576 2060 1648 :ﬁdes;

369 1669 479 1722 nisi
510 1685 574 1722 ex
606 1667 814 1722 Christi
845 1666 1144 1721 doctrina?
1192 1666 1688 1729 Quemadmodum
1740 1666 1917 1735 igitur
1957 1666 2059 1718 do-

358 1760 539 1811 ctrina
568 1757 773 1811 Christi
804 1758 871 1809 de
904 1756 1148 1821 Christo,
1184 1762 1240 1809 et
1272 1756 1412 1808 tides
1458 1755 1612 1808 illius
1656 1732 1929 1808 doctrina:
1980 1754 2050 1806 de
2091 1732 2129 1785 Β

361 1847 581 1901 Christo
617 1863 629 1899 ε
662 1846 740 1899 sic
775 1844 1016 1897 ﬂumina
1047 1860 1213 1914 aqum
1247 1844 1407 1910 vivae,
1439 1843 1492 1897 id
1532 1847 1616 1895 est
1643 1842 1888 1912 Spiritus
1919 1857 2054 1894 san-

359 1941 481 1989 ctus
514 1934 819 2003 procedita
874 1933 1092 1987 Christo
1126 1950 1137 1986 :
1193 1932 1447 1986 Christus
1500 1947 1749 2001 namque
1781 1935 1838 1984 et
1878 1931 2052 1983 homo

360 2022 665 2091 perfectus,
698 2028 755 2075 et
788 2022 937 2074 Deus
966 2020 1268 2090 perfectus.
1314 2022 1385 2073 Ex
1412 2036 1524 2089 quo
1573 2020 1856 2089 perfectus
1884 2020 2052 2083 Deus,

361 2110 638 2180 Spiritum
668 2116 925 2162 sanctum
960 2110 1017 2161 in
1047 2125 1105 2162 se
1137 2108 1518 2169 credentibus,
1552 2108 1711 2179 quia
1745 2123 1802 2161 se
1852 2123 2051 2177 proce-

359 2200 460 2266 dit,
496 2198 752 2269 largitur,
804 2197 1085 2263 infundit;
1137 2198 1299 2266 cujus
1344 2196 1559 2250 ﬂuenta
1603 2196 1774 2249 corda
1817 2195 2051 2249 creden-

356 2288 500 2342 tium
531 2293 760 2341 aeternaa
790 2286 922 2340 vita:
952 2287 1202 2340 fontibus
1252 2286 1556 2339 inundant.

429 2379 803 2433 Samaritana:
836 2394 1064 2448 quoque
1095 2378 1232 2431 dicit
1261 2394 1273 2430 :
1310 2379 1416 2443 Qui
1446 2377 1645 2432 biberit
1665 2392 1732 2430 ea:
1754 2391 1901 2443 aqua
1932 2377 2053 2441 hac,

358 2469 503 2519 sitiet
524 2469 720 2519 iterum
754 2481 766 2518 :
798 2468 894 2533 qui
924 2471 1101 2517 autem
1130 2464 1324 2516 biberit
1343 2479 1409 2516 ea:
1432 2479 1578 2532 aqua
1604 2479 1768 2531 quam
1798 2479 1891 2529 ego
1914 2464 2053 2516 dabo

357 2555 426 2620 ei,
457 2568 564 2606 non
593 2556 738 2606 sitiet
770 2555 827 2604 in
856 2557 1131 2604 aeternum.
1182 2550 1286 2604 Sed
1320 2566 1467 2617 aqua
1501 2566 1665 2618 quam
1689 2565 1782 2616 ego
1816 2551 1955 2604 dabo
1984 2553 2054 2615 ei,

355 2644 444 2708 flet
458 2643 516 2694 in
543 2656 600 2694 eo
629 2642 755 2705 fons
795 2654 951 2708 aqua:
982 2640 1227 2691 salientis
1264 2640 1320 2690 in
1363 2640 1532 2691 vitam
1570 2642 1825 2692 aeternam
1875 2639 2053 2705 (Joan.

358 2744 428 2795 Iv,
460 2733 563 2793 l3).
587 2728 751 2791 Quod
776 2727 915 2780 alibi
948 2726 1189 2780 ﬂumina
1239 2725 1461 2779 dixerat
1509 2743 1674 2796 aqua;
1707 2726 1877 2794 vivae;
1905 2741 2059 2779 nunc

360 2817 610 2886 appellat
640 2815 859 2869 fontem
899 2831 1062 2885 aquas
1091 2814 1345 2867 salientis
1368 2814 1425 2867 in
1455 2814 1626 2867 vitam
1660 2818 1968 2879 aeternam;
1998 2814 2057 2867 in

360 2911 604 2974 utroque
656 2904 930 2973 Spiritum
984 2909 1245 2955 sanctum
1304 2902 1500 2955 volens
1558 2888 1827 2972 intelligi,
1884 2917 2057 2971 quem

359 2990 822 3047 manifestissime
875 2990 1071 3044 dicita
1128 3006 1186 3043 se
1243 2990 1367 3043 dari
1424 3006 1552 3042 cum
1609 2990 1791 3043 dicit:
1841 2990 2056 3058 Aquam

361 3096 527 3149 quam
558 3095 651 3146 ego
686 3078 826 3131 dabo
868 3081 936 3143 ei,
968 3078 1061 3148 [iet
1112 3080 1169 3130 in
1195 3092 1251 3130 eo
1293 3079 1416 3141 fons
1459 3093 1632 3146 aquae.
1684 3077 1846 3140 Quod
1896 3076 2051 3130 enim

358 3169 474 3234 dat,
516 3183 581 3219 ex
614 3166 921 3234 semetipso
964 3164 1060 3217 dat
1092 3180 1105 3216 :
1141 3166 1237 3216 dat
1267 3169 1457 3216 autem
1509 3164 1727 3216 fontem
1760 3180 1926 3234 aquas
1971 3182 2053 3217 sa-

360 3254 552 3310 lientis
581 3254 642 3307 in
678 3254 853 3306 vitam
899 3257 1199 3316 aeternam,
1250 3251 1307 3304 id
1330 3259 1413 3303 est
1455 3251 1732 3320 Spiritum
1771 3256 2052 3305 sanctum-

364 3344 421 3397 in
492 3358 551 3395 se
608 3339 971 3394 credentibus
1039 3338 1435 3408 copiosissime
1494 3338 1754 3408 largitur.
1806 3339 2050 3392 Demon-

362 3436 567 3497 strans,
600 3446 630 3481 a
660 3444 718 3481 se
748 3426 1076 3498 procedere,
1119 3442 1289 3496 quem
1331 3442 1363 3478 a
1392 3442 1451 3478 se
1499 3425 1635 3479 dicit
1689 3426 2052 3481 credentibus

363 3519 586 3573 donari.

430 3607 752 3676 Resurgens
782 3621 812 3658 a
847 3602 1090 3657 mortuis
1120 3609 1176 3657 et
1205 3602 1497 3672 discipulis
1523 3602 1583 3657 in
1614 3604 1868 3657 conclavi
1908 3604 2052 3657 resi-

358 3694 642 3760 dentibus,
687 3697 813 3762 post
861 3693 1012 3761 pacis
1062 3692 1486 3759 salutationem,
1531 3696 1587 3745 et
1635 3696 1759 3763 post
1815 3692 2049 3745 manda-

358 3789 474 3837 tam
505 3783 657 3853 pacis
703 3782 1048 3851 legationem
1082 3797 1095 3833 :
1136 3783 1468 3850 lusu/ﬂavit,
1500 3784 1555 3834 et
1599 3781 1733 3834 dicit
1766 3781 1847 3834 eis
1881 3797 1893 3833 :
1940 3784 2053 3834 Ac-

358 3872 522 3938 cipite
560 3871 829 3937 Spiritum
881 3872 1126 3922 sanctum
1175 3870 1350 3933 (Joan.
1398 3884 1488 3929 xx,
1542 3868 1657 3936 2‘2),
1706 3872 1764 3919 et
1805 3867 2049 3936 reliqua.

357 3957 503 4021 Quid
545 3958 699 4010 enim
748 3971 851 4025 per
892 3955 1361 4021 insufﬂationem,
1409 3955 1519 4008 nisi
1577 3955 1823 4024 Spiritus
1872 3953 2049 4007 sancti

358 4045 781 4116 processionem
813 4044 1133 4112 signiﬁcat?
1175 4045 1301 4097 Non
1324 4048 1386 4097 ut
1415 4044 1581 4098 flatus
1610 4044 1708 4097 ille
1742 4059 2051 4113 corporeus

360 4149 428 4187 ex
452 4148 579 4186 aere
609 4134 891 4199 sumptus,
930 4138 985 4185 et
1016 4132 1359 4199 pulmonum
1405 4130 1723 4184 ministerio
1784 4147 1887 4200 per
1936 4132 2053 4185 oris

359 4235 642 4291 organum
673 4219 908 4283 effusus,
951 4217 1198 4287 Spiritus
1256 4218 1437 4271 sancti
1486 4217 1661 4272 fuerit
1716 4218 2048 4286 substantia,

2162 526 2211 574 et
2240 524 2354 574 vita
2407 527 2533 575 sunt
2591 522 2776 589 (Joan.
2825 538 2900 587 vi,
2955 522 3063 588 64).
3119 523 3274 576 Unde
3328 523 3508 592 igitur
3553 526 3808 592 procedunt

2163 609 2351 675 verba,
2389 609 2497 662 nisi
2532 610 2739 663 mentis
2764 609 2833 663 ab
2880 609 3123 665 intimo?
3152 612 3334 680 Igitur
3382 612 3552 665 verba
3597 628 3707 682 quae
3751 614 3806 666 lo-

2165 698 2361 767 quitur
2392 697 2647 751 Christus
2701 697 2947 766 Spiritus
2978 702 3033 752 et
3064 699 3173 751 vita
3203 706 3358 767 sunt,
3403 700 3543 770 quia
3593 701 3808 770 Spiritus.

2164 785 2264 853 qui
2296 786 2364 838 de
2387 786 2554 838 corde
2584 784 2794 838 Christi
2822 786 3098 854 procedit,
3132 788 3248 841 vita
3278 794 3381 840 est.
3439 790 3561 841 Non
3603 789 3736 858 quod
3772 790 3810 840 in

2168 873 2468 928 Divinitate
2516 890 2614 926 cor
2662 873 2753 938 sit,
2814 873 3000 926 carnis
3054 874 3320 929 videlicet
3388 876 3692 945 particula;
3740 878 3811 929 sed

2166 961 2318 1031 quod
2350 961 2447 1014 tali
2478 962 2752 1015 vocabulo
2781 960 2959 1014 voluit
2988 961 3281 1017 interioris
3328 964 3656 1017 substantiae
3696 980 3813 1016 mon-

2165 1054 2341 1101 strare
2373 1056 2811 1113 sacramentum,
2860 1051 2930 1104 de
2976 1066 3088 1120 quo
3132 1050 3270 1104 dicit
3318 1051 3628 1120 procedere
3681 1051 3815 1120 Spiri-

2166 1139 2288 1189 tum
2321 1137 2418 1206 qui
2456 1136 2565 1190 vita
2610 1141 2712 1189 est.
2758 1138 2902 1207 Ergo
2961 1138 3216 1208 procedit
3270 1138 3520 1208 Spiritus
3573 1144 3816 1191 sat-clusa

2170 1222 2332 1290 Filio,
2390 1237 2445 1277 et
2499 1230 2584 1277 est
2661 1226 2829 1279 unius
2903 1226 3275 1295 ejusdemque
3333 1227 3659 1280 substantia:
3718 1244 3815 1280 cum

2170 1312 2329 1365 Filio.

2852 1420 3076 1474 CAPUT
3118 1421 3203 1473 IV.

2175 1544 2498 1596 Testimonia
2514 1543 2873 1610 proferuntur
2902 1559 2969 1596 ea:
3004 1545 3292 1610 Evangelia
3325 1552 3373 1597 et
3405 1546 3662 1613 Epistolis
3680 1546 3816 1597 Pauli.

2244 1664 2303 1716 In
2328 1664 2634 1732 Evangelia
2670 1666 2831 1718 Lucae
2850 1665 2927 1718 sic
2960 1666 3202 1735 legitur:
3226 1668 3302 1720 Et
3332 1682 3577 1733 egressus
3598 1673 3670 1720 est
3703 1668 3819 1721 Chri-

2162 1757 2275 1805 stus
2306 1754 2363 1804 in
2393 1756 2595 1806 virtute
2624 1753 2864 1821 Spiritus
2904 1757 2960 1807 in
3011 1755 3292 1809 Galilaeam
3325 1757 3475 1817 (Luc.
3521 1771 3594 1818 vi,
3638 1757 3727 1815 14).
3766 1755 3818 1806 De

2162 1840 2448 1893 Salvatore
2482 1840 2707 1909 legitur,
2743 1842 2898 1910 quod
2925 1844 2997 1894 sit
3028 1842 3205 1895 virtus
3238 1842 3437 1905 Patris,
3464 1850 3524 1896 et
3556 1859 3699 1895 nunc
3725 1843 3818 1909 Spi-

2162 1928 2305 1981 ritus
2339 1928 2515 1981 virtus
2547 1929 2879 2000 appellatur.
2914 1931 3184 2002 Nunquid
3216 1931 3325 1984 alia
3357 1931 3536 1984 virtus
3578 1931 3815 1991 Christus,

2164 2024 2218 2070 et
2247 2018 2358 2069 alia
2385 2016 2564 2070 virtus
2583 2017 2865 2087 Spiritus?
2899 2019 3020 2072 Non
3054 2020 3248 2089 utique
3285 2036 3297 2072 :
3332 2019 3441 2073 Sed
3472 2026 3705 2089 uterque
3732 2034 3819 2071 vir-

2162 2110 2254 2159 tus
2284 2106 2512 2171 dicitur,
2537 2111 2600 2159 ut
2632 2122 2744 2159 una
2790 2108 3087 2177 utriusque
3126 2109 3444 2162 substantia
3492 2113 3819 2161 monstretur.

2163 2194 2307 2258 Quid
2326 2200 2408 2248 est
2436 2195 2792 2265 autemquod
2815 2199 2921 2249 ait:
2944 2198 3005 2250 In
3038 2199 3237 2250 virtute
3277 2197 3519 2266 Spiritus
3544 2198 3571 2248 ?
3594 2194 3822 2265 Nunquid

2165 2284 2438 2354 majorem
2460 2284 2635 2337 voluit
2656 2285 2958 2339 ostendere
2980 2284 3225 2355 Spiritus
3246 2284 3423 2339 sancti
3449 2286 3710 2338 virtutem
3729 2284 3822 2336 Filii

2164 2371 2413 2425 virtute?
2435 2373 2559 2425 Non
2590 2373 2847 2426 omnino.
2880 2373 3024 2436 Quid
3058 2359 3293 2444 estergo
3315 2372 3465 2443 quod
3491 2375 3571 2427 ait
3600 2390 3612 2427 :
3646 2374 3704 2427 In
3740 2375 3824 2424 rir-

2166 2465 2275 2514 tute
2323 2462 2604 2527 Spiritus?
2650 2462 2773 2514 Non
2826 2462 2979 2515 enim
3026 2469 3317 2516 externam
3378 2462 3606 2516 Christo
3683 2460 3826 2512 Vulllll

2165 2548 2465 2602 ostendere
2500 2549 2788 2612 virtutem,
2824 2554 2879 2603 et
2910 2551 3060 2603 velut
3109 2550 3337 2603 aliunde
3374 2566 3719 2613 concessam,
3755 2547 3826 2599 sed

2163 2636 2486 2707 propriam;
2511 2653 2639 2707 quae
2672 2654 2799 2691 cum
2832 2637 2904 2691 sit
2921 2638 3167 2708 Spiritus
3204 2640 3404 2704 sancti,
3439 2639 3510 2693 sit
3561 2640 3725 2692 etiam
3773 2635 3826 2687 si-

2165 2725 2286 2778 mul
2316 2728 2371 2776 et
2403 2724 2526 2778 Filii
2549 2730 2823 2795 tanquam
2853 2726 2913 2778 in
2948 2742 3059 2779 una
3104 2730 3311 2780 natura
3340 2742 3457 2779 non
3508 2726 3568 2778 in
3617 2723 3828 2778 essentia

2165 2813 2385 2866 diversa
2416 2818 2473 2865 et
2502 2814 2785 2866 manendo
2819 2813 2990 2867 simul
3037 2814 3095 2867 in
3135 2830 3253 2867 uno
3289 2814 3433 2867 alter
3492 2813 3753 2883 procedat
3778 2824 3824 2860 ex

2167 2903 2362 2968 altero,
2396 2901 2639 2970 Spiritus
2678 2902 2945 2955 videlicet
2988 2907 3216 2956 sanctus
3264 2919 3329 2956 ex
3383 2903 3554 2967 Filio;
3603 2903 3828 2972 [uterque

2095 3031 2133 3085 Ο
2164 3006 2299 3043 vero
2330 2990 2399 3043 de
2452 2991 2662 3043 Patre:
2718 2990 2815 3043 sed
2867 2990 3041 3044 Filius
3088 2991 3393 3057 nascendo,
3436 2990 3684 3061 Spiritus
3728 3006 3830 3042 vero

2166 3081 2394 3130 sanctus
2423 3076 2805 3147 procedendo.
2855 3077 2978 3130 Non
3027 3077 3179 3147 quod
3220 3078 3454 3131 alternis
3500 3077 3829 3147 temporibus

2159 3165 2229 3219 de
2255 3167 2418 3219 Patre
2444 3165 2717 3235 procedat
2747 3165 2831 3218 vel
2859 3165 3019 3231 Filio,
3054 3165 3151 3218 sed
3196 3166 3345 3236 quod
3388 3168 3544 3220 nullo
3613 3167 3828 3220 interve-

2161 3254 2353 3307 niente
2385 3259 2646 3323 tempore
2678 3253 2746 3307 de
2779 3255 2944 3307 Patre
2974 3254 3245 3324 procedat
3266 3254 3435 3308 simul
3462 3259 3519 3307 et
3555 3255 3713 3308 Filio.

2232 3342 2440 3396 Beatus
2471 3342 2678 3395 Paulus
2710 3342 3002 3412 apostolus
3058 3342 3252 3395 scribit
3284 3343 3350 3395 ad
3400 3343 3630 3397 Galatas
3663 3359 3676 3397 :
3720 3344 3832 3409 Quo-

2162 3431 2309 3483 niam
2339 3432 2464 3483 estis
2484 3429 2597 3494 ﬁlii
2641 3432 2752 3494 Dei,
2791 3431 2942 3483 misit
2975 3430 3119 3483 Deus
3167 3431 3435 3498 Spiritum
3482 3432 3623 3484 Filii
3674 3434 3754 3485 sui
3794 3434 3836 3482 in

2161 3518 2326 3571 corda
2363 3522 2545 3572 vestra
2597 3518 2936 3583 clamantem,
2996 3517 3175 3584 Abba,
3226 3520 3388 3572 Pater
3432 3520 3585 3585 (Gal.
3655 3536 3723 3585 iv,
3777 3518 3834 3579 δῖ.

2163 3606 2289 3658 Non
2320 3605 2447 3659 ait:
2483 3605 2631 3660 Misit
2659 3607 2807 3660 Deus
2853 3605 3130 3677 Spiritum
3184 3621 3372 3660 suum.
3418 3606 3582 3670 Quod
3630 3608 3677 3660 si
3722 3606 3837 3660 dice-

2162 3695 2269 3758 ret,
2317 3710 2431 3746 non
2477 3693 2705 3764 penitus
2748 3694 3074 3748 excluderet
3110 3694 3346 3759 Filium;
3385 3694 3665 3765 quoniam
3716 3696 3835 3748 Deus

2162 3785 2247 3833 est
2285 3781 2459 3835 etiam
2515 3780 2707 3847 Filius,
2770 3782 3253 3853 quemadtnodum
3314 3784 3479 3837 Pater
3537 3790 3625 3838 est
3688 3785 3832 3841 Deus,

2162 3875 2219 3923 et
2248 3873 2491 3939 uterque
2522 3886 2637 3923 non
2681 3870 2795 3924 duo
2827 3871 2927 3936 dii,
2984 3872 3083 3925 sed
3130 3887 3277 3924 unus
3321 3876 3406 3924 est
3464 3873 3665 3925 Deus:
3710 3870 3837 3941 quod

2162 3957 2315 4011 enim
2345 3973 2591 4027 persona
2629 3963 2873 4029 separat,
2917 3958 3233 4012 substantia
3272 3960 3593 4029 conjungit.
3660 3961 3840 4013 Voleus

2162 4050 2355 4099 autem
2386 4061 2617 4099 omnem
2662 4047 2885 4101 auferre
2929 4046 3325 4116 quaestionem,
3375 4064 3688 4119 personam
3735 4046 3840 4100 Filii

2163 4134 2481 4204 specialiter
2509 4134 2668 4200 dixit,
2700 4134 2921 4188 misisse
2958 4135 3134 4188 Deum
3177 4135 3453 4205 Spiritum
3507 4136 3636 4189 Filii
3685 4136 3767 4188 sui
3796 4134 3841 4187 in

2163 4222 2334 4276 corda
2362 4226 2575 4276 nostra.
2608 4222 2757 4277 Num
2781 4223 2927 4276 alius
2957 4228 3044 4276 est
3073 4222 3316 4293 Spiritus
3351 4222 3478 4277 Filii
3508 4240 3688 4294 quam
3734 4221 3841 4291 Spi-

362 4324 559 4363 verum
590 4306 692 4361 tali
735 4321 839 4360 nos
878 4307 1048 4360 modo
1074 4305 1253 4359 voluit
1295 4306 1552 4371 edocere,
1602 4306 1878 4376 Spiritum
1930 4323 2053 4361 san-
2090 4322 2133 4376 Ι)
2165 4312 2307 4364 ritus
2357 4310 2571 4364 Patris?
2622 4310 2785 4375 Quod
2816 4310 2863 4364 si
2912 4310 3067 4364 idem
3124 4315 3209 4365 est
3239 4310 3491 4380 Spiritus
3534 4312 3842 4369 amborum,

361 4402 517 4451 ctum
548 4410 614 4450 ex
646 4393 836 4463 seipso
866 4393 1187 4463 procedere,
1222 4397 1280 4446 et
1311 4392 1381 4447 de
1410 4392 1723 4446 substantia
1754 4393 1880 4447 Filii
1925 4394 2051 4463 Spi-

362 4486 509 4540 ritus
537 4497 769 4555 quoque
801 4481 979 4535 sancti
1008 4480 1385 4535 substantiam
1418 4496 1671 4535 manare.
1704 4480 1861 4536 Sicut
1890 4483 2054 4536 Pater

365 4568 490 4623 Filii
528 4569 883 4623 nativitatem
912 4569 978 4622 de
1008 4585 1111 4622 sua
1139 4568 1456 4622 substantia
1505 4569 1701 4623 volens
1754 4572 2053 4626 ostendere

362 4662 756 4728 propagatum,
785 4672 849 4710 ac
882 4672 986 4726 per
1017 4656 1124 4709 hoc
1155 4655 1359 4709 Filium
1384 4655 1493 4711 sibi
1516 4656 1636 4711 fore
1676 4659 2053 4713 consubstan-

361 4745 578 4813 tialem,
625 4744 887 4816 loquitur
914 4744 974 4798 in
1016 4745 1241 4798 Psalmo
1283 4743 1470 4798 eidem
1530 4744 1716 4799 Filio:
1779 4747 1878 4800 Ea:
1908 4752 2056 4802 utero

362 4839 487 4888 ante
519 4835 807 4900 luciferum
831 4834 994 4900 genui
1023 4836 1071 4885 te
1101 4831 1266 4901 (Psal.
1300 4847 1407 4897 cxx,
1434 4831 1508 4902 3).
1543 4832 1671 4886 Non
1723 4834 1878 4903 quod
1925 4840 2057 4889 ute-

364 4937 489 4975 rum
524 4922 671 4975 Deus
709 4922 877 4974 Pater
923 4917 1207 4984 habuerit,
1241 4919 1311 4973 de
1340 4935 1456 4989 quo
1508 4919 1717 4974 Filium
1766 4925 1897 4975 ante
1950 4939 2056 4976 sre-

365 5011 493 5063 cula
520 5010 814 5077 genuerit;
863 5008 961 5061 sed
998 5023 1112 5078 quo
1162 5006 1492 5062 testiﬁcatus
1544 5008 1733 5071 fuerit,
1783 5010 1937 5079 quod
1977 5010 2060 5064 Fi-

364 5095 509 5150 lium
541 5110 657 5149 non
679 5096 747 5149 de
778 5094 980 5160 nihilo,
1014 5111 1129 5148 non
1173 5096 1407 5149 alterius
1436 5096 1505 5151 de
1552 5096 1637 5150 rei
1667 5097 2055 5163 subsistentia,

366 5184 463 5237 sed
493 5182 726 5253 propria
747 5183 816 5235 de
856 5188 1061 5237 natura
1085 5183 1514 5255 substantiaque
1554 5185 1842 5254 genuerit.
1881 5185 1971 5240 Sic
2003 5191 2061 5241 et

370 5271 545 5324 Filius
586 5269 931 5325 insufﬂando
961 5271 1101 5325 dans
1148 5271 1425 5342 Spiritum
1464 5275 1721 5327 sanctum
1761 5274 2055 5344 apostolis,

365 5357 615 5413 ostendit
642 5358 712 5412 de
738 5374 839 5411 sua
883 5359 1201 5413 substantia
1244 5359 1577 5430 procedere,
1610 5376 1785 5431 quem
1828 5363 1928 5416 tali
1970 5363 2060 5417 in-

367 5446 691 5501 sufﬂatione
716 5446 898 5501 voluit
934 5447 1168 5501 donare.

441 5537 519 5589 De
548 5540 899 5589 sacramento
946 5535 1204 5604 corporis
1256 5539 1313 5589 et
1339 5535 1637 5605 sanguinis
1682 5536 1769 5591 sui
1819 5537 2060 5607 loquens

2160 4399 2411 4469 profecto
2439 4399 2695 4469 procedit
2724 4400 2795 4454 ab
2850 4403 3128 4469 utroque;
3179 4415 3293 4453 non
3332 4399 3489 4454 enim
3534 4401 3617 4454 sic
3656 4399 3845 4453 dicitur

2160 4486 2403 4557 Spiritus
2430 4486 2557 4540 Filii
2589 4492 2865 4558 tanquam
2896 4487 2968 4540 sit
2999 4486 3189 4540 minor
3234 4487 3408 4553 Filio;
3450 4487 3561 4541 hoc
3608 4487 3706 4559 qui
3735 4500 3846 4539 sen-

2160 4574 2250 4640 tit,
2284 4575 2371 4629 vel
2402 4574 2557 4640 dicit,
2584 4590 2703 4628 non
2730 4579 2814 4628 est
2861 4575 3188 4629 catholicus.
3225 4575 3349 4639 Qua
3384 4575 3454 4629 de
3485 4592 3548 4629 re
3604 4591 3721 4629 non
3776 4575 3847 4625 est

2163 4677 2342 4732 quare
2388 4662 2609 4716 dicatur
2656 4662 2899 4733 Spiritus
2952 4663 3099 4728 Filii,
3161 4664 3271 4718 nisi
3324 4663 3461 4733 quia
3517 4663 3774 4733 procedit
3823 4675 3851 4711 a

2164 4750 2339 4818 Filio;
2367 4751 2513 4805 sicut
2552 4751 2761 4805 dicitur
2816 4750 3061 4822 Spiritus
3118 4752 3318 4818 Patris,
3366 4752 3504 4822 quia
3551 4750 3851 4823 procedits

2166 4840 2351 4892 Patre.

2233 4926 2319 4981 Ad
2351 4926 2751 4997 Philippenses
2775 4931 2971 4982 autem
3019 4926 3294 4994 scribens,
3337 4927 3491 4982 inter
3544 4933 3748 4982 caetera
3785 4923 3851 4977 sic

2165 5014 2290 5067 ait:
2332 5015 2455 5067 Scio
2510 5018 2653 5069 enim
2690 5018 2824 5084 quia
2880 5016 2977 5069 hoc
3033 5016 3172 5069 mihi
3213 5017 3490 5084 proveniet
3544 5019 3603 5070 in
3644 5016 3851 5069 salutem

2158 5115 2261 5169 per
2286 5107 2521 5156 vestram
2547 5106 2863 5169 orationem,
2906 5108 2957 5157 et
3006 5104 3566 5158 subministrationem
3618 5103 3846 5172 Spiritus

2163 5191 2295 5244 Jesu
2319 5189 2544 5244 Christi
2574 5192 2799 5261 (Philip.
2839 5207 2879 5260 ῐ,
2906 5190 3017 5260 19).
3075 5191 3239 5246 Jesus
3270 5191 3557 5254 Christus,
3610 5193 3751 5246 Deus
3800 5191 3847 5239 et

2165 5276 2362 5331 homo.
2397 5278 2670 5348 Nunquid
2701 5279 2771 5333 de
2802 5279 3058 5333 humano
3098 5278 3304 5349 spiritu
3341 5278 3687 5350 loquebatur
3719 5280 3852 5347 Apo-

2167 5365 2365 5431 stolus,
2394 5366 2516 5420 haec
2545 5368 2776 5437 quando
2806 5367 3067 5422 dicebat?
3096 5368 3157 5420 In
3202 5383 3367 5421 cruce
3427 5383 3683 5439 namque
3710 5367 3851 5420 lesus

2168 5452 2424 5507 Christus
2454 5455 2778 5510 humanum
2806 5456 3001 5526 posuit
3046 5456 3335 5527 spiritum,
3368 5456 3725 5526 evangelista
3778 5456 3848 5506 te—

2165 5544 2374 5609 stante,
2405 5541 2503 5611 qui
2531 5542 2600 5596 de
2643 5542 2743 5598 illo
2773 5542 2912 5598 dicit
2943 5560 2958 5599 :
2997 5546 3069 5599 Et
3107 5545 3369 5598 inclinato
3412 5547 3594 5613 capite
3641 5539 3852 5598 tradidit
