3890 6230
78 322 166 376 233

1085 316 1358 373 CONTRA
1396 313 1798 371 GBEGOBUM
1839 313 2190 371 OPPOSITA.
2220 344 2286 354 -—
2314 316 2440 371 LIB.
2484 317 2527 371 Ι.

3449 317 3563 371 234-

76 455 326 523 Spiritum
355 452 541 521 (Joan.
570 465 683 515 xix,
708 451 817 518 30).
848 448 914 504 Et
962 448 1031 504 de
1063 461 1180 519 quo
1211 448 1347 503 dicit
1375 447 1546 501 etiam
1578 447 1697 518 ipse
1734 464 1745 500 :
1792 448 1831 500 Α
1860 461 2033 515 supra
2052 446 2297 513 singulos
2331 461 2511 499 eorum
2539 462 2552 499 :
2596 450 2644 501 et
2675 447 2868 516 repleti
2922 450 3048 501 sunt
3103 460 3280 501 omnes
3338 446 3556 516 Spiritu

75 546 375 597 Potestatem
424 541 591 594 habeo
640 539 878 609 ponendi
934 541 1173 592 animam
1220 552 1409 601 meam,
1466 542 1516 590 et
1556 538 1753 590 iterum

72 631 303 684 sumendi
344 646 463 683 eam
504 632 679 695 (Joau.
733 644 764 681 x
822 628 924 697 18).
987 628 1097 680 Iste
1161 642 1292 680 vero
1350 625 1617 694 Spiritus,
1681 625 1752 679 de

72 735 172 790 quo
202 733 354 772 nunc
416 717 669 787 loquitur
722 716 1024 785 Apostolus
1055 715 1115 784 (I
1164 716 1284 770 Cor.
1319 730 1416 780 xu,
1468 716 1618 787 etc.),
1649 730 1754 781 per

72 809 216 877 cujus
265 804 855 860 subministrationem
875 810 1028 856 certa
1055 820 1154 873 spe
1189 802 1444 867 confidit,
1496 802 1653 872 quod
1694 802 1753 854 in

72 895 213 948 nullo
264 909 437 964 super
486 893 698 947 Christi
768 892 1263 946 administratione
1348 890 1754 955 confundetur,

74 985 206 1037 Deus
236 989 321 1036 est
355 998 367 1035 :
401 983 501 1053 qui
528 981 700 1036 etiam
732 981 975 1051 Spiritus
1018 987 1248 1034 sanctus
1292 979 1635 1049 appellatur,
1684 978 1755 1032 ad

70 1071 442 1125 distictionem
491 1070 672 1124 Patris
718 1075 775 1123 et
830 1069 984 1134 Filii;
1034 1069 1104 1122 de
1155 1085 1268 1139 quo
1313 1072 1554 1121 testatur
1610 1070 1755 1135 Apo-

74 1159 261 1225 stolus,
313 1160 472 1229 quod
532 1158 841 1212 divisiones
898 1158 1212 1228 gratiarum
1253 1158 1375 1227 ipse
1430 1156 1750 1221 distribuat,

73 1247 160 1318 qui
193 1252 471 1317 operatur
500 1248 694 1301 omnia
723 1251 895 1317 prout
924 1247 1063 1300 vult.
1092 1246 1191 1300 Hic
1227 1262 1363 1315 ergo
1396 1244 1641 1313 Spiritus
1672 1248 1756 1297 est

74 1337 292 1403 Christi,
324 1352 441 1389 non
467 1335 819 1405 subiectione
875 1334 1086 1400 servili,
1139 1334 1232 1387 sed
1266 1334 1628 1404 processione
1679 1332 1757 1386 di-

75 1425 209 1488 vina,
242 1424 419 1489 Patri,
464 1423 718 1494 Filioque
753 1422 814 1476 in
861 1427 1083 1489 natura,
1120 1422 1179 1476 in
1203 1424 1522 1492 majestate,
1571 1422 1630 1475 in
1670 1421 1755 1474 di-

76 1512 283 1581 gnitate
313 1512 570 1582 aequalis.

136 1600 339 1653 Scribit
400 1606 629 1654 sanctus
681 1600 853 1653 Lucas
901 1600 961 1653 in
1020 1599 1253 1653 Actibus
1308 1600 1694 1669 apostolorum
1741 1616 1753 1651 :

74 1692 190 1745 Cum
220 1691 493 1742 venissent
522 1693 699 1742 autem
715 1692 774 1741 in
804 1690 1059 1755 Mysiam,
1110 1688 1389 1741 tentabant
1439 1689 1521 1741 ire
1564 1688 1755 1756 Bithy-

74 1781 231 1841 niam,
258 1785 435 1831 etnon
470 1778 725 1846 permisit
761 1791 845 1829 eos
870 1777 1116 1845 Spiritus
1166 1778 1290 1829 Jesu
1321 1777 1466 1843 (Act.
1522 1791 1632 1841 xvr,
1673 1773 1753 1841 7).

75 1868 144 1920 De
163 1882 276 1935 quo
309 1866 526 1935 Spiritu
555 1865 723 1931 dicat,
757 1864 1022 1934 superius
1052 1869 1261 1930 narrat,
1281 1864 1475 1916 dicens
1510 1879 1521 1916 :
1555 1866 1755 1916 Trans-

78 1960 242 2009 euntes
317 1960 493 2007 autem
540 1956 841 2020 Phrygiam
897 1958 946 2006 et
1000 1952 1234 2006 Galatia:
1264 1955 1554 2019 regionem,
1606 1954 1761 2005 vetiti

76 2048 189 2095 sunt
218 2060 251 2095 a
273 2048 461 2096 sancto
487 2042 705 2110 Spiritu
749 2042 897 2109 loqui
944 2042 1162 2094 verbum
1209 2043 1265 2093 in
1290 2042 1425 2095 Asia
1472 2040 1654 2111 (lbid.,
1680 2040 1753 2109 6).

78 2132 244 2194 Quem
293 2130 517 2184 dixerat
571 2129 834 2200 superius
882 2135 1144 2182 sanctum
1212 2128 1511 2198 Spiritum,
1570 2128 1759 2198 ipsum

76 2227 262 2289 postea
310 2219 455 2272 dixit
500 2218 776 2289 Spiritum
822 2219 953 2271 Jesu
1002 2218 1301 2271 manifeste
1358 2216 1593 2287 signans
1646 2233 1759 2269 non

79 2307 243 2360 alium
268 2323 391 2360 esse
434 2307 712 2375 Spiritum
761 2308 895 2360 Jesu
942 2322 1115 2376 quam
1159 2306 1436 2376 Spiritum
1477 2312 1756 2359 sanctum.

78 2398 181 2450 Cur
254 2400 447 2448 autem
505 2395 728 2448 dicatur
782 2394 1028 2464 Spiritus
1084 2395 1238 2460 Jesu,
1296 2395 1630 2465 frequenter
1676 2400 1763 2447 est

79 2484 305 2547 dictum,
365 2482 639 2553 quoniam
670 2483 928 2552 procedit
980 2499 1013 2535 a
1045 2485 1195 2537 Jesu.
1261 2483 1382 2536 Non
1434 2500 1499 2537 ea
1557 2488 1763 2536 natura

80 2584 182 2637 qua
209 2570 386 2622 factus
418 2573 499 2622 est
542 2569 989 2624 misericorditer
1030 2570 1226 2637 homo,
1261 2572 1354 2625 sed
1411 2588 1478 2625 ex
1529 2588 1597 2624 ea
1651 2588 1765 2641 qua

78 2662 234 2709 natus
275 2656 343 2710 de
376 2658 542 2710 Patre
575 2658 811 2728 aequalis
851 2663 935 2711 est
987 2660 1157 2712 Patri.

142 2746 282 2797 ltem
338 2745 598 2815 loquitur
638 2748 707 2800 ad
732 2747 960 2800 Titum:
1004 2747 1306 2801 Secundum
1344 2763 1499 2801 suam
1553 2750 1765 2801 miseri-

74 2834 312 2886 cordiam
332 2835 508 2887 sulcos
540 2850 635 2888 nos
677 2837 807 2900 fecit
836 2851 933 2903 per
993 2837 1269 2889 lavacrum
1322 2839 1762 2904 regenerationis,

74 2928 117 2973 et
140 2926 510 2976 renovationis
557 2925 797 2992 Spiritus
853 2927 1054 2992 sancti,
1109 2942 1263 2993 quem
1314 2925 1512 2993 effudit
1574 2927 1632 2978 in
1669 2940 1765 2979 nos

72 3007 283 3097 abunde
348 3025 449 3077 per
483 3011 717 3097 glesum,
778 3011 1069 3097 Christum
1096 3011 1438 3065 Salvatorem
1520 3017 1766 3066 nostrum
1804 3044 1842 3097 Ο

74 3094 200 3153 (Tit.
246 3112 331 3162 in,
363 3098 438 3164 5).
467 3096 965 3159 Quemadmodum
996 3096 1198 3151 effudit
1230 3113 1334 3167 per
1368 3097 1560 3151 Jesum
1596 3098 1763 3152 Chri-

71 3190 214 3236 stum
266 3184 550 3253 Spiritum
604 3185 903 3238 sanctum?
962 3186 1225 3255 nunquid
1273 3187 1427 3240 velut
1478 3188 1763 3240 minorem

71 3288 165 3340 per
196 3272 520 3342 majorem?
552 3274 668 3326 Hoc
698 3274 891 3327 Ariani
921 3275 1227 3328 voluerunt
1258 3291 1271 3328 :
1301 3275 1398 3328 sed
1429 3277 1653 3329 Patrem
1687 3276 1766 3330 di-

72 3358 141 3412 cit
169 3360 446 3414 effudisse
474 3359 752 3431 Spiritum
782 3366 1038 3415 sanctum
1090 3378 1197 3431 per
1225 3363 1419 3416 Jesum
1454 3363 1762 3430 Christum,

72 3453 126 3500 ut
154 3448 493 3502 ostenderet
537 3448 874 3502 effusionem
919 3449 1160 3519 Spiritus
1212 3450 1391 3504 sancti
1448 3451 1655 3505 factam
1703 3468 1766 3505 ex

67 3539 184 3589 lesu
210 3538 467 3604 Christo,
502 3554 618 3591 non
652 3543 923 3608 tanquam
977 3539 1206 3592 aliunde
1266 3540 1619 3609 accipiendo,
1670 3541 1769 3595 sed

66 3642 183 3679 eam
206 3643 275 3679 ex
319 3626 510 3695 seipso
543 3626 825 3680 mittendo
861 3644 874 3679 :
911 3643 1097 3697 neque
1138 3627 1291 3680 enim
1347 3628 1530 3681 voluit
1582 3628 1769 3683 dicere

68 3722 126 3766 ut
144 3716 319 3767 Pater
350 3714 633 3784 Spiritum
664 3720 923 3768 sanctum
958 3715 1221 3769 effuderit
1249 3733 1352 3785 per
1382 3718 1574 3771 Jesum
1608 3718 1767 3772 Chri-

64 3810 229 3866 stum,
266 3808 558 3871 tanquam
581 3802 629 3855 si
660 3819 762 3873 per
799 3804 1048 3857 fistulam
1099 3804 1429 3857 effundatur
1482 3821 1652 3876 aqua,
1709 3814 1772 3860 ut

68 3890 197 3943 nihil
230 3891 295 3943 in
315 3891 431 3943 hac
458 3889 735 3943 effusione
774 3892 946 3945 fuerit
978 3891 1132 3952 Filii,
1166 3898 1550 3963 praeterquam
1599 3894 1768 3947 mini-

65 3979 302 4033 sterium
338 3982 433 4032 vel
485 3980 816 4048 evectionis,
846 3981 933 4033 vel
965 3982 1338 4034 transitionis.
1411 3983 1522 4035 Hoc
1577 3983 1771 4053 itaque

66 4069 269 4121 sentire
312 4068 643 4137 impietatis
672 4074 777 4122 est.
811 4069 1019 4123 Verum
1051 4069 1249 4123 effudit
1289 4071 1454 4124 Pater
1498 4071 1773 4140 Spiritum

66 4162 325 4209 sanctum
356 4156 424 4209 in
452 4171 554 4208 nos
582 4156 811 4210 abunde
836 4173 939 4226 per
965 4158 1158 4210 Jesum
1191 4158 1476 4211 Christum
1522 4159 1776 4213 Salvato-

68 4260 174 4296 rem
203 4250 509 4298 nostrum.
544 4244 683 4314 quia
711 4245 968 4314 procedit
997 4250 1054 4298 et
1081 4246 1296 4312 aFilio,
1342 4246 1488 4300 sicut
1518 4248 1778 4316 procedit

69 4348 95 4383 a
121 4332 289 4385 Patre
331 4348 347 4385 :

71 4421 507 4487 processionem
542 4419 669 4489 ejus
700 4436 732 4473 a
772 4420 934 4488 Filio,
965 4437 1071 4475 nec
1125 4426 1320 4476 tamen
1379 4424 1605 4493 negavit
1648 4440 1777 4477 cum

72 4508 215 4562 Patre
249 4507 623 4580 procedere;
657 4508 793 4579 quia
813 4524 943 4563 cum
980 4510 1237 4580 procedit
1266 4527 1299 4564 a
1326 4511 1489 4577 Filio,
1522 4512 1782 4582 procedit

73 4602 117 4647 et
144 4614 173 4647 a
202 4599 412 4651 Patre.

132 4685 201 4736 De
244 4686 362 4738 hac
427 4682 709 4737 effusione
757 4684 1001 4753 Spiritus
1053 4686 1232 4740 sancti
1286 4691 1528 4740 testatur
1583 4687 1783 4741 beatus

75 4774 253 4826 Petrus
292 4774 362 4826 in
409 4773 654 4825 Actibus
681 4774 1072 4843 apostolorum
1102 4775 1170 4829 de
1195 4775 1439 4828 Domino
1466 4776 1597 4829 lesu
1621 4776 1786 4829 Chri—

75 4868 141 4911 stu
164 4861 391 4915 Judaeis
426 4860 513 4911 sic
545 4861 788 4930 loquens
818 4877 831 4912 :
863 4863 1095 4915 Demtera
1154 4865 1327 4928 igitur
1356 4866 1454 4916 Dei
1486 4864 1782 4930 exaltatus,

77 4958 114 4999 et
136 4952 525 5017 promissione
546 4949 792 5017 Spiritus
822 4953 998 5004 sancti
1025 4956 1247 5020 accepta
1286 4967 1319 5004 a
1358 4953 1537 5018 Patre,
1593 4952 1787 5019 effudit

83 5038 193 5090 tunc
240 5054 418 5105 quem
478 5051 569 5089 vos
600 5036 825 5090 vidistis
862 5042 912 5090 et
960 5038 1198 5093 audistis
1237 5039 1384 5107 (Act.
1448 5056 1503 5101 ιι,
1548 5042 1657 5105 33).
1709 5040 1788 5094 De

84 5141 172 5193 quo
199 5127 455 5180 locutus
501 5123 677 5177 Lucas
717 5124 777 5177 in
808 5125 1023 5179 eisdem
1071 5126 1306 5179 Actibus
1343 5132 1586 5180 testatur
1618 5143 1629 5178 :
1660 5128 1791 5181 Cum

85 5217 502 5281 explerentur,
557 5212 767 5281 inquit,
812 5213 925 5267 dies
992 5216 1340 5281 Pentecostes,
1408 5220 1563 5268 erant
1615 5230 1791 5268 omnes

88 5305 269 5367 puriter
295 5306 359 5355 in
391 5299 594 5355 eodem
624 5301 756 5365 loco,
777 5307 826 5353 et
862 5302 1045 5366 factus
1079 5308 1156 5356 est
1198 5308 1411 5370 repente
1454 5302 1519 5355 de
1548 5303 1671 5356 cmlo
1709 5317 1792 5355 so-

92 5405 168 5443 nas
218 5398 519 5459 tanquam
572 5387 911 5442 advenientis
950 5391 1182 5457 spiritus
1224 5392 1576 5456 vehementis;
1608 5396 1657 5442 et
1707 5405 1793 5443 re-

94 5479 229 5545 plent
266 5484 456 5535 totam
490 5474 712 5529 domum
742 5475 838 5529 ubi
876 5482 1032 5530 erant
1081 5478 1337 5532 sedentes.
1408 5480 1468 5531 Et
1524 5492 1795 5546 apparue-

1860 540 2063 602 sancto,
2086 541 2135 588 et
2156 541 2427 603 eruperunt
2453 537 2601 603 loqui
2629 539 2801 589 variis
2835 537 3061 604 linguis,
3105 540 3272 605 prout
3315 537 3554 605 Spiritus

1859 629 2078 676 sanctus
2101 622 2272 675 dabat
2301 623 2478 689 eloqui
2502 624 2613 676 illis
2672 628 2809 687 (Act.
2845 639 2901 689 ιι,
2954 622 3090 692 1-4).
3142 624 3206 676 Et
3251 622 3309 675 in
3354 639 3555 676 conse-

1862 710 2165 782 quentibas
2198 727 2210 764 :
2246 710 2437 780 Egerit
2468 713 2526 764 in
2548 713 2854 765 novissimis
2887 711 3096 777 diebus;
3121 711 3255 765 dicit
3280 714 3555 773 Dominus,

1860 801 2137 868 effundam
2167 800 2231 852 de
2268 801 2489 869 Spiritu
2509 816 2621 854 meo
2653 814 2816 869 super
2840 815 3044 853 omnem
3077 816 3311 866 carnem,
3356 805 3405 853 et
3433 816 3556 869 pro-

1857 888 2454 959 phetabuntfiliiveslri
2470 889 2651 959 (lbid.,
2672 893 2732 942 l7
2751 889 2787 957 ;)
2802 888 3113 958 etreliqua.
3138 889 3197 941 Et
3214 888 3383 957 paulo
3399 893 3555 958 post:

1862 981 1931 1032 Et
1963 978 2179 1047 quidem
2231 994 2393 1047 super
2425 994 2603 1032 servos
2657 994 2797 1031 meos
2851 992 3016 1047 super
3042 977 3276 1033 ancillas
3326 991 3470 1030 meas
3502 980 3560 1030 in

1863 1068 2049 1121 diebus
2080 1069 2190 1121 illis
2220 1067 2496 1135 effundam
2518 1067 2583 1120 de
2632 1067 2845 1138 Spiritu
2878 1082 3011 1133 meo,
3062 1072 3111 1120 et
3161 1065 3563 1136 prophetabunt

1865 1156 2051 1225 (Ibid,
2080 1157 2186 1221 l8).
2213 1157 2328 1208 Hoc
2351 1159 2535 1208 totum
2559 1155 2857 1224 posuimus
2879 1160 2942 1208 ut
2956 1155 3123 1208 beato
3146 1154 3563 1210 Petrodoccnte

1863 1260 2229 1297 nosceremus
2275 1244 2550 1314 Spiritum
2590 1248 2849 1297 sanctum
2899 1244 3146 1297 effusum
3200 1260 3374 1314 super
3419 1225 3557 1314 api)-

1865 1334 2057 1401 stolos,
2103 1338 2153 1386 et
2206 1333 2459 1402 reliquos
2528 1332 2843 1396 credentes,
2908 1332 3009 1402 qui
3064 1332 3280 1401 pariter
3333 1332 3563 1387 fuerant

1864 1421 2197 1491 congregati
2251 1421 2342 1473 die
2409 1422 2793 1486 Pentecostes,
2853 1420 2922 1473 ab
2984 1421 3132 1474 Jesu.
3202 1420 3361 1473 Unde
3428 1421 3561 1473 scri-

1867 1514 2032 1579 ptum
2057 1515 2141 1562 est
2173 1526 2185 1561 :
2215 1510 2368 1562 Hunc
2410 1510 2588 1561 Jesum
2642 1510 2982 1562 resuscitavit
3040 1511 3200 1575 Deus,
3238 1511 3326 1562 cui
3379 1524 3556 1563 omnes

1865 1613 1963 1652 nos
2007 1602 2159 1651 testes
2208 1611 2390 1650 sumus
2443 1596 2632 1666 (lbid.,
2692 1596 2806 1665 32).
2862 1596 3076 1650 Deinde
3117 1597 3354 1651 intulit:
3407 1601 3555 1651 Dea:-

1868 1691 1983 1740 tera
2009 1687 2182 1752 igitur
2213 1687 2309 1737 Dei
2328 1686 2600 1737 exaltatus
2630 1684 2824 1751 effudit
2857 1684 3017 1749 hunc,
3061 1684 3117 1738 id
3152 1691 3237 1737 est
3280 1685 3558 1755 Spiritum

1866 1778 2145 1839 sanctum,
2202 1772 2478 1826 nimirum
2552 1773 2732 1838 Jesus,
2796 1788 2947 1839 quem
3005 1775 3145 1827 Deus
3193 1776 3560 1837 resuscitavit,

1866 1878 2021 1931 quem
2068 1862 2284 1915 vidistis
2341 1866 2391 1915 et
2449 1860 2686 1915 audistis
2757 1861 2947 1930 (Ibid,
3008 1862 3116 1931 33).
3186 1861 3418 1915 Vidistis
3501 1861 3562 1915 in

1866 1950 2052 2020 igneis
2081 1950 2316 2020 linguis,
2361 1949 2595 2004 audistis
2625 1950 2686 2003 in
2718 1951 3045 2019 linguarum
3076 1950 3345 2005 varietate
3378 1967 3391 2003 :
3430 1966 3564 2003 nam

1865 2041 2106 2110 Spiritus
2146 2044 2372 2095 sanctus
2398 2039 2455 2093 in
2486 2038 2718 2111 propria
2764 2046 2972 2094 natura
3008 2056 3114 2093 nec
3151 2040 3330 2094 videri
3368 2056 3565 2111 corpo-

1865 2146 1964 2184 rea
1994 2128 2230 2195 visione,
2273 2145 2376 2182 nec
2416 2128 2603 2183 audiri
2643 2132 2832 2198 potest
2874 2128 3071 2182 auditu
3113 2144 3407 2199 corporeo,
3465 2129 3566 2183 sed

1869 2218 2174 2287 assumpsit
2230 2216 2512 2281 habitum,
2555 2216 2703 2286 ignis
2774 2217 3023 2286 speciem
3063 2216 3166 2270 sub
3224 2217 3558 2287 linguarum

1867 2307 2141 2377 imagine,
2173 2322 2286 2376 quo
2319 2310 2509 2375 posset
2542 2304 2770 2371 intueri,
2806 2310 2862 2359 et
2908 2305 3317 2374 discipulorum
3348 2307 3560 2376 potitus

1869 2400 1955 2450 est
1983 2395 2235 2462 vocibus,
2293 2409 2407 2464 quo
2467 2399 2659 2464 posset
2712 2393 2918 2447 audiri.
2984 2393 3146 2457 Quod
3190 2398 3383 2447 autem
3432 2395 3557 2448 ait:

1867 2485 2224 2538 Promissione
2250 2483 2487 2550 Spiritus
2538 2483 2713 2535 sancti
2758 2487 2974 2549 accepta
3002 2498 3037 2535 a
3085 2484 3246 2536 Patre
3293 2482 3559 2537 effudisse

1870 2573 2023 2625 hunc
2072 2570 2370 2640 Spiritum,
2442 2585 2560 2622 non
2620 2569 2959 2632 Divinitatis,
3027 2570 3120 2623 sed
3189 2570 3566 2624 humanitatis

1871 2658 2235 2713 commendat
2287 2657 2489 2728 gratia.
2582 2658 2723 2710 Nam
2799 2658 3113 2711 secundum
3198 2658 3565 2712 Divinitatem

1872 2764 1988 2802 non
2031 2746 2247 2816 accepit
2302 2745 2826 2816 repromissionem,
2870 2747 3145 2816 quoniam
3194 2747 3388 2800 omnia
3437 2763 3565 2817 qum

1872 2837 2043 2890 habet
2072 2836 2238 2888 Pater
2284 2851 2385 2888 sua
2435 2836 2587 2899 sunt,
2620 2850 2737 2888 non
2767 2836 3165 2905 temporaliter
3214 2835 3563 2906 accipiendo.

1874 2926 1976 2980 sed
2006 2924 2356 2979 esternaliter
2382 2922 2669 2977 habendo.

2544 3070 2771 3124 CAPUT
2836 3071 2896 3125 V.

1877 3177 2020 3246 Quid
2064 3180 2135 3231 sit
2178 3176 2367 3245 effusio
2410 3178 2586 3231 sancti
2639 3176 2907 3245 Spiritus.
2965 3177 3071 3243 Qui
3106 3181 3287 3248 spirat
3328 3181 3570 3249 Spiritus

2603 3270 2843 3319 sanctus.

1949 3373 2012 3424 Et
2078 3386 2476 3440 comparemus
2532 3369 2620 3423 his
2682 3371 2841 3424 Pauli
2871 3371 3214 3425 sententiam
3243 3388 3417 3442 supra
3447 3373 3571 3442 jam

1878 3460 2123 3530 positam
2155 3475 2267 3529 qua
2300 3459 2440 3512 dixit
2465 3460 2705 3528 loquens
2736 3459 2806 3512 ad
2832 3460 3044 3523 Titum,
3078 3460 3147 3513 de
3196 3460 3414 3529 Spiritu
3445 3476 3575 3514 san-

1878 3555 1989 3612 cto,
2023 3563 2177 3615 quem
2206 3547 2399 3615 effudit
2438 3550 2496 3599 in
2525 3561 2623 3600 nos
2666 3547 2880 3600 abunde
2926 3563 3023 3613 per
3066 3549 3258 3601 Jesum
3301 3550 3575 3604 Christum

1879 3638 2213 3691 Salvatorem
2276 3642 2518 3688 nostrum
2574 3636 2705 3701 (Tit.
2760 3650 2842 3701 IlI,
2896 3636 2972 3705 6).
3059 3637 3267 3689 Paulus
3332 3642 3573 3691 testatur

1879 3725 2029 3795 quod
2060 3725 2226 3777 Pater
2256 3722 2520 3775 ell'uderit
2559 3722 2833 3791 Spiritum
2893 3727 3153 3776 sanctum
3212 3739 3315 3793 per
3375 3726 3569 3779 Jesum

1881 3814 2166 3867 Christum
2216 3811 2564 3864 Salvatorem
2643 3816 2923 3863 nostrum.
2995 3811 3193 3865 Petrus
3242 3828 3372 3865 vero
3412 3812 3571 3879 dicit,

1882 3902 2030 3972 quod
2062 3902 2219 3954 Jesus
2267 3898 2533 3952 effuderit
2584 3898 2737 3951 hunc
2786 3899 3053 3953 eumdem
3106 3899 3385 3970 Spiritum
3444 3917 3572 3955 san-

1881 3995 2035 4043 ctum
2068 4003 2373 4057 resurgens
2400 4004 2431 4039 a
2496 3987 2758 4040 mortuis.
2812 3986 3027 4049 Quibus
3059 3988 3327 4042 docemus
3385 3994 3443 4044 et
3473 3991 3574 4044 Pa-

1882 4082 2030 4130 trem
2060 4091 2191 4129 eum
2221 4075 2515 4129 effundere
2547 4082 2602 4128 et
2625 4076 2819 4129 Jesum
2848 4074 3154 4139 Christum,
3201 4082 3265 4132 ut
3296 4078 3579 4132 discamus

1886 4165 1957 4218 ab
1986 4169 2230 4234 utroque
2264 4163 2571 4233 procedere
2602 4164 2879 4234 Spiritum
2908 4170 3187 4231 sanctum,
3224 4183 3396 4237 quem
3426 4173 3580 4222 uter-

1886 4268 1997 4324 que
2037 4251 2327 4305 effundit:
2360 4268 2549 4321 neque
2580 4253 2734 4305 enim
2794 4253 3047 4324 cogitare
3105 4256 3381 4311 debemus
3436 4256 3583 4311 hanc

422 4336 476 4384 et
504 4332 745 4385 dicendo
776 4332 980 4386 effudit
1020 4350 1123 4404 per
1166 4334 1393 4399 Filium,
1446 4335 1781 4389 monstravit
1822 4338 1863 4391 D
1890 4340 2227 4395 effusionem
2266 4341 2507 4394 localem
2546 4340 2846 4408 exstitisse,
2894 4347 2957 4395 ut
2996 4343 3066 4396 de
3117 4346 3285 4398 Patre
3344 4361 3583 4399 manans

1889 4428 2143 4483 localiter
2170 4429 2465 4482 transierit
2501 4428 2570 4483 ad
2603 4429 2893 4483 Christum
2924 4435 3202 4502 tanquam
3242 4434 3465 4487 Patrem
3493 4450 3582 4486 re-

1889 4517 2230 4588 linquendo,
2261 4517 2349 4571 vel
2379 4521 2442 4571 ut
2472 4522 2665 4588 posset
2708 4518 2779 4572 ad
2836 4518 3040 4573 Filium
3068 4520 3263 4573 venire
3307 4521 3582 4589 semetip-

1890 4617 2015 4654 sum
2037 4600 2412 4665 extendendo,
2436 4606 2499 4655 ut
2519 4602 2697 4655 altera
2710 4618 2840 4656 vero
2853 4602 2939 4655 sui
2961 4608 3121 4672 parte
3144 4604 3346 4656 Filium
3362 4604 3587 4656 contin-

1891 4695 2072 4759 geret,
2104 4690 2283 4742 altera
2314 4705 2446 4742 vero
2485 4689 2544 4742 in
2600 4691 2765 4743 Patre
2810 4697 3083 4744 maneret.
3134 4690 3406 4744 Similiter
3454 4706 3585 4743 cum

1892 4794 1925 4830 a
1956 4777 2097 4831 Filio
2146 4777 2204 4830 in
2245 4777 2554 4845 discipulos
2591 4778 2762 4831 fuerit
2805 4778 3039 4840 effusus,
3066 4779 3152 4830 vel
3202 4778 3407 4831 Filium
3451 4779 3584 4832 reli—

1894 4864 2086 4936 querit
2130 4869 2183 4918 et
2243 4864 2311 4917 ad
2362 4864 2668 4933 discipulos
2716 4866 2951 4925 venerit.
3003 4865 3089 4918 vel
3146 4871 3297 4918 certe
3340 4866 3587 4936 quadam

1897 4952 2261 5023 protensione
2292 4952 2460 5016 facta,
2494 4952 2861 5021 proportione
2901 4953 3146 5022 quadam
3178 4953 3287 5019 sui,
3336 4954 3587 5024 discipu-

1899 5042 2084 5095 lorum
2117 5040 2289 5093 corda
2328 5039 2704 5103 irradiaverit,
2746 5046 2801 5092 et
2832 5040 3079 5109 quadam
3134 5041 3195 5094 in
3243 5042 3468 5097 Christo
3500 5059 3589 5095 re-

1899 5128 2140 5193 sederit;
2170 5128 2345 5180 veluti
2395 5127 2615 5179 radium
2667 5126 2802 5179 solis
2851 5126 2897 5180 si
2937 5129 3261 5183 consideres
3314 5130 3425 5184 alia
3482 5132 3593 5185 sui-

1900 5220 2062 5286 parte
2093 5214 2374 5284 sphaeram
2406 5214 2585 5283 ipsius
2630 5214 3034 5283 illustrantem,
3086 5217 3200 5271 alia
3257 5235 3390 5275 vero
3440 5224 3594 5273 terra

1902 5304 2295 5371 attingentem.
2327 5302 2434 5355 Sed
2462 5302 2570 5355 ista
2600 5301 2658 5355 in
2699 5304 3040 5372 corporibus
3084 5312 3244 5373 sunt;
3278 5313 3334 5362 at
3370 5324 3505 5362 vero
3533 5308 3594 5360 in

1907 5390 2211 5444 Divinitate
2242 5394 2447 5442 sanctae
2474 5388 2763 5443 Trinitatis
2812 5392 2890 5445 nil
2936 5393 3177 5449 istorum
3208 5395 3598 5467 deprehendi-

1904 5482 2017 5544 tur,
2053 5476 2150 5530 sed
2180 5476 2395 5545 absque
2442 5478 2717 5547 temporis
2756 5476 3057 5535 intervallo
3097 5482 3155 5536 in
3205 5484 3316 5538 loci
3353 5482 3596 5553 Spiritus

98 5576 199 5620 runt
242 5571 355 5622 illis
423 5564 747 5630 dispertita
790 5565 989 5630 lingua:
1019 5569 1280 5632 tanquam
1336 5568 1508 5633 ignis;
1555 5565 1801 5632 seditque
1907 5568 2137 5619 sanctus
2169 5581 2202 5618 a
2224 5565 2388 5617 Patre
2416 5563 2749 5633 effunditur,
2783 5567 3048 5623 similiter
3076 5576 3134 5624 et
3160 5587 3193 5624 a
3216 5572 3376 5625 Filio.
3412 5570 3596 5623 Effun-

442 5663 741 5726 ΡΑΤιιοι..
794 5642 1007 5726 CXXI.

3250 5674 3287 5729 8
