3890 6230
336 361 441 411 23Ξ5
1484 347 1849 405 BATRAMNI
1887 347 2344 403 CORBEIENSIS
2382 346 2694 403 MONACHI
3704 358 3778 407 ‘236

338 489 493 543 ditur
520 503 551 540 a
582 488 744 541 Patre
775 484 835 539 in
876 483 1106 547 Filium,
1139 482 1275 552 quia
1305 479 1506 551 genuit
1564 480 1731 532 Pater
1793 477 2021 543 Filium,
2065 480 2107 532 Α
2142 482 2527 530 monstratum
2584 481 2684 540 est,
2738 476 3071 532 effusionem
3134 478 3385 549 Spiritus
3449 483 3633 550 sancti,
3692 486 3777 539 sive

334 575 651 630 effunditur
681 578 735 627 et
765 589 798 626 a
832 572 995 636 Filio,
1029 572 1167 642 quia
1214 569 1409 624 omnia
1466 584 1594 638 qua:
1630 567 1809 621 Patris
1870 571 2022 634 sunt,
2136 566 2525 633 donationem,
2558 566 2625 619 ad
2659 568 2883 620 Patrem
2916 567 3202 637 pertinere
3234 574 3292 621 et
3315 569 3387 622 ad
3438 570 3646 636 Filium,
3681 577 3780 644 quia

337 665 509 718 habet
542 663 737 715 Filius.
2137 655 2395 725 procedit
2425 655 2494 707 ab
2527 660 2794 725 utroque.
2823 657 2883 709 Et
2913 656 3002 709 hic
3033 655 3209 725 igitur
3229 658 3381 728 quod
3405 658 3537 712 dicit
3576 662 3781 715 eamdem

408 753 669 805 Testatur
707 765 937 821 quoque
961 752 1217 802 sanctum
1254 745 1624 817 Evangelium
1658 744 1809 816 quod
1850 746 2030 813 Spiri-
2138 744 2381 814 gratiam
2410 744 2632 798 dedisse
2666 760 2853 813 nuper
2881 744 3263 809 credentibus,
3291 762 3465 816 quam
3489 748 3633 801 dedit
3658 751 3778 817 prius

341 846 423 894 tus
445 840 539 893 ubi
561 840 675 893 vult
704 841 881 907 Spirat
918 838 1092 906 (Joan.
1128 853 1209 905 in,
1244 837 1321 903 8).
1370 835 1515 900 Quid
1549 839 1631 887 est
1660 832 1881 904 spirat?
1940 832 2035 885 ni-
2140 832 2430 902 apostolis,
2504 831 2778 901 Spiritum
2847 837 3103 886 sanctum
3168 834 3469 889 manifeste
3532 837 3781 905 significat,

339 928 549 981 mirum
583 926 717 996 quia
748 926 1208 996 quandocunque
1237 926 1374 990 vult,
1410 924 1737 993 ubicunque
1786 921 1907 973 vult
1945 936 2033 973 se-
2142 936 2313 991 quem
2349 920 2484 974 dare
2533 920 2720 991 potuit
2769 921 2966 989 Filius,
3012 922 3288 992 quoniam
3331 939 3365 975 a
3422 940 3479 978 se
3534 927 3781 995 procedit:

338 1016 647 1085 metipsum
697 1013 956 1069 effundit.
993 1015 1288 1067 Videamus
1328 1011 1501 1064 totius
1530 1008 1823 1064 Trinitatis
1858 1023 2031 1062 unam
2145 1010 2297 1081 quod
2348 1009 2582 1063 omnino
2632 1025 2745 1062 non
2802 1014 3013 1079 posset,
3053 1010 3101 1063 si
3153 1026 3268 1064 non
3349 1013 3424 1066 ab
3465 1012 3558 1067 illo
3623 1030 3780 1085 proce-

339 1105 758 1174 operationem.
796 1107 964 1158 Pater
992 1101 1253 1159 effundit.
1282 1101 1454 1154 Filius
1483 1098 1726 1152 effundit
1757 1097 2031 1167 Spiritum
2145 1099 2323 1152 deret.

339 1201 621 1249 sanctum.
655 1194 899 1264 Spiritus
930 1196 1176 1257 sanctus,
1226 1190 1319 1242 ubi
1354 1189 1474 1240 vult
1523 1186 1763 1257 spirans,
1827 1189 2034 1237 semet-

342 1286 533 1356 ipsum
568 1260 826 1337 effundit.
868 1280 1047 1344 Quam
1106 1280 1487 1347 congruenter
1536 1274 1844 1345 Apostolus
1903 1272 2038 1326 dicit
2816 1260 3041 1314 CAPUT
3082 1261 3170 1314 Vl.

344 1374 681 1428 effusionem
728 1369 970 1440 Spiritus
1018 1366 1198 1420 sancti
1236 1366 1439 1419 factam
1489 1380 1593 1434 per
1636 1363 1828 1416 Jesum
1876 1362 2035 1416 Chri-

343 1469 517 1527 stum,
549 1475 650 1530 per
679 1474 849 1529 quem
891 1458 1056 1510 Pater
1085 1456 1229 1509 Deus
1271 1453 1464 1507 omnia
1512 1452 1663 1515 fecit,
1699 1466 1869 1521 quam
1913 1466 2039 1503 con-

343 1550 639 1602 venienter
702 1562 929 1616 quoque
966 1546 1164 1597 Petrus
1216 1542 1508 1612 apostolus
1562 1545 1802 1593 testatur
1856 1539 2037 1591 Filum
2218 1542 2301 1595 Ad
2335 1542 2621 1596 Romanos
2650 1541 2846 1595 beatus
2884 1543 3092 1595 Paulus
3125 1542 3401 1609 scribens,
3433 1542 3680 1597 fidelibus
3700 1545 3785 1597 ait:

343 1637 606 1691 effudisse
637 1635 911 1703 Spiritum
944 1638 1225 1698 sanctum,
1258 1631 1327 1683 de
1359 1646 1473 1700 quo
1507 1628 1641 1681 dicit
1671 1628 2037 1696 Evangelium
2156 1628 2259 1681 Vos
2298 1630 2476 1679 autem
2501 1627 2559 1678 in
2597 1640 2757 1679 carne
2782 1641 2885 1678 non
2924 1627 3187 1691 estis,sed
3206 1630 3263 1679 in
3298 1628 3548 1696 Spiritu;
3584 1632 3629 1682 si
3658 1635 3793 1683 tamen

345 1725 494 1796 quod
527 1726 707 1778 omnia
739 1738 855 1790 qum
884 1724 1017 1787 facit
1048 1723 1225 1784 Pater,
1253 1721 1359 1773 haec
1398 1718 1581 1771 eadem
1616 1722 1664 1769 et
1696 1717 1871 1769 Filias
1904 1717 2042 1781 facit
2081 1790 2111 1796 Μ
2151 1716 2393 1782 Spiritus
2426 1716 2519 1768 Dei
2546 1714 2758 1767 habitat
2790 1716 2845 1766 in
2880 1713 3050 1767 vobis.
3084 1716 3146 1769 Si
3187 1716 3308 1784 quis
3356 1723 3535 1770 autem
3576 1719 3793 1786 Spiritum

340 1790 593 1866 similiter
626 1813 800 1876 (Joan.
838 1810 1091 1876 “1.15).
1138 1807 1384 1861 Effundit
1422 1806 1600 1875 igitur
1649 1806 1812 1858 Pater
1855 1803 2034 1874 Spiri-
2079 1790 2116 1843 Β
2149 1804 2352 1859 Christi
2397 1818 2502 1855 non
2539 1803 2715 1867 habet,
2766 1802 2852 1855 hic
2911 1817 3015 1854 non
3063 1808 3141 1855 est
3187 1804 3301 1870 ejus
3345 1806 3519 1869 (Rom.
3572 1821 3681 1869 Vill,
3740 1809 3791 1871 9).

341 1908 461 1954 tum
499 1907 778 1962 sanctum,
812 1897 1131 1950 effunditet
1161 1895 1354 1958 Filius,
1389 1894 1659 1965 quoniam
1694 1891 2036 1945 sicutdatur
2143 1891 2337 1944 Videte
2371 1890 2531 1959 cujus
2587 1906 2888 1958 personam
2924 1889 3107 1942 velitis
3149 1891 3400 1960 accipere
3459 1909 3585 1946 cum
3649 1892 3792 1945 dicit:

340 2008 370 2041 a
414 1992 596 2054 Patre,
632 1989 798 2041 datur
830 1994 883 2039 et
914 2003 942 2037 a
982 1986 1138 2039 Filio.
1178 1985 1297 2038 Non
1331 1984 1506 2053 igitur
1542 1984 1787 2052 arguant
1812 1982 2033 2035 Graeco-
2142 1978 2203 2033 Si
2221 1979 2462 2047 Spiritus
2496 1978 2594 2031 Dei
2638 1979 2848 2031 habitat
2888 1980 2943 2029 in
2988 1979 3156 2031 vobis.
3210 1978 3368 2042 Quod
3421 1981 3468 2033 si
3539 1995 3794 2050 personam

341 2094 467 2130 rum
500 2076 877 2146 imperatores
919 2074 1162 2133 Latinos,
1214 2073 1364 2142 quod
1410 2070 1790 2124 confiteantur
1847 2068 2032 2138 Spiri-
2145 2066 2326 2120 Patris
2377 2067 2648 2135 accipitis,
2720 2071 3134 2134 consequenter
3194 2070 3459 2122 eumdem
3540 2069 3793 2138 Spiritum,

338 2170 462 2217 tum
520 2168 779 2217 sanctum
830 2162 1140 2231 procedere
1191 2176 1221 2212 a
1284 2160 1442 2226 Filio,
1502 2160 1648 2212 sicut
1703 2159 1960 2228 procedit
2001 2174 2034 2210 a
2143 2154 2415 2223 Spiritum
2448 2155 2655 2210 Christi
2682 2172 2800 2209 esse
2853 2162 3111 2210 testatur.
3179 2156 3300 2220 Quo
3354 2159 3503 2211 dicto
3540 2159 3793 2212 manifeste

342 2252 522 2317 Patre,
568 2250 661 2303 sed
708 2249 901 2318 potius
952 2248 1175 2301 discant
1204 2246 1337 2300 fidei
1370 2247 1668 2300 veritatem
1700 2262 1732 2299 a
1786 2246 2031 2309 Christo,
2142 2244 2477 2312 comprobat
2502 2245 2770 2298 eumdem
2818 2262 2939 2298 esse
2979 2246 3253 2316 Spiritum
3296 2247 3477 2300 Patris
3534 2249 3628 2318 qui
3674 2250 3735 2300 sit
3757 2252 3797 2299 et

342 2339 565 2393 discant
594 2343 650 2391 et
679 2338 748 2391 ab
778 2336 1047 2407 apostolis
1077 2336 1248 2389 illius.
2143 2332 2349 2385 Clirisfi
2381 2351 2393 2385 :
2429 2338 2487 2385 et
2542 2332 2677 2386 dum
2731 2333 3027 2404 utriusque
3066 2334 3341 2403 Spiritum
3372 2352 3492 2389 esse
3532 2353 3640 2389 non
3682 2342 3799 2388 tacet

409 2429 549 2481 Item
572 2426 1281 2491 inActibusapostolorum
1312 2424 1566 2492 loquitur
1584 2424 1818 2477 Petrus:
1848 2425 1910 2476 Et
1939 2437 2032 2476 nos
2141 2420 2211 2473 ab
2244 2425 2485 2490 utroque
2516 2422 2821 2490 procedere
2872 2422 3195 2477 confitetur.
3229 2423 3387 2486 Quod
3439 2425 3485 2476 si
3528 2430 3799 2494 utrumque

337 2530 521 2568 sumus
546 2520 698 2567 testes
716 2514 907 2566 horum
933 2514 1236 2570 verborum.
1268 2518 1316 2565 et
1332 2514 1578 2579 Spiritus
1615 2517 2031 2578 sanctus,quem
2142 2508 2328 2561 velitis
2352 2509 2672 2579 intelligere
2703 2510 2771 2562 de
2803 2526 3042 2579 persona
3078 2511 3305 2574 Christi,
3353 2512 3505 2581 quod
3558 2513 3691 2565 ordo
3735 2514 3798 2565 le-

338 2603 487 2657 dedit
515 2605 656 2656 Deus
674 2604 918 2655 omnibus
947 2602 1316 2655 obedientibus
1337 2599 1444 2653 sibi
1475 2600 2030 2667 (Act.v,32).Quem
2141 2597 2343 2649 ctionis
2374 2598 2555 2667 magis
2613 2598 2836 2651 videtur
2890 2598 3189 2651 admittere
3232 2598 3385 2668 (nam
3445 2600 3695 2654 Christus
3740 2606 3803 2652 est

340 2687 1707 2759 DeumdicitdedisseSpiritumsanctum,niside
1742 2702 2034 2757 qnosupe-
2145 2684 2345 2751 Deus);
2380 2685 2458 2737 sic
2516 2701 2747 2755 quoque
2805 2685 3079 2739 docemur
3110 2686 3384 2755 Spiritum
3435 2688 3643 2742 Christi
3710 2704 3803 2741 esse

2614 1402 2939 1455 Testimonia
2959 1417 3026 1455 ea:
3056 1402 3376 1470 Scripturis.

340 2775 1856 2844 riusait:DexteraDeiigituremaltatus,e/fadithunc
1879 2791 2033 2843 quem
2142 2772 2420 2841 Spiritum
2468 2780 2725 2828 sanctum
2771 2790 2784 2827 :
2837 2790 2939 2843 per
2994 2776 3143 2845 quod
3200 2775 3546 2830 instruimur
3620 2793 3739 2831 eum
3784 2794 3807 2828 a

336 2868 563 2921 uidistis
591 2874 640 2919 et
656 2866 899 2920 audistis
933 2866 1078 2933 (Act.
1102 2881 1156 2931 li,
1180 2866 1306 2933 33);
1335 2865 1525 2917 Jesum
1550 2863 1838 2917 Christum
1869 2863 2034 2930 (sicut
2143 2861 2360 2914 Christo
2396 2863 2722 2930 procedere.
2758 2863 2898 2915 Nam
2952 2879 3195 2932 persona
3252 2866 3428 2918 Patris
3480 2867 3805 2920 manifestius

339 2956 553 3009 dictum
587 2956 688 3024 est)
718 2954 963 3022 intelligi
997 2956 1360 3006 monstrans?
1394 2952 1499 3007 Sed
1535 2951 1824 3022 quomodo
1876 2951 2033 3004 dedit
2140 2949 2289 3002 infra
2319 2951 2599 3018 signatur,
2648 2951 2757 3020 {ubi
2802 2952 3055 3020 loquitur
3087 2970 3099 3005 :
3127 2953 3281 3022 ()ucd
3307 2956 3357 3007 si
3406 2954 3650 3022 Spiritus
3694 2954 3804 3024 ejus.

338 3044 611 3113 Spiritum
646 3047 905 3095 sanctum
940 3043 1085 3095 Deus
1108 3040 1507 3095 obedientibus
1534 3041 1678 3093 sibi?
1702 3056 1839 3092 num
1869 3038 2031 3108 quasi
2073 3083 2112 3136 Ο
2142 3040 2239 3107 qui
2256 3040 2542 3092 suscitavit
2592 3042 2769 3093 Jesum
2829 3040 3101 3095 Christum
3142 3058 3175 3094 a
3227 3045 3475 3107 mortuis,
3512 3044 3721 3097 habitat
3764 3046 3804 3095 in

341 3131 666 3184 minorem?
702 3131 1092 3200 Nequaquam.
1146 3130 1316 3183 Filius
1347 3145 1596 3198 namque
1629 3128 1809 3181 dicit:
1844 3128 2030 3196 Spiri-
2077 3127 2112 3136 “’
2142 3127 2311 3179 vobis.
2365 3128 2632 3190 Quamvis
2665 3134 2721 3181 et
2778 3128 2868 3182 hic
2920 3129 3092 3181 Filius
3138 3130 3318 3198 possit
3368 3130 3635 3200 intelligi,
3681 3133 3805 3201 quod

341 3226 425 3273 tus
455 3220 683 3272 ubirult
712 3223 907 3287 spirat.
934 3218 1037 3271 Dat
1065 3217 1260 3287 itaque
1293 3219 1439 3271 Deus
1460 3216 1736 3286 Spiritum
1770 3221 2031 3269 sanctum
2145 3215 2437 3267 hominem
2476 3232 2644 3285 quem
2693 3222 3034 3286 susceperat,
3072 3216 3192 3285 ipse
3250 3233 3479 3287 quoque
3513 3234 3643 3272 cum
3670 3222 3807 3273 Patre

342 3307 731 3360 obedientium
791 3306 900 3358 sibi
938 3305 1206 3359 cordibus
1253 3305 1626 3371 infundendo,
1698 3319 1813 3357 non
1861 3308 1925 3355 ut
1977 3320 2035 3355 se
2145 3303 2521 3367 suscitaverit,
2558 3305 2702 3356 sicut
2748 3306 2804 3357 in
2849 3304 3152 3373 Evangelio
3194 3304 3348 3357 dicit.
3380 3305 3489 3359 Sed
3544 3306 3657 3359 sive
3704 3309 3807 3371 hoc,

342 3394 629 3464 relinquat
656 3394 712 3446 in
745 3409 859 3464 quo
893 3408 996 3461 per
1022 3393 1302 3446 unitatem
1353 3392 1687 3445 substantiae
1710 3395 2032 3459 permanet,
2144 3390 2260 3443 sive
2291 3392 2430 3445 illud
2478 3392 2767 3456 malueris,
2820 3393 3120 3445 manifeste
3173 3394 3515 3447 instruimur
3566 3396 3807 3449 eumdem

340 3480 436 3533 sed
488 3487 550 3535 ut
602 3481 725 3535 illos
792 3479 1081 3535 illuminet
1139 3495 1281 3549 quos
1322 3478 1482 3548 prius
1534 3493 1651 3531 non
1703 3477 2023 3531 irradiabat.
2145 3496 2264 3532 esse
2288 3480 2559 3548 Spiritum
2597 3480 2741 3544 Filii,
2774 3481 2873 3550 qui
2901 3481 2970 3535 sit
3008 3487 3064 3533 et
3094 3481 3293 3533 Patris.
3331 3482 3487 3535 Unde
3547 3483 3699 3554 quod
3742 3485 3809 3535 in-

342 3568 520 3625 Nemo
553 3570 705 3641 quod
742 3585 859 3623 non
898 3562 1080 3621 habet
1126 3566 1338 3620 donare
1373 3569 1645 3636 prmvalet
1678 3581 1690 3619 :
1728 3565 1805 3618 sic
1862 3564 2035 3618 Filius
2144 3566 2320 3621 ferius
2383 3572 2610 3621 sanctus
2666 3568 2801 3622 dicit
2847 3570 3153 3637 Apostolus
3196 3586 3209 3622 :
3256 3569 3573 3639 Quicunque
3621 3574 3813 3641 Spiritu

340 3664 580 3713 testatur
618 3658 828 3712 habere
869 3656 1142 3726 Spiritum
1176 3660 1455 3721 sanctum,
1497 3670 1666 3724 quem
1714 3652 1867 3707 dedit
1911 3668 2033 3705 om-
2146 3658 2242 3710 Dei
2290 3662 2550 3724 aguntur,
2599 3657 2656 3709 hi
2701 3658 2809 3725 ﬁlii
2857 3662 2982 3711 sunt
3042 3660 3139 3711 Dei
3188 3657 3360 3725 (Rom.
3422 3675 3538 3725 vni,
3616 3662 3714 3725 l4),
3760 3661 3814 3711 de

341 3748 511 3801 nibus
543 3745 943 3801 obedientibus
999 3743 1127 3797 sibi.
1170 3742 1664 3807 Quemadmodum
1708 3747 1898 3795 autem
1926 3740 2035 3794 ha-
2143 3748 2392 3814 utroque
2417 3744 2540 3797 sine
2572 3745 2933 3798 cunctatione
2964 3750 3149 3816 potest
3202 3746 3399 3815 accipi,
3461 3748 3517 3800 id
3577 3755 3665 3802 est
3720 3748 3815 3801 sive

342 3837 435 3889 bet
482 3851 585 3906 per
632 3836 911 3888 unitatem
955 3832 1310 3897 substantiae,
1351 3847 1470 3884 non
1507 3846 1611 3899 per
1657 3828 2035 3900 possessionis
2146 3831 2215 3885 de
2240 3832 2422 3899 Patre,
2458 3832 2574 3885 sive
2606 3834 2674 3886 de
2727 3832 2899 3899 Filio;
2948 3833 3245 3904 utriusque
3297 3850 3549 3905 namque
3599 3836 3818 3906 Spiritus

342 3924 662 3988 obtentum,
694 3921 772 3974 sic
810 3925 868 3973 et
900 3936 1029 3973 cum
1060 3918 1254 3985 donat,
1306 3934 1422 3971 non
1480 3918 1653 3970 alieni
1696 3917 1815 3986 juri
1869 3916 2031 3987 quasi
2146 3924 2249 3986 est,
2310 3919 2379 3973 ab
2437 3925 2685 3991 utroque
2757 3921 3102 3990 procedens:
3160 3922 3305 3975 sicut
3362 3923 3421 3975 in
3483 3925 3677 3977 multis
3717 3924 3817 3992 jam

343 4014 557 4065 donum
587 4009 810 4072 tribuit,
842 4008 937 4061 sed
977 4007 1064 4060 sui
1109 4008 1260 4077 quod
1309 4010 1393 4059 est
1435 4005 1733 4075 proprium
1779 4004 2036 4058 muneris
2145 4007 2577 4076 comprobatum
2633 4013 2733 4062 est.
2784 4009 2850 4061 Et
2906 4009 3099 4062 infra:
3156 4011 3273 4063 Non
3334 4013 3474 4065 enim
3555 4015 3820 4080 accepisti:

344 4096 685 4167 impertitur.
721 4096 883 4159 Quod
911 4111 1023 4148 non
1064 4096 1202 4147 alias
1237 4094 1410 4148 Filius
1468 4094 1697 4159 faceret,
1750 4094 1797 4145 si
1855 4108 1972 4146 non
2005 4108 2035 4145 a
2145 4096 2411 4165 Spiritum
2457 4097 2733 4149 servitutis
2780 4099 2975 4149 iterum
3036 4098 3091 4149 in
3140 4098 3365 4161 timore;
3415 4098 3511 4152 sed
3560 4102 3819 4168 accepistis

342 4201 399 4236 se
432 4198 661 4253 quoque
693 4182 937 4251 Spiritus
968 4186 1194 4233 sanctus
1223 4181 1692 4251 procederetgln
1748 4181 2037 4251 sequenti-
2146 4184 2416 4251 Spiritum
2483 4183 2788 4253 adoptionis
2846 4186 3099 4252 ﬁliorum,
3177 4188 3236 4238 in
3297 4201 3400 4253 quo
3477 4188 3819 4241 clamamus:

344 4272 450 4325 bus
513 4271 681 4323 etiam
740 4270 940 4322 beatus
1014 4268 1210 4322 Petrus
1266 4268 1476 4323 docens
1546 4268 2032 4339 quemadmodum
2146 4271 2321 4338 Abba,
2356 4272 2515 4325 Pater
2540 4271 2727 4342 (Ibid,
2778 4274 2884 4338 l5).
2936 4272 3018 4326 Ad
3068 4272 3290 4325 Galatas
3339 4277 3530 4327 autem
3585 4275 3821 4329 scribens

344 4360 636 4415 Cornelius
667 4359 736 4412 de
786 4358 1071 4426 gentibus,
1113 4362 1169 4411 et
1198 4358 1297 4429 qui
1326 4375 1457 4412 cum
1512 4375 1578 4413 eo
1633 4360 1863 4413 fuerant
1918 4376 2035 4412 cre-
2075 4377 2117 4431 ι)
2146 4358 2223 4411 ait
2256 4375 2267 4412 :
2299 4360 2567 4424 Quoniam
2592 4366 2769 4413 autem
2797 4362 2924 4413 estis
2954 4360 3094 4413 Filii
3140 4362 3251 4423 Dei,
3283 4363 3436 4415 misit
3465 4364 3605 4416 Deus
3654 4364 3822 4431 Spiri-

343 4450 559 4514 dentes,
591 4447 862 4517 baptismi
898 4440 1140 4514 gratiam
1191 4448 1573 4517 perceperint,
1615 4448 1695 4501 sic
1746 4451 1875 4517 post
1924 4464 2030 4501 cae-
2143 4453 2255 4501 tam
2288 4448 2424 4501 Filii
2451 4451 2539 4503 sui
2568 4451 2626 4501 in
2656 4448 2822 4502 corda
2855 4453 3035 4502 vestra
3073 4450 3392 4503 clamantem
3420 4466 3432 4503 :
3468 4452 3651 4519 Abba,
3682 4455 3825 4506 Pater

342 4544 467 4589 tera
497 4534 633 4588 dicit
664 4550 675 4587 :
710 4534 773 4588 Si
798 4548 923 4600 ergo
951 4532 1189 4587 eamdem
1229 4538 1468 4602 gratiam
1509 4534 1660 4589 dedit
1708 4537 1819 4589 illis
1868 4538 2030 4602 Deus,
2143 4537 2283 4604 (Gal.
2309 4552 2381 4601 iv,
2416 4539 2494 4606 6).
2527 4536 2721 4590 Videte
2752 4536 2903 4607 quod
2939 4536 3206 4591 eumdem
3242 4537 3392 4591 dicat
3419 4537 3697 4609 Spiritum
3736 4540 3822 4593 ad-

340 4627 480 4679 sicut
521 4629 571 4677 et
628 4623 782 4677 nobis
858 4624 956 4691 qui
1017 4622 1350 4677 credidimus
1395 4626 1454 4676 in
1509 4621 1799 4678 Dominum
1853 4626 2031 4678 Jesum
2141 4624 2388 4693 optionis
2410 4624 2684 4690 filiorum,
2718 4641 2888 4695 quem
2910 4625 3514 4695 confiteturSpiritum
3542 4628 3686 4691 Filii,
3723 4643 3823 4697 quo

342 4715 639 4774 Christum,
668 4727 760 4778 ego
791 4713 914 4779 quis
943 4726 1089 4764 eram
1120 4714 1216 4779 qui
1261 4726 1471 4780 possem
1521 4712 1814 4781 prohibere
1854 4716 2032 4767 Deum
2140 4728 2244 4764 nos
2273 4712 2473 4766 doceat
2517 4714 2817 4781 Apostolus
2857 4713 3123 4767 eumdem
3156 4730 3276 4767 esse
3315 4714 3595 4784 Spiritum
3639 4716 3823 4775 Patris,

340 4804 476 4858 (Act.
510 4817 586 4869 XI,
641 4802 767 4871 l7)?
821 4800 1087 4863 Quamvis
1111 4798 1217 4869 [hic
1267 4801 1435 4866 Deus,
1468 4800 1554 4853 vel
1608 4800 1851 4869 Spiritus
1900 4816 2026 4852 san-
2141 4816 2312 4870 quem
2383 4800 2520 4853 dicit
2563 4801 2839 4870 Spiritum
2910 4802 3254 4871 adoptionis,
3288 4806 3343 4855 et
3372 4804 3643 4858 eumdem
3720 4819 3826 4857 esse

339 4894 478 4953 ctus,
514 4889 647 4959 quia
679 4888 846 4942 corda
875 4886 1181 4957 repleverit
1209 4886 1585 4953 credentium,
1617 4892 1673 4939 et
1703 4887 2027 4955 linguarum
2139 4888 2414 4958 Spiritum
2448 4889 2595 4957 Filii,
2639 4906 2809 4960 quem
2844 4890 2999 4943 misit
3054 4891 3200 4944 Deus
3230 4890 3290 4943 in
3331 4893 3501 4945 corda
3536 4899 3751 4956 nostra;
3780 4898 3828 4943 et

337 4977 554 5029 dederit
610 4976 925 5041 scientiam,
980 4975 1066 5027 vel
1129 4980 1277 5028 certe
1314 4977 1477 5027 Pater
1532 4975 1709 5045 possit
1740 4975 2025 5045 |intelligi;
2142 4976 2199 5029 in
2232 4976 2458 5041 eodem,
2513 4977 2612 5046 qui
2647 4983 2761 5031 tam
2823 4978 3006 5031 Patris
3074 4994 3246 5048 quam
3307 4979 3431 5032 Filii
3490 4986 3829 5035 monstratur

338 5070 530 5116 tamen
561 5064 607 5117 si
637 5064 1061 5117 consideremus
1087 5063 1254 5116 verba
1291 5062 1439 5117 Petri
1492 5064 1750 5133 superius
1798 5064 2030 5134 loquen-
2140 5062 2402 5133 Spiritus,
2441 5063 2757 5118 clamamus
2800 5064 2977 5131 Abba,
3013 5066 3197 5120 Pater.
3260 5066 3423 5130 Quod
3460 5066 3826 5139 [nequaquam

338 5155 407 5203 tis
438 5151 507 5205 de
540 5152 810 5205 missione
842 5151 1085 5221 Spiritus
1118 5152 1294 5204 sancti
1326 5168 1498 5221 super
1527 5151 1842 5215 credentes,
1875 5152 2028 5221 quod
2138 5151 2323 5204 facere
2354 5167 2674 5220 possemus:
2712 5153 2757 5205 si
2808 5170 2922 5207 non
2972 5154 3464 5223 quemadmodum
3526 5157 3775 5227 procedit
3802 5171 3827 5204 ει

339 5238 510 5292 Filius
542 5256 672 5294 eum
708 5239 974 5294 effuderit
1013 5239 1177 5307 (sicut
1202 5245 1366 5293 antea
1398 5239 1615 5293 dictum
1648 5240 1782 5309 est),
1829 5256 2027 5293 conse-
2138 5239 2301 5291 Patre
2364 5238 2607 5308 Spiritus
2666 5245 2911 5306 sanctus,
2981 5241 3059 5295 sic
3119 5241 3290 5295 etiam
3346 5244 3623 5309 procedat
3703 5250 3754 5297 et
3800 5258 3825 5293 a

337 5334 581 5395 quenter
615 5334 672 5381 et
704 5328 795 5382 hic
821 5328 973 5381 Deus
1008 5327 1181 5381 Filius
1208 5328 1633 5398 intelligendus,
1681 5327 1779 5397 qui
1810 5327 2031 5381 dederit
2140 5326 2304 5379 Filio.

334 5416 592 5470 eamdem
626 5416 870 5487 gratiam
904 5416 1188 5481 Cornelio,
1219 5416 1501 5486 sociisque
1552 5417 1692 5485 ejus,
1729 5416 1894 5468 Petro
1944 5416 2025 5468 lo-
2208 5414 2414 5470 Scribit
2465 5415 2777 5469 Corinthiis
2833 5416 2891 5469 in
2948 5417 3197 5487 Epistula
3251 5420 3547 5475 secunda:
3590 5421 3825 5491 Epistula

331 5508 563 5572 quente,
607 5519 780 5575 quam
831 5503 985 5558 dedit
1008 5503 1165 5573 prius
1216 5502 1517 5556 effundens
1567 5502 1841 5573 Spiritum
1900 5518 2028 5555 san—
2138 5508 2323 5557 nostra
2346 5518 2437 5556 vos
2467 5507 2613 5569 estis,
2646 5508 2857 5573 scripta
2885 5506 2942 5557 in
2961 5505 3210 5559 cordibus
3230 5510 3459 5573 nostris;
3511 5526 3634 5577 quae
3672 5514 3827 5564 scitur

332 5596 485 5645 ctum
521 5608 691 5663 super
720 5591 1028 5660 discipulos
1072 5591 1127 5643 in
1155 5589 1371 5658 linguis
1402 5589 1606 5660 igneis.
1640 5589 1703 5642 Et
1734 5589 2025 5643 evidenter
2138 5596 2187 5642 et
2217 5591 2413 5656 legitur
2440 5591 2506 5643 ab
2536 5594 2777 5645 omnibus
2810 5592 3114 5646 hominibus
3158 5608 3169 5645 :
3198 5597 3545 5660 manifestati
3582 5601 3827 5665 quoniam
