3890 6230
98 280 177 329 1’37
1118 278 1385 332 CONTRA
1429 280 1823 334 GRECOBUM
1867 280 2219 336 OPPOSITA.
2248 313 2313 319 —
2349 281 2482 336 LIB.
2528 282 2572 336 Ι.

3479 290 3584 342 238

91 409 300 478 cpistola
325 411 456 463 estis
479 409 711 471 Christi,
749 411 1062 463 ministrata
1091 425 1124 462 a
1148 409 1320 476 nobis,
1357 416 1404 464 et
1432 413 1638 480 scripta
1671 426 1773 465 non
1812 412 1860 466 A
1885 411 2058 465 ritum
2110 413 2334 467 Domini
2390 414 2777 479 ministratur;
2815 417 2969 487 quod
3016 416 3082 470 fit
3125 433 3254 470 cum
3288 417 3357 472 de
3392 418 3582 473 littera

93 502 396 562 atramento,
454 497 548 551 sed
605 498 819 566 Spiritu
873 498 978 550 Dei
1018 500 1133 551 civi
1190 497 1278 566 (II
1300 499 1428 552 Cor.
1484 516 1544 565 ll,
1603 502 1656 565 2,
1699 499 1771 568 3).

92 589 218 638 Cum
249 585 404 638 dicat
457 585 612 655 quod
647 585 923 638 Corinthii
956 585 1068 639 siut
1102 586 1343 656 epistola
1381 587 1608 655 Christi,
1645 603 1774 656 quae

90 675 284 744 scripta
312 673 384 726 sit
435 673 650 742 Spiritu
715 673 808 726 Dei
843 673 972 740 vivi,
1024 691 1195 728 unam
1247 676 1640 746 operationem
1679 678 1774 730 de-

88 767 360 815 monstrat
388 761 571 815 sancti
612 761 857 831 Spiritus
915 766 970 814 et
1016 761 1259 829 Christi;
1308 764 1402 817 sed
1452 779 1621 833 quem
1675 780 1774 833 ap-

86 850 254 918 pellat
297 849 406 902 hoc
448 849 574 902 loco
630 850 807 902 Deum
842 848 1079 902 vivum?
1120 849 1412 918 {Nimirum
1467 851 1772 912 Christum,

83 938 240 1007 cujus
269 938 572 1006 epistolam
633 937 772 990 dicit
820 952 942 990 esse
997 938 1346 1003 Corinthios,
1408 939 1775 991 manifestans

83 1026 359 1096 Spiritum
392 1043 512 1079 esse
549 1025 776 1090 Christi,
806 1027 905 1095 qui
951 1027 1240 1094 scripserit
1268 1027 1327 1079 in
1357 1026 1624 1080 cordibus
1666 1028 1776 1080 Co—

83 1114 428 1167 rinthiorum
464 1113 763 1184 epistolam
815 1129 930 1166 non
993 1118 1313 1167 atramento
1360 1114 1639 1184 corporis,
1679 1113 1776 1166 sed

83 1203 462 1255 illustratioue
493 1202 603 1255 sui.
637 1203 744 1256 Per
770 1201 877 1255 hoc
909 1217 1046 1272 ergo
1077 1203 1230 1272 quod
1270 1203 1530 1256 eamdem
1562 1202 1776 1272 episto-

84 1293 190 1342 lam
263 1290 520 1343 scribunt
575 1289 833 1343 Christus
891 1293 945 1343 et
1003 1289 1248 1359 Spiritus
1307 1295 1552 1356 sanctus,
1635 1289 1778 1344 sicut

83 1379 253 1430 unius
284 1378 656 1446 operationis,
700 1378 778 1430 sic
828 1394 947 1430 esse
979 1383 1370 1431 monstrantur
1416 1380 1586 1432 unius
1645 1381 1776 1434 sub-

84 1466 302 1519 stantia:
341 1483 354 1519 :
387 1466 539 1536 quod
573 1465 724 1518 enim
759 1466 957 1519 scribit
982 1466 1257 1532 Christus,
1292 1466 1400 1521 hoc
1443 1473 1499 1523 et
1535 1470 1778 1539 Spiritus

84 1562 330 1621 sanctus,
364 1562 420 1608 et
471 1555 622 1625 quod
679 1554 920 1625 Spiritus
950 1560 1196 1622 sanctus,
1246 1557 1350 1608 hoc
1399 1562 1454 1610 et
1502 1558 1775 1619 Christus.

85 1661 190 1697 non
219 1644 603 1697 alternatione
660 1644 954 1711 temporis,
1019 1660 1121 1696 nec
1180 1645 1434 1698 locorum
1495 1653 1774 1716 permuta-

86 1736 255 1797 tione,
292 1750 397 1786 nec
430 1733 620 1802 operis
672 1733 984 1797 varietate;
1034 1733 1307 1803 quoniam
1346 1735 1492 1788 sicut
1522 1737 1775 1806 ejusdem

84 1828 211 1874 sunt
241 1821 572 1888 voluntatis,
622 1821 700 1873 sic
745 1821 1001 1892 ejusdem
1034 1821 1406 1890 operationis,
1451 1840 1555 1878 nec
1604 1825 1776 1878 dissi-

86 1910 228 1962 milis
260 1910 554 1980 potentiaa,
589 1910 860 1980 quoniam
883 1926 994 1963 non
1028 1915 1161 1962 sunt
1182 1910 1475 1964 dissimilis
1492 1913 1772 1968 essentia.

85 1998 574 2062 Quemadmodum
643 2004 834 2051 autem
904 1999 1126 2051 dicatur
1209 1998 1454 2068 Spiritus
1532 2007 1776 2064 sanctus,

85 2087 325 2156 Spiritus
382 2087 587 2141 Christi
641 2086 972 2156 frequenter
1028 2091 1114 2139 est
1191 2087 1438 2153 dictum;
1504 2092 1774 2159 quoniam

89 2191 193 2228 non
228 2175 381 2228 sicut
432 2175 518 2227 vel
548 2191 680 2243 pars
724 2174 899 2242 illius,
957 2175 1040 2228 vel
1077 2175 1340 2245 qualitas,
1400 2177 1485 2230 vel
1547 2178 1775 2249 aliquod

86 2263 422 2332 subiectum,
466 2262 561 2316 sed
613 2263 759 2316 sicut
797 2262 1114 2333 procedens
1159 2279 1192 2316 a
1231 2264 1476 2318 Christo.
1518 2266 1658 2320 Item
1705 2267 1775 2320 ad

88 2352 408 2404 Corinthios
467 2351 526 2405 in
595 2351 791 2404 eadem
826 2368 838 2405 :
878 2352 1052 2420 Usque
1098 2351 1413 2406 hodiernum
1457 2353 1598 2408 diem
1659 2371 1777 2409 cum

87 2442 276 2505 igitur
317 2441 550 2506 Moyses,
608 2441 863 2492 relamem
910 2445 988 2493 est
1051 2443 1290 2509 positum
1329 2441 1509 2510 {super
1559 2458 1649 2496 cor
1698 2457 1778 2495 co-

87 2543 232 2594 rum;
266 2543 390 2580 cum
419 2533 597 2581 autem
628 2543 910 2582 conversus
948 2530 1119 2593 fuerit
1147 2528 1222 2582 ad
1263 2530 1452 2594 Deum,
1500 2533 1779 2596 auferetur

85 2615 317 2668 velamen
375 2617 443 2682 {It
495 2616 614 2671 Cor.
654 2632 734 2682 ιιι,
772 2618 855 2681 l5,
898 2618 999 2682 t6).
1033 2616 1212 2679 Quem
1258 2617 1350 2671 hic
1389 2617 1540 2672 dicat
1599 2619 1776 2672 Deum

88 2704 251 2769 paulo
289 2703 555 2773 superius
583 2703 1161 2770 manifestat;dicens
1200 2705 1268 2757 de
1305 2706 1506 2760 eodem
1543 2707 1776 2760 velami-

88 2809 151 2843 ne
182 2792 480 2862 quomodo
510 2793 568 2845 in
613 2792 833 2847 Christo
864 2798 1187 2847 evacuatur.
1234 2793 1289 2847 Si
1339 2810 1472 2864 ergo
1518 2797 1778 2849 velamen

90 2880 290 2933 ueteris
325 2879 588 2934 lectionis
646 2884 954 2934 evacuatur
1006 2881 1064 2934 in
1121 2881 1361 2950 Christo,
1412 2882 1778 2936 manifestum

1882 501 2157 553 transitur
2203 501 2272 553 ad
2322 502 2639 569 spiritalem
2683 503 3142 573 intelligentiam,
3196 509 3253 558 et
3288 505 3356 558 de
3405 506 3579 558 servi-

1882 593 2000 642 tute
2031 590 2214 642 rarnis
2245 591 2303 642 in
2352 591 2594 660 Spiritus
2644 591 2966 646 libertatem
3009 595 3254 647 venitur.
3314 594 3580 650 Videmus

1884 677 1942 730 in
1974 678 2062 731 his
2091 679 2364 747 Spiritum
2396 679 2622 732 Domini
2672 679 2948 748 Spiritum
3001 682 3206 735 Christi
3253 683 3382 738 dici.
3439 686 3580 738 Hinc

1884 769 1941 818 et
2012 765 2069 818 in
2113 768 2641 836 consequentibus:
2706 769 2814 823 Nos
2876 774 3051 822 autem
3101 785 3278 823 omnes
3343 774 3580 826 revelata

1881 855 2026 918 facie
2081 855 2312 922 gloriam
2369 858 2584 910 Domini
2623 857 2982 924 speculantes,
3045 861 3102 911 in
3147 859 3330 912 eadem
3380 862 3577 927 imagi-

1884 958 2002 994 nem
2034 948 2494 1008 transformamur
2522 962 2554 997 a
2586 946 2836 998 claritate
2865 947 2920 997 in
2961 947 3287 1013 claritatem,
3318 953 3579 1016 tanquam

1883 1045 1917 1082 a
1950 1033 2168 1086 Domini
2222 1033 2434 1101 Spiritu
2476 1034 2557 1102 (II
2595 1035 2724 1087 Cor.
2760 1051 2839 1098 ut,
2877 1036 2983 1100 l8).
3050 1035 3192 1104 Ergo
3241 1051 3371 1089 cum
3428 1053 3582 1090 reve-

1884 1118 2020 1171 latio
2074 1119 2236 1172 faciei
2280 1136 2383 1192 per
2436 1121 2723 1175 Christum
2783 1121 2902 1186 ﬁat,
2947 1138 3052 1175 nos
3106 1125 3582 1177 transformamur

1884 1222 1915 1258 a
1945 1207 2198 1260 claritate
2231 1207 2288 1261 in
2318 1209 2631 1263 claritatem
2661 1227 2694 1262 ει
2725 1210 2952 1263 Domini
2981 1210 3219 1280 Spiritu,
3257 1214 3578 1266 communis

1884 1295 2140 1364 operatio
2176 1296 2306 1350 Jesu
2359 1297 2588 1363 Christi,
2623 1299 2919 1368 sanctique
2965 1299 3212 1368 Spiritus
3233 1300 3574 1354 ostenditur.

1888 1382 2043 1436 Unde
2079 1385 2232 1454 quod
2263 1386 2342 1438 ait
2376 1401 2388 1438 :
2422 1386 2470 1439 A
2503 1389 2718 1440 Domini
2739 1388 2977 1456 Spiritu,
3013 1387 3220 1440 Christi
3250 1388 3374 1442 sine
3408 1389 3580 1442 dubio

1885 1487 2190 1541 personam
2235 1474 2500 1528 ostendit.
2546 1474 2654 1538 Qui
2701 1490 2830 1527 cum
2863 1476 2936 1528 sit
2963 1475 3208 1545 Spiritus
3235 1476 3436 1546 ipsius,
3469 1493 3578 1547 pa-

1887 1559 2025 1613 riter
2069 1563 2260 1614 tamen
2318 1578 2448 1615 cum
2507 1562 2797 1616 Salvatore
2843 1564 3251 1618 revelatioucm
3313 1571 3582 1635 operatur

1889 1649 2094 1700 veteris
2139 1649 2416 1703 lectionis.
2478 1650 2634 1714 Quod
2668 1667 2804 1721 ergo
2851 1652 3020 1705 simul
3053 1658 3367 1723 operantur
3411 1654 3579 1707 unius

1889 1734 2221 1790 substantiae
2274 1737 2511 1790 societas
2568 1739 2909 1792 ostenditur.
2971 1739 3130 1803 Quod
3168 1757 3302 1794 vero
3356 1742 3582 1795 Dumiui

1885 1823 2130 1893 Spiritus
2159 1825 2386 1890 dicitur,
2420 1826 2570 1896 quod
2623 1827 2694 1880 ab
2725 1828 2847 1896 ipso
2882 1828 3158 1897 procedit,
3209 1829 3535 1883 insinuatur
3566 1847 3579 1884 :

1890 1912 2192 1966 Dominum
2270 1929 2520 1985 namque
2578 1915 2928 1969 Salvatorem
3024 1916 3131 1969 hoc
3179 1916 3237 1970 iu
3308 1917 3433 1970 loco
3506 1918 3580 1970 si-

1888 2001 2145 2068 gniﬁcari
2208 2003 2602 2056 cirumstantia
2662 2004 2924 2057 lectionis
2974 2005 3266 2058 evidenter
3306 2005 3579 2060 insinuat.

2546 2144 2772 2198 CAPUT
2811 2144 2922 2198 ΥΠ.

2486 2253 2812 2305 Testimonia
2849 2252 2990 2304 alia.

1958 2356 2160 2408 Beatus
2218 2357 2418 2409 Petrus
2466 2357 2756 2426 apostolus
2827 2357 3021 2411 scribit
3082 2359 3446 2413 credentibus
3525 2360 3582 2412 in

1889 2444 2137 2514 Epistola
2159 2443 2347 2513 prima
2380 2459 2392 2497 :
2421 2445 2502 2497 De
2527 2461 2637 2514 qua
2658 2446 2831 2498 salute
2850 2447 3224 2514 escquisierunt
3241 2453 3403 2514 atque
3432 2463 3582 2500 scru-

1890 2530 1995 2582 tati
2014 2533 2139 2581 sunt
2157 2529 2450 2596 prophetae,
2485 2530 2584 2597 qui
2617 2528 2682 2582 de
2709 2531 2902 2595 futura
2932 2531 2991 2582 in
3039 2530 3189 2583 vobis
3223 2533 3404 2596 gratia
3453 2547 3580 2599 pro-

1883 2618 2264 2686 phetarcrunt,
2309 2621 2608 2669 scrutantes
2651 2619 2706 2670 in.
2748 2617 2890 2684 quod
2935 2618 3020 2670 rel
3050 2619 3208 2685 quale
3255 2623 3462 2686 tempus
3501 2623 3582 2670 si-

1889 2703 2176 2773 gnificaret
2213 2705 2270 2756 in
2324 2706 2400 2757 eis
2434 2705 2680 2772 Spiritus
2737 2706 2941 2759 Christi
2973 2705 3034 2771 (Ι
3074 2707 3216 2759 Petr.
3267 2707 3425 2774 1,10,
3476 2711 3581 2776 lt).

1893 2793 2160 2862 Princeps
2202 2792 2588 2860 apostolorum
2621 2792 2711 2845 cui
2741 2793 2997 2846 Salvator
3040 2793 3342 2862 loquitur:
3399 2796 3477 2846 Tu
3532 2808 3584 2846 es

1891 2882 2098 2936 Petrus.
2160 2885 2210 2932 et
2263 2895 2425 2948 super
2474 2880 2612 2932 hanc
2675 2886 2885 2948 petram
2923 2881 3198 2950 azdificabo
3285 2882 3580 2936 Ecclesium

85 2967 238 3036 quia,
284 2984 415 3022 cum
460 2983 766 3022 conversus
803 2968 930 3038 quis
960 2968 1131 3022 fuerit
1163 2969 1229 3023 ad
1277 2969 1585 3036 Christum,
1617 2971 1775 3024 aufe-
1822 2998 1860 3050 ρ
1889 2982 2059 3019 meam
2091 2966 2321 3035 (Matth.
2356 2983 2442 3028 XV.
2498 2970 2604 3035 l8),
2638 2967 2824 3020 dicere
2858 2983 2973 3020 non
3025 2968 3247 3021 dubitat
3307 2968 3584 3038 Spiritum

91 3063 247 3110 retur
276 3057 558 3110 velamen.

155 3144 317 3208 Quod
348 3150 405 3197 et
428 3143 631 3198 beatus
669 3145 916 3198 Joannes
945 3143 1007 3197 in
1055 3143 1394 3214 Apocalypsi
1443 3161 1544 3198 sua
1595 3145 1731 3199 dicit
1767 3163 1778 3198 :

95 3235 162 3285 Et
196 3247 293 3298 ego
320 3233 512 3300 ﬂebam
538 3233 786 3300 multum,
821 3234 953 3301 quia
997 3248 1147 3286 nemo
1173 3232 1372 3298 dignus
1422 3235 1670 3287 inventus
1708 3240 1784 3288 est

93 3323 312 3387 aperire
340 3321 563 3384 librum,
594 3336 690 3372 nec
714 3320 896 3373 videre
924 3336 1063 3374 eum.
1101 3323 1171 3374 Et
1200 3336 1337 3375 unus
1383 3320 1447 3373 de
1485 3323 1784 3376 senioribus

88 3409 239 3460 dixit
275 3409 449 3460 mihi:
479 3408 558 3461 Ne
593 3409 832 3474 ﬂeveris;
877 3422 990 3460 ecce
1031 3409 1162 3460 vicit
1201 3408 1275 3460 leo
1336 3408 1401 3461 de
1437 3409 1582 3461 tribu
1618 3409 1781 3477 Juda,

87 3494 260 3545 rudia:
292 3493 496 3557 David,
524 3495 738 3561 aperire
763 3493 981 3559 librum,
1014 3497 1062 3546 et
1092 3499 1291 3562 septem
1336 3496 1616 3560 signacula
1672 3512 1786 3563 PJUS

87 3582 290 3648 (Apoc.
313 3597 365 3647 γ,
407 3582 462 3645 4,
497 3582 570 3647 5).
605 3581 838 3651 Apertio
872 3581 1022 3646 libri,
1056 3583 1358 3636 velaminis
1399 3588 1486 3636 est
1525 3583 1734 3637 ablatio
1772 3600 1783 3637 :

91 3683 270 3736 quem
299 3672 488 3721 autem
531 3668 682 3721 dicat
727 3667 833 3722 ista
881 3669 1187 3736 facturum,
1236 3687 1354 3724 non
1403 3675 1532 3740 eget
1571 3671 1788 3741 exposi-

91 3758 278 3823 tione,
306 3772 435 3809 cum
471 3756 836 3810 manifestum
869 3757 942 3810 sit
969 3757 1198 3812 leonem
1242 3758 1311 3812 de
1339 3758 1490 3811 tribu
1536 3759 1698 3822 Juda,
1735 3763 1790 3813 et

93 3845 347 3897 radicem
413 3843 613 3911 David,
662 3844 986 3916 signiﬁcare
1045 3846 1355 3913 Christum,
1411 3847 1510 3917 qui
1569 3852 1786 3917 septem

93 3948 328 4002 quoque
369 3933 666 4003 signacula
714 3935 836 4003 ejus
890 3935 1227 4004 perhibetur
1285 3936 1528 4005 aperire.
1577 3935 1790 3999 Quibus

88 4026 314 4089 septem
346 4021 654 4091 signaculis
694 4021 940 4092 Spiritus
990 4028 1216 4076 sanctus
1276 4022 1596 4077 insinuatur
1655 4039 1790 4093 pro-

89 4115 220 4176 pter
239 4109 677 4179 septemplicem
710 4109 887 4179 ipsius
917 4109 1241 4164 donationis
1259 4111 1518 4180 gratiam.
1552 4112 1676 4181 Ipse
1698 4117 1794 4180 est

90 4211 352 4266 namque
405 4197 655 4265 Spiritus
708 4199 991 4265 sapientia
1037 4201 1088 4250 et
1130 4199 1453 4262 intellectus,
1513 4199 1726 4252 consilii
1745 4203 1796 4251 et

1891 3061 2172 3121 sanctum,
2207 3055 2306 3126 qui
2329 3056 2550 3109 locutus
2581 3060 2664 3108 est
2693 3055 2751 3109 in
2775 3055 3092 3126 prophetis,
3137 3055 3410 3126 Spiritum
3465 3073 3586 3109 esse

1892 3142 2100 3197 Christi
2136 3159 2149 3195 :
2183 3148 2237 3196 et
2267 3143 2454 3196 nescio
2501 3143 2600 3213 qui
2643 3144 2901 3197 saeculari
2946 3144 3078 3197 elati
3119 3144 3397 3213 dignitate
3445 3160 3589 3213 prae-

1894 3236 2130 3284 sumunt
2178 3231 2619 3301 reprehendere,
2670 3232 2824 3302 quod
2873 3231 2942 3286 ab
3006 3232 3278 3302 apostolis
3327 3232 3585 3285 Ecclesiae

1894 3318 2104 3374 Christi
2160 3318 2519 3372 didicerunt!
2568 3321 2712 3389 Ergo
2764 3319 2810 3371 si
2858 3320 3101 3389 Spiritus
3168 3324 3396 3372 sanctus
3471 3335 3588 3372 non

1894 3406 2151 3476 procedit
2181 3423 2212 3458 a
2241 3405 2504 3476 lChristo,
2551 3407 2843 3477 quomodo
2895 3406 3142 3477 Spiritus
3202 3407 3410 3460 dicitur
3467 3423 3588 3461 esse

1897 3493 2144 3549 Christi?
2173 3494 2428 3564 procedit
2455 3494 2632 3564 igitur
2663 3511 2695 3548 a
2733 3495 2975 3561 Christo,
3030 3494 3166 3564 quia
3197 3510 3315 3548 non
3346 3511 3411 3547 ex
3453 3495 3589 3547 sub-

1889 3581 2161 3652 jectione,
2187 3597 2289 3635 nec
2311 3598 2376 3635 ex
2403 3582 2734 3652 particulari
2757 3581 3004 3635 sectione
3035 3581 3246 3635 dicitur
3283 3582 3407 3652 ejus
3446 3597 3587 3647 esse,

1897 3670 1993 3724 sed
2043 3669 2196 3740 quod
2266 3670 2387 3738 ejus
2441 3670 2509 3724 de
2570 3669 2886 3723 substantia
2945 3669 3393 3723 substantialiter
3455 3685 3588 3738 pro-

1899 3758 2077 3812 cedat.

1971 3847 2149 3900 Cerne
2193 3860 2419 3916 quoque
2471 3844 2700 3899 beatum
2753 3845 3030 3900 Joannem
3063 3845 3121 3898 in
3153 3844 3412 3898 eamdem
3454 3859 3588 3898 cou-

1901 3949 2128 3988 currere
2192 3933 2554 3999 sententiam,
2611 3939 2668 3986 et
2724 3932 3002 4002 Spiritum
3061 3939 3320 3987 sanctum
3379 3932 3589 3988 Christi

1901 4022 2176 4092 Spiritum
2209 4036 2331 4074 esse
2357 4022 2832 4090 proclamantem;
2867 4020 2946 4073 ait
2975 4020 3126 4074 enim
3161 4021 3221 4074 in
3253 4021 3593 4092 Apocalypsi

1905 4114 1972 4166 Et
1999 4110 2119 4164 vidi
2138 4112 2196 4163 in
2226 4110 2400 4163 medio
2437 4111 2637 4175 throni,
2670 4114 2718 4163 et
2762 4115 2996 4179 quatuor
3050 4111 3391 4175 animalium,
3450 4114 3500 4163 et
3538 4113 3594 4162 in

1902 4199 2076 4252 medio
2141 4199 2411 4251 seniorum
2471 4213 2672 4264 agnum
2730 4202 2960 4251 stantem
3022 4203 3282 4266 tanquam
3337 4200 3592 4256 occisum.

87 4283 471 4350 fortitudinis,
505 4286 742 4338 scientia:
773 4290 832 4338 et
859 4286 1108 4354 pietatis,
1139 4284 1260 4356 ipse
1292 4301 1523 4356 quoque
1553 4286 1793 4354 Spiritus
1833 4291 1874 4345 Ε
1903 4287 2183 4341 habentem
2217 4301 2417 4339 cornua
2442 4291 2661 4356 septem,
2691 4291 2740 4339 et
2772 4287 2946 4339 oculos
2976 4291 3176 4354 septem
3200 4287 3388 4354 (Apoc.
3426 4302 3479 4351 γ,
3515 4287 3592 4347 6).

91 4374 316 4425 timoris
350 4375 584 4438 Domini,
616 4373 759 4426 sicut
801 4373 1078 4444 propheta
1131 4373 1390 4444 loquitur
1446 4373 1615 4427 Isaias
1665 4376 1792 4436 (Isa.

91 4475 162 4521 xx,
196 4462 283 4525 ‘2).
334 4461 533 4530 Aperit
579 4467 768 4515 autem
832 4467 1050 4532 septem
1103 4461 1397 4532 signacula
1446 4461 1575 4515 libri
1626 4461 1798 4531 hujus

93 4547 250 4600 radix
331 4547 532 4613 David,
584 4548 643 4602 id
690 4553 774 4602 est
828 4549 1131 4604 Salvator:
1193 4549 1468 4621 quoniam
1533 4550 1802 4620 mysteria

93 4651 220 4702 quae
272 4637 650 4690 continentur
705 4637 766 4690 in
815 4653 882 4691 eo
941 4638 1283 4708 spiritualia,
1353 4641 1688 4691 reseruetur
1741 4637 1802 4691 in

90 4724 347 4789 Christo,
382 4739 514 4778 cum
544 4724 804 4779 aufertur
830 4727 1093 4780 velamen
1126 4726 1280 4798 quod
1321 4726 1382 4780 in
1414 4726 1557 4780 libro
1590 4727 1804 4780 Veteris

93 4810 454 4864 Testamenti
538 4813 762 4864 constat
845 4812 1156 4882 signatum,
1250 4817 1306 4866 et
1387 4812 1675 4866 reveletur
1747 4812 1803 4866 in

94 4895 353 4951 Christo.

157 4985 490 5054 Subjungit
521 5001 655 5038 vero
701 4989 1005 5057 Apostolus
1049 5004 1061 5041 :
1112 4990 1367 5042 Dominus
1411 4993 1589 5042 autem
1635 4989 1812 5057 Spiri-

99 5077 174 5125 tus
198 5079 310 5136 est,
336 5075 432 5126 ubi
460 5080 642 5128 autem
664 5075 936 5143 Spiritum
966 5078 1204 5144 Domini,
1232 5076 1312 5129 ibi
1325 5076 1544 5130 libertas
1573 5077 1669 5146 (II
1689 5077 1806 5132 Cor.

101 5177 170 5226 tu,
211 5163 330 5229 Π).
371 5161 545 5229 Cujus
588 5162 857 5216 Domini?
897 5163 1179 5217 Nimirum
1219 5164 1374 5217 illius
1423 5163 1481 5217 in
1513 5180 1628 5234 quo
1670 5165 1813 5218 vela-

101 5262 223 5302 men
279 5248 576 5314 aufertur,
619 5251 769 5320 quod
818 5251 880 5304 in
923 5251 1168 5305 lectione
1209 5251 1427 5306 Veteris
1467 5253 1811 5306 Testamenti

101 5353 219 5390 cum
251 5337 483 5406 legitur
511 5339 755 5408 Moyses,
795 5345 988 5392 manet
1016 5355 1134 5393 non
1165 5341 1477 5394 revelatum
1516 5356 1529 5394 :
1570 5339 1813 5393 remotio

103 5438 224 5478 vero
280 5424 625 5491 velaminis,
673 5426 917 5480 remotio
961 5427 1247 5481 servitutis
1296 5431 1399 5493 est,
1466 5443 1595 5498 quas
1641 5427 1818 5480 conti-

111 5520 273 5567 netur
303 5513 370 5566 in
407 5512 601 5565 littera
648 5512 808 5582 legis,
842 5519 905 5567 ut
933 5513 1034 5568 ﬁat
1080 5513 1314 5568 libertas
1363 5531 1491 5584 quas
1536 5529 1638 5585 per
1689 5513 1812 5584 Spi-

1906 4377 1970 4430 Et
2000 4390 2286 4445 exponens
2333 4374 2470 4444 quid
2500 4374 2724 4441 dixerit,
2773 4373 2980 4443 adjecit
3015 4390 3027 4427 :
3081 4375 3186 4439 Qui
3221 4379 3349 4428 sunt
3395 4379 3596 4442 septem

1905 4465 2132 4532 spiritus
2166 4463 2259 4515 Dei
2301 4463 2457 4516 missi
2480 4465 2538 4515 in
2569 4477 2771 4516 omnem
2823 4467 3024 4515 terram
3079 4461 3303 4530 (Ibid.).
3369 4464 3594 4531 Agnum

1909 4551 2158 4603 occisum
2215 4566 2402 4618 nemo,
2460 4557 2618 4620 puto,
2677 4549 2908 4618 negabit
2965 4549 3274 4602 catholicus
3352 4549 3597 4618 intelligi

1911 4637 2198 4692 Christum
2250 4638 2457 4691 debere
2490 4655 2501 4691 :
2534 4639 2602 4691 de
2652 4655 2764 4708 quo
2820 4637 3068 4706 Baptista
3121 4637 3412 4690 Joannes:
3467 4639 3600 4689 Ecce

1912 4741 2082 4794 agnus
2118 4726 2240 4791 Dei,
2272 4741 2385 4780 ecce
2417 4728 2514 4795 qui
2546 4727 2684 4779 tollit
2713 4730 2935 4794 peccata
2964 4723 3155 4777 mundi
3188 4725 3362 4788 (Joan.
3415 4739 3451 4787 ι,
3486 4724 3595 4791 29).

1915 4817 2014 4870 Hic
2045 4831 2225 4885 agnus
2256 4815 2354 4868 Dei
2385 4814 2714 4867 immolatus
2741 4818 2824 4865 est
2850 4818 3086 4882 propter
3116 4815 3346 4878 peccata
3375 4811 3596 4875 mundi,

1915 4907 1973 4956 et
2032 4902 2339 4956 resurrexit
2387 4907 2623 4970 propter
2697 4899 3162 4968 justilicationem
3221 4897 3442 4951 mundi.
3503 4900 3600 4952 Hic

1917 5004 2098 5058 agnus
2137 4989 2346 5042 habere
2378 4988 2585 5041 dicitur
2627 4987 2820 5038 oculos
2853 4990 3094 5053 septem,
3146 4984 3353 5054 quibus
3384 4991 3602 5054 septem

1920 5077 2019 5131 Dei
2075 5077 2331 5145 spiritus,
2405 5075 2620 5128 Joanne
2679 5073 2939 5136 docente,
2990 5073 3429 5142 signiﬁcantur:
3487 5090 3602 5128 non

1920 5163 2050 5234 quia
2085 5170 2302 5233 septem
2354 5161 2467 5215 sint
2512 5175 2889 5230 personarum
2947 5160 3429 5228 enumerationes,
3477 5177 3606 5214 cum

1920 5253 1992 5304 sit
2030 5267 2176 5303 unus
2209 5249 2455 5319 Spiritus
2498 5253 2726 5301 sanctus
2764 5247 2822 5300 in
2867 5254 3076 5302 sanctae
3111 5249 3405 5302 Trinitatis
3448 5266 3611 5302 com-

1922 5337 2338 5408 prehensione:
2380 5341 2599 5406 septem
2659 5340 2851 5389 autem
2901 5337 3190 5402 dicuntur,
3241 5341 3479 5406 propter
3525 5353 3613 5390 se-

1922 5425 2242 5496 ptenariam
2267 5424 2551 5478 donorum
2585 5422 3078 5492 distributionem;
3108 5440 3240 5478 nam
3278 5424 3614 5478 substantia-

1923 5511 2053 5566 liter
2083 5526 2230 5565 unus
2257 5515 2356 5566 est.
2406 5511 2553 5582 Ergo
2609 5510 2995 5580 manifestum,
3047 5527 3176 5566 cum
3223 5510 3358 5564 dicit
3423 5513 3614 5563 oculos
