3890 6230
310 346 418 404 239

1460 346 1815 403 RATRAMNI
1854 345 2309 402 CORBEIENSIS
2348 343 2655 401 MONACHI

3706 346 3797 399 240

311 502 521 556 agnum
557 481 765 537 habere
803 480 1044 549 septem,
1078 478 1228 549 quod
1272 478 1556 532 Christum
1602 478 1845 531 fateatur
1895 478 1992 530 ha-
2036 480 2079 530 Α
2186 476 2251 530 Et
2308 475 2699 546 Apocalypsis,
2747 480 3046 546 postquam
3105 474 3247 529 dixit
3303 482 3525 546 septem
3569 476 3796 546 spiritus

309 575 443 629 bere
470 570 744 642 Spiritum
794 572 1074 629 sanctum,
1145 582 1261 619 non
1310 565 1469 635 quasi
1515 565 1836 618 membrum
1892 564 1997 616 ali-

310 661 481 732 quod,
519 660 603 713 vel
645 664 858 728 partem
896 654 1154 724 corporis
1199 655 1472 724 aliquam,
1535 654 1633 705 sed
1676 654 1822 722 quod
1858 653 1999 706 sub-

308 749 645 803 stantialiter
695 747 753 799 in
793 746 917 815 ipso
966 744 1058 810 sit,
1121 760 1153 796 a
1204 759 1316 812 quo
1348 741 1771 795 subtantialiter
1824 742 1997 795 etiam

308 837 579 908 procedit.
616 836 679 889 In
706 835 829 904 ipso
861 836 1053 885 autem
1101 831 1343 884 dicimus
1375 847 1514 892 esse,
1572 847 1685 882 non
1733 831 1886 882 velut
1939 830 1996 881 in

307 924 454 991 loco,
489 940 591 977 nec
626 922 783 976 velut
812 920 871 973 in
903 920 1195 989 subjecto;
1245 934 1360 971 non
1409 918 1561 970 enim
1607 917 1931 970 continetur
1965 932 1998 968 a

310 1015 555 1077 Christo,
589 1010 751 1082 quasi
792 1010 982 1062 minor
1015 1007 1087 1060 sit
1128 1007 1371 1073 Christo,
1417 1005 1569 1075 quod
1624 1005 1768 1058 solet
1825 1005 1997 1058 rebus

310 1102 642 1170 contingere
672 1114 798 1168 quae
828 1097 964 1150 locis
997 1096 1395 1159 continentur;
1432 1094 1650 1163 majora
1676 1100 1806 1146 sunt
1843 1092 1996 1146 enim

311 1207 441 1260 quae
509 1189 801 1242 continent
855 1185 936 1239 eis
992 1200 1120 1253 quae
1188 1184 1593 1236 continentur:
1641 1199 1754 1235 non
1843 1182 1997 1235 enim

313 1280 392 1332 sic
461 1278 704 1331 dicimus
758 1290 879 1327 esse
942 1272 1215 1342 Spiritum
1285 1276 1546 1324 sanctum
1623 1271 1684 1323 in
1752 1271 1993 1334 Christo,

313 1366 584 1436 quoniam
610 1362 843 1433 aequalis
882 1366 984 1427 est,
1030 1376 1142 1413 non
1183 1359 1391 1413 minor.
1424 1359 1531 1412 Sed
1575 1375 1759 1428 neque
1792 1359 1870 1411 sic
1910 1359 1996 1411 di-

310 1454 456 1509 citur
485 1453 647 1524 quasi
681 1453 739 1503 in
764 1449 1049 1517 subjecto;
1079 1465 1192 1501 non
1225 1448 1378 1501 enim
1414 1452 1497 1501 est
1528 1448 1810 1507 accidens,
1844 1446 1994 1516 quod

311 1544 431 1595 sine
463 1542 550 1595 sui
594 1540 848 1608 subjecto
910 1554 1021 1590 non
1084 1536 1261 1606 possit
1312 1536 1595 1589 existere:
1655 1537 1748 1587 sed
1800 1542 1883 1588 est
1938 1536 1997 1587 in

307 1632 533 1685 Christo
592 1629 736 1682 sicut
791 1625 1318 1689 consubstantialis;
1384 1625 1527 1677 sicut
1585 1624 1643 1676 in
1695 1625 1996 1693 splendore

310 1719 459 1791 ignis
486 1718 745 1771 videmus
768 1715 955 1769 inesse
986 1714 1232 1766 calorem
1265 1729 1276 1765 :
1324 1713 1474 1782 ignis
1513 1712 1665 1764 enim
1713 1717 1770 1765 et
1807 1713 1994 1782 splen-

310 1808 404 1862 det
465 1812 521 1859 et
558 1809 722 1868 calet,
764 1802 1056 1873 quomodo
1079 1800 1367 1853 illuminat
1390 1805 1445 1853 et
1476 1799 1747 1852 accendit.

381 1895 565 1947 Habes
597 1893 767 1945 etiam
796 1890 852 1942 in
883 1889 1149 1944 Zacharia
1184 1888 1457 1958 propheta
1485 1905 1497 1940 :
1523 1889 1665 1941 Ecce
1711 1889 1851 1940 enim
1892 1888 1996 1941 ad-

310 1984 504 2037 ducam
532 1997 741 2034 servum
772 1994 945 2031 meum
990 1980 1245 2032 orientem
1276 1993 1287 2029 :
1324 1978 1454 2045 quia
1509 1992 1620 2029 ecce
1653 1978 1795 2045 lapis
1844 1993 1999 2045 quem

310 2072 459 2125 dedit
491 2086 669 2123 coram
720 2072 872 2131 Jesu;
928 2082 1090 2134 super
1122 2065 1359 2133 lapidem
1406 2080 1571 2116 unum
1609 2070 1807 2131 septem
1858 2066 1999 2117 oculi

306 2164 432 2213 sunt
466 2157 647 2224 (Zach.
683 2173 760 2221 Ill,
795 2159 880 2219 8);
924 2162 978 2207 et
1020 2154 1215 2206 infra:
1269 2154 1477 2220 Septem
1526 2156 1623 2205 isti
1661 2154 1801 2205 oculi
1870 2159 1998 2207 sunt

310 2248 551 2307 Domini,
589 2247 685 2313 qui
735 2244 1051 2297 discurrunt
1082 2244 1138 2295 in
1183 2243 1490 2294 universam
1539 2246 1741 2294 terram
1806 2244 1991 2307 (Zach.

308 2351 379 2401 iv,
416 2335 519 2405 10).
567 2334 731 2403 Lapis
787 2334 891 2385 iste
950 2331 1204 2385 Salvator
1246 2335 1349 2390 est,
1412 2330 1481 2382 de
1533 2346 1646 2399 quo
1698 2331 1996 2383 Psalmista

306 2425 605 2492 loquitur:
663 2421 921 2488 Lapidem
973 2435 1128 2486 quem
1158 2418 1584 2486 reprobaverunt
1636 2418 1992 2487 mdi/icantes,

307 2513 392 2564 hic
419 2514 599 2576 factus
628 2514 705 2562 est
724 2511 783 2561 in
814 2512 977 2575 caput
1023 2507 1215 2573 anguli
1256 2507 1421 2565 (Psal.
1468 2521 1629 2571 cxvn,
1663 2508 1775 2572 22).
1814 2507 1993 2568 Quem

308 2599 480 2651 etiam
510 2612 735 2649 servum
757 2612 923 2647 suum
973 2595 1255 2647 orientem
1288 2594 1435 2646 Deus
1484 2595 1650 2646 Pater
1698 2594 1943 2663 appellat
1977 2612 1989 2649 :

303 2702 529 2739 servum
575 2690 807 2754 propter
862 2682 1115 2736 hominis
1166 2682 1615 2751 susceptionem;
1683 2682 1988 2746 orientem,

306 2775 439 2846 quia
472 2774 591 2843 ipse
629 2778 712 2825 est
741 2773 821 2825 sol
855 2771 1113 2841 justitiaa.
1170 2769 1236 2822 Et
1291 2785 1463 2839 super
1516 2770 1695 2822 istum
1744 2770 1991 2839 lapidem

304 2865 494 2919 oculos
526 2862 800 2916 dicitesse
849 2866 1063 2930 septem
1095 2858 1322 2911 Domini
1354 2859 1737 2911 discurrentes
1769 2859 1827 2911 in
1866 2860 1990 2912 uni-

306 2967 523 3004 versam
562 2956 792 3002 terram.
827 2948 888 3001 In
938 2948 1117 3000 oculis
1158 2947 1436 3017 Spiritum
1487 2952 1745 3000 sanctum
1787 2947 1993 3001 intelli-

302 3040 573 3109 gendum.
625 3037 853 3106 Septem
897 3042 1086 3089 autem
1144 3042 1380 3105 propter
1439 3051 1667 3087 causam
1733 3035 1993 3105 superius

303 3127 690 3193 dictam,cum
724 3141 870 3177 unus
913 3125 985 3175 sit
1033 3123 1280 3192 Spiritus
1339 3129 1585 3188 sanctus,
1648 3124 1797 3175 dona
1858 3141 1988 3177 vero

298 3215 611 3284 gratiarum
638 3214 821 3282 plura.
856 3212 999 3274 Quid
1033 3217 1119 3263 est
1150 3217 1342 3263 autem
1401 3227 1573 3279 super
1607 3211 1853 3280 lapidem
1894 3228 1988 3264 se-

302 3308 458 3370 ptem
504 3303 696 3353 oculos
734 3299 899 3352 esse?
946 3298 1229 3351 Nimirum
1277 3298 1549 3367 Spiritum
1611 3304 1871 3352 sanctum
1929 3300 1989 3352 in

303 3388 524 3442 Christo
555 3402 802 3440 manere.
838 3387 900 3438 Et
924 3385 1071 3437 sicut
1102 3385 1246 3437 oculi
1286 3386 1553 3438 dicuntur
1593 3388 1715 3455 ejus
1763 3386 1822 3438 in
1873 3404 1988 3457 quo

303 3480 436 3529 sunt
465 3474 914 3529 substantialiter
955 3489 1096 3537 esse,
1150 3472 1229 3525 sic
1272 3472 1547 3542 Spiritum
1597 3479 1856 3527 sanctum
1900 3476 1987 3527 in-

302 3564 524 3634 telligas
556 3562 763 3617 Christi
802 3578 943 3614 esse.
989 3560 1153 3624 Quod
1203 3566 1257 3613 et
1288 3561 1392 3613 sub
1427 3561 1613 3629 specie
1660 3562 1989 3615 candelabri

295 3652 446 3705 idem
477 3653 755 3722 propheta
792 3649 1056 3718 signavit,
1088 3649 1314 3701 dicens:
1358 3648 1505 3711 Vidi,
1555 3654 1605 3702 et
1647 3665 1759 3703 ecce
1798 3651 1990 3704 cande-

293 3740 503 3794 labrum
531 3755 755 3794 aureum
780 3744 969 3804 totam,
1002 3743 1050 3791 et
1078 3738 1287 3806 lampas
1319 3738 1435 3805 ejus
1465 3753 1626 3805 super
1672 3744 1836 3807 caput
1892 3741 1987 3808 ip—

292 3831 425 3895 sius,
461 3834 721 3897 etseptem
751 3829 977 3881 lucerna
1008 3828 1124 3894 ejus
1170 3841 1334 3896 super
1383 3826 1523 3879 illud
1557 3828 1747 3893 (Zach.
1806 3843 1877 3891 ιν,
1910 3829 1979 3895 2).

291 3917 709 3974 Candelabrum
747 3932 987 3968 aureum
1058 3914 1265 3968 Christi
1320 3913 1581 3983 conspice
1643 3915 1987 3968 incarnatio-

290 4020 454 4069 nem;
490 4020 728 4057 aureum
772 4004 906 4073 quia
954 4003 1076 4055 sine
1117 4003 1361 4065 macula,
1413 4002 1534 4055 sine
1580 4003 1773 4071 aliqua
1828 4019 1983 4055 com-

291 4092 560 4145 mistione
590 4091 799 4150 delicti,
835 4094 1020 4143 totum
1056 4090 1361 4158 fulgidum,
1387 4094 1570 4142 totum
1594 4090 1980 4159 splendidum.

292 4178 531 4246 Lampas
579 4182 769 4230 autem
804 4193 975 4245 super
1033 4182 1204 4243 caput
1266 4176 1441 4245 ipsius
1495 4176 1764 4229 Divinitas
1810 4182 1894 4229 est
1923 4178 1983 4230 in

287 4264 543 4318 homine.
590 4267 765 4332 Caput
796 4266 948 4317 enim
998 4265 1203 4320 Christi
1259 4266 1417 4329 Deus,
1477 4264 1615 4317 dicit
1676 4266 1982 4334 Apostolus

290 4354 477 4423 (ICor.
511 4370 585 4419 x1,
633 4353 704 4421 3).
740 4352 967 4421 Septem
1013 4368 1141 4405 vero
1187 4352 1433 4404 lucerna:
1481 4368 1654 4421 super
1709 4353 1869 4418 illud,
1920 4354 1977 4407 id

286 4446 371 4511 est
395 4457 565 4511 super
594 4439 1019 4502 candelabrum,
1059 4440 1142 4491 vel
1190 4455 1361 4507 super
1405 4444 1577 4508 caput
1609 4439 1750 4507 ejus,
1796 4440 1976 4510 pleni-

285 4504 424 4583 tudo
455 4535 538 4583 est
585 4528 829 4597 Spiritus
861 4528 1070 4591 sancti;
1119 4527 1423 4596 requiescit
1467 4542 1641 4595 super
1688 4527 1975 4593 illumlse-

285 4618 533 4671 cundum
565 4616 724 4670 Isaiae
767 4615 909 4668 vatis
958 4615 1299 4667 oraculum:
1356 4616 1423 4668 Et
1470 4617 1762 4682 requiescet
1817 4632 1978 4684 super

283 4722 401 4760 eum
431 4707 670 4775 Spiritus
702 4704 988 4773 sapientia:
1026 4707 1075 4756 et
1111 4704 1427 4767 intellectus,
1478 4704 1716 4771 Spiritus
1764 4706 1979 4758 consilii

283 4800 332 4847 et
352 4795 720 4861 fortitudinis,
750 4793 988 4861 Spiritus
1020 4794 1258 4845 scientia:
1286 4796 1336 4843 et
1358 4793 1602 4858 pietatis,
1645 4796 1695 4845 et
1748 4793 1977 4860 replebit

282 4897 401 4935 eum
427 4883 667 4949 Spiritus
698 4882 908 4934 timoris
948 4881 1163 4933 Domini
1194 4878 1325 4947 (18a.
1360 4894 1435 4943 xi,
1468 4881 1546 4947 2).
1591 4879 1753 4942 Quod
1805 4881 1851 4932 si
1881 4897 1976 4934 su-

279 4986 384 5039 per
405 4970 689 5023 Christum
723 4973 938 5038 septem
972 4968 1219 5021 lucerna:
1257 4967 1503 5036 Spiritus
1550 4969 1729 5020 sancti
1782 4969 1976 5038 requi-

281 5062 497 5121 escunt,
532 5056 834 5125 requiescit
862 5054 921 5107 in
952 5071 1018 5109 eo
1051 5055 1294 5125 Spiritus
1324 5061 1570 5122 sanctus,
1602 5056 1700 5126 qui
1740 5056 1974 5110 demon-

280 5146 490 5194 stratur
524 5142 583 5195 in
615 5148 834 5210 septem
876 5142 1149 5205 lucernis;
1181 5148 1237 5197 et
1290 5160 1420 5197 cum
1451 5144 1512 5197 in
1551 5160 1618 5197 eo
1668 5145 1976 5215 requiescit

279 5228 652 5283 inhabitando
709 5231 1181 5300 substantialiter,
1230 5232 1408 5302 ipsius
1450 5237 1535 5286 est
1572 5233 1852 5303 Spiritus,
1913 5233 1972 5287 in

280 5332 394 5386 quo
430 5317 897 5383 substantialiter,
940 5320 1263 5390 requiescit.
1314 5322 1475 5375 Unde
1519 5337 1633 5375 non
1680 5321 1969 5375 immerito

278 5404 524 5473 Spiritus
552 5422 673 5460 esse
704 5407 913 5460 Christi
948 5408 1174 5463 dicitur.
1226 5410 1545 5463 Notandum
1578 5416 1770 5463 autem
1815 5409 1969 5480 quod

277 5492 346 5546 de
376 5492 505 5560 isto,
556 5495 771 5564 Spiritu
800 5513 903 5566 per
944 5502 1162 5567 septem
1211 5500 1405 5551 oculos
1446 5499 1783 5567 signiﬁcato,
1841 5498 1971 5552 sub-

278 5579 559 5649 iungitur,
584 5582 738 5652 quod
770 5584 1092 5638 discurrant
1123 5586 1179 5638 in
1215 5587 1537 5638 universam
1560 5591 1790 5638 terram.

2110 565 2209 618 Dei
2266 572 2483 634 septem
2533 582 2654 618 esse
2694 566 2891 618 oculos
2937 564 3089 635 agni,
3124 565 3464 634 subjunxit:
3525 567 3699 619 Missi
3748 568 3796 619 in

2107 670 2311 707 omnem
2378 660 2578 707 terram
2639 656 2825 723 (Apoc.
2889 670 2941 717 ν,
2990 654 3062 723 6).
3117 655 3279 719 Quod
3340 655 3642 708 Zacharias
3710 655 3793 715 ait,

2107 741 2490 805 discurrentes,
2525 742 2894 796 hocJoaunes
2937 744 2995 795 in
3019 743 3354 812 Apocalypsi
3395 742 3555 806 dicit,
3581 745 3795 803 missos;

2109 830 2394 883 missionis
2441 829 2716 882 vocabulo
2759 831 3176 899 processionem
3221 832 3517 884 insinuans
3561 830 3800 899 Spiritus

2106 918 2308 982 sancti,
2340 918 2439 988 qui
2484 918 2623 971 dum
2672 918 3124 972 substantialiter
3174 919 3248 971 sit
3276 919 3336 972 in
3387 918 3637 983 Christo,
3694 935 3799 971 non

2106 1006 2389 1067 discurrit,
2432 1006 2519 1057 vel
2552 1005 2818 1070 mittitur,
2864 1007 3269 1077 nisiprocedat
3308 1024 3339 1060 a
3385 1006 3638 1071 Christo,
3693 1023 3800 1059 non

2106 1094 2374 1158 localiter,
2408 1093 2503 1146 sed
2561 1094 3025 1148 substantialiter.
3064 1096 3130 1149 Ut
3159 1096 3313 1149 enim
3362 1096 3453 1161 sit,
3486 1096 3731 1165 suscipit
3750 1102 3799 1147 et

2106 1198 2138 1234 a
2170 1183 2332 1235 Patre
2364 1182 2577 1252 pariter
2628 1188 2683 1235 et
2732 1200 2763 1234 a
2803 1182 2976 1247 Filio;
3017 1182 3163 1235 sicut
3216 1183 3387 1235 Filius
3421 1184 3800 1237 essentialiter

2108 1275 2169 1323 ut
2198 1271 2270 1323 sit
2301 1271 2518 1340 accepit
2548 1287 2581 1323 a
2614 1272 2797 1324 Patre.
2833 1271 2938 1325 Sed
2965 1287 3081 1324 non
3114 1272 3383 1324 recurrrit
3413 1272 3799 1325 convertibili-

2107 1363 2212 1423 ter,
2246 1364 2309 1412 ut
2357 1359 2491 1429 quia
2519 1358 2767 1428 Spiritus
2804 1366 3030 1412 sanctus
3062 1360 3129 1413 de
3179 1360 3319 1413 FlllO
3347 1361 3562 1429 pariter
3612 1377 3802 1430 proce-

2105 1446 2187 1499 dit
2234 1452 2289 1499 et
2326 1448 2512 1512 Patre,
2556 1447 2727 1499 Filius
2785 1464 3014 1518 quoque
3068 1455 3334 1502 nascatur
3366 1449 3583 1517 pariter
3628 1454 3688 1501 et
3735 1449 3797 1502 de

2108 1535 2272 1588 Patre
2318 1542 2374 1588 et
2406 1536 2473 1589 de
2533 1535 2751 1605 Spiritu
2783 1544 3005 1600 sancto;
3058 1538 3323 1590 nativitas
3376 1538 3531 1591 enim
3578 1542 3801 1589 tantum

2107 1640 2171 1675 ex
2203 1625 2363 1676 Patre
2403 1628 2505 1689 est,
2556 1623 2625 1676 ab
2668 1629 2910 1694 utroque
2964 1642 3095 1679 vero
3149 1626 3456 1695 processio,
3513 1625 3569 1677 id
3627 1630 3716 1678 est
3768 1642 3842 1677 a~

2114 1713 2271 1764 Patre
2330 1712 2498 1764 simul
2546 1717 2601 1765 et
2649 1712 2807 1765 Filio.
2874 1714 3067 1767 Missos
3115 1730 3245 1767 vero
3304 1720 3526 1783 septem
3552 1714 3799 1787 Spiritus

2039 1774 2078 1827 Β
2114 1800 2210 1852 Dei
2265 1801 2351 1852 vel
2405 1800 2768 1870 Apocalypsis
2813 1802 2869 1853 in
2901 1818 3132 1854 omnem
3164 1808 3371 1855 terrain
3401 1803 3557 1865 dicit,
3596 1802 3686 1854 vel
3724 1819 3799 1855 se-

2110 1894 2261 1955 ptem
2284 1888 2475 1940 oculos
2498 1889 2719 1941 Domini
2746 1890 3127 1943 discurrentes
3146 1891 3204 1943 in
3228 1890 3553 1943 universam
3592 1895 3801 1942 terram

2106 1976 2417 2042 Zacharias,
2458 1983 2692 2046 propter
2725 1978 2875 2030 dona
2909 1978 3153 2048 Sipritus
3198 1979 3374 2031 sancti
3417 1978 3799 2047 septiformia,

2108 2082 2207 2132 per
2236 2066 2542 2135 apostolos,
2576 2068 3082 2136 apostolorumque
3111 2083 3485 2130 successores,
3514 2068 3573 2119 in
3599 2083 3803 2119 omnes

2103 2152 2306 2206 diffusa
2342 2159 2562 2223 gentes,
2600 2155 2807 2224 quibus
2834 2156 3259 2209 sanctiticantur
3305 2156 3505 2209 ﬁdeles
3567 2157 3807 2209 creden-

2107 2246 2190 2294 tes
2221 2240 2280 2293 in
2312 2242 2617 2308 Christum,
2665 2246 2721 2295 et
2766 2258 3000 2296 suorum
3043 2244 3421 2313 percipientes
3460 2242 3807 2297 delictorum

2104 2329 2592 2383 emundationem.

2175 2417 2365 2485 Ipsum
2412 2434 2641 2487 quoque
2694 2418 2966 2489 Spiritum
3021 2424 3300 2485 sanctum,
3358 2418 3641 2488 Spiritum
3687 2434 3806 2472 esse

2104 2506 2308 2559 Christi
2352 2506 2597 2575 signavit
2644 2508 2906 2571 Joannes,
2951 2524 3079 2560 cum
3113 2508 3481 2561 dixitvidisse
3513 2524 3573 2559 se
3614 2510 3674 2560 in
3705 2523 3809 2560 me-

2102 2593 2192 2646 dio
2276 2599 2476 2662 septem
2535 2594 2985 2648 candelabrorum
3060 2596 3293 2648 similem
3354 2595 3491 2647 Filio
3569 2596 3807 2647 hominis

2103 2682 2295 2749 (Apoc.
2356 2698 2392 2748 ι,
2456 2682 2555 2751 13).
2620 2682 2684 2734 Et
2741 2682 3084 2751 quibusdam
3133 2681 3485 2750 interpositis
3540 2682 3674 2733 ait:
3730 2682 3809 2734 Et

2100 2770 2242 2821 oculi
2294 2770 2409 2837 ejus
2463 2771 2606 2823 velut
2649 2754 2891 2836 .ﬂamma
2951 2772 3093 2837 ignis
3143 2770 3306 2835 (Ibid.
3372 2770 3476 2838 14).
3527 2768 3673 2833 Quis
3727 2776 3812 2823 est

2103 2856 2207 2909 iste
2246 2858 2414 2909 Filius
2445 2857 2734 2910 hominis?
2767 2858 3051 2910 Nimirum
3108 2857 3383 2909 Dominus
3430 2858 3598 2910 Jesus
3641 2858 3810 2910 Chri-

2102 2950 2242 3010 stus,
2276 2946 2374 3015 qui
2405 2962 2461 2999 se
2496 2946 2700 2999 Filium
2732 2945 2981 2998 hominis
3030 2946 3087 2998 in
3122 2946 3429 3014 Evangelio
3482 2946 3809 3016 saepissime

2034 3070 2073 3125 Ο
2104 3039 2423 3103 nuncupat;
2459 3040 2521 3087 ut
2560 3040 2646 3087 est
2700 3034 2839 3086 illud
2877 3051 2889 3087 :
2948 3035 3109 3099 Quem
3159 3035 3348 3087 dicunt
3389 3033 3633 3087 homines
3699 3050 3811 3089 esse

2102 3123 2307 3175 Filium
2358 3123 2628 3175 hominis?
2664 3122 2886 3192 (Matth.
2937 3138 3047 3186 xw,
3094 3124 3204 3189 t3.)
3266 3123 3328 3175 Et
3385 3122 3646 3175 Ezechiel
3698 3124 3807 3176 sub

2099 3210 2279 3280 ﬁgura
2304 3209 2455 3262 illius
2480 3210 2807 3279 frequenter
2839 3227 2897 3262 se
2928 3210 3309 3263 auditFilium
3333 3210 3607 3275 hominis,
3644 3228 3809 3264 nun-

2099 3297 2315 3365 cupari.
2342 3297 2544 3350 Oculos
2577 3304 2768 3350 autem
2793 3298 2963 3367 hujus
3018 3298 3142 3350 Filii
3186 3298 3437 3351 hominis
3472 3315 3617 3368 quos
3663 3301 3810 3352 dicit

2100 3385 2255 3437 velut
2312 3384 2604 3438 ﬂammam
2660 3386 2811 3454 ignis
2875 3387 3143 3451 relucere,
3202 3384 3480 3454 Spiritum
3529 3392 3808 3439 sanctum

2100 3472 2347 3526 insinuat
2384 3490 2396 3526 :
2431 3490 2564 3526 nam
2603 3490 2777 3543 super
2824 3474 3111 3543 apostolos
3163 3475 3317 3527 velut
3343 3474 3495 3542 ignis
3540 3473 3613 3527 de
3655 3477 3813 3528 cmlo

2098 3559 2303 3613 missus
2331 3562 2615 3631 apparuit.
2669 3562 2920 3615 Dicendo
2952 3578 3083 3615 vero
3115 3562 3309 3615 oculos
3345 3564 3465 3631 ejus
3507 3560 3811 3630 Spiritum

2097 3655 2376 3713 sanctum,
2452 3650 2732 3719 Spiritum
2786 3667 2905 3704 esse
2981 3651 3186 3705 Christi
3240 3651 3604 3718 signiﬁcavit.
3699 3653 3816 3706 Nec

2097 3736 2250 3790 aliud
2287 3739 2475 3791 existit
2515 3754 2616 3790 cur
2664 3738 2871 3792 Christi
2922 3739 3144 3792 dicatur
3181 3739 3449 3807 Spiritus,
3492 3738 3605 3792 nisi
3636 3743 3815 3811 quod

2095 3826 2366 3894 procedat
2392 3827 2461 3879 ab
2494 3826 2639 3896 ipso,
2671 3832 2727 3879 et
2763 3828 2836 3880 sit
2856 3827 3309 3881 substantialiter
3334 3828 3395 3880 in
3430 3828 3573 3896 ipso.

2169 3914 2309 3967 ltem
2350 3915 2486 3968 dicit
2517 3916 2765 3970 Joannes
2807 3931 2937 3969 cum
2975 3917 3039 3969 de
3096 3921 3421 3969 sanctorum
3478 3916 3672 3984 gloria
3726 3919 3816 3972 lo-

2094 4009 2364 4071 queretur
2394 4003 2607 4069 futura,
2650 4004 2803 4073 quod
2827 4020 3011 4073 neque
3064 4006 3161 4071 sol,
3220 4020 3391 4071 neque
3441 4005 3583 4057 ullus
3632 4013 3813 4059 aestus

2092 4090 2342 4143 afﬁceret
2372 4106 2491 4157 eos,
2533 4091 2786 4144 subdidit
2818 4107 2830 4143 :
2868 4094 3133 4157 Quoniam
3161 4107 3335 4158 agnus
3366 4093 3463 4159 qui
3503 4094 3559 4145 in
3619 4095 3815 4147 medio

2091 4176 2274 4230 throni
2300 4182 2397 4242 est,
2441 4184 2585 4245 reget
2611 4180 2748 4244 illos,
2798 4184 2847 4233 et
2892 4179 3115 4232 deducet
3156 4195 3239 4232 eos
3295 4179 3371 4234 ad
3426 4181 3552 4232 vitae
3613 4183 3811 4245 fontes

2090 4280 2360 4332 aquarum
2393 4267 2578 4333 (Apoc.
2606 4281 2700 4331 vn,
2740 4268 2821 4331 16,
2872 4266 2975 4336 17).
3009 4266 3115 4329 Qui
3155 4272 3285 4319 sunt
3316 4266 3407 4318 isti
3438 4266 3563 4318 vitm
3608 4266 3817 4321 fontes

2021 4362 2062 4414 ι)
2091 4356 2409 4422 aquarum?
2440 4352 2654 4407 ﬂuenta
2687 4353 2932 4423 Spiritus
2982 4355 3182 4420 sancti,
3228 4354 3437 4423 quibus
3485 4353 3702 4408 ﬁdeles
3755 4363 3817 4408 et

2085 4440 2347 4494 lavantur
2378 4457 2479 4510 per
2511 4440 3005 4507 emundationem,
3038 4448 3094 4495 et
3123 4441 3481 4494 viviﬁcantur
3524 4457 3635 4510 per
3667 4443 3815 4498 irri—

2086 4529 2397 4598 gationem.
2436 4530 2510 4583 De
2537 4530 2744 4599 quibus
2774 4529 3005 4583 fluentis
3043 4529 3299 4583 Salvator
3327 4528 3386 4582 in
3423 4530 3756 4600 Evangelia
3795 4551 3808 4586 :

2086 4617 2193 4680 Qui
2238 4618 2429 4683 credit,
2503 4617 2709 4688 inquit,
2758 4621 2816 4671 in
2861 4634 2960 4683 me,
3013 4621 3240 4685 ﬂumina
3300 4618 3366 4671 de
3423 4624 3611 4671 ventre
3675 4625 3812 4689 ejus

2082 4708 2248 4773 ﬂuent
2276 4721 2432 4773 aqua
2456 4708 2593 4760 vivae
2621 4706 2799 4774 (Joan.
2832 4722 2926 4772 vn,
2958 4708 3068 4775 38).
3128 4706 3469 4776 Signiﬁcans
3499 4706 3810 4777 Spiritum

2083 4798 2341 4846 sanctum
2367 4834 2380 4857 ,
2413 4809 2587 4864 quem
2644 4793 2943 4847 credentes
2977 4794 3203 4847 fuerant
3253 4794 3560 4862 accepturi.
3625 4795 3811 4859 Quod

2081 4879 2143 4933 in
2190 4881 2458 4950 apostolis
2521 4882 2705 4952 primo
2756 4882 3107 4951 completum
3163 4886 3249 4934 est
3299 4881 3811 4952 quinquagesimo

2083 4970 2171 5022 die
2206 4954 2655 5024 resurrectionis.
2691 4971 2835 5040 Ergo
2876 4971 3121 5025 deducet
3160 4985 3254 5022 eos
3302 4970 3366 5023 ad
3418 4970 3552 5023 vitae
3582 4970 3812 5040 [fontes

2081 5073 2359 5126 aquarum
2410 5075 2612 5129 agnus,
2669 5059 2805 5128 quia
2856 5056 3100 5128 Spiritus
3157 5058 3337 5111 sancti
3385 5058 3623 5111 tluentis
3699 5078 3813 5115 eos

2080 5147 2406 5212 inebriabit,
2436 5154 2495 5201 ut
2540 5149 2669 5201 vitae
2701 5148 2910 5217 gaudia
2960 5146 3311 5216 sempiterna
3359 5162 3665 5215 nunquam
3705 5166 3811 5204 va-

2078 5236 2233 5289 leant
2275 5235 2558 5289 amittere.
2626 5238 2735 5290 Hos
2795 5241 2987 5289 autem
3049 5234 3234 5287 fontes
3291 5234 3419 5286 vita:
3494 5251 3811 5304 aquarum

2079 5328 2235 5377 extra
2256 5323 2544 5377 Christum
2568 5323 2776 5392 degere
2832 5340 2950 5376 non
2978 5323 3347 5387 arbitremur,
3375 5321 3494 5390 ipse
3529 5338 3811 5395 namque

2080 5411 2345 5480 Philippo
2391 5410 2577 5464 dixit:
2633 5413 2746 5477 Ego
2795 5426 2913 5464 sum
2968 5413 3115 5478 vita;
3147 5416 3203 5463 et
3253 5426 3265 5461 :
3301 5410 3449 5473 Quid
3492 5410 3647 5464 videt
3688 5429 3811 5482 me,

2076 5498 2224 5553 videt
2262 5504 2311 5551 et
2341 5500 2553 5552 Patrem
2612 5500 2791 5567 (Joan.
2844 5514 2958 5565 xiv,
3008 5500 3059 5562 6,
3094 5500 3170 5565 9).
3234 5497 3323 5551 Sic
3366 5513 3504 5566 ergo
3566 5504 3629 5552 et
3691 5504 3810 5570 qui

2077 5586 2228 5639 videt
2268 5587 2583 5651 Christum,
2616 5587 2768 5641 videt
2820 5592 2876 5639 et
2920 5586 3192 5656 Spiritum
3232 5591 3514 5651 sanctum,
3564 5587 3672 5655 qui
3714 5598 3815 5645 est
