3890 6230
152 340 220 391 2H

1107 326 1382 383 CONTRA
1420 327 1813 383 GRAECORUM
1854 328 2211 384 OPPOSITA.
2244 358 2309 368 —
2344 328 2474 384 LIB.
2518 329 2559 382 I.

3477 330 3579 383 242

148 471 193 521 in
217 464 430 526 Christo;
454 464 509 513 et
538 460 823 514 deducere
854 459 959 513 sibi
989 459 1285 513 credentes
1323 460 1391 514 ad
1425 460 1551 514 vitae
1586 460 1772 513 fontes
1810 460 1856 512 A
1882 458 2091 525 Patris;
2152 475 2215 513 ex
2276 458 2646 522 humanitate,
2703 459 2902 513 matris
2955 458 3334 513 substantiam
3387 459 3577 513 conti-

150 567 388 626 aquarum,
417 548 519 603 hoc
550 554 637 602 est
679 549 747 602 ad
780 566 836 601 se
878 548 1105 614 ducere,
1140 555 1420 620 quatenUs
1452 550 1509 602 in
1550 565 1607 602 se
1651 565 1769 601 cre-

146 647 316 707 dentes,
337 646 386 693 et
415 639 573 691 illum
635 642 987 703 contuentes,
1025 637 1267 706 Spiritus
1325 637 1502 690 sancti
1556 638 1624 691 de
1673 638 1771 691 illo

146 727 439 803 procedentis
469 742 701 796 semper
730 726 981 780 fontibus
1013 726 1307 779 satientur.

198 822 309 873 Item
353 816 539 869 beatus
580 816 829 869 Joannes
876 814 935 867 in
981 813 1321 884 ApoCuIypsi
1360 830 1371 867 :
1437 815 1516 868 Et
1569 817 1773 882 accepit

141 908 316 978 angelus
343 903 687 969 thuribulum,
721 907 770 956 et
810 903 1052 970 implevit
1102 903 1240 955 illud
1280 902 1344 955 de
1382 904 1506 970 igne
1552 904 1769 966 altaris,

142 1002 178 1049 et
201 998 323 1047 misit
346 996 395 1045 in
435 999 653 1057 terram,
685 996 734 1045 et
763 994 915 1057 facta
968 996 1097 1044 sunt
1132 993 1371 1044 tonitrua
1416 995 1465 1043 et
1518 1006 1683 1055 voces,
1718 996 1774 1043 et

139 1085 316 1152 reliqua
358 1081 539 1149 (Apoc.
585 1095 703 1146 vui,
737 1082 808 1145 5).
860 1080 1113 1147 Angelus
1170 1079 1271 1131 iste
1324 1080 1483 1132 Jesus
1516 1080 1771 1133 Christus

141 1179 216 1233 est,
236 1170 318 1241 qui
348 1170 544 1237 legitur
579 1169 765 1233 magni
812 1168 1027 1221 consilii
1076 1168 1317 1233 angelus.
1389 1168 1768 1221 Thuribulum

138 1265 289 1313 autem
331 1255 650 1310 humanitas
693 1261 775 1308 est
812 1256 1020 1325 ipsius;
1066 1256 1243 1310 altare
1292 1272 1446 1322 vero,
1491 1257 1560 1309 de
1609 1260 1770 1326 cujus

140 1349 239 1417 igne
292 1345 636 1397 tliuribulum
699 1343 994 1413 impletur,
1056 1344 1263 1399 Christi
1334 1343 1597 1399 divinitas
1653 1350 1769 1411 est;

137 1435 255 1505 ignis
287 1450 404 1486 vero
444 1432 511 1486 de
546 1432 730 1497 altari,
780 1430 1027 1501 Spiritus
1075 1438 1301 1486 sanctus
1333 1436 1416 1485 est
1439 1433 1507 1487 de
1562 1433 1768 1488 Christi

137 1521 380 1575 divinitate
424 1526 686 1588 sumptus
718 1536 731 1573 :
765 1521 941 1573 altare
995 1536 1245 1590 namque
1277 1525 1333 1575 et
1383 1521 1764 1587 thuribulum,

137 1617 392 1679 utrumque
420 1607 694 1662 Christus.
740 1608 848 1663 Sed
879 1609 1057 1663 altare
1087 1610 1361 1679 quoniam
1412 1626 1583 1681 super
1625 1610 1765 1663 illud

135 1698 404 1752 holocausta
433 1695 549 1750 sive
581 1696 854 1750 sacriﬁcia
884 1703 1211 1752 sanctorum
1243 1697 1579 1764 offeruntur,
1605 1697 1766 1768 cujus

1884 553 2150 612 nentem;
2184 547 2347 616 cujus
2389 546 2537 600 oculi
2578 554 2711 601 sunt
2739 548 2892 601 velut
2933 547 3166 600 flamma
3214 546 3386 617 ignis,
3442 547 3575 618 quia

1883 636 2061 689 sancti
2093 636 2339 705 Spiritus
2393 635 2659 689 divinitas
2710 642 2766 689 et
2812 636 3080 706 splendor
3118 635 3479 690 ﬂammiﬁcus
3516 637 3574 690 in

1884 741 1951 777 eo
1995 724 2299 778 consistit:
2346 724 2414 779 de
2457 724 2617 794 cujus
2670 724 3029 795 plenitudine
3074 725 3223 777 velut
3280 726 3571 778 oculorum

1882 812 1978 865 lux
2002 812 2263 880 effulget;
2298 811 2397 864 tali
2441 810 2626 880 ﬁgura
2687 810 3035 880 signiﬁcans,
3089 811 3206 864 imo
3264 812 3572 865 clarissime

1884 899 2092 953 docens
2121 900 2477 953 divinitatem
2513 899 2760 969 Spiritus
2789 916 2821 951 a
2845 899 2972 953 Filii
3020 899 3318 953 divinitate
3368 916 3572 970 proce-

1883 988 2049 1054 dere;
2081 994 2136 1042 et
2161 992 2434 1059 tanquam
2481 989 2675 1042 lumen
2697 988 2997 1041 oculorum
3031 989 3154 1057 ejus
3196 987 3403 1041 dicitur
3431 1004 3569 1048 esse,

1881 1077 2043 1147 cujus
2074 1083 2207 1131 sunt
2249 1077 2397 1131 oculi
2430 1094 2441 1130 :
2471 1077 2551 1130 ita
2594 1076 2839 1146 Spiritus
2888 1081 3138 1147 sanctus,
3187 1076 3433 1147 Spiritus
3489 1080 3573 1131 est

1882 1164 2109 1231 Christi,
2144 1165 2201 1218 in
2231 1182 2344 1236 quo
2376 1166 2658 1231 consistit,
2693 1170 2747 1219 et
2781 1183 2809 1219 a
2842 1182 2956 1236 quo
2988 1165 3265 1237 procedit.

2530 1306 2753 1361 CAPUT
2784 1306 2921 1360 VIII.

2166 1413 2493 1466 Testimonia
2523 1428 2590 1465 ex
2623 1413 2925 1479 Evangelia
2946 1418 2995 1467 et
3025 1414 3285 1468 conciliis.

1949 1517 2242 1573 Credimus
2273 1517 2618 1571 sufﬁcienter
2648 1535 2767 1571 esse
2817 1524 3195 1572 monstratum
3243 1519 3567 1572 divinarum

1881 1606 2224 1660 testimoniis
2270 1606 2681 1675 scripturarum
2713 1606 2989 1675 Spiritum
3031 1614 3292 1661 sanctum
3343 1624 3377 1661 a
3427 1608 3566 1663 Filio

1876 1695 2201 1764 procedere.
2235 1694 2523 1749 Addamus
2567 1694 2748 1748 adhuc
2786 1710 2849 1748 ex
2895 1695 3201 1765 Evangelio
3248 1696 3360 1749 duo
3406 1696 3566 1750 testi-

134 1786 393 1855 imaginem
438 1789 592 1837 tenet
634 1787 813 1838 altare
859 1792 1189 1853 terrenum;
1227 1803 1331 1840 nec
1381 1787 1535 1841 enim
1604 1786 1767 1839 aliter
1806 1757 1847 1813 Β
1877 1784 2091 1848 monia,
2124 1783 2331 1852 quibus
2374 1782 2885 1836 contradicentium
2930 1783 3163 1836 durities
3214 1787 3562 1837 conteratur.

133 1882 404 1927 sanctorum
464 1878 593 1927 vota
629 1874 1036 1943 suscipiuntur,
1093 1876 1139 1927 si
1214 1892 1330 1928 non
1381 1891 1553 1945 super
1599 1875 1765 1928 altari

132 1962 307 2015 Christo
352 1968 781 2032 componantur.
837 1963 1213 2017 Thuribulum
1266 1980 1399 2018 vero
1460 1970 1766 2034 propterea

128 2050 311 2114 dicitur,
363 2050 632 2120 quoniam
692 2051 980 2105 orationes
1035 2057 1361 2106 sanctorum
1420 2069 1522 2123 per
1575 2052 1763 2122 ipsum

132 2139 476 2208 suscipiuntur.
512 2140 610 2191 Vel
646 2146 795 2192 certe
820 2139 1202 2205 thuribulum,
1234 2140 1449 2193 donum
1480 2145 1563 2193 est
1593 2140 1766 2210 Spiri-

129 2232 195 2277 tus
232 2226 419 2289 sancti;
452 2232 695 2280 testatur
726 2228 878 2280 enim
926 2230 1230 2297 Apostolus
1266 2245 1277 2281 :
1312 2232 1585 2283 Nescimus
1630 2229 1767 2297 quid

130 2330 309 2378 oremus,
338 2314 425 2367 sed
440 2318 552 2383 ipse
572 2316 812 2384 Spiritus
840 2318 1080 2384 postulat
1104 2333 1206 2386 pro
1235 2318 1388 2371 nobis
1421 2318 1598 2387 (Rom.
1645 2335 1761 2381 vui,

128 2403 209 2469 '26),
236 2401 283 2454 id
303 2407 376 2454 est
410 2403 697 2473 postulare
732 2420 835 2457 nos
880 2404 1029 2470 facit,
1079 2407 1370 2475 gemitibus
1420 2408 1761 2460 inenarrabi-

128 2490 236 2543 libus
284 2492 418 2559 (Luc.
476 2507 573 2553 VII,
649 2492 757 2558 49).
816 2492 967 2561 Ignis
1021 2498 1213 2546 autem
1253 2494 1467 2559 altaris,
1524 2495 1764 2563 Spiritus

125 2580 306 2629 sanctus
336 2581 431 2638 est,
465 2576 534 2630 de
568 2594 684 2645 quo
718 2579 971 2633 Salvator
1003 2597 1015 2634 :
1060 2582 1239 2646 Ignem
1289 2583 1411 2634 veni
1439 2584 1649 2635 mittere
1710 2584 1765 2635 in

125 2668 299 2729 terram,
332 2680 479 2731 quem
529 2667 648 2719 volo
678 2671 738 2719 ut
778 2668 992 2722 ardeat.
1038 2670 1182 2738 Ergo
1227 2670 1465 2735 angelus
1498 2670 1760 2723 thuribu-

123 2750 214 2803 lum
241 2752 416 2804 altaris
444 2751 578 2822 igne
626 2754 858 2821 plenum
914 2755 1070 2809 misit
1109 2758 1165 2809 in
1198 2761 1445 2823 terram;
1494 2775 1628 2828 quia
1675 2774 1760 2811 re-

123 2839 451 2905 promissione
494 2841 742 2910 Spiritus
773 2844 952 2897 sancti
984 2850 1213 2914 accepta
1258 2862 1291 2899 a
1330 2848 1514 2909 Patre,
1569 2847 1763 2900 Salva-

122 2932 190 2978 tor
212 2926 390 2981 eﬁ'udit
431 2930 675 2999 gratiam
709 2929 951 3001 Spiritus
997 2933 1176 2987 sancti
1222 2950 1396 3004 super
1443 2935 1761 2989 credentes.

122 3014 243 3067 L'nde
267 3017 664 3071 convenienter
690 3019 950 3090 sequitur
976 3022 1129 3091 quod
1162 3022 1310 3076 facta
1338 3023 1452 3076 sint
1478 3023 1761 3093 ltonitrua,
1801 3052 1839 3106 (ς

119 3106 158 3152 et
180 3117 332 3169 voces,
358 3110 419 3172 _et
450 3106 700 3176 fulgura,
747 3112 802 3161 et
844 3113 1201 3163 terraemotus
1250 3111 1562 3165 secundum
1609 3113 1759 3183 quod

118 3189 324 3244 Salvator
376 3193 433 3247 in
497 3196 807 3265 Evangelio
866 3197 1307 3267 dicit:E.rpedit
1359 3199 1509 3253 vobis
1556 3204 1616 3253 ut
1668 3217 1761 3269 ego

118 3278 272 3331 tedam
301 3296 313 3332 :
345 3283 394 3334 si
437 3284 582 3335 enim
630 3297 743 3337 non
789 3284 992 3349 abiero,
1046 3288 1358 3340 Paractetus
1406 3303 1509 3340 non
1565 3292 1755 3342 veniet.

117 3368 322 3423 Siautem
361 3372 565 3435 abiero,
615 3376 829 3426 mittam
878 3390 996 3427 eum
1028 3375 1104 3429 ad
1136 3390 1246 3428 vos.
1297 3378 1363 3430 Et
1394 3392 1512 3429 cum
1558 3380 1760 3431 venerit

118 3458 198 3516 ille.
226 3466 397 3524 arguet
436 3460 700 3514 mundum
732 3461 796 3514 de
832 3467 1067 3529 peccato,
1112 3468 1159 3515 et
1207 3462 1271 3516 de
1302 3463 1551 3531 justitia,
1596 3470 1648 3518 et
1697 3464 1761 3516 de

110 3544 275 3609 judicio
325 3549 502 3615 (Joan.
565 3565 676 3613 xvr,
734 3550 807 3611 7).
868 3550 1033 3614 Quod
1086 3552 1454 3621 Apocalypsis
1511 3552 1643 3605 dicit
1691 3552 1759 3606 de

114 3632 212 3699 igne
237 3636 435 3697 altaris,
472 3637 633 3706 quod
667 3638 885 3690 miserit
915 3638 1153 3707 angelus
1184 3655 1315 3691 eum
1350 3640 1407 3692 in
1436 3647 1670 3701 terram,
1704 3646 1760 3695 et

114 3718 221 3772 facta
244 3722 346 3775 sint
392 3725 687 3789 tonitura;
740 3724 846 3778 hoc
876 3729 1138 3795 estquod
1182 3726 1435 3780 Salvator
1474 3727 1589 3781 ait:
1639 3731 1761 3782 Mit-

116 3812 195 3858 tim
215 3824 317 3861 eum
346 3810 420 3862 ad
449 3827 574 3873 vos;
603 3816 653 3863 et
683 3826 802 3864 cum
840 3815 1048 3866 venerit
1084 3813 1193 3873 ille,
1242 3819 1432 3879 arguet
1479 3815 1756 3869 mundum.

114 3893 209 3947 Post
229 3896 524 3952 adventum
560 3899 807 3968 Spiritus
839 3901 1018 3953 sancti
1048 3917 1177 3970 quae
1216 3903 1469 3955 tonitrua
1508 3907 1563 3955 et
1598 3920 1759 3957 voces

113 3984 535 4049 medicationem
586 3988 971 4051 insonuerint,
1030 3995 1246 4059 quanto
1298 4007 1506 4060 pavore
1552 3998 1761 4046 morta-

114 4069 215 4124 lium
241 4076 400 4127 corda
439 4077 854 4144 concusserint,
892 4094 1019 4149 quae
1071 4079 1299 4148 fulgura
1352 4078 1757 4133 miraculorum

110 4164 494 4228 coruscaverint,
534 4166 638 4236 qui
668 4171 835 4219 terrae
887 4172 1076 4219 motus
1128 4168 1447 4221 exstiterint
1488 4168 1758 4223 duritiam

111 4251 383 4304 mortalium
425 4253 846 4319 concutientes,
881 4259 1030 4308 totus
1057 4255 1209 4309 orbis
1245 4258 1506 4326 agnovit;
1568 4258 1759 4327 ignem

1872 1876 1917 1927 A
1947 1873 2231 1941 profluvio
2262 1871 2557 1941 sanguinis
2589 1872 2830 1925 muliere
2849 1878 3065 1938 sanata,
3101 1872 3236 1925 dicit
3262 1872 3522 1927 Salvator
3550 1887 3561 1924 :

1875 1962 2010 2026 Quis
2062 1977 2143 2015 me
2196 1960 2412 2027 tetigit?
2461 1961 2799 2027 Negantibus
2856 1966 3035 2014 autem
3084 1961 3347 2027 omnibus,
3423 1960 3568 2013 dixit

1873 2052 2081 2116 Petrus,
2131 2054 2180 2103 et
2211 2052 2307 2118 qui
2355 2066 2473 2104 cum
2516 2051 2609 2103 illo
2657 2054 2853 2103 erant:
2886 2052 3229 2118 iPraeceptor,
3284 2049 3453 2103 turbae
3519 2054 3567 2100 te

1873 2141 2250 2208 comprimunt,
2284 2143 2334 2191 et
2354 2141 2632 2208 afﬂigunt,
2662 2143 2713 2192 et
2741 2138 2879 2191 dicis
2913 2155 2924 2191 :
2960 2139 3090 2203 Quis
3120 2154 3201 2191 me
3243 2139 3457 2203 tetigit?
3489 2138 3565 2190 Et

1874 2226 2021 2281 dixit
2049 2231 2202 2281 .Iesus
2236 2242 2248 2279 :
2288 2226 2485 2292 Tetigit
2516 2242 2596 2279 me
2627 2227 2831 2295 aliquis
2863 2243 2875 2279 :
2918 2242 3043 2279 nam
3076 2242 3169 2293 ego
3220 2229 3347 2279 noui
3380 2228 3564 2279 virtu-

1874 2320 1977 2370 tem
2006 2315 2070 2369 de
2101 2331 2181 2369 me
2209 2317 2411 2369 exiisse
2434 2316 2585 2383 (Luc.
2620 2331 2735 2376 vui,
2760 2316 2880 2382 45).
2920 2314 3054 2377 Quae
3087 2319 3172 2367 est
3202 2314 3321 2366 haec
3360 2314 3558 2378 virtus,

1874 2419 2045 2473 quam
2086 2403 2222 2457 dicit
2250 2402 2507 2456 Salvator
2535 2403 2603 2456 de
2636 2420 2692 2456 se
2727 2402 2969 2455 exiisse?
3002 2402 3284 2457 Nimirum
3317 2401 3563 2471 Spiritus

1872 2492 2048 2545 sancti
2103 2492 2313 2561 gratia;
2346 2491 2424 2543 sic
2469 2491 2622 2545 enim
2676 2491 2755 2543 ait
2805 2492 3155 2559 Apostolus:
3219 2491 3337 2544 Alii
3398 2490 3565 2543 datur

1873 2583 2058 2648 gratia
2086 2583 2383 2633 sanitatum
2414 2581 2469 2632 in
2492 2594 2595 2632 uno
2627 2580 2859 2648 Spiritu,
2892 2580 2992 2631 alii
3020 2580 3263 2646 operatio
3299 2581 3565 2632 virtutum

1874 2668 1921 2737 (1
1955 2670 2082 2721 Cor.
2118 2684 2216 2731 xu,
2263 2668 2336 2736 9).
2390 2667 2535 2731 Quid
2584 2672 2669 2720 est
2726 2684 2861 2737 ergo
2918 2667 3106 2720 dicere
3166 2667 3557 2721 Salvatorem:

1874 2759 1985 2822 Ego
2019 2758 2143 2809 novi
2184 2758 2441 2808 virtutem
2470 2756 2535 2808 de
2566 2771 2645 2808 me
2687 2758 2919 2809 antisse9
2961 2756 3109 2824 (Luc.
3140 2772 3258 2820 vui,
3298 2755 3413 2823 46,)
3455 2754 3562 2808 nisi

1872 2846 2059 2899 dicere
2092 2861 2103 2897 :
2136 2845 2249 2913 Ego
2280 2843 2409 2896 novi
2443 2842 2721 2912 Spiritum
2753 2860 2785 2895 a
2830 2859 2920 2896 me
2955 2844 3287 2912 procedere,
3334 2843 3436 2912 qui
3479 2847 3563 2896 est

1872 2934 2110 2987 collator
2136 2932 2464 2996 sanitatum,
2508 2936 2562 2984 et
2595 2936 2859 3002 operator
2889 2930 3181 2984 virtutum.
3218 2930 3429 2984 Exiisse
3460 2946 3560 2983 au-

1874 3027 1986 3075 tem
2019 3020 2293 3090 Spiritum
2326 3027 2585 3073 sanctum
2624 3036 2657 3073 a
2687 3035 2745 3073 se
2793 3019 2930 3073 dicit
2977 3036 3043 3073 eo
3090 3020 3277 3083 modo,
3328 3035 3443 3090 quo
3492 3020 3561 3072 de

1870 3127 1927 3165 se
1958 3110 2092 3163 alibi
2124 3109 2259 3163 dicit
2290 3125 2302 3161 :
2338 3108 2501 3163 Exivi
2530 3124 2563 3160 a
2594 3110 2753 3162 Patre
2804 3110 2974 3177 (toan.
3007 3124 3119 3172 xvi,
3170 3106 3281 3176 28.)
3340 3106 3553 3161 Exiisse

1873 3216 2118 3271 namque
2148 3199 2352 3253 Filium
2397 3215 2429 3251 a
2460 3200 2644 3265 Patre,
2707 3203 2793 3251 est
2838 3202 3038 3251 natum
3094 3214 3215 3251 esse
3260 3198 3329 3251 de
3377 3199 3558 3251 Patre.

1870 3290 1959 3344 Sic
1990 3288 2194 3343 exiisse
2246 3287 2523 3357 Spiritum
2555 3292 2814 3339 sanctum
2847 3303 2879 3339 a
2913 3286 3074 3352 Filio,
3121 3291 3205 3340 est
3239 3286 3309 3339 ab
3360 3286 3561 3339 eodem

1867 3376 2229 3447 processisse.
2275 3378 2415 3430 Item
2468 3375 2644 3429 habes
2696 3375 2754 3428 in
2795 3374 2997 3428 eodem
3058 3374 3361 3443 Evangelio
3410 3372 3562 3427 beati

1869 3467 2033 3519 Luca:
2068 3482 2080 3518 :
2114 3467 2181 3519 Et
2226 3467 2397 3517 omnis
2448 3464 2607 3517 turba
2647 3463 2920 3531 quarebat
2970 3478 3088 3516 eum
3145 3469 3385 3530 tangere,
3429 3464 3563 3531 quia

1866 3558 2045 3611 virtus
2088 3554 2153 3607 de
2193 3555 2284 3607 illo
2315 3554 2522 3612 exibat,
2562 3557 2611 3606 et
2654 3553 2885 3606 sanabat
2932 3567 3114 3605 omnes
3149 3553 3301 3621 (Luc.
3346 3567 3421 3619 v1,
3454 3554 3557 3618 19).

1868 3643 2058 3696 Virtus
2090 3642 2159 3695 de
2191 3640 2415 3694 Christo
2445 3640 2641 3693 exiens
2670 3644 2833 3692 sanat
2874 3655 3095 3705 omnes,
3128 3639 3264 3708 quia
3315 3637 3560 3706 Spiritus

1867 3736 2094 3785 sanctus
2135 3729 2204 3783 ab
2254 3746 2320 3782 eo
2368 3727 2702 3798 procedens,
2753 3727 3009 3780 sanitatis
3058 3726 3298 3795 gratiam
3357 3725 3561 3778 tribuit

1865 3819 2102 3875 cunctis.

1937 3908 2166 3963 Cessent
2194 3905 2372 3975 igitur
2400 3903 2860 3975 reprehensores,
2891 3903 2978 3956 vel
3007 3902 3292 3966 malevoli,
3321 3904 3409 3956 vel
3450 3902 3559 3956 im-

1870 3995 2061 4067 periti,
2098 3993 2303 4048 Christi
2340 3992 2639 4047 Ecclesiam
2678 3991 3046 4061 redarguere,
3080 3990 3235 4061 quod
3282 3990 3561 4060 Spiritum

1867 4088 2126 4135 sanctum
2175 4081 2480 4133 conﬁtetur
2509 4095 2542 4131 a
2576 4082 2736 4133 Patre
2779 4084 2837 4132 et
2878 4077 3020 4132 Filio
3068 4079 3397 4149 procedere.
3450 4080 3562 4133 Hoc

1871 4168 2176 4238 Evangelia
2206 4167 2431 4233 docent,
2473 4167 2583 4220 hoc
2611 4166 2859 4236 apostoli
2890 4167 3253 4237 profitentur,
3295 4168 3401 4221 hoc
3426 4183 3560 4237 pro-

1872 4258 2057 4327 pheta:
2084 4272 2201 4309 non
2234 4260 2445 4309 tacent.
2479 4254 2706 4308 Discant
2736 4254 2989 4325 primum
3012 4256 3167 4327 quod
3204 4255 3446 4310 Ecclesia
3474 4256 3557 4309 di-

111 4344 251 4390 autem
273 4341 461 4394 altaris
496 4342 781 4411 Spiritum
826 4351 1081 4397 sanctum
1119 4344 1256 4398 dicit
1305 4344 1534 4410 Christi,
1590 4362 1761 4415 quem
1806 4347 1845 4399 D
1876 4344 2013 4398 dicit
2045 4362 2076 4397 a
2115 4344 2360 4410 Christo,
2408 4349 2464 4397 et
2504 4342 2770 4414 discipuli
2829 4344 3091 4397 Veritatis
3143 4344 3328 4399 eﬁ‘ecti
3393 4336 3563 4398 eonﬁ-

113 4422 195 4490 ipse
220 4442 269 4479 se
298 4430 615 4482 missurum
646 4431 931 4500 promittit
961 4432 1264 4503 apostolis;
1299 4438 1355 4487 et
1394 4434 1759 4504 Apocalypsis

112 4516 298 4567 testatur
321 4517 479 4587 quod
524 4518 750 4571 miserit
780 4536 913 4573 eum
946 4520 1007 4573 in
1036 4525 1278 4585 terram,
1323 4522 1621 4576 manifeste
1656 4523 1761 4577 do-

112 4614 204 4651 cens
222 4606 357 4673 quod
390 4606 651 4675 Spiritus
700 4614 946 4675 sanctus,
1008 4608 1255 4679 Spiritus
1297 4610 1369 4663 sit
1416 4610 1562 4676 Filii,
1605 4612 1760 4665 etab

113 4702 195 4753 ipso
221 4692 281 4745 sit
311 4699 436 4763 post
492 4696 893 4749 ascensionem
926 4698 1048 4765 ejus
1090 4713 1262 4767 super
1296 4701 1586 4768 apostolos
1635 4700 1761 4753 mis-

110 4790 187 4826 sus.
214 4779 497 4842 Quomodo
532 4799 789 4854 namque
832 4785 1082 4839 mittitur
1114 4803 1142 4839 a
1194 4787 1353 4853 Filio,
1408 4788 1515 4841 nisi
1566 4806 1759 4858 proce-

108 4863 355 4923 dendo?et
385 4871 749 4940 proceditab
783 4888 869 4939 eo,
904 4873 1065 4942 cujus
1099 4879 1183 4927 est
1213 4874 1476 4944 Spiritus.

157 4953 267 5009 Item
293 4958 349 5011 in
380 4961 594 5014 eadem
631 4962 969 5031 Apocalypsi
998 4963 1244 5015 Joannes
1278 4980 1290 5016 :
1320 4965 1389 5017 Et
1418 4962 1535 5016 vidi
1573 4964 1761 5018 ca’lam

115 5048 321 5107 apertum,
354 5054 403 5101 et
434 5064 559 5103 ecce
590 5064 764 5119 equus
797 5049 976 5113 albus,
1011 5055 1061 5103 et
1092 5051 1432 5120 qui‘sedebat
1455 5067 1618 5119 super
1645 5069 1764 5107 eum

114 5132 341 5185 Parabatur
356 5136 545 5201 ﬁdelis
581 5141 634 5189 et
660 5152 850 5199 verax,
870 5143 919 5189 et
941 5139 1165 5205 justitia
1187 5139 1408 5206 judicat
1428 5146 1477 5193 et
1509 5147 1759 5211 pugnat:

116 5217 211 5269 eali
233 5227 399 5276 autem
430 5224 559 5292 ejus
615 5226 758 5278 sicut
786 5228 1007 5293 ﬂamma
1046 5229 1190 5294 ignis
1238 5228 1431 5295 (Apoc.
1484 5245 1597 5292 xix,
1651 5231 1762 5299 2t).

117 5300 250 5368 Equos
293 5308 454 5361 albus
495 5325 717 5378 corpus
766 5316 852 5363 est
908 5310 1117 5364 Christi
1168 5312 1481 5366 sanctitatis
1523 5314 1764 5367 candore

118 5389 364 5459 pertusum,
391 5397 695 5449 maculam
728 5398 944 5452 nullam
972 5398 1227 5465 habens;
1270 5416 1454 5453 sessor
1493 5405 1636 5470 ejus,
1679 5402 1764 5455 di-

119 5478 261 5533 vinitas
283 5483 512 5550 Christi,
550 5501 689 5555 quae
721 5486 802 5539 sic
828 5486 1123 5540 hominem
1157 5504 1329 5558 quem
1374 5489 1638 5558 suscepit,
1674 5507 1766 5543 re-

118 5571 186 5627 ςῖίν
209 5573 254 5619 et
276 5571 451 5640 sedet,
486 5579 558 5626 ut
610 5588 797 5627 unum
846 5572 1019 5631 faciat
1057 5576 1283 5639 Filium,
1333 5592 1393 5629 ex
1449 5576 1763 5644 divinitate,

1870 4438 2100 4486 teantur
2140 4432 2475 4486 catholicam
2548 4432 2745 4499 ﬁdem,
2800 4448 2869 4485 ne
2928 4432 3392 4503 praesumptionis
3445 4431 3559 4487 ela-

1868 4522 2024 4575 tione
2056 4521 2297 4592 decepti,
2343 4521 2430 4575 vel
2476 4520 2687 4575 erroris
2733 4520 3023 4590 imperitia
3073 4522 3242 4591 capti,
3302 4521 3561 4575 haeresim

1872 4609 2128 4663 nutriant
2152 4610 2288 4663 olim
2320 4610 2562 4680 sopitam
2597 4626 2609 4662 :
2652 4610 2924 4664 labuntur
2973 4608 3127 4663 enim
3171 4610 3292 4663 huic
3330 4609 3390 4662 in
3442 4609 3561 4661 Arii

1870 4699 2159 4752 vesaniam
2192 4698 2291 4769 qui
2325 4699 2462 4752 dum
2503 4697 2643 4752 Filio
2673 4697 2987 4767 derogabat
3017 4696 3559 4751 consubstantialem

1872 4787 2055 4842 Patris
2081 4787 2490 4858 aequalitatem,
2522 4786 2796 4857 Spiritum
2843 4800 3071 4856 quoque
3102 4789 3361 4836 sanctum
3420 4783 3561 4837 Filio

1874 4874 2114 4928 docebat
2140 4890 2263 4928 esse
2300 4874 2607 4938 minorem,
2639 4878 2877 4925 conatus
2908 4875 3160 4925 astruere
3192 4886 3295 4924 nec
3351 4870 3560 4925 Filium

1873 4965 1943 5019 de
1998 4963 2176 5017 Patris
2234 4961 2547 5015 substantia
2604 4965 2823 5027 natum,
2856 4964 2911 5012 et
2966 4958 3240 5027 Spiritum
3301 4964 3561 5013 sanctum

1873 5058 2210 5106 creaturam.

1944 5139 2205 5192 Videritis
2236 5156 2351 5209 quo
2383 5136 2577 5190 tendat
2605 5140 2809 5201 vestra,
2852 5136 3230 5204 imperatores
3279 5136 3559 5205 praeclari,

1874 5227 2174 5297 professio,
2205 5227 2303 5296 qui
2334 5225 2517 5278 dicitis
2549 5223 2824 5292 Spiritum
2862 5227 3122 5277 sanctum
3150 5241 3180 5278 a
3212 5226 3376 5279 Patre
3428 5242 3562 5296 pro-

1875 5315 2094 5376 cedere,
2131 5329 2243 5366 non
2287 5318 2480 5366 autem
2508 5329 2540 5365 a
2580 5311 2740 5365 Filio.
2779 5312 2888 5365 Hoc
2940 5327 3039 5365 nec
3085 5312 3145 5365 in
3196 5312 3398 5366 litteris
3428 5313 3565 5366 divi-

1876 5401 2110 5465 nis,nec
2133 5400 2192 5453 in
2237 5399 2565 5454 doctoribus
2613 5398 3007 5454 ecclesiasticis
3058 5400 3369 5471 aliquando
3421 5400 3562 5470 legi-

1878 5489 1995 5543 stis.
2042 5487 2190 5542 Dixit
2217 5488 2451 5559 quidem
2499 5492 2695 5541 sancta
2743 5490 2993 5558 synodus
3045 5488 3567 5558 Constantinopoli-

1877 5581 2032 5646 tana,
2087 5578 2377 5631 vesaniam
2432 5577 2550 5633 Arii
2606 5577 2910 5632 confutans
2957 5584 3129 5649 atque
3176 5577 3566 5632 condemnans
