3890 6230
275 338 386 391 243

1426 338 1784 394 RATRAMNI
1826 338 2289 397 CORBEIENSIS
2332 341 2637 397 MONACHI
3682 346 3766 399 Tit

280 471 490 540 (Const.
523 488 536 525 ι
571 474 628 526 in
656 473 946 544 Symbolo),
1008 474 1214 529 Filium
1275 477 1817 532 consubstantialem
1848 493 1970 532 esse
2008 478 2049 531 A
2082 478 2191 531 nisi
2223 479 2518 548 negaverit
2549 479 2752 533 Filium
2780 478 3138 546 charitatem,
3174 495 3287 550 qua
3326 479 3519 550 diligit
3550 481 3755 537 Patrem

282 559 485 625 Patris,
512 560 795 630 Spiritum
818 578 1046 633 quoque
1086 566 1343 615 sanctum
1386 561 1793 630 procedentem
1822 578 1855 614 θ.
1884 565 1983 617 Pa-

281 651 412 701 tre:
464 648 723 718 nunquid
771 649 1000 718 negavit
1048 665 1179 702 eum
1227 665 1257 701 a
1302 649 1440 702 Filio
1486 650 1835 720 procedere?
1891 651 1977 704 vel

283 751 635 805 consequens
663 740 765 803 est,
800 742 863 790 ut
894 736 941 789 si
965 737 1221 806 procedit
1253 755 1283 790 a
1325 738 1511 801 Patre,
1548 755 1664 792 non
1714 739 1983 809 procedat

287 840 320 876 a
353 823 540 878 Filio?
571 825 769 878 Potius
818 841 954 895 ergo
992 826 1339 895 cognoscite,
1377 826 1423 879 si
1460 828 1586 880 Filii
1637 828 1805 881 vultis
1860 843 1982 880 esse

290 913 549 966 Ecclesias
585 918 641 966 et
672 915 901 967 Patrum
934 915 1094 985 sequi
1143 915 1480 981 doctrinam,
1530 917 1681 986 quod
1743 915 1983 970 dicendo

291 1005 548 1053 sanctum
595 1001 901 1055 concilium
950 1003 1446 1072 Constantinopoli
1494 1005 1812 1069 collectum,
1860 1004 1986 1075 Spi-

292 1089 468 1141 ritum
502 1094 756 1144 sanctum
784 1091 1183 1161 procedentem
1215 1108 1248 1144 a
1287 1093 1470 1157 Patre,
1503 1094 1658 1163 quod
1696 1109 1829 1146 eum
1874 1098 1926 1147 et
1958 1111 1990 1146 a

296 1176 435 1229 Filio
470 1179 777 1246 procedere
815 1195 929 1232 non
968 1180 1215 1248 negavit,
1264 1181 1357 1234 sed
1392 1186 1513 1235 tota
1541 1182 1806 1246 Trinitas,
1858 1197 1988 1235 cum

295 1264 367 1317 sit
398 1267 914 1335 consubstantialis,
946 1274 1003 1321 et
1039 1268 1213 1321 Filius
1260 1270 1331 1321 sit
1363 1277 1529 1324 natus
1561 1288 1594 1323 a
1639 1272 1824 1336 Patre,
1858 1270 1988 1340 Spi-

297 1352 441 1406 ritus
473 1370 700 1424 quoque
720 1361 945 1409 sanctus
974 1356 1047 1409 sit
1092 1357 1334 1410 charitas
1360 1359 1680 1429 utriusque,
1704 1375 1819 1412 nou
1861 1376 1987 1428 pos-

299 1440 370 1494 sit
409 1443 535 1513 quis
573 1458 780 1515 negare
826 1443 1101 1514 Spiritum
1133 1452 1391 1499 sanctum
1416 1462 1449 1500 a
1485 1447 1621 1501 Filio
1662 1447 1989 1518 procedere,

301 1620 584 1629 ————___.

586 1622 937 1631 Ἥ

940 1623 1385 1632 Μ-υᾙ-

2087 566 2316 621 habere.
2356 568 2511 632 Quod
2545 567 2679 638 quia
2730 584 3024 633 vesanum,
3073 569 3388 622 tenendum
3438 569 3671 623 omnino
3722 578 3766 623 et

2089 655 2333 709 ﬁdeliter
2383 656 2765 725 proﬁtendum
2821 657 2955 725 quia
3001 658 3165 710 Pater
3211 657 3398 726 diligit
3455 658 3679 721 Filium,
3726 667 3769 712 et

2095 745 2264 797 Filius
2307 744 2494 814 diligit
2525 746 2770 810 Patrem,
2807 760 2859 796 ei
2908 745 3026 797 lure
3074 744 3301 797 dilectio
3341 761 3456 815 qua
3490 747 3658 799 Pater
3704 747 3773 798 di-

2092 832 2227 901 ligit
2256 832 2480 896 Filium,
2514 848 2546 885 a
2579 834 2739 885 Patre
2770 832 3054 900 procedit;
3091 838 3147 885 et
3192 832 3423 886 dilectio
3459 850 3577 904 qua
3621 834 3770 887 Filius

2093 919 2281 991 diligit
2302 921 2549 987 Patrem,
2579 937 2608 973 a
2638 920 2777 973 Filio
2817 919 3196 974 nihilominus
3223 921 3503 989 procedit.
3550 921 3641 973 Est
3687 937 3777 971 au-

2096 1013 2214 1061 tem
2273 1009 2392 1061 haec
2451 1008 2679 1061 dilectio
2741 1007 2986 1078 Spiritus
3044 1014 3290 1061 sanctus.
3352 1008 3611 1062 Procedit
3659 1025 3776 1077 ergo

2098 1096 2339 1166 Spiritus
2372 1114 2402 1148 a
2433 1097 2596 1149 Patre
2625 1101 2681 1148 et
2712 1113 2745 1149 a
2799 1096 2957 1148 Filio.
2990 1097 3235 1165 Tempus
3283 1102 3367 1148 est
3412 1096 3538 1165 jam
3587 1102 3781 1148 sancto-

2104 1199 2227 1236 rum
2264 1184 2491 1236 Patrum
2538 1182 2883 1235 testimoniis
2914 1183 3338 1251 processionem
3385 1183 3568 1235 sancti
3620 1182 3779 1253 Spiri-

2104 1276 2191 1323 tus
2222 1290 2253 1322 a
2284 1270 2423 1323 Filio
2467 1270 2862 1339 comprobare,
2908 1276 2968 1322 ut
3015 1270 3236 1323 diversa
3272 1271 3588 1324 sentientes
3635 1288 3773 1324 reve-

2102 1364 2338 1412 reantur
2368 1362 2425 1410 et
2442 1358 2757 1410 reverentia
2787 1357 3022 1411 salutari
3063 1359 3444 1428 corrigantur,
3508 1376 3577 1411 ne
3629 1360 3779 1412 stulta

2102 1446 2419 1517 pervicacia
2439 1445 2500 1499 in
2541 1444 2878 1515 perditionis
2911 1445 3129 1498 foveam
3166 1446 3516 1500 dilabantur.

1612 1765 1895 1837 LIBER
1952 1763 2473 1836 SECUNDUS.

1893 1929 2197 1941 ——

870 2109 1091 2165 CAPUT
1134 2111 1422 2166 PRIMUM.

305 2215 703 2285 Comprobatur
757 2233 824 2271 ea:
871 2217 1131 2272 Patribus
1194 2219 1462 2286 Spiritum
1509 2223 1755 2273 sanctum
1783 2234 1818 2271 α
1856 2220 1991 2273 Filio

990 2305 1299 2375 procedere.

375 2410 761 2475 Quaastionem
786 2411 854 2465 de
895 2412 1074 2465 sancti
1112 2412 1357 2482 Spiritus
1395 2412 1757 2477 processione
1806 2427 1993 2465 versa-

308 2515 454 2565 mus,
500 2515 673 2569 quam
712 2500 1039 2553 Graecorum
1096 2500 1472 2570 imperatores
1521 2516 1554 2553 a
1604 2500 1744 2553 Filio
1784 2504 1998 2570 negant

308 2587 453 2653 ﬁeri,
487 2587 735 2640 dicentes
764 2588 919 2657 quod
952 2606 984 2640 a
1032 2589 1194 2641 Patre
1228 2592 1452 2641 tantum
1484 2590 1770 2658 procedat,
1814 2593 1870 2641 et
1918 2588 1999 2642 id-

309 2672 456 2726 circo
489 2672 746 2727 nolentes
777 2672 1034 2727 Ecclesia!
1069 2673 1342 2726 Romanae
1371 2673 1814 2736 communicare,
1849 2674 1998 2743 lega-

310 2768 399 2814 tos
420 2762 746 2831 apostolicae
770 2761 918 2815 sedis
948 2778 1064 2814 non
1087 2766 1442 2830 receperunt,
1478 2762 1535 2814 in
1569 2764 1795 2831 culpam
1825 2761 1997 2815 devo-

310 2854 520 2915 cantes,
553 2851 707 2920 quod
754 2850 921 2904 aliter
974 2850 1168 2903 Latina
1229 2849 1443 2903 diceret
1499 2850 1765 2916 Ecclesia,
1825 2866 1997 2920 quam

309 2938 419 3009 ipsi
448 2938 518 2992 de
547 2938 761 3008 Spiritu
799 2943 1013 3005 sancto,
1050 2939 1396 3008 profitendo,
1447 2939 1842 3009 credendoque
1883 2939 2002 3007 Spi-

314 3026 487 3080 ritum
519 3032 779 3080 sanctum
808 3042 841 3080 8.
872 3028 1007 3080 Filio
1048 3028 1377 3097 procedere,
1428 3043 1601 3097 quem
1650 3026 1760 3097 ipsi
1806 3027 2003 3080 dicunt

317 3120 540 3169 tantum
572 3132 605 3168 a
636 3117 798 3169 Patre
839 3116 991 3186 quod
1022 3115 1311 3183 procedat.
1354 3116 1545 3168 Primo
1580 3116 1837 3169 videmus
1897 3115 1999 3169 lai-

318 3220 412 3257 cos
442 3208 637 3257 contra
665 3208 890 3257 cunctas
924 3203 1327 3257 ecclesiasticas
1362 3204 1586 3273 regulas
1638 3205 1849 3269 venire,
1900 3204 2002 3257 de-

320 3297 475 3346 creta
495 3292 758 3346 fidelibus
790 3292 1118 3362 imponere;
1153 3297 1210 3345 et
1254 3291 1461 3362 quibus
1499 3308 1614 3344 non
1658 3297 1743 3345 est
1786 3292 2003 3345 licitum

2035 2075 2073 2127 Β
2104 2057 2228 2124 tris,
2266 2062 2322 2110 et
2367 2056 2512 2122 Filii,
2546 2060 2602 2109 et
2648 2055 2890 2125 Spiritus
2920 2057 3128 2109 sancti?
3160 2058 3376 2127 (Matth.
3437 2076 3635 2125 xxvm,
3700 2063 3790 2128 19.)

2100 2145 2259 2210 Quod
2291 2145 2449 2199 sivos
2477 2145 2664 2199 dicitis
2692 2150 2913 2199 tantum
2948 2146 3225 2214 Spiritum
3263 2154 3529 2203 sanctum
3559 2166 3593 2202 a
3637 2150 3787 2202 Patre

2102 2234 2430 2305 procedere,
2470 2234 2728 2287 nolentes
2765 2233 3027 2287 conliteri
3075 2235 3229 2304 quod
3271 2251 3302 2288 a
3354 2236 3494 2290 Filio
3542 2238 3796 2306 procedat

2103 2327 2160 2376 et
2198 2322 2383 2375 omnis
2419 2321 2659 2376 Ecclesia
2694 2322 2893 2375 Latina‘
2913 2323 2996 2374 vel
3032 2328 3181 2375 certe
3210 2322 3384 2377 totius
3418 2324 3577 2377 orbis
3609 2324 3792 2377 catho-

2103 2411 2209 2465 lica
2243 2411 2594 2481 profiteatur,
2637 2410 2791 2480 quod
2813 2416 2869 2463 et
2896 2427 2927 2463 a
2960 2410 3096 2463 Filio
3132 2412 3398 2481 procedat
3432 2412 3629 2466 :unde
3669 2429 3791 2483 pro-

2104 2499 2250 2553 batis
2300 2505 2541 2553 vestram
2588 2499 2927 2552 sententiam
2964 2499 3082 2552 fore
3121 2501 3403 2569 potiorem
3449 2506 3508 2554 et
3555 2501 3791 2553 veritatis

2107 2587 2444 2641 auctoritate
2476 2586 2795 2640 munitam?
2825 2603 2898 2639 an
2930 2587 3121 2639 forsan
3154 2588 3444 2656 Evangelii
3494 2588 3707 2641 veritas
3733 2588 3793 2641 ad

2106 2690 2206 2727 vos
2235 2675 2380 2728 solos
2404 2673 2682 2744 pervenit,
2716 2678 2771 2726 et
2801 2673 2953 2742 apud
2987 2690 3084 2726 vos
3100 2675 3249 2726 solos
3281 2678 3637 2744 permanet?

2179 2764 2484 2831 Apostolus
2519 2762 2728 2815 Paulus
2768 2768 3027 2815 vocatum
3059 2778 3116 2815 se
3143 2762 3280 2815 dicit
3324 2766 3678 2832 apostolum,
3714 2782 3796 2818 se-

2109 2857 2373 2920 paratum
2418 2851 2477 2903 in
2528 2851 2894 2919 Evangelium
2945 2849 3149 2904 Christi
3197 2853 3363 2917 (Rom.
3430 2868 3525 2916 xv,
3587 2854 3688 2921 l9),
3738 2853 3797 2905 ab

2111 2939 2464 2993 Hierusalem
2497 2954 2675 3009 usque
2724 2938 2795 2991 ad
2828 2938 3114 3007 Illyricum
3145 2943 3327 2991 totum
3366 2955 3470 3009 per
3508 2940 3798 2993 circuitum

2114 3028 2415 3098 Evangelio
2438 3028 2643 3082 Christi
2674 3027 3007 3096 replevisse;
3041 3027 3281 3080 Romam
3309 3027 3563 3098 {quoque
3616 3030 3798 3098 Hispa-

2112 3117 2349 3186 niasque
2398 3116 2734 3187 profectum,
2788 3120 2843 3168 et
2892 3114 2952 3168 in
2995 3120 3176 3168 totum
3233 3116 3398 3185 plene
3456 3117 3659 3170 orbem
3709 3119 3799 3170 Ro-

2114 3220 2349 3258 manum
2382 3204 2467 3257 vel
2494 3204 2796 3274 praesentia
2826 3203 3098 3272 corporis,
3131 3204 3219 3256 vel
3259 3203 3485 3273 scriptis
3521 3211 3804 3273 pertrans-

2117 3293 2244 3360 isse,
2299 3293 2584 3347 Christum
2643 3292 2980 3362 prazdicaus.
3040 3292 3187 3344 Num
3239 3291 3391 3358 dicit,
3448 3293 3613 3363 quod
3686 3294 3804 3346 solis

322 3381 438 3433 ullo
488 3396 658 3449 super
718 3379 1095 3433 ecclesiastico
1147 3380 1278 3449 jure
1332 3385 1541 3448 praeter
1609 3380 2008 3450 episcoporum
2048 3368 2084 3420 (ἶ
2118 3381 2322 3435 Grmcis
2345 3381 2631 3434 Christum
2666 3379 3069 3449 przedicaverit,
3106 3385 3162 3433 et
3191 3379 3400 3433 Graecis
3450 3382 3804 3435 solummodo

321 3469 650 3522 consultum
698 3473 906 3522 statuta
931 3468 1297 3533 constituere,
1332 3468 1483 3537 leges
1528 3468 1637 3538 ipsi
1688 3469 1821 3522 lidei
1867 3485 2009 3522 con-

321 3558 456 3612 dere
486 3562 788 3622 conantur,
822 3561 878 3611 et
906 3557 1217 3611 secundum
1243 3573 1344 3609 sua
1390 3556 1613 3610 decreta
1645 3557 1742 3610 alii
1766 3557 1823 3611 in
1862 3574 2013 3610 com-

323 3645 658 3699 munionem
693 3646 1064 3715 recipiuntur,
1099 3646 1196 3698 alii
1227 3661 1358 3698 vero
1383 3651 1768 3699 removentur.

393 3734 449 3788 Si
479 3735 617 3804 quid
650 3750 897 3805 namque
928 3735 1134 3788 sanciri
1175 3736 1243 3788 de
1289 3751 1406 3788 suae
1446 3734 1579 3788 fidei
1610 3740 1808 3789 tenore
1853 3734 2013 3788 dele-

322 3828 543 3891 gerant,
569 3823 965 3894 episcoporum
992 3824 1298 3877 concilium
1330 3825 1552 3877 evocari
1580 3824 1866 3888 decuerat,
1900 3824 2011 3877 Pa-

324 3916 477 3964 trum
510 3916 722 3964 statuta
776 3912 1029 3983 requiri,’
1064 3918 1389 3965 sanctarum
1448 3914 1677 3964 oracula
1703 3912 2012 3981 scriptura-

323 4015 475 4063 rum,
508 3999 769 4052 consultu
813 3999 1212 4067 episcoporum
1244 4000 1538 4052 communi
1571 3999 1857 4053 sententia
1909 3999 2016 4052 de-

326 4085 501 4151 cerni,
526 4084 665 4154 quid
688 4085 1066 4154 sequendum,
1100 4086 1234 4154 quid
1267 4102 1399 4138 vero
1422 4087 1611 4139 fuerat
1643 4086 2013 4157 abigendum.

328 4172 489 4236 Quod
519 4172 568 4225 si
616 4172 959 4242 quibusdam
992 4173 1049 4226 in
1090 4173 1372 4239 Ecclesiis,
1422 4176 1505 4227 vel
1549 4175 1794 4244 quadam
1838 4179 2015 4227 terra-

327 4277 456 4314 rum
486 4260 546 4313 in
576 4264 736 4329 parte
769 4260 951 4314 teneri
989 4261 1078 4313 vel
1125 4262 1382 4331 proliteri
1431 4262 2016 4332 deprehenderentur,

331 4365 461 4419 qua:
501 4348 654 4417 juste
700 4353 965 4418 recteque
1021 4364 1354 4418 permovere
1403 4349 1753 4415 debuissent,
1817 4351 1902 4404 vel
1942 4367 2017 4406 .ex

332 4436 461 4501 ﬁde,
502 4436 586 4489 vel
617 4451 684 4489 ex
705 4436 1137 4504 consuetudine,
1173 4438 1537 4492 scribendum
1564 4438 1652 4492 his
1682 4439 1867 4510 primo
1898 4439 2017 4492 fue-

333 4529 437 4591 rat,
470 4533 525 4578 et
553 4524 680 4579 facti
712 4540 880 4578 causa
919 4526 1330 4595 cognoscenda.
1376 4527 1518 4579 Tum
1559 4526 1603 4579 si
1630 4527 1802 4597 justas
1846 4527 2020 4581 ratio-

331 4612 418 4667 nis
465 4612 667 4683 religio
716 4613 1078 4683 postulasset,
1122 4614 1400 4682 judicium
1459 4615 1889 4684 proferendum.
1958 4616 2023 4669 Et

333 4702 441 4755 hoc
468 4705 659 4755 tamen
697 4718 800 4754 suo
844 4702 949 4756 sub
980 4702 1282 4772 regimine,
1328 4702 1670 4773 imperiique
1716 4703 2020 4774 providen-

332 4789 428 4852 tia,
456 4789 714 4843 Ecclesiis
743 4790 1061 4844 constitutis
1094 4806 1107 4842 :
1142 4790 1397 4860 alioquin
1427 4790 1497 4844 ad
1538 4807 1655 4844 suae
1687 4790 2024 4862 provisionis

334 4893 527 4930 curam
577 4879 819 4947 populos
859 4894 979 4932 non
1026 4878 1392 4948 pertinentes,
1446 4879 1530 4931 vel
1596 4878 1869 4932 Ecclesias
1920 4896 2023 4932 suo

335 4966 441 5019 sub
472 4965 681 5036 imprio
723 4982 838 5019 non
865 4970 1304 5031 commorantes,
1338 4966 1476 5036 quid
1504 4966 1651 5036 juris
1688 4967 1889 5030 fuerat,
1936 4966 2022 5019 vel

336 5053 405 5107 de
435 5054 844 5107 consuetudine
867 5054 1147 5124 judicare,
1174 5055 1260 5108 vel
1290 5055 1359 5108 de
1387 5056 1649 5125 dogmate
1680 5054 1816 5108 ﬁdei
1837 5054 2022 5108 discu-

338 5146 457 5195 tere
487 5157 499 5194 :
528 5146 583 5194 et
613 5141 659 5195 si
708 5158 824 5195 non
874 5158 976 5213 per
1025 5142 1218 5196 omnia
1270 5147 1331 5197 ut
1366 5143 1450 5196 illi
1504 5144 1591 5196 vel
1618 5142 1889 5207 sentiant,
1939 5143 2025 5195 vel

337 5234 589 5295 teneant,
647 5230 1256 5284 excommunicationis
1320 5247 1561 5284 censura
1625 5230 1833 5284 ferire?
1880 5230 2024 5284 Num

339 5320 633 5373 Gaacorum
682 5318 1125 5387 imperatoribus
1169 5320 1428 5374 Salvator
1477 5319 1694 5389 ligandi
1739 5319 2028 5372 solvendi-

343 5422 451 5475 que
503 5409 845 5475 potestatem
906 5407 1221 5461 contribuit
1276 5409 1459 5461 ‘?Num
1512 5408 1625 5460 illis
1681 5407 1873 5461 dixit:
1938 5409 2028 5461 Vis

343 5497 468 5548 ratis
501 5495 597 5548 Iun
626 5494 1126 5565 mundi(Matth.v,
1163 5496 1290 5566 lli)?
1325 5496 1493 5549 Numi
1517 5496 1626 5549 illis
1653 5494 1902 5549 madavit
1927 5493 2027 5547 do-

344 5599 471 5637 cere
522 5598 742 5648 omnes,
774 5586 972 5653 gentes
1032 5588 1088 5637 et
1115 5583 1405 5653 baptizare
1454 5600 1547 5637 eas
1577 5584 1637 5637 in
1657 5582 1893 5636 nomine
1925 5583 2027 5636 Pa-

2117 3470 2558 3539 imperatoribus
2602 3468 2886 3538 Evangelii
2936 3466 3231 3522 veritatem
3276 3468 3659 3538 patefecerit?
3716 3485 3806 3538 per

2120 3564 2304 3612 totum
2331 3558 2527 3611 orbem
2571 3556 2938 3626 Evangelium
2981 3556 3187 3611 Christi
3234 3562 3523 3621 coruscat;
3587 3563 3805 3626 aposto-

2122 3650 2307 3701 lorum
2330 3646 2538 3715 scripta
2570 3647 2863 3715 leguntur;
2915 3646 3331 3714 prophetarum
3387 3647 3623 3698 oracula
3676 3645 3805 3698 reci-

2121 3740 2333 3803 tantur,
2366 3734 2572 3804 quibus
2604 3732 2979 3786 Ecclesiarum
3002 3732 3260 3801 magistri
3293 3732 3438 3784 sicut
3469 3749 3500 3785 a
3530 3732 3805 3803 principio

2126 3839 2226 3894 per
2256 3823 2542 3893 apostolos
2572 3822 2795 3875 fuerant
2827 3820 3091 3884 instituti,
3126 3820 3379 3890 quotidie
3418 3820 3649 3873 discunt
3680 3821 3808 3890 quid

2126 3911 2333 3964 sentire
2364 3911 2433 3963 de
2461 3915 2652 3962 sancta
2690 3908 2965 3961 Trinitate
2999 3907 3261 3971 debeant,
3324 3908 3461 3977 quid
3528 3908 3807 3976 proﬁteri;

2125 3998 2263 4068 quid
2312 3998 2551 4068 populos
2602 3996 2708 4049 sibi
2756 3995 3088 4048 commissos
3133 3994 3391 4060 edocere,
3427 3996 3644 4064 quibus
3695 4009 3811 4047 m0-

2126 4084 2282 4137 ribus
2340 4084 2657 4148 instituere,
2720 4098 2835 4153 qua
2883 4082 3310 4135 conversatione
3374 4081 3658 4144 formare,
3708 4095 3812 4150 qua

2125 4173 2405 4242 religione
2436 4187 2800 4241 componere.
2836 4171 2946 4224 Nec
2971 4171 3197 4240 paginae
3222 4175 3431 4222 sanctae
3470 4170 3813 4239 loquuntur,

2128 4278 2231 4316 nec
2260 4261 2540 4329 majorum
2594 4260 2856 4313 instituta
2911 4258 3335 4324 commendant,
3396 4273 3498 4311 nec
3544 4262 3819 4327 princepta

2128 4355 2363 4403 censent
2388 4349 2799 4418 apostolorum,
2831 4349 2917 4400 vel
2960 4362 3434 4417 quorumcunque
3471 4346 3627 4399 dicta
3685 4345 3817 4398 scri-

2130 4447 2340 4509 ptaque
2365 4437 2668 4507 majorum,
2704 4436 2790 4488 vel
2839 4436 3059 4490 Graecos
3102 4434 3274 4487 totius
3316 4434 3574 4487 Ecclesias
3618 4433 3818 4487 Christi

2130 4527 2248 4580 fore
2294 4526 2620 4595 magistros,
2662 4524 2747 4575 vel
2793 4523 2864 4575 ab
2912 4521 3049 4590 ipsis
3093 4521 3548 4585 monstrandum,
3619 4521 3707 4575 vel
3746 4522 3819 4573 di-

2131 4612 2402 4665 scendum
2434 4610 2878 4681 imperatoribus
2907 4625 3127 4674 eorum,
3161 4610 3293 4680 quid
3323 4624 3421 4678 per
3446 4614 3636 4663 totum
3671 4609 3819 4664 Chri-

2131 4699 2201 4752 sti
2227 4700 2480 4753 Ecclesiae
2526 4699 2722 4753 orbem
2765 4699 2851 4751 vel
2882 4698 2941 4751 in
2985 4697 3203 4761 habitu,
3263 4698 3346 4750 vel
3409 4697 3469 4749 in
3518 4697 3817 4767 religione,

2132 4789 2221 4841 vel
2253 4788 2521 4857 dogmate
2549 4787 2751 4841 debeat;
2775 4786 3083 4839 observari.
3115 4786 3272 4848 Quod
3305 4786 3349 4837 si
3380 4785 3554 4838 nimis
3587 4788 3818 4839 stultum

2135 4877 2493 4946 nimiumque
2550 4876 2798 4928 insolens
2845 4890 2964 4927 esse
3011 4872 3397 4942 cognoscitur,
3457 4888 3575 4925 non
3633 4872 3823 4925 debuit

2136 4964 2379 5019 Ecclesia
2409 4965 2664 5019 Romana
2710 4969 2827 5015 tam
2859 4962 3058 5015 leviter
3100 4960 3468 5030 reprehendi,
3515 4961 3674 5030 quod
3720 4976 3824 5012 ma-

2131 5052 2324 5122 jorum
2352 5056 2538 5104 servat
2576 5051 2837 5103 instituta
2882 5064 3140 5114 suorum,
3180 5065 3282 5101 nec
3327 5049 3384 5101 in
3437 5049 3713 5101 omnibus
3746 5062 3823 5098 se-

2135 5141 2332 5212 quitur
2371 5141 2630 5195 instituta
2682 5142 3038 5205 Graecorum;
3092 5138 3567 5208 quandoquidem
3615 5140 3729 5191 sive
3760 5138 3823 5190 de

2136 5232 2327 5280 sancta
2357 5227 2656 5292 Trinitate,
2683 5228 2765 5280 vel
2799 5227 2868 5280 de
2894 5226 3284 5295 cujuscunque
3332 5224 3701 5277 observantia
3741 5240 3824 5275 re-

2136 5316 2366 5385 ligionis
2391 5316 2672 5386 quidquid
2693 5317 2775 5368 vel
2808 5318 2982 5377 tenet,
3018 5314 3103 5367 vel
3126 5318 3372 5378 exercet,
3414 5312 3824 5382 discipulorum

2139 5403 2343 5458 Christi
2366 5404 2616 5457 manavit
2648 5403 2716 5457 de
2742 5404 2917 5457 fonte.
2964 5404 3075 5456 Nec
3104 5406 3191 5454 est
3222 5405 3551 5454 sanctarum
3610 5397 3827 5471 paginis

2138 5507 2465 5562 repugnans
2491 5492 2574 5544 vel
2605 5489 3037 5544 disconveniens
3067 5488 3491 5558 Scripturarum
3517 5488 3675 5558 quod
3717 5502 3823 5539 cre-

2140 5580 2237 5646 cit,
2279 5580 2460 5646 docet,
2493 5580 2842 5650 exsequitur.
2892 5579 3037 5649 Ergo
3088 5578 3509 5648 reprehendere
3545 5574 3825 5630 conamini
