3890 6230
119 286 209 339 ’ἓὶὃ
1147 293 1424 350 CONTRA
1462 295 1860 352 GR.‘ECORUM
1900 294 2255 351 OPPOSITA.
2281 323 2338 334 —
2376 294 2501 349 LIB.
2543 293 2614 348 II.

3520 299 3621 363 2&6

118 417 260 486 quod
282 418 543 474 dicimus
578 422 857 493 Spiritum
916 430 1172 480 sanctum
1206 443 1239 480 a
1299 428 1436 483 Filio
1492 429 1823 500 procedere,
1863 432 1908 484 Α
1939 433 2133 499 pterea
2167 426 2322 481 nolle
2355 443 2452 480 vos
2480 426 2735 497 recipere
2765 428 2915 498 quod
2964 427 3023 481 in
3064 427 3372 499 Scripturis
3414 429 3622 484 sanctis

122 523 241 561 cum
262 523 362 561 vos
395 510 611 564 dicatis
644 528 777 566 eum
811 529 843 565 a
869 514 1031 567 Patre
1064 515 1392 584 procedere.

805 673 1030 727 CAPUT
1071 675 1143 728 II.

120 812 485 867 Conciliorum
552 816 879 869 auctoritate
939 815 1296 870 destruantur
1341 822 1590 888 opposita
1669 822 1815 877 Gra-

872 919 1074 958 613711173.

186 1041 382 1095 Primo
441 1044 805 1112 postulamus
834 1063 868 1100 a
898 1045 1055 1100 vobis
1078 1048 1475 1104 auctoritatem
1507 1052 1817 1121 majorum,

121 1130 382 1184 videlicet
429 1132 843 1187 catholicorum
885 1137 1306 1206 episcOporum,
1354 1154 1469 1209 qua
1523 1139 1816 1194 decretum

120 1220 361 1272 teneatis
402 1220 559 1290 quod
587 1226 879 1292 tantOpere
903 1222 1208 1277 defendere
1242 1226 1553 1281 conamini.
1594 1228 1819 1283 Nicaena

121 1304 371 1373 synodus
404 1312 795 1361 trecentorum
827 1309 1023 1363 decem
1055 1316 1109 1363 et
1131 1318 1256 1366 octo
1298 1314 1697 1386 episcoporum
1731 1315 1819 1369 ad-

124 1409 315 1446 versus
357 1395 561 1449 Arium
617 1396 722 1450 sub
781 1398 1150 1454 Constantino
1216 1400 1405 1470 primo
1466 1402 1817 1472 imperatore

119 1484 376 1549 collecta,
436 1490 738 1556 postquam
772 1486 842 1539 de
881 1489 1469 1544 consubstantialitate
1512 1492 1639 1546 Filii
1686 1509 1815 1546 cum

122 1572 285 1624 Patre
312 1572 646 1641 Symbolum
679 1574 926 1641 dictavit,
960 1575 1059 1630 ubi
1103 1582 1353 1644 ventum,
1388 1584 1474 1633 est
1516 1581 1589 1635 ad
1636 1582 1815 1651 Spiri-

120 1664 238 1712 tum
272 1668 554 1725 sanctum,
598 1661 679 1715 sic
717 1663 795 1716 ait
828 1679 840 1716 :
875 1665 1152 1720 Credimus
1191 1671 1241 1722 et
1287 1670 1343 1722 in
1382 1669 1648 1736 Spiritum
1687 1686 1814 1724 san-

120 1752 259 1801 ctum
296 1764 311 1801 :
350 1749 491 1803 nihil
522 1751 609 1803 vel
635 1751 838 1820 majus,
874 1753 961 1806 vel
994 1753 1184 1806 minus
1215 1771 1387 1825 super
1416 1757 1539 1827 ejus
1565 1758 1646 1810 vel
1680 1759 1809 1810 sub-

120 1832 333 1884 stantia
380 1833 469 1886 vel
528 1835 894 1903 processione
957 1837 1290 1891 decernens.
1345 1839 1447 1894 Ubi
1497 1858 1631 1909 ergo
1662 1856 1814 1894 nunc

122 1920 320 1989 regula
354 1937 469 1991 qua
498 1938 595 1976 vos
625 1924 859 1990 muniri,
900 1925 989 1978 vel
1020 1926 1253 1980 Latinos
1284 1928 1643 1983 arbitramini
1675 1946 1809 1982 con-

123 2008 347 2078 stringi,
382 2015 447 2063 ut
487 2010 646 2064 vobis
690 2011 855 2065 liceat
908 2013 1094 2067 dicere
1138 2016 1536 2085 procedentem
1575 2036 1603 2070 a
1648 2020 1811 2072 Patre

123 2096 397 2165 Spiritum
452 2104 734 2168 sanctum,
787 2101 1059 2156 Romanis
1097 2120 1212 2157 non
1258 2105 1423 2159 liceat
1462 2105 1648 2160 dicere
1682 2123 1811 2176 pro-

124 2185 415 2241 cedentem
451 2205 484 2241 a
524 2189 705 2243 Filio?
752 2192 912 2255 Quod
958 2192 1005 2245 si
1057 2197 1357 2263 sequentes
1417 2195 1811 2249 auctoritatem

125 2274 333 2328 Nicaeui
381 2277 611 2331 concilii
640 2278 784 2333 nihil
821 2281 968 2334 ultra
1007 2281 1176 2334 vultis
1235 2282 1464 2351 addere,
1526 2289 1811 2337 removete

126 2364 524 2432 procedentem
552 2382 585 2419 a
613 2368 797 2434 Patre,
830 2370 967 2439 quia
1002 2386 1116 2423 non
1144 2371 1467 2425 continetur
1505 2372 1563 2425 in
1598 2372 1811 2426 Nicaeni

124 2452 341 2505 concilii
385 2453 690 2523 Symbolo:
735 2460 791 2511 et
819 2457 1075 2512 fortassis
1124 2459 1289 2512 liceat
1333 2460 1616 2513 removeri
1660 2461 1811 2530 quod

124 2556 153 2590 a
181 2540 455 2594 Romanis
497 2545 929 2613 superadditum
982 2552 1068 2600 est
1118 2547 1521 2617 procedentem
1567 2566 1599 2603 a
1650 2550 1806 2604 Filio.

122 2628 275 2690 Quod
308 2629 358 2682 si
392 2632 807 2700 respondentes
863 2635 1137 2701 dixeritis,
1178 2636 1237 2689 in
1286 2638 1809 2709 Constantinopoli-

122 2724 246 2770 tana
271 2719 494 2787 synodo
511 2727 742 2774 centum
776 2722 1195 2793 quinquaginta
1217 2724 1519 2796 episcopis,
1545 2726 1644 2797 qui
1665 2728 1805 2781 Con-

122 2806 499 2876 stantinopoli
573 2810 903 2880 congregati
960 2817 1111 2876 sunt,
1173 2814 1282 2867 hoc
1340 2814 1593 2884 positum
1658 2831 1807 2875 esse;

123 2895 532 2963 respondemus
580 2912 699 2951 non
763 2899 985 2953 licuisse
1038 2901 1354 2971 quidquam
1412 2903 1624 2957 Nicmni
1680 2919 1812 2957 con-

120 2982 225 3077 cilii
272 2984 575 3077 SymboloA
597 2986 839 3077 deiide
885 2990 970 3077 vel
1027 2990 1275 3056 demere,
1329 2992 1414 3044 vel
1464 2992 1672 3045 addere
1723 2992 1808 3044 vel
1848 3021 1888 3077 Ο

120 3070 445 3126 immutare.
542 3072 706 3137 Quod
796 3074 844 3128 si
914 3076 1113 3130 dicatis
1205 3078 1274 3131 de
1369 3078 1493 3133 Filii
1575 3080 1812 3134 consub-

120 3160 521 3214 stacntialitate
567 3178 685 3215 non
718 3162 939 3217 licuisse
970 3166 1123 3236 quod
1156 3167 1598 3221 determinatam
1639 3168 1810 3222 estin

121 3250 208 3300 illo
234 3254 529 3303 conventu
573 3251 887 3322 quidquam
905 3254 1238 3323 superaddi;
1270 3256 1339 3309 de
1372 3256 1583 3327 Spiritu
1615 3262 1808 3310 sacnto

121 3352 239 3390 vero
260 3338 406 3408 quia
440 3354 751 3408 perperam
776 3340 909 3395 hinc
939 3342 1151 3397 dictum
1179 3349 1284 3410 est,
1316 3344 1543 3399 licuisse
1574 3351 1811 3415 propter

119 3427 326 3479 futuras
387 3426 794 3483 hmreticorum
844 3431 1188 3500 quaestiones
1243 3433 1550 3487 secundum
1586 3438 1806 3487 sancta-

120 3515 687 3569 rum'auctoritatem
734 3517 1159 3588 Scripturarum
1190 3536 1203 3572 :
1238 3522 1650 3591 respondemus
1699 3520 1807 3574 hoc

117 3603 255 3657 idem
297 3604 539 3658 licuisse
580 3605 872 3671 Romanis,
930 3612 1169 3677 propter
1212 3608 1430 3662 futuras
1498 3609 1804 3667 hmretico-

118 3708 230 3745 rum
280 3692 645 3763 quaestiones
692 3695 1007 3749 secundum
1051 3696 1374 3750 divinarum
1406 3698 1801 3752 auctoritatem

114 3780 554 3850 Scripturarum.
601 3782 711 3836 Nec
731 3782 884 3836 enim
915 3784 1249 3838 convincere
1271 3785 1506 3854 potestis
1528 3787 1804 3856 majorem

116 3868 761 3940 Constantinopolitanae
817 3871 1058 3926 civitatis
1142 3873 1559 3940 auctoritatem,
1632 3891 1805 3945 quam

115 3956 344 4010 ciritatis
383 3959 691 4024 Romane,
742 3975 871 4030 quae
922 3965 1100 4030 caput
1152 3966 1236 4014 est
1279 3962 1538 4016 omnium
1596 3963 1805 4017 Christi

116 4044 507 4113 Ecclesiarum,
542 4046 695 4116 quod
743 4047 1026 4118 majorum
1075 4054 1194 4103 tam
1245 4054 1581 4116 vestrorum,
1630 4068 1804 4123 quam

118 4139 458 4201 nostrorum,
493 4136 824 4191 testimonio
856 4137 1287 4207 comprobatur.
1320 4138 1427 4194 Sed
1450 4154 1639 4211 neque
1673 4157 1802 4194 cen-

114 4221 700 4294 tum'quinquaginta
756 4226 1156 4296 episcoporum
1214 4231 1371 4281 tanta
1424 4233 1647 4283 constat
1701 4247 1801 4283 au-

1926 517 2203 587 scriptum
2234 532 2350 570 non
2383 515 2697 587 reperitur;
2749 517 3236 586 quemadmodum
3283 517 3480 572 Ariani
3512 535 3617 573 no-

1928 605 2121 659 lebant
2148 603 2403 674 recipere
2436 603 2603 657 unius
2633 604 3004 675 ejusdemque
3025 606 3360 661 substantias
3392 609 3617 662 Patrem

1928 698 1983 747 et
2014 692 2240 759 Filium,
2282 692 2557 762 quoniam
2605 691 2912 761 Scripturaa
2945 710 3118 746 sacrm
3171 711 3284 747 non
3340 696 3458 749 [1th
3487 711 3619 750 con~

1928 781 2188 835 tinebant
2220 796 2231 833 :
2267 780 2436 834 dicite
2476 779 2575 834 ubi
2615 779 2868 851 legeritis
2908 782 3059 849 quod
3093 783 3617 854 Constantinopoli-

1927 874 2125 923 tanum
2157 868 2462 922 concilium
2494 868 2553 921 in
2609 868 2865 938 symbolo
2913 869 3105 937 posuit
3135 870 3203 923 de
3236 871 3448 939 Spiritu
3489 889 3620 926 san-

1927 963 2033 1027 cto,
2086 958 2276 1013 dicens
2315 973 2446 1011 eum
2486 972 2617 1011 cum
2661 959 2825 1011 Patre
2855 963 2912 1012 et
2964 957 3103 1011 Filio
3145 957 3313 1011 simul
3379 960 3616 1014 adoran-

1927 1047 2065 1101 dum
2097 1051 2152 1101 et
2180 1045 2751 1116 congloriticandum,
2784 1049 2839 1098 et
2871 1046 2971 1115 qui
3002 1047 3224 1099 locutus
3245 1056 3331 1099 est
3358 1063 3460 1117 per
3488 1064 3617 1101 san-

1926 1139 2046 1189 ctos
2087 1136 2414 1205 prophetas.
2449 1134 2611 1199 Quod
2644 1133 2690 1187 si
2738 1134 2937 1188 dicatis
2969 1134 3025 1188 in
3069 1134 3373 1204 Scripturis
3411 1136 3619 1189 sanctis

1927 1239 2042 1277 non
2078 1223 2245 1277 nudis
2273 1223 2458 1276 verbis
2486 1224 2594 1276 ista
2634 1222 2895 1292 reperiri,
2941 1223 3038 1276 sed
3080 1222 3350 1277 virtutem
3399 1223 3619 1277 intelli-

1925 1312 2135 1380 gentia:
2165 1312 2223 1365 in
2256 1312 2337 1364 eis
2378 1310 2681 1371 contineri,
2707 1315 2771 1363 ut
2802 1311 3091 1381 quomodo
3137 1315 3224 1365 est
3272 1310 3443 1365 unius
3487 1327 3617 1365 cum

1926 1402 2091 1454 Patre
2126 1400 2375 1470 Filioque
2405 1399 2754 1465 substantias,
2789 1400 2957 1453 unius
2995 1399 3290 1469 potentiae,
3346 1416 3461 1453 non
3501 1399 3614 1452 dis-

1925 1487 2130 1541 similis
2175 1488 2505 1558 majestatis,
2546 1493 2601 1541 et
2642 1493 2946 1558 propterea
2977 1504 3105 1541 cum
3137 1489 3303 1541 Patre
3338 1487 3615 1557 Filioque-

1925 1576 2092 1629 simul
2126 1577 2468 1642 adorandus,
2504 1578 2559 1628 et
2584 1576 3135 1645 congloriﬁcandus;
3178 1576 3374 1629 eadem
3406 1590 3616 1629 conce-

1926 1665 2041 1719 dite
2075 1664 2284 1718 Latinis
2324 1664 2603 1729 Ecclesiis,
2638 1668 2698 1716 ut
2727 1663 2857 1717 licet
2895 1664 3063 1717 nudis
3094 1663 3279 1717 verbis
3308 1662 3615 1735 Evangelia

1924 1770 2041 1807 non
2089 1753 2279 1808 dicant
2326 1753 2394 1807 de
2443 1752 2585 1807 Filio
2635 1753 2944 1822 procedere
2998 1752 3278 1821 Spiritum
3330 1758 3612 1816 sanctum,

1923 1840 2118 1894 multis
2151 1846 2341 1913 tamen
2391 1841 2577 1894 modis
2629 1839 2932 1893 ostendant
2978 1839 3253 1908 Spiritum
3295 1856 3414 1893 esse
3468 1838 3611 1905 Filii,

1921 1930 2065 1983 sicut
2098 1935 2177 1983 est
2208 1928 2450 1999 Spiritus
2492 1930 2691 1991 Patris,
2724 1933 2779 1982 et
2817 1946 2849 1981 a
2898 1928 3036 1982 Filio
3084 1928 3415 1998 procedere,
3469 1927 3615 1981 sicut

1922 2019 2229 2089 procedita
2259 2019 2423 2072 Patre
2456 2034 2468 2071 :
2505 2017 2661 2087 quod
2700 2016 3050 2071 sufﬁcienter
3089 2015 3369 2086 superiori
3416 2015 3611 2069 libello

1920 2112 2295 2159 monstratum
2338 2120 2457 2158 esse
2514 2104 2827 2157 credimus.
2869 2104 2980 2157 Ista
3029 2120 3160 2157 cum
3211 2103 3293 2157 sic
3340 2104 3609 2166 habeant,

1921 2199 1977 2247 et
2007 2196 2075 2249 de
2127 2193 2341 2264 Spiritu
2391 2197 2584 2246 sancto
2613 2191 2752 2245 tides
2782 2191 3059 2245 catholica
3110 2208 3213 2261 per
3260 2191 3610 2246 Salvatorem

1920 2287 1975 2336 et
1994 2298 2097 2353 per
2125 2282 2414 2352 apostolos
2449 2280 2685 2335 fundata
2718 2295 2945 2350 semper
2994 2279 3201 2345 tenuit,
3251 2294 3356 2333 nec
3402 2278 3608 2348 pradi-

1919 2386 2045 2424 care
2073 2370 2287 2436 omisit,
2322 2369 2473 2440 quod
2523 2368 2779 2439 ejusdem
2822 2368 2896 2423 sit
2949 2384 3079 2421 cum
3128 2369 3292 2422 Patre
3352 2366 3610 2437 Filioque

1920 2458 2165 2523 virtutis,
2224 2462 2280 2511 et
2335 2456 2593 2526 ejusdem
2667 2456 3017 2519 substantiaa,
3074 2454 3462 2525 procedatque
3541 2453 3611 2506 de

1918 2552 2204 2618 utroque:
2243 2545 2379 2617 quid
2428 2550 2510 2599 est
2541 2561 2694 2599 nunc
2743 2545 2893 2615 quod
2928 2543 3261 2598 catholicam
3304 2543 3475 2597 tidem
3520 2558 3610 2595 re-

1919 2635 2272 2705 prehendere
2328 2633 2603 2699 nitimini,
2651 2638 2707 2686 et
2761 2639 2966 2686 contra
3009 2632 3284 2686 catholica
3341 2631 3612 2701 dogmata

1919 2724 2111 2777 nescio
2161 2722 2296 2794 quid
2331 2720 2522 2776 moliri
2550 2720 2881 2776 conamini?
2935 2721 3210 2775 Fortassis
3248 2719 3333 2772 vel
3387 2719 3607 2783 Arium,

1918 2813 2003 2865 vel
2037 2811 2425 2866 Macedoniam
2456 2810 2790 2864 resuscitare
2830 2809 3086 2877 tentatis,
3118 2814 3174 2863 et
3216 2824 3415 2863 eorum
3446 2805 3609 2877 pravi

1918 2901 2201 2971 dogmatis
2232 2901 2450 2954 cineres
2474 2899 2612 2952 olim
2648 2899 2863 2970 sopitos
2892 2898 2952 2951 in
2986 2898 3291 2951 Ecclesiam
3342 2896 3605 2951 introdu-

1920 3007 2065 3044 cere.
2099 2990 2390 3061 Numquid
2437 2990 2681 3059 majores
2721 2988 2891 3042 vestri
2939 2988 3266 3041 nescierunt
3328 2988 3598 3058 quemad—

1922 3079 2156 3133 modum
2186 3079 2255 3132 de
2292 3079 2509 3148 Spiritu
2556 3082 2748 3131 sancto
2774 3078 3029 3131 Romana
3062 3076 3283 3131 ferebat
3324 3075 3605 3130 Ecclesia?

1919 3184 2023 3222 nec
2050 3175 2241 3222 tamen
2276 3166 2586 3237 aliquando
2620 3182 2654 3219 a
2684 3166 2955 3221 Romanae
2997 3165 3148 3219 sedis
3195 3163 3605 3219 communione

1919 3272 2038 3310 sese
2101 3272 2417 3322 removere,
2483 3256 2725 3309 scientes
2767 3254 3059 3308 catholicze
3117 3252 3255 3308 ﬁdei
3309 3253 3606 3307 veritatem

1918 3346 2037 3400 fore
2067 3345 2219 3415 quod
2264 3348 2421 3398 tenet
2448 3348 2504 3397 et
2549 3343 2843 3414 praedicat,
2893 3358 2996 3395 nec
3045 3342 3247 3395 merito
3294 3341 3605 3413 reprehen-

1915 3433 2061 3486 sioni
2092 3441 2307 3503 patere,
2364 3431 2520 3504 quod
2547 3435 2872 3485 sanctarum
2903 3430 3326 3499 Scripturarum
3359 3428 3602 3483 auctori-

1914 3525 2028 3576 tate
2048 3521 2325 3575 consistit.

1991 3612 2174 3680 Usque
2201 3610 2274 3663 ad
2302 3607 2421 3663 Arii
2460 3612 2686 3675 tempus
2711 3606 2873 3661 nulla
2896 3604 3156 3659 confusio
3197 3605 3436 3659 vexabat
3482 3621 3601 3658 cre-

1915 3700 2135 3765 dentes,
2187 3698 2257 3751 de
2314 3696 2492 3751 Patris
2553 3695 2792 3765 Filiique
2842 3692 3449 3759 consubstantialitate,
3500 3709 3605 3746 nec

1914 3789 2222 3842 homousion
2262 3783 2711 3855 praedicabatur;
2761 3782 2942 3835 virtus
2996 3787 3189 3834 tamen
3240 3780 3394 3835 illius
3445 3780 3604 3835 verbi

1912 3874 2265 3930 credentium
2313 3872 2603 3927 mentibus
2677 3870 2851 3924 insita
2903 3869 3270 3934 consistebat,
3326 3869 3602 3940 quoniam

1911 3964 2368 4034 omnipotentem
2404 3961 2611 4016 Filium
2640 3960 2700 4014 in
2728 3959 2887 4014 nulla
2931 3959 3267 4014 dissimilem
3295 3959 3450 4014 Patri
3479 3958 3602 4013 fore

1912 4053 2200 4119 credebat,
2232 4052 2375 4106 bene
2415 4050 2629 4104 dictum
2659 4048 2964 4103 Salvatoris
2995 4047 3273 4114 recolens,
3313 4048 3550 4102 dicentis
3585 4063 3598 4101 :

1913 4144 2017 4208 Qui
2042 4142 2188 4195 videt
2219 4155 2299 4195 me
2349 4139 2499 4194 videt
2544 4143 2593 4193 et
2641 4142 2856 4192 Patrem
2886 4138 3060 4205 (Joan.
3110 4153 3218 4198 xw,
3262 4137 3336 4207 9).
3406 4137 3601 4207 Neque

1912 4230 2200 4286 Christum
2226 4227 2379 4282 aliud
2402 4243 2576 4299 quam
2622 4231 2939 4281 creaturam
2972 4229 3265 4280 auctorem
3315 4226 3597 4292 omnium,

116 4310 346 4377 ctoritas,
410 4318 480 4365 ut
534 4313 819 4367 universis
884 4314 1059 4367 totius
1104 4314 1255 4368 orbis
1314 4316 1594 4387 episcopis
1660 4334 1799 4388 praa-
1838 4321 1880 4374 D
1910 4319 2094 4373 sciens
2124 4335 2189 4372 ex
2226 4319 2444 4373 Joanne
2496 4315 2762 4369 dictum:
2818 4316 3010 4371 Omnia
3059 4331 3159 4385 per
3214 4317 3395 4383 ipsum
3449 4316 3603 4381 facta

116 4401 340 4454 scribere
368 4402 583 4471 possit,
616 4406 681 4454 ut
736 4402 888 4472 quod
918 4403 1032 4456 illis
1090 4403 1272 4471 licuit,
1315 4421 1431 4458 non
1479 4406 1647 4459 liceat
1685 4412 1800 4460 tam

118 4487 355 4544 Romano
426 4488 720 4561 pontiﬁci,
781 4506 955 4561 quam
1007 4492 1286 4548 universis
1337 4493 1542 4549 Christi
1622 4495 1802 4548 Eccle-

116 4593 208 4630 $115.

170 4668 543 4721 Addiderunt
571 4668 742 4721 etiam
774 4668 858 4721 illi
900 4670 1158 4739 symbolo
1208 4672 1467 4740 praefato,
1500 4672 1752 4726 dicentes
1786 4689 1797 4724 :

117 4758 364 4823 Spiritum
406 4761 667 4810 sanctum
717 4772 835 4809 cum
890 4759 1053 4811 Patre
1088 4760 1139 4811 ei
1165 4760 1308 4814 Filio
1357 4760 1716 4825 adorandum;
1755 4765 1804 4812 et

116 4845 627 4915 congloriﬁcandum
690 4848 787 4912 qui
828 4847 1031 4900 locutus
1057 4852 1135 4900 est
1179 4863 1275 4915 per
1314 4856 1525 4901 sanctos
1571 4850 1800 4917 prophe-

118 4940 201 4997 res,
230 4941 285 4988 et
341 4936 466 4989 alia
523 4934 714 5003 plura.
761 4935 889 4989 Haec
928 4934 1434 5004 superadjicientes
1486 4952 1599 4990 non
1657 4953 1802 5006 prie-

118 5023 445 5093 scripserunt
509 5022 773 5075 Ecclesiis
825 5022 1050 5090 Christi,
1100 5023 1197 5077 sed
1250 5024 1571 5093 exemplum
1630 5025 1801 5078 dede-

121 5120 243 5178 runt,
285 5114 332 5166 si
362 5112 519 5183 quid
552 5111 869 5164 secundum
906 5110 1223 5180 Seripturas
1254 5115 1474 5164 sanctas
1530 5114 1800 5182 superad-

121 5199 226 5253 dere
250 5203 477 5254 vellent
512 5200 587 5252 de
626 5199 847 5268 Spiritu
897 5205 1113 5265 sancto,
1164 5198 1316 5269 quod
1366 5198 1662 5253 hmreticos
1711 5217 1801 5253 ex-

125 5296 389 5358 pugnaret,
430 5294 495 5342 et
544 5288 722 5341 ﬁdem
766 5287 1121 5340 credentium
1172 5288 1485 5341 roboraret.
1538 5289 1697 5352 Quod
1757 5288 1805 5341 si

127 5378 297 5431 malitis
329 5392 674 5448 apponere,
706 5375 950 5428 inveniri
964 5376 1112 5446 quod
1148 5391 1264 5429 non
1287 5376 1466 5445 possit
1496 5376 1554 5428 in
1596 5376 1805 5429 sanctis

130 5464 435 5537 Evangeliis,
506 5464 632 5517 sive
684 5463 905 5516 caeteris
956 5462 1161 5517 divinis
1211 5464 1440 5534 paginis
1504 5466 1800 5533 scriptum,

130 5554 367 5622 Spiritum
427 5557 711 5607 sanctum
772 5551 1175 5620 procedentem
1232 5571 1264 5605 a
1326 5554 1511 5613 Patre,
1552 5568 1615 5605 ac
1670 5568 1802 5621 pro-

1909 4408 2081 4463 fuisse
2102 4409 2273 4475 (Joan.
2304 4423 2341 4472 1,
2379 4406 2457 4475 3),
2498 4420 2603 4458 nec
2644 4409 2841 4459 tamen
2894 4404 2953 4458 in
3003 4403 3260 4473 symbolo
3315 4404 3599 4473 apostolo-

1912 4512 2039 4549 rum
2063 4495 2369 4549 collatione
2398 4495 2544 4547 facto
2590 4492 2994 4547 continebatur
3032 4491 3206 4555 aliud,
3238 4507 3409 4561 quam
3443 4491 3599 4562 quod

1913 4585 2173 4638 novimus
2204 4599 2422 4645 omnes,
2456 4582 2687 4635 credere
2722 4598 2822 4636 nos
2860 4586 3125 4651 oportere
3173 4580 3232 4633 in
3265 4580 3444 4633 Deum
3494 4581 3598 4633 Pa-

1913 4679 2056 4727 trem
2084 4672 2562 4742 omnipotentem,
2597 4674 2653 4723 et
2700 4670 2761 4723 in
2805 4671 2998 4724 Jesum
3052 4667 3340 4722 Christum
3392 4666 3595 4720 Filium

1913 4762 2033 4831 ejus
2085 4760 2314 4814 unicum
2384 4758 2688 4814 Dominum
2746 4763 3025 4812 nostrum.
3081 4753 3413 4809 Suiticiebat
3492 4753 3599 4807 ista

1915 4851 2055 4904 tides
2122 4848 2475 4903 credentium
2527 4846 2725 4911 saluti;
2779 4861 2908 4915 quae
2960 4844 3270 4896 multorum
3318 4842 3598 4911 sanguine

1915 4942 2252 5006 martyrum,
2284 4941 2340 4988 et
2367 4932 2878 4988 innumerabilium
2913 4947 3010 4984 ore
3059 4930 3445 4983 confessorum
3498 4947 3601 5000 per

1913 5025 2241 5079 universum
2273 5023 2469 5076 orbem
2500 5027 2556 5074 et
2581 5020 2893 5089 approbata
2922 5022 3027 5084 est,
3079 5021 3134 5071 et
3177 5017 3595 5072 commendata.

1914 5115 2118 5167 Verum
2152 5111 2248 5165 ubi
2279 5110 2446 5163 Arius
2478 5110 2848 5177 impugnator
2879 5106 3128 5159 veritatis
3149 5106 3319 5176 coepit
3349 5106 3409 5159 in
3440 5108 3603 5161 Chri-

1912 5202 1981 5254 sti
2012 5199 2365 5253 divinitatem
2419 5195 2693 5263 insanire,
2743 5201 2802 5249 et
2857 5195 3191 5265 blasphema
3250 5210 3364 5248 non
3420 5210 3603 5265 pauca

1913 5286 2147 5357 iaculari
2173 5284 2432 5339 ﬁdelium
2473 5288 2688 5336 mentes
2728 5283 2798 5335 ad
2850 5282 3122 5353 pietatem
3167 5281 3499 5350 incitantur,
3548 5288 3604 5335 et

1914 5373 2162 5426 veritatis
2192 5387 2351 5426 arma
2379 5376 2579 5424 contra
2618 5368 2935 5438 impietatis
2980 5384 3235 5423 errorem
3284 5370 3598 5438 proferunt,

1913 5460 2246 5515 confodiunt
2289 5474 2403 5512 una
2453 5473 2583 5511 cum
2616 5462 2848 5511 auctore
2879 5458 3120 5529 impium
3166 5456 3394 5528 dogma,
3448 5457 3602 5527 quod

1917 5549 2121 5605 Filium
2154 5548 2254 5603 Dei
2274 5552 2585 5603 creaturam
2618 5552 2675 5601 et
2706 5562 2820 5601 non
2851 5548 2919 5602 de
2952 5549 3115 5601 Patre
3156 5545 3435 5615 genitum,
3478 5543 3603 5614 Spi-
