3890 6230
260 269 359 323 247

1413 266 1773 320 RATRAMNI
1812 264 2265 319 CORBEIENSIS
2306 262 2614 318 MONACIII

3670 262 3772 315 248

261 404 439 458 ritum
461 417 690 474 quoque
719 405 978 455 sanctum
1010 400 1293 455 minorem
1320 398 1461 454 Filio
1501 398 1950 470 blasphemabat.
1987 402 2033 454 Α
2064 402 2175 453 tur.
2212 400 2275 453 Et
2330 415 2479 453 nunc
2526 415 2625 453 vos
2673 399 2820 453 hanc
2869 399 3041 453 ﬁdem
3085 400 3361 454 accusatis
3420 398 3615 453 nescio
3661 411 3775 469 qua

331 495 466 547 Post
485 508 658 562 quem
683 490 1046 545 Macedonius
1080 488 1342 553 surrexit,
1376 489 1444 543 de
1497 489 1657 543 Patre
1691 489 1949 558 Filioque

264 597 393 636 cum
424 579 718 633 catholicis
756 578 967 632 similia
1015 578 1285 641 sentiens,
1323 578 1564 646 Spiritus
1597 593 1727 630 vero
1776 576 1957 630 sancti

264 684 567 740 personam
621 684 737 721 non
783 666 1087 737 recipiens.
1138 666 1419 719 Adversus
1469 665 1641 718 istum
1696 664 1960 718 catholici

262 758 614 811 decertantes
645 755 923 827 episcopi,
955 754 1231 825 Spiritum
1260 759 1519 807 sanctum
1574 753 1962 823 probaverunt

263 861 448 899 unum
478 860 600 899 esse
634 844 696 897 in
739 848 931 897 sancta
951 842 1244 908 Trinitate,
1279 842 1820 895 consubstantialem
1845 846 1960 895 tam

264 933 417 988 Patri
453 949 628 1003 quam
679 932 840 997 Filio,
884 937 939 985 et
995 932 1064 985 de
1110 932 1274 984 Patre
1313 930 1737 999 procedentem,
1791 930 1964 983 coad-

268 1020 572 1086 orandum,
607 1025 665 1073 et
703 1018 1253 1088 congloriﬁcandum
1306 1018 1457 1070 Patri
1492 1018 1769 1087 Filioque.
1823 1018 1964 1071 Dein

268 1111 477 1165 Ariana
534 1109 916 1179 repullulaute
958 1106 1203 1173 vesania,
1243 1107 1580 1176 volenteque
1623 1107 1963 1159 conﬁrmare

271 1214 387 1253 non
431 1213 552 1252 esse
610 1202 776 1251 rectae
832 1196 965 1250 fidei
1009 1195 1285 1265 Spiritum
1334 1199 1591 1248 sanctum
1651 1194 1838 1249 dicere
1895 1195 1966 1248 de

274 1288 436 1340 Patre
470 1286 796 1356 procedere,
825 1284 932 1338 hoc
988 1284 1121 1354 quia
1182 1283 1469 1337 videretur
1527 1300 1646 1336 esse
1701 1283 1966 1352 blasphe-

272 1390 455 1440 mum,
486 1373 761 1444 quoniam
814 1373 1060 1426 duorum
1100 1371 1468 1441 proliteretur
1515 1374 1681 1425 Pater
1711 1371 1965 1437 esse,id-

276 1468 360 1517 est
394 1463 539 1527 Filii,
568 1479 668 1515 seu
706 1462 952 1531 Spiritus
979 1461 1158 1514 sancti
1190 1477 1202 1513 :
1236 1461 1383 1514 hanc
1415 1477 1645 1531 quoque
1704 1459 1966 1531 blasphe-

272 1552 448 1606 miam
489 1551 923 1622 propellendam
968 1550 1339 1604 decernentes
1374 1550 1633 1603 Ecclesiae
1686 1549 1967 1614 doctores,

274 1641 720 1710 superaddidere
766 1640 1023 1710 symbolo
1063 1638 1339 1708 Spiritum
1386 1644 1650 1692 sanetum
1708 1638 1775 1692 de
1828 1637 1969 1691 Filio

276 1744 506 1799 quoque
539 1727 866 1798 procedere.
892 1728 969 1780 Ne
1002 1726 1047 1779 si
1081 1726 1151 1779 de
1181 1727 1348 1780 Patre
1388 1730 1611 1779 tantum
1656 1726 1971 1795 procedens

278 1816 585 1880 diceretur,
638 1821 935 1886 putaretur
985 1815 1180 1879 Filius,
1228 1831 1332 1868 nec
1382 1815 1667 1868 diceretur
1729 1814 1974 1884 Spiritus

279 1905 429 1970 Filii,
464 1905 616 1975 quod
644 1910 729 1958 est
768 1903 1013 1973 impium
1065 1909 1121 1957 et
1152 1903 1570 1973 blasphemum,
1605 1907 1660 1957 et
1706 1903 1974 1957 adversus

282 1992 668 2058 evangelicum
754 1991 1243 2062 apostolicamque
1311 1991 1626 2045 doctrinam
1717 1992 1969 2047 veniens.

284 2081 425 2134 Nam
458 2080 503 2133 si
544 2080 729 2133 velitis
769 2081 956 2134 dicere
1001 2081 1151 2151 quod
1205 2081 1511 2149 procedere
1570 2081 1806 2134 verbum
1838 2080 1974 2133 satis

283 2168 616 2239 distinguat,
659 2185 731 2222 ne
760 2168 1005 2238 Spiritus
1056 2175 1282 2222 sanctus
1315 2174 1547 2237 putetur
1594 2185 1715 2222 esse
1778 2169 1971 2235 Filius,

282 2258 481 2310 scitote
500 2258 652 2327 quod
686 2258 856 2312 etiam
887 2258 954 2312 de
987 2258 1126 2313 Filio
1149 2258 1522 2327 praedicetur;
1556 2258 1635 2311 ait
1668 2259 1823 2311 enim
1857 2258 1976 2327 ipse

282 2347 339 2399 in
397 2346 697 2415 Evangelio
741 2346 1018 2400 Joannis:
1052 2347 1173 2415 Ego
1228 2364 1295 2400 ea:
1355 2350 1454 2401 Deo
1483 2349 1739 2415 processi,
1763 2352 1815 2401 et
1857 2350 1979 2400 veni

284 2435 473 2503 (Joan.
520 2451 636 2499 vui,
688 2435 792 2501 42).
838 2434 897 2489 Si
937 2451 1071 2505 ergo
1127 2452 1194 2488 ex
1240 2436 1350 2488 Deo
1410 2437 1571 2488 Patre
1600 2435 1852 2505 procedit
1899 2436 1980 2489 Fio

284 2522 414 2583 lius,
470 2522 725 2591 procedit
777 2528 834 2575 et
876 2522 1124 2592 Spiritus
1170 2526 1417 2589 sanctus,
1460 2523 1599 2592 quid
1664 2523 1774 2576 erit
1826 2523 1980 2593 quod

286 2609 510 2663 Arianis
540 2609 831 2663 silentium
864 2610 1144 2679 imponat,
1179 2626 1249 2662 ne
1290 2610 1565 2680 Spiritum
1600 2617 1859 2665 sanctum
1892 2612 1984 2665 Pa-

290 2696 391 2751 tris
414 2713 531 2750 esse
570 2697 772 2751 Filium
809 2697 1245 2767 blasphement?

965 2840 1190 2894 CAPUT
1213 2840 1308 2893 Ill.

362 3051 517 3105 Hanc
555 3049 731 3121 igitur
760 3050 1047 3104 intuentes
1085 3068 1315 3105 causam
1345 3052 1607 3106 doctores
1664 3058 1778 3106 tam
1841 3054 1980 3107 Lati-

291 3154 520 3204 norum,
554 3154 731 3209 quam
782 3139 1130 3203 Graecorum,
1179 3140 1445 3193 dixerunt
1482 3140 1688 3194 Filium
1748 3141 1978 3210 quidem

291 3243 355 3280 ex
392 3229 555 3281 Patre
606 3232 831 3281 tantum
884 3227 1167 3297 genitum,
1214 3227 1490 3297 Spiritum
1538 3245 1671 3282 vero
1718 3235 1979 3283 sanctum

293 3316 361 3369 de
395 3317 557 3369 Patre
594 3315 847 3386 Filioque
883 3317 1305 3386 procedentem,
1334 3317 1627 3385 quomodo
1657 3317 1983 3372 divinarum

294 3403 479 3457 edocti
512 3404 838 3472 magisterio
877 3405 1199 3458 litterarum
1248 3405 1651 3459 intellexerunt
1714 3412 1830 3458 tam
1881 3408 1983 3460 Pa-

294 3491 396 3545 tris
427 3508 601 3563 quam
632 3492 758 3546 Filii
789 3492 1069 3562 Spiritum
1102 3509 1241 3556 esse,
1285 3511 1349 3547 ac
1380 3499 1685 3564 propterea
1717 3495 1786 3547 de
1826 3500 1983 3547 utro-

290 3596 401 3651 que
431 3581 759 3651 procedere.
813 3582 968 3635 Unde
1006 3582 1206 3636 beatus
1253 3583 1596 3636 Athanasius
1643 3585 1984 3639 Alexandri-

293 3686 398 3722 nus
429 3668 729 3741 episcopus
750 3671 924 3723 multa
948 3676 1185 3741 propter
1235 3672 1529 3725 catholica:
1565 3672 1694 3726 ﬁdei
1728 3680 1988 3727 constan-

291 3758 429 3812 tiam
463 3758 533 3811 ab
578 3758 802 3813 Arianis
849 3776 1172 3829 perpessus,
1216 3760 1544 3830 frequenter
1576 3761 1749 3815 etiam
1785 3763 1987 3816 exsilio

292 3846 525 3899 illorum
555 3847 801 3901 factione
834 3849 1049 3917 pulsus,
1080 3854 1133 3901 et
1154 3849 1457 3902 inNii-aena
1479 3850 1694 3919 synodo
1723 3851 1988 3921 episcopo

292 3951 394 3986 suo
459 3934 623 3987 beato
669 3936 986 3988 Alexandro
1041 3936 1318 3989 diaconus
1370 3938 1661 4000 assistens,
1708 3939 1990 4003 {adversus

293 4021 585 4074 vesaniam
635 4021 756 4074 Arii
803 4023 1175 4091 singulariter
1218 4024 1511 4087 dimicans,
1567 4025 1626 4077 in
1679 4025 1873 4078 libello
1922 4026 1991 4078 de

295 4109 404 4162 ﬁde
452 4124 623 4178 quem
668 4109 866 4175 edidit,
929 4116 985 4163 et
1027 4111 1294 4164 omnibus
1327 4112 1618 4165 catholicis
1679 4112 1990 4164 tenendum

296 4196 614 4266 proposuit,
650 4197 799 4249 inter
821 4203 1024 4251 caetera
1055 4198 1133 4251 sic
1160 4198 1239 4251 ait
1274 4241 1285 4251 .
1320 4220 1346 4245 ‹‹
1395 4201 1561 4252 Pater
1587 4201 1637 4266 Qa
1694 4199 1849 4251 nullo
1909 4204 1993 4250 est

298 4285 497 4348 factus,
534 4300 637 4339 nec
667 4296 910 4353 creatus,
948 4303 1047 4339 nec
1092 4287 1339 4356 genitus.
1372 4287 1547 4340 Filius
1590 4306 1622 4340 a
1662 4289 1825 4341 Patre
1871 4288 1988 4340 solo

299 4377 410 4439 est;
443 4389 559 4425 non
608 4373 806 4440 factus,
845 4389 959 4426 non
1004 4382 1245 4441 creatus,
1295 4376 1393 4428 sed
1445 4374 1689 4444 genitus.
1745 4375 1991 4445 Spiritus

299 4466 526 4513 sanctus
558 4478 590 4513 a
629 4462 795 4513 Patre
845 4467 901 4513 et
945 4461 1103 4527 Filio,
1160 4478 1270 4515 non
1324 4463 1525 4527 factus,
1583 4479 1698 4515 non
1746 4471 1988 4529 creatus,

300 4565 414 4603 non
444 4550 689 4620 genitus,
726 4550 823 4603 sed
855 4552 1190 4620 procedens.
1226 4573 1253 4599 ››
1304 4551 1484 4614 Quam
1516 4551 1650 4604 ﬁdei
1694 4552 1991 4605 veritatem

298 4639 629 4692 Latinorum
682 4641 957 4709 praesules
985 4640 1280 4693 doctorum
1313 4641 1774 4708 comprobautes,
1810 4648 1867 4695 et
1895 4643 1985 4696 ad-

298 4743 493 4781 versus
541 4729 699 4797 pravi
741 4728 1024 4797 dogmatis
1071 4728 1269 4782 Ariani
1331 4728 1624 4798 singulare
1695 4731 1994 4784 munimen

298 4816 742 4881 considerantes,
793 4821 847 4869 et
906 4817 975 4869 de
1020 4815 1329 4885 Scripturis
1358 4816 1567 4868 sanctis
1621 4823 1994 4886 prepagatam

297 4903 701 4974 intelligentes,
747 4904 1001 4974 symbolo
1032 4903 1166 4957 ﬁdei
1223 4903 1687 4973 superaddidere,
1744 4904 1995 4957 dicentes

299 4991 367 5045 de
396 4992 613 5061 Spiritu
664 4998 899 5045 sancto:
956 4994 1060 5058 Qui
1107 5007 1174 5047 ea;
1223 4992 1389 5045 Patre
1440 4993 1681 5059 Filioque
1730 4993 1991 5060 procedit.

299 5080 453 5132 Hanc
482 5080 653 5133 ﬁdem
685 5096 749 5132 ex
783 5079 893 5133 illis
912 5080 1291 5150 temporibus,
1309 5080 1578 5134 videlicet
1608 5080 1987 5147 Constantini,

301 5168 407 5221 sub
438 5184 551 5238 quo
601 5168 852 5237 synodus
908 5169 967 5222 in
1030 5170 1214 5223 Nicaea
1263 5174 1652 5223 trecentorum
1694 5170 1890 5222 decem
1939 5175 1995 5223 et

300 5260 425 5309 octo
458 5256 860 5325 episcoporum
919 5264 1262 5329 congregata
1301 5264 1403 5324 est,
1448 5275 1629 5328 usque
1678 5259 1748 5312 ad
1801 5263 1994 5311 nostra

274 5350 565 5414 tempora
621 5345 993 5400 Occidentalis
1026 5347 1213 5401 tenuit
1250 5347 1511 5402 Ecclesia.
1563 5348 1673 5401 Sed
1706 5364 1806 5401 nec
1837 5350 1991 5402 Grae-

301 5450 496 5487 corum
530 5432 810 5487 abdicavit
848 5435 1143 5498 catholica,
1176 5436 1453 5506 quoniam
1479 5435 1665 5489 noluit
1716 5437 1991 5491 doctrina;

266 5521 552 5574 ‘veritatis
599 5521 784 5573 aliena
815 5522 959 5587 ﬁeri,
1011 5524 1158 5577 sicut
1204 5525 1435 5578 illorum
1493 5524 1698 5577 litteris
1743 5525 1989 5577 declara-

2068 488 2292 542 levitate
2316 489 2582 558 permoti,
2619 503 2804 558 quove
2835 504 3028 541 errore
3073 488 3313 557 decepti.

2143 577 2317 629 Dicite
2351 577 2690 646 siSpiritum
2735 580 3015 641 sanctum,
3077 576 3350 646 Spiritum
3382 591 3509 629 esse
3564 574 3775 628 Christi

2068 666 2495 735 proﬁteamini?
2516 666 2676 729 Quod
2715 667 2757 717 si
2792 665 3032 732 negatis,
3054 666 3349 734 apostolus
3394 665 3611 718 Paulus
3640 680 3773 717 con-

2069 758 2156 807 tra
2178 771 2273 805 vos
2302 755 2528 818 clamat,
2583 753 2679 824 qui
2734 754 2914 807 dicit:
2950 755 3015 806 Si
3063 756 3185 821 quis
3234 754 3514 823 Spiritum
3568 753 3780 808 Christi

2070 858 2174 895 non
2206 842 2382 907 habet,
2412 844 2498 895 hic
2528 858 2633 895 non
2660 845 2737 894 est
2764 842 2879 909 ejus
2931 840 3101 909 (Rom.
3149 857 3264 905 Vlll,
3317 840 3391 907 9).
3452 840 3682 893 Clamat
3727 844 3774 891 et

2072 936 2299 983 sanctus
2326 931 2519 995 Lucas,
2552 929 2651 999 qui
2679 928 2815 982 dicit
2841 944 2853 981 :
2897 931 2959 983 Et
2988 944 3093 981 non
3119 931 3367 997 permisit
3390 943 3479 983 eos
3516 929 3778 997 Spiritus

2070 1021 2194 1072 Jesu
2223 1018 2366 1085 (Act.
2408 1034 2516 1083 xvr,
2569 1018 2641 1083 7).
2673 1017 2889 1070 Clamat
2918 1021 2973 1070 et
3016 1018 3215 1070 Petrus
3249 1033 3261 1069 :
3302 1019 3543 1071 Dextera
3602 1018 3783 1083 igitur

2074 1108 2168 1159 Dei
2191 1106 2487 1170 exaltatus,
2517 1105 2711 1172 effudit
2755 1105 2914 1169 hunc,
2948 1120 3099 1172 quem
3128 1119 3218 1158 vos
3254 1105 3476 1157 vidistis
3508 1109 3563 1157 et
3607 1104 3782 1156 audi-

2074 1197 2174 1248 stis
2214 1195 2351 1261 (Act.
2392 1210 2451 1253 ιι.
2486 1196 2592 1260 33).
2624 1194 2846 1248 Clamat
2870 1198 2925 1246 et
2958 1194 3079 1263 ipse
3136 1193 3409 1258 Salvator,
3454 1192 3557 1261 qui
3616 1191 3783 1245 disci-

2075 1284 2227 1354 pulis
2261 1283 2514 1352 loquitur
2549 1300 2560 1336 :
2600 1284 2661 1339 Si
2689 1298 2793 1336 non
2823 1283 3024 1347 abiero,
3055 1284 3364 1337 Paracletus
3396 1298 3511 1338 non
3559 1284 3781 1336 veniet:

2076 1376 2324 1427 siautem
2374 1372 2575 1437 abiero,
2628 1374 2839 1424 mittam
2892 1386 3011 1424 eum
3050 1371 3123 1423 ad
3164 1386 3254 1424 vos
3307 1372 3485 1436 (Joan.
3534 1385 3656 1432 xu,
3702 1368 3781 1431 7).

2080 1463 2221 1516 Item
2253 1466 2381 1531 post
2410 1460 2892 1514 resurrectionem
2932 1459 3224 1530 discipulis
3251 1458 3588 1521 insufﬁavit,
3622 1462 3680 1511 et
3711 1456 3790 1508 ait

2080 1549 2199 1604 eis:
2247 1552 2493 1618 Accipite
2540 1550 2805 1617 Spiritum
2852 1552 3098 1601 sanctum
3147 1550 3322 1612 (Joan.
3371 1563 3460 1609 xx,
3494 1545 3613 1612 22).
3658 1545 3789 1598 Haec

2081 1638 2276 1691 omnia
2305 1637 2579 1709 Spiritum
2610 1640 2886 1703 sanctum,
2928 1635 3209 1706 Spiritum
3241 1650 3360 1689 esse
3406 1633 3620 1689 Christi
3655 1648 3787 1702 pro-

2083 1730 2339 1784 ﬁtentur.
2385 1730 2545 1794 Quod
2579 1745 2791 1799 negare
2823 1744 2951 1782 cum
3002 1745 3117 1782 non
3171 1728 3423 1792 valeatis,
3474 1726 3792 1780 necessitas

2082 1820 2178 1873 illa
2200 1836 2298 1871 vos
2343 1817 2682 1887 constringit
2719 1822 2801 1882 ut,
2830 1816 3014 1869 velitis
3046 1815 3258 1880 nolitis,
3309 1831 3439 1868 eum
3476 1814 3793 1884 procedere

2082 1909 2153 1963 de
2184 1908 2321 1962 Filio
2354 1924 2467 1960 non
2520 1907 2736 1976 negetis
2778 1921 2789 1958 :
2826 1921 2958 1959 nam
3004 1911 3068 1958 ut
3108 1908 3429 1958 creaturam
3461 1918 3602 1956 eum
3670 1919 3793 1956 esse

2085 1996 2284 2050 dicatis
2332 2012 2459 2049 cum
2492 1995 2648 2058 Ario,
2698 1994 2782 2047 vel
2828 2010 2941 2047 non
2993 2009 3112 2045 esse
3153 2008 3283 2045 cum
3317 1991 3677 2056 Macedonio,
3704 1996 3785 2043 te-

2083 2090 2264 2138 statur
2290 2084 2585 2153 professio,
2619 2100 2731 2153 qua
2773 2082 2962 2136 dicitis
3009 2098 3139 2135 eum
3171 2097 3202 2133 a
3236 2083 3418 2134 .Patre
3456 2081 3788 2149 proceden-

2081 2178 2219 2227 tem.
2256 2173 2373 2226 Hoc
2397 2187 2527 2225 cum
2568 2171 2774 2232 dicitis,
2807 2169 3294 2241 quemadmodum
3344 2184 3557 2237 negare
3617 2184 3795 2220 cona-

2087 2262 2226 2314 mini
2262 2278 2290 2313 a
2317 2260 2454 2314 Filio
2488 2259 2823 2328 procedere;
2870 2274 2999 2312 cum
3051 2257 3123 2309 sit
3173 2256 3473 2324 utriusque
3515 2256 3795 2308 substan-

2084 2351 2198 2417 tias,
2234 2349 2411 2402 Patris
2433 2348 2644 2401 scilicet
2677 2352 2733 2399 et
2765 2346 2911 2404 Filii.
2944 2362 3047 2399 nec
3076 2345 3391 2414 possitesse
3421 2345 3489 2397 de
3516 2344 3791 2397 substan-

2088 2439 2167 2493 tia
2198 2438 2513 2506 utriusque,
2548 2436 2655 2489 nisi
2686 2437 2957 2505 procedat
2986 2435 3056 2487 ab
3090 2439 3355 2504 utroque.

2158 2526 2473 2580 Audiamus
2514 2524 2650 2594 quid
2713 2522 3017 2593 Gregorius
3066 2524 3366 2592 episcopus
3394 2521 3800 2575 Nazianzenus

2088 2616 2145 2669 in
2189 2630 2451 2668 sermone
2509 2614 2576 2666 de
2629 2613 2842 2681 Spiritu
2898 2616 3112 2675 sancto,
3167 2627 3339 2681 quem
3388 2610 3447 2663 in
3517 2611 3807 2663 Eccclesia

2091 2700 2718 2771 Constantinopolitana
2761 2717 2952 2754 coram
3008 2701 3218 2770 pepulo
3264 2698 3395 2752 fecit
3436 2698 3531 2751 die
3589 2700 3807 2752 Pente-

2091 2796 2293 2856 costes,
2326 2791 2477 2845 dicat
2510 2807 2521 2843 :
2560 2813 2579 2837 α
2612 2790 2874 2861 Spiritus,
2910 2790 3118 2859 inquit,
3147 2792 3371 2841 sanctus
3401 2793 3528 2841 erat
3564 2788 3807 2857 quidem

2022 2924 2027 2933 .
2092 2896 2339 2949 semper,
2382 2884 2568 2946 etest,
2617 2884 2674 2931 et
2706 2879 2833 2944 erit,
2871 2894 3055 2948 neque
3090 2877 3320 2930 initium
3372 2876 3559 2929 ullum
3612 2892 3809 2945 neque

295 2946 620 2999 Testimonia
693 2961 760 2998 ea:
824 2946 1130 3000 Athanasio
1185 2951 1234 2999 et
1299 2948 1550 3012 Gregorio
1614 2950 1977 3001 Nazianzeno.
2021 2992 2060 3046 ρ
2092 2946 2264 3022 δαείη
2306 2967 2540 3031 habens,
2577 2966 2672 3020 sed
2715 2946 3123 3020 patriac'pilio
3182 2969 3498 3018 coaeternus

3539 2981 3553 3017 :
3615 2980 3809 3034 neque

2090 3056 2246 3111 enim
2269 3056 2507 3123 dignum
2539 3059 2621 3107 est
2649 3058 2747 3107 aut
2769 3054 2972 3107 Filium
3000 3054 3312 3123 aliquando
3351 3052 3600 3106 defuisse
3624 3054 3806 3115 Patri,

2091 3150 2190 3199 aut
2219 3144 2494 3214 Spiritum
2519 3142 2677 3196 Filio.
2710 3165 2730 3189 ι»
2783 3142 3030 3196 Dicendo
3059 3158 3309 3212 namque
3354 3141 3639 3212 Spiritum
3685 3158 3810 3194 san-

2091 3240 2247 3288 ctum
2280 3231 2429 3285 Patri
2478 3231 2730 3300 Filioque
2779 3236 3147 3295 coaaternum,
3183 3231 3424 3283 Arianos
3480 3236 3805 3299 expugnat,

2094 3322 2226 3392 quia
2261 3325 2579 3373 creaturam
2631 3334 2760 3371 eum
2823 3318 3305 3387 dogmatizabant.
3364 3318 3616 3372 Dicendo
3675 3333 3812 3370 vero

2092 3409 2252 3479 quod
2299 3413 2419 3460 erat
2466 3422 2709 3476 semper,
2745 3410 2801 3459 et
2829 3411 2932 3470 est,
2964 3411 3018 3459 et
3038 3407 3168 3471 erit,
3216 3405 3615 3459 Macedoniam
3673 3421 3812 3458 con-

2094 3499 2258 3564 futat,
2283 3496 2382 3566 qui
2413 3511 2544 3548 eum
2577 3511 2699 3547 esse
2757 3495 3016 3564 negabat.
3052 3497 3121 3547 At
3151 3510 3284 3547 vero
3332 3493 3670 3563 proﬁtendo
3730 3494 3815 3547 Fi-

2096 3586 2238 3638 lium
2299 3584 2609 3653 aliquando
2672 3600 2787 3635 non
2848 3582 3091 3635 defuisse
3126 3582 3301 3647 Patri,
3360 3596 3462 3634 nec
3520 3581 3811 3651 Spiritum

2099 3676 2262 3739 Filio,
2322 3690 2418 3726 vos
2457 3673 2729 3737 confutet,
2786 3672 2886 3741 qui
2944 3671 3165 3741 negatis
3225 3687 3358 3723 eum
3410 3671 3733 3740 procedere
3787 3686 3818 3721 a

2102 3763 2261 3816 Filio.
2295 3762 2353 3816 Si
2384 3761 2535 3814 enim
2574 3761 2884 3813 secundum
2916 3766 3162 3812 vestram
3200 3757 3541 3810 sententiam
3586 3756 3815 3809 voluis-

2099 3857 2181 3905 set
2244 3851 2522 3920 Spiritum
2549 3855 2804 3901 sanctum
2857 3848 2925 3901 de
2956 3848 3120 3900 Patre
3169 3850 3391 3898 tantum
3454 3845 3805 3913 procedere,

2100 3939 2286 3993 dicere
2323 3938 2597 3991 debuerat
2652 3952 2750 3988 nec
2806 3935 3011 3988 Filium
3053 3949 3156 3987 nec
3203 3933 3481 4002 Spiritum
3532 3938 3811 3985 sanctum

2100 4027 2407 4097 aliquando
2438 4024 2682 4079 defuisse
2712 4024 2864 4077 Patri
2898 4040 2909 4076 :
2947 4037 3100 4076 nunc
3130 4037 3259 4074 vero
3293 4037 3421 4073 cum
3454 4020 3610 4073 dicat
3662 4037 3818 4074 nun-

2101 4131 2275 4185 quam
2320 4115 2523 4167 Filium
2556 4113 2708 4167 Patri
2744 4112 3010 4178 defuisse,
3048 4126 3149 4163 nec
3177 4109 3453 4179 Spiritum
3501 4108 3673 4173 Filio,
3703 4126 3819 4161 ma-

2103 4203 2301 4256 nifeste
2336 4202 2591 4271 loquitur
2624 4200 2830 4254 Filium
2862 4206 3060 4252 natum
3082 4214 3200 4251 esse
3224 4198 3292 4251 de
3328 4198 3491 4251 Patre
3524 4195 3655 4249 sine
3700 4199 3817 4249 ullo

2031 4290 2071 4343 1)
2099 4296 2372 4361 tempore,
2406 4294 2461 4343 et
2482 4289 2755 4358 Spiritum
2789 4289 2859 4341 de
2898 4287 3036 4341 Filio
3072 4286 3411 4355 processisse
3443 4288 3575 4336 ante
3635 4300 3817 4338 omne

2102 4385 2347 4448 tempus.
2386 4378 2495 4431 Nec
2526 4383 2717 4431 tamen
2761 4376 2990 4445 negavit
3028 4390 3161 4427 eum
3190 4391 3217 4426 a
3267 4374 3430 4426 Patre
3463 4375 3814 4441 procedere,

2102 4468 2253 4521 unde
2284 4468 2439 4519 nulla
2500 4467 2736 4535 quaestio
2768 4465 2969 4527 fuerat,
3026 4463 3123 4516 sed
3151 4461 3296 4515 dixit
3344 4477 3651 4531 nunquam
3718 4462 3817 4515 de-

2103 4555 2274 4609 fuisse
2304 4555 2465 4620 Filio,
2508 4553 2661 4623 quod
2688 4554 2747 4605 in
2777 4552 3155 4622 quaestionem
3188 4553 3442 4602 venerat.

2176 4645 2238 4696 1n
2258 4643 2739 4713 consequentibus
2755 4657 2985 4711 quoque
3018 4640 3088 4693 de
3111 4640 3232 4709 ipso
3258 4638 3472 4707 Spiritu
3502 4636 3763 4708 loquens
3788 4656 3803 4690 :

2108 4751 2134 4778 α
2164 4730 2270 4795 Qui
2319 4730 2649 4796 sanctiﬁcet,
2703 4734 2757 4783 et
2807 4745 2920 4782 non
2971 4727 3365 4789 sarctiﬁcetur,
3415 4726 3555 4779 deos
3613 4725 3812 4791 faciat,

2105 4834 2221 4871 non
2243 4817 2361 4887 ipse
2388 4818 2487 4871 ﬁat
2519 4815 3183 4881 Deus;inconvertibilis,
3232 4814 3612 4868 immutabilis
3666 4830 3816 4867 sem-

2104 4922 2207 4976 per
2242 4906 2403 4960 adest
2432 4905 2537 4959 sibi
2565 4921 2629 4958 ac
2660 4905 2807 4959 Patri
2841 4909 2899 4957 et
2951 4903 3112 4971 Filio,
3146 4901 3469 4967 invisibilis,
3514 4902 3814 4972 intempo-

2106 4994 2255 5055 ralis,
2287 4994 2536 5064 propriae
2559 4992 2851 5064 potentiae,
2882 4993 3071 5046 omnis
3101 4990 3394 5060 potentim.
3435 5010 3455 5037 ι
3495 4990 3643 5043 Cum
3673 4990 3818 5044 dicit

2104 5098 2235 5137 eum
2270 5082 2378 5135 sibi
2399 5097 2623 5151 semper
2660 5081 2853 5134 adesse
2886 5086 2942 5133 et
2973 5079 3126 5133 Patri
3158 5095 3221 5132 ac
3266 5078 3449 5139 Filiio,
3488 5093 3611 5130 non
3642 5080 3813 5131 obse-

2104 5171 2225 5242 quii
2256 5170 2587 5224 servitutem
2612 5169 2925 5223 assistendo
2946 5168 3323 5231 demonstrat,
3356 5165 3456 5218 sed
3504 5165 3813 5220 inconver-

2101 5259 2277 5313 tibilis
2331 5264 2391 5312 et
2429 5257 2823 5320 immutabilis,
2869 5256 3019 5326 quod
3071 5256 3142 5308 sit
3194 5258 3387 5307 tamen
3440 5254 3499 5307 in
3569 5254 3813 5323 propria

2101 5352 2306 5401 natura
2338 5363 2512 5418 quam
2527 5347 2588 5400 in
2616 5347 2796 5399 Patris
2819 5346 3059 5414 Filiique
3090 5342 3408 5397 substantia
3437 5358 3449 5395 :
3473 5341 3532 5394 in
3561 5343 3810 5412 propria

2100 5435 2405 5506 siquidem,
2441 5434 2576 5505 quia
2603 5451 2720 5488 non
2750 5438 2834 5487 est
2863 5434 3015 5502 apud
3055 5448 3189 5486 eum
3244 5432 3358 5484 ulla
3383 5432 3773 5484 commutatio
3798 5448 3809 5493 ;

2100 5523 2251 5576 Patri
2280 5539 2412 5575 vero
2456 5522 2715 5592 Filioque
2746 5520 2820 5574 sit
2877 5520 3277 5583 immutabilis,
3332 5520 3466 5589 quia
3512 5519 3682 5588 cujus
3731 5526 3815 5571 est
