3890 6230
86 342 162 393 239

1024 332 1299 389 CONTRA
1339 333 1737 389 GRAECORUM
1779 331 2131 388 OPPOSITA.
2167 363 2233 373 -—
2286 334 2411 386 LIB.
2456 334 2528 387 ll.

3426 334 3529 383 25D

83 482 258 528 natura:
284 473 437 526 Pater
468 476 524 523 et
558 471 751 535 Filius,
776 470 1029 539 ejusdem
1062 474 1147 522 est
1174 469 1346 523 etiam
1375 474 1430 523 et
1469 469 1711 540 Spiritus
1749 472 1795 522 Α
1825 468 2023 521 eadem
2075 467 2134 521 in
2179 467 2445 521 omnibus
2484 468 2779 538 Operatio:
2832 467 3031 522 referri
3064 473 3259 522 tamen
3314 466 3520 522 Filium

82 567 283 615 sanctus.
315 558 464 613 Patri
492 558 785 629 siquidem
817 563 901 612 est
936 557 1389 611 inconvertibilis
1419 563 1476 612 et
1505 557 1719 611 immu-

78 651 247 712 tabilis,
292 647 385 718 qui
434 652 518 700 est
575 646 703 700 fons
752 651 807 699 et
839 646 1000 716 origo
1047 646 1236 715 prima
1294 646 1720 713 universorum;

82 740 193 793 Filio
220 753 357 803 vero,
406 735 545 806 quia
592 735 850 805 procedit
892 735 961 788 ab
991 736 1110 796 illo,
1152 751 1254 789 nec
1301 740 1387 788 est
1432 736 1721 789 dissimilis

80 828 161 891 illi,
190 842 275 879 nec
304 825 534 877 alterius
569 840 741 893 quam
768 823 938 877 Filius
969 822 1329 890 substantiae;
1364 823 1465 894 qui
1495 840 1724 895 quoque

80 913 251 968 dicitur
274 911 509 982 propriae
547 911 835 981 potentim,
873 910 1059 963 omnis
1088 910 1385 980 potentiae;
1419 910 1555 980 quia
1581 916 1637 964 et
1665 910 1723 963 in

79 1002 274 1072 propria
306 1015 549 1069 persona
598 1000 872 1063 subsistit,
926 1003 981 1052 et
1013 997 1292 1069 quidquid
1342 999 1607 1067 voluerit,
1666 999 1725 1052 in

80 1091 209 1143 omni
234 1094 480 1141 creatura
512 1088 665 1141 facit.
702 1089 764 1141 Et
797 1088 942 1141 infra
970 1104 982 1140 :
1032 1107 1059 1135 α
1097 1088 1197 1142 Hic
1238 1092 1295 1141 et
1334 1087 1447 1140 vita
1474 1092 1557 1141 est
1586 1087 1725 1140 vivi-

81 1179 242 1242 ﬁcans,
271 1178 357 1230 lux
403 1182 460 1229 et
505 1176 861 1242 illuminans,
908 1176 1089 1230 bonus
1121 1180 1176 1229 et
1220 1176 1468 1240 bonitas,
1516 1174 1613 1245 qui
1646 1180 1729 1229 est

83 1265 313 1319 Dominus
344 1264 629 1328 omnium,
673 1264 903 1317 mittens
941 1264 1269 1333 apostolos:
1301 1263 1590 1333 inspirans
1631 1263 1729 1316 ubi

82 1356 204 1406 vult:
233 1353 479 1406 dividens
510 1353 851 1406 donationes
894 1358 1061 1422 prout
1111 1353 1263 1405 vult:
1298 1352 1544 1421 Spiritus
1584 1351 1730 1404 veri-

78 1443 201 1501 tatis,
220 1441 451 1511 Spiritus
472 1441 772 1509 sapientiae
790 1457 803 1505 ;
824 1457 927 1511 per
950 1457 1123 1511 quem
1151 1442 1316 1494 Pater
1343 1439 1725 1509 cognoscitur,

81 1536 123 1583 et
148 1531 296 1584 Filius
324 1530 693 1599 gloriﬁcatur.
733 1552 759 1577 ››

132 1618 281 1671 Multa
327 1618 707 1688 praeterimus,
754 1634 820 1671 ea
861 1617 1196 1688 colligentes
1245 1616 1364 1670 sola
1408 1633 1535 1687 qua:
1587 1633 1729 1686 prm-

80 1714 262 1760 sentem
306 1707 619 1776 respiciunt
648 1707 1046 1777 quaestionem.
1097 1706 1311 1759 Dicitur
1340 1705 1584 1775 Spiritus
1614 1706 1729 1759 vita

79 1812 201 1859 esse;
247 1800 297 1848 et
328 1796 498 1849 Filius
528 1796 597 1848 de
638 1812 695 1848 se
737 1795 909 1849 dicit:
946 1798 1057 1862 Ego
1087 1810 1205 1849 sum
1243 1797 1361 1847 vita
1393 1796 1563 1859 (Joan.
1615 1811 1725 1861 xiv,

79 1887 134 1947 6).
171 1883 367 1937 Dicitur
397 1883 689 1937 viviﬁcans
720 1899 869 1948 esse;
904 1887 961 1936 et
1007 1882 1180 1936 Filius
1224 1882 1293 1935 de
1326 1898 1385 1935 se
1415 1882 1534 1935 ait:
1582 1882 1730 1935 Sicut

81 1975 212 2027 Pater
234 1987 354 2040 quos
382 1973 497 2026 vult
530 1972 796 2041 rivi/ient,
824 1975 904 2026 ita
934 1977 985 2025 et
1014 1973 1192 2026 Filius
1239 1985 1371 2040 quos
1419 1972 1536 2024 vult
1591 1972 1729 2024 vivi-

80 2062 183 2118 ﬁcat
216 2062 388 2129 (Joun.
421 2079 471 2127 v,
516 2064 632 2125 ‘21).
674 2062 813 2130 Ergo
846 2061 893 2113 si
926 2060 1041 2113 vita
1080 2060 1346 2130 Spiritus,
1392 2059 1503 2112 vita
1545 2063 1602 2111 et
1643 2058 1730 2111 Fi-

84 2151 192 2211 lius;
245 2157 294 2201 et
382 2148 672 2202 vivificans
725 2148 991 2218 Spiritus,
1052 2153 1110 2201 et
1165 2148 1453 2201 viviticans
1525 2147 1726 2211 Filius;

84 2238 220 2289 unius
266 2237 593 2290 substantiae
647 2243 801 2301 sunt,
862 2242 918 2290 et
967 2237 1136 2291 unius
1188 2236 1561 2306 operationis.
1624 2234 1733 2289 Sed

84 2328 173 2377 vita
201 2325 356 2377 Filios
386 2342 450 2378 ex
497 2328 683 2393 Patre,
727 2326 839 2379 vita
869 2342 1003 2379 vero
1045 2325 1288 2395 Spiritus
1331 2341 1398 2378 ex
1444 2324 1612 2390 Filio;
1657 2323 1735 2375 sic

83 2419 127 2465 et
149 2414 410 2467 viviticans
449 2414 627 2469 Filius
679 2430 744 2468 ex
778 2416 964 2482 Patre,
1008 2414 1296 2467 viviticans
1328 2430 1462 2466 vero
1491 2412 1736 2483 Spiritus

84 2518 135 2553 ex
160 2503 298 2556 Filio.
352 2504 467 2556 Lux
512 2520 745 2574 quoque
776 2503 1021 2573 Spiritus
1052 2509 1107 2557 et
1139 2503 1499 2568 illuminans;
1535 2509 1590 2556 et
1614 2502 1735 2556 Sal-

84 2597 210 2643 vator
251 2591 315 2644 de
361 2608 453 2644 se:
509 2594 624 2657 Ego
671 2606 790 2644 sum
836 2593 933 2644 lua:
988 2591 1181 2645 mundi
1227 2590 1409 2659 (Joan.
1460 2607 1581 2653 xui,
1628 2590 1732 2658 l2).

85 2679 394 2748 Evangelista
442 2680 694 2733 Joannes
744 2680 812 2733 de
848 2681 1024 2733 Filio:
1076 2680 1184 2744 Qui
1214 2680 1489 2733 illuminat
1533 2694 1737 2733 omnem

83 2767 305 2819 hominem
334 2770 635 2820 venientem
665 2770 722 2820 in
753 2768 892 2821 hunc
918 2767 1180 2821 mundum
1210 2767 1374 2833 (Ibid.
1427 2784 1464 2832 ι,
1506 2770 1582 2835 9).
1629 2767 1739 2836 lgi-

80 2860 154 2905 tur
177 2855 216 2906 si
256 2860 496 2925 uterque
546 2857 661 2922 lux,
696 2862 752 2909 et
782 2862 1025 2926 uterque
1060 2855 1415 2920 illuminans,
1453 2854 1626 2908 Filius
1656 2854 1737 2907 vi-

82 2942 251 2995 delicet
290 2948 342 2994 et
388 2944 640 3012 Spiritus
685 2949 927 3007 sanctus,
977 2943 1147 2996 unius
1199 2948 1332 2996 sunt
1383 2942 1735 3009 substantias,

1769 1765 1808 1819 Β

1830 556 1899 610 ad
1934 558 2177 621 Patrem,
2228 557 2297 611 de
2343 573 2455 627 quo
2505 557 2775 622 nascitur,
2826 561 2882 611 et
2930 556 3209 626 Spiritum
3262 561 3526 610 sanctum

1830 645 1899 698 ad
1934 644 2164 711 Filium,
2196 662 2229 698 a
2261 662 2375 715 quo
2409 645 2684 714 procedit.
2727 645 3105 714 Subsequitur
3146 645 3344 698 beatus
3391 646 3525 699 Gre-

1832 735 2027 803 gorius
2055 735 2124 787 de
2169 734 2389 803 Spiritu
2440 732 2666 786 dicens:
2710 754 2737 781 ‹‹
2794 734 3084 803 lnspirans
3123 734 3220 787 ubi
3262 734 3414 799 vult;
3442 732 3525 786 di-

1832 822 2030 877 videns
2073 823 2409 877 donationes
2440 827 2612 892 prout
2656 822 2793 876 vult.
2841 844 2868 869 ››
2904 824 2961 876 Et
3003 822 3071 875 de
3114 822 3282 876 Filio:
3325 825 3527 876 Ascen-

1833 911 1964 967 dens
1997 914 2054 965 in
2085 912 2257 966 altum
2283 914 2557 981 captivam
2580 911 2741 965 dumit
2771 913 3167 979 captivitatem,
3196 910 3345 963 dedit
3386 910 3529 963 dona

1834 1000 2136 1053 hominibus
2179 1000 2407 1070 (Ephes.
2460 1015 2533 1066 iv,
2585 1000 2665 1068 8).
2716 998 2933 1063 Quibus
2978 998 3300 1051 ostenditur
3350 996 3529 1049 sancti

1834 1088 2080 1156 Spiritus
2130 1088 2415 1157 majestas,
2464 1087 2618 1157 quod
2658 1103 2775 1140 non
2809 1087 3118 1155 subjectus,
3161 1101 3276 1139 non
3323 1084 3527 1154 imper-

1834 1176 2033 1242 fectus,
2084 1193 2197 1230 non
2246 1176 2440 1230 minus
2482 1180 2706 1245 potens,
2760 1190 2957 1229 verum
3004 1174 3241 1245 mqualis
3274 1172 3425 1227 Patri
3457 1171 3533 1225 sit

1838 1266 2095 1335 Filioque
2120 1265 2177 1318 in
2200 1269 2423 1329 natura,
2449 1264 2506 1318 in
2531 1264 2949 1333 magnitudine,
2981 1264 3037 1316 in
3062 1262 3221 1315 omni
3246 1259 3527 1331 potentia,

1837 1353 1981 1407 etin
2015 1353 2172 1407 omni
2220 1353 2449 1407 virtute.
2485 1352 2645 1416 Quod
2695 1357 2886 1405 autem
2939 1351 3279 1404 donationes
3331 1347 3531 1402 distri-

1837 1441 1963 1495 buit
1991 1442 2474 1512 quemadmodum
2510 1441 2701 1503 Filius,
2736 1456 2849 1494 non
2882 1440 3042 1507 alias,
3078 1439 3175 1493 sed
3210 1439 3389 1509 ipsas;
3430 1451 3534 1489 nec

1838 1530 1948 1583 alio
1982 1534 2241 1599 tempore
2276 1529 2467 1595 Filius,
2514 1529 2627 1582 alio
2677 1528 2924 1599 Spiritus
2972 1534 3228 1593 sanctus;
3262 1542 3367 1580 nec
3406 1523 3532 1578 aliis

1839 1618 2172 1672 hominibus
2219 1619 2412 1687 Filius,
2463 1617 2589 1672 aliis
2634 1617 2879 1686 Spiritus
2936 1620 3192 1680 sanctus;
3244 1614 3536 1668 evidenter

1840 1707 2158 1761 ostenditur
2212 1707 2382 1760 unius
2447 1705 2799 1775 operationis
2855 1704 3111 1768 effectus,
3164 1708 3221 1757 et
3276 1702 3533 1772 ejusdem

1840 1796 2149 1850 voluntatis
2181 1795 2433 1850 affectus.
2482 1796 2544 1848 Et
2574 1810 2703 1848 cum
2734 1793 2813 1847 ita
2842 1793 2934 1857 sit,
2969 1808 3085 1846 non
3127 1807 3293 1861 posse
3325 1790 3533 1844 Filium

1841 1902 1963 1938 esse
2004 1885 2127 1937 sine
2167 1884 2383 1955 Spiritu
2428 1888 2642 1949 sancto,
2680 1898 2781 1936 nec
2812 1882 3087 1952 Spiritum
3118 1884 3379 1934 sanctum
3412 1878 3536 1932 sine

1839 1973 1999 2039 Filio,
2050 1978 2326 2043 tanquam
2377 1972 2544 2025 unius
2588 1972 2919 2025 substantiae
2949 1970 3102 2041 quod
3148 1969 3221 2022 sit
3265 1972 3536 2037 uterque,

1843 2062 2075 2132 etquod
2122 2062 2189 2115 de
2224 2060 2363 2115 Filio
2416 2060 2682 2131 procedat
2722 2058 2987 2129 Spiritus.
3029 2058 3173 2112 Dicit
3204 2057 3373 2111 etiam
3406 2055 3537 2126 Spi-

1843 2152 2013 2204 ritum
2047 2156 2306 2204 sanctum
2352 2150 2628 2219 Spiritum
2676 2166 2795 2201 esse
2844 2147 3132 2213 veritatis;
3181 2152 3238 2200 et
3283 2146 3540 2200 Salvator

1845 2238 1913 2291 de
1958 2255 2051 2291 se:
2103 2241 2214 2307 Ego
2244 2254 2363 2292 sum
2400 2240 2600 2291 veritas
2634 2238 2805 2305 (Joan.
2839 2251 2954 2302 xxv,
3002 2238 3109 2304 16).
3150 2235 3293 2300 Ergo
3345 2232 3538 2287 dicens

1844 2328 2116 2398 Spiritum
2174 2327 2427 2381 veritatis
2475 2343 2619 2393 esse,
2681 2326 2846 2379 docet
2904 2323 3204 2377 manifeste
3261 2321 3539 2393 Spiritum

1846 2417 2077 2485 Christi,
2108 2416 2207 2487 qui
2240 2416 2446 2469 veritas
2476 2420 2577 2477 est,
2606 2430 2745 2467 esse.

1921 2505 2069 2559 Dicit
2108 2505 2294 2559 adhuc
2326 2504 2524 2558 beatus
2558 2502 2662 2556 iste
2701 2502 2977 2572 Spiritum
3009 2506 3267 2554 sanctum
3302 2516 3422 2553 esse
3454 2517 3538 2553 sa~

1847 2593 2110 2664 pientiaz;
2162 2594 2368 2647 Paulus
2419 2592 2714 2661 apostolus
2764 2590 3099 2643 testiﬁcatur
3131 2591 3418 2643 Christum
3453 2592 3544 2643 Dei

1847 2686 2102 2737 virtutem
2153 2687 2202 2736 et
2259 2684 2349 2736 Dei
2395 2683 2722 2750 sapientiam
2769 2695 2891 2732 esse
2941 2679 2993 2748 (Ι
3018 2679 3137 2733 Cor.
3183 2695 3218 2744 ι,
3277 2678 3390 2745 24).
3444 2678 3539 2731 Sa-

1848 2771 2079 2842 pientiae
2107 2770 2299 2841 itaque
2338 2770 2606 2839 Spiritus,
2640 2767 2847 2822 Christi
2882 2766 3126 2837 Spiritus
3157 2770 3262 2833 est,
3310 2766 3409 2835 qui
3458 2771 3543 2819 est

1852 2861 1949 2913 Dei
1969 2858 2269 2929 sapientia.
2302 2858 2487 2927 Igitur
2518 2856 2814 2909 evidenter
2844 2853 3389 2922 ostenditSpiritum
3422 2869 3542 2907 esse

1851 2948 2077 3013 Christi,
2111 2947 2351 3001 dicendo
2399 2945 2675 3015 Spiritum
2722 2944 2997 3007 veritatis,
3031 2948 3086 2995 et
3132 2941 3411 3011 Spiritum
3460 2957 3543 2993 sa-

84 3032 217 3083 unius
253 3036 303 3083 et
332 3032 711 3101 operationis.
759 3033 863 3086 Sed
898 3031 1142 3102 Spiritus
1173 3037 1397 3085 sanctus
1428 3036 1489 3084 ut
1518 3033 1593 3085 sit
1622 3032 1735 3094 lux.
1780 3060 1821 3115 ο
1852 3038 2103 3108 ρίρηιὶεθ.
2142 3036 2297 3091 Unde
2336 3051 2473 3104 ergo
2505 3034 2737 3097 Christi,
2781 3048 2913 3087 cum
2954 3031 3028 3085 sit
3071 3031 3315 3102 Spiritus
3349 3029 3542 3083 Domi-

84 3120 251 3187 accipit
272 3120 336 3172 de
370 3121 498 3173 luce
548 3120 705 3187 Filio,
758 3124 815 3174 et
851 3126 911 3173 ut
941 3120 1015 3173 sit
1052 3120 1405 3184 illuminans,
1437 3120 1641 3189 accipit
1673 3122 1741 3175 de

86 3208 196 3259 Filio
239 3208 641 3273 illuminante;
684 3209 1171 3278 quemadmodum
1219 3210 1341 3279 ipse
1374 3209 1549 3261 Filius
1582 3213 1744 3261 testa-

86 3302 186 3349 tur:
231 3298 301 3349 Dc
330 3314 443 3351 meo
491 3300 723 3366 accipiet
755 3296 931 3367 (Joan.
979 3314 1095 3362 xv1,
1135 3299 1237 3364 14].
1290 3298 1509 3368 Accipit
1551 3302 1740 3350 autem

83 3401 170 3437 non
210 3392 480 3457 tanquam
527 3402 646 3440 non
686 3387 948 3440 habendo
994 3388 1148 3457 quod
1197 3386 1416 3456 accipit,
1462 3386 1555 3439 sed
1609 3393 1743 3440 tan-

85 3489 219 3541 quam
272 3476 605 3543 procedens.
646 3476 787 3528 Item
844 3475 1024 3529 bonus
1053 3475 1330 3546 Spiritus;
1365 3480 1420 3528 et
1476 3476 1648 3529 Filius
1674 3476 1743 3529 de

84 3577 154 3612 se:
185 3564 282 3629 Ego
322 3578 443 3616 sum
484 3569 679 3632 pastor
708 3566 872 3618 bonus
904 3566 1080 3633 (Joan.
1114 3582 1168 3630 χ,
1208 3566 1312 3633 ll).
1365 3564 1590 3617 Bonitas
1624 3564 1745 3633 Spi-

83 3650 218 3714 ritus;
262 3652 554 3705 Christum
605 3669 834 3722 quoque
866 3652 1180 3707 bonitatem
1224 3669 1395 3705 nemo
1432 3669 1600 3706 sanus
1643 3668 1747 3705 ne-

82 3737 218 3805 gabit.
249 3739 352 3793 Sed
398 3740 592 3794 bonus
640 3746 698 3794 et
742 3742 928 3794 bonus
957 3758 1073 3794 non
1116 3741 1228 3795 duo
1274 3741 1432 3806 boni,
1470 3741 1563 3793 sed
1600 3756 1746 3793 unus

84 3824 255 3890 bonus;
293 3828 437 3880 sicut
470 3828 700 3881 bonitas
748 3835 806 3883 et
852 3829 1075 3883 bonitas
1109 3846 1223 3883 nou
1268 3830 1393 3883 duae
1442 3831 1741 3895 honitates,

86 3913 156 3966 sed
196 3931 296 3967 una
341 3916 601 3980 bonitas;
651 3917 785 3987 quia
816 3933 931 3970 non
966 3918 1080 3971 duo
1113 3918 1213 3981 dii,
1244 3918 1339 3970 sed
1384 3934 1530 3969 unus
1565 3918 1741 3982 Deus;

86 4017 161 4054 nec
188 4004 360 4057 Deitas
395 4006 838 4074 multiplicando
872 4021 951 4072 se,
1004 4006 1231 4059 numeri
1265 4006 1420 4059 novit
1468 4021 1744 4075 augmen-

88 4096 196 4143 tum.
228 4093 364 4162 Ergo
395 4093 588 4146 bonus
630 4093 875 4163 Spiritus
913 4111 980 4148 ex
1014 4094 1165 4147 bono
1214 4093 1355 4147 Filio
1404 4094 1742 4163 procedens,

88 4194 176 4231 nun
200 4197 446 4234 nascens.
487 4182 553 4234 Et
596 4181 823 4235 bonitas
869 4182 1113 4252 Spiritus
1161 4198 1225 4235 ex
1275 4182 1529 4235 bonitate
1581 4182 1744 4247 Filio,

90 4281 172 4317 non
201 4270 504 4333 nascendo,
532 4269 632 4322 sed
665 4270 1045 4339 procedendo.
1076 4269 1343 4339 Alioquin
1376 4270 1421 4322 si
1465 4269 1535 4322 de
1582 4271 1745 4323 Patre

91 4362 271 4408 tantum
320 4357 602 4425 procedat
624 4355 889 4425 Spiritus,
917 4361 972 4409 et
1002 4371 1118 4407 non
1154 4355 1222 4407 de
1276 4354 1414 4407 Filio
1460 4354 1748 4424 quomodo

93 4456 187 4509 qua:
212 4451 335 4497 sunt
387 4445 543 4509 Filii,
592 4450 729 4497 sunt
769 4444 940 4498 etiam
995 4442 1281 4512 Spiritus?
1332 4442 1426 4495 Vel
1473 4442 1747 4512 quemad-

93 4531 279 4585 modum
308 4534 376 4587 de
412 4533 562 4587 Filio
592 4532 798 4602 accipit
829 4531 1111 4602 Spiritus?

140 4620 241 4674 lam
292 4638 429 4675 vero
494 4621 654 4691 quod
686 4622 763 4675 ait
815 4626 1043 4674 sanctus
1090 4618 1419 4690 Gregorius,
1470 4618 1746 4689 Spiritum

94 4716 298 4763 sanctum
329 4711 650 4764 Dominum
677 4725 797 4763 esse
843 4710 1127 4776 omnium,
1157 4709 1227 4761 ad
1267 4706 1745 4776 omnipotentiam

92 4798 291 4856 pertinet
320 4799 600 4868 Spiritus,
641 4814 708 4851 eo
753 4797 906 4868 quod
948 4798 1345 4850 universorum
1392 4812 1520 4865 quae
1561 4800 1749 4848 creata

94 4891 185 4937 sunt
221 4904 248 4939 a
296 4888 463 4942 Patre
515 4902 621 4957 per
667 4886 872 4940 Filium
923 4885 1200 4940 Dominus
1248 4884 1470 4951 existat,
1522 4900 1637 4935 non
1681 4899 1748 4936 ex

92 4974 301 5041 tempore
331 4973 736 5043 suscipiendo,
786 4972 881 5025 sed
916 4972 1263 5026 wternaliter
1311 4988 1343 5023 a
1376 4972 1540 5024 Patre
1572 4970 1749 5023 Filio-

94 5074 170 5127 que
216 5062 603 5132 procedendo.
657 5061 882 5114 Mittens
933 5066 1123 5113 autem
1175 5059 1467 5128 apostolos
1503 5058 1748 5127 Spiritus

94 5156 269 5201 sanctus
313 5150 564 5215 dicitur;
613 5154 673 5201 et
719 5148 975 5202 Salvator
1016 5148 1232 5201 eisdem
1283 5146 1569 5218 loquitur:
1620 5149 1749 5201 Ecce

94 5249 157 5299 tuo
193 5241 331 5292 mitto
370 5254 469 5293 ros
507 5240 653 5292 sicut
700 5253 819 5291 oves
854 5241 912 5291 in
941 5238 1112 5290 medio
1154 5238 1403 5306 luporum
1436 5236 1653 5306 (Matth.
1689 5252 1744 5299 x,

101 5324 169 5389 16).
198 5326 542 5379 Monstratur
574 5340 691 5377 una
741 5324 1039 5394 utriusque
1072 5323 1359 5393 operatio,
1402 5322 1537 5375 dum
1576 5322 1749 5375 Filius

98 5416 131 5457 et
162 5410 382 5481 Spiritus
416 5418 660 5466 sanctus
692 5412 798 5465 sibi
846 5417 1246 5481 cooperantur.
1301 5411 1457 5464 Unde
1504 5409 1747 5462 manife-

98 5508 227 5552 statur
252 5520 351 5557 nec
387 5503 641 5556 diversae
692 5500 1045 5566 substantias,
1080 5516 1183 5553 nec
1216 5499 1450 5553 diversa:
1480 5500 1747 5552 volunta-

99 5584 159 5649 ῑιε,
186 5604 270 5641 nec
297 5591 547 5644 diversae.
591 5588 867 5657 potentia:
906 5587 1234 5653 consistere,
1289 5602 1534 5659 quorum
1570 5590 1751 5639 exstat

1850 3143 1958 3180 nus
1987 3124 2246 3179 omnium
2295 3123 2812 3194 (quemadmodum
2846 3122 2999 3175 idem
3057 3120 3254 3173 beatus
3303 3123 3545 3172 testatur

1851 3214 2227 3285 Gregorius)?
2276 3213 2549 3265 nimirum
2582 3210 2717 3281 quia
2752 3210 3009 3281 procedit
3040 3226 3073 3261 a
3100 3207 3357 3262 Christo:
3393 3208 3545 3277 quod

1856 3305 1902 3357 si
1946 3302 2266 3373 negaveris,
2316 3300 2587 3354 fateberis
2634 3315 2766 3353 eum
2816 3299 3156 3368 subjectum,
3209 3302 3265 3349 et
3311 3312 3416 3365 per
3443 3295 3545 3348 hoc

1852 3394 1940 3446 vel
1972 3396 2312 3450 creaturam.
2338 3391 2423 3442 vel
2457 3389 2740 3443 minorem
2770 3387 2929 3441 Filio.
2966 3388 3058 3440 Est
3086 3390 3279 3439 autem
3317 3390 3541 3438 utrum-

1852 3495 1962 3548 que
1997 3480 2105 3532 hoc
2143 3478 2566 3547 blasphemum,
2618 3481 2675 3530 et
2714 3492 2746 3527 a
2793 3472 3068 3527 catholica
3110 3472 3324 3542 pietate
3374 3472 3545 3541 longe

1850 3572 2157 3622 remotum.
2207 3567 2438 3620 Dicatur
2490 3581 2627 3634 ergo
2675 3563 2829 3634 quod
2882 3562 3085 3614 veritas
3124 3560 3318 3623 habet,
3368 3559 3544 3630 Spiri-

1851 3661 1975 3709 tum
2020 3671 2141 3708 esse
2176 3654 2414 3718 Christi;
2459 3652 2723 3706 videlicet
2752 3656 2807 3703 et
2854 3649 3130 3719 Spiritum
3174 3646 3448 3713 veritatis,
3493 3651 3548 3699 et

1851 3744 2127 3814 Spiritum
2156 3742 2472 3811 sapientiae,
2507 3740 2779 3811 quoniam
2813 3738 3068 3808 procedit
3097 3736 3166 3789 de
3209 3734 3453 3797 Christo,
3488 3734 3545 3787 id

1853 3837 1934 3885 est
1978 3830 2235 3900 procedit
2273 3846 2306 3883 a
2362 3830 2621 3893 veritate,
2668 3826 2926 3897 procedit
2973 3842 3006 3878 a
3061 3823 3361 3894 sapientia.
3401 3821 3545 3875 Sub-

1849 3919 2080 3990 jungit:
2122 3940 2148 3966 ‹‹
2184 3919 2290 3970 Per
2335 3932 2506 3987 quem
2556 3917 2724 3969 Pater
2753 3912 3105 3983 agnoscitur,
3140 3918 3196 3965 et
3223 3910 3390 3965 Filius
3423 3911 3543 3978 glo-

1855 4007 2125 4071 riﬁcatur,
2182 4012 2238 4058 et
2281 4021 2314 4058 a
2357 4004 2567 4074 quibus
2617 4002 2749 4055 solis
2798 4003 2916 4071 ipse
2960 4000 3341 4070 cognoscitur.
3395 4019 3421 4049 ››
3454 3998 3549 4051 Ait

1855 4102 2047 4147 autem
2098 4092 2269 4147 Filius
2318 4092 2384 4145 ad
2430 4092 2691 4144 Patrem:
2744 4091 2923 4152 Pater,
2963 4089 3316 4154 manifestavi
3361 4102 3548 4140 nomen

1857 4190 2007 4237 tuum
2040 4182 2343 4236 hominibus
2384 4195 2515 4249 quos
2564 4178 2765 4233 dedisti
2810 4179 2946 4230 mihi
2994 4178 3167 4237 (Joan.
3202 4191 3335 4237 mi,
3371 4181 3437 4240 6).
3491 4173 3547 4228 Si

1860 4274 2027 4326 Pater
2061 4287 2163 4341 per
2191 4269 2466 4341 Spiritum
2509 4266 2858 4337 agnoscitur,
2903 4272 2959 4318 et
2994 4266 3166 4319 Filius
3217 4264 3398 4318 Patris
3442 4279 3545 4316 no-

1792 4360 1992 4414 Dmen
2028 4359 2362 4413 hominibus
2409 4356 2752 4421 manifestat,
2803 4354 2973 4406 unius
3029 4351 3381 4422 operationis
3429 4365 3548 4402 esse

1858 4453 2274 4502 monstrantur.
2328 4446 2471 4499 Dicit
2515 4444 2685 4497 etiam
2726 4441 2881 4513 quod
2932 4440 3102 4494 Filius
3136 4440 3488 4510 gloriticetur
3520 4456 3550 4490 a

1857 4534 2072 4604 Spiritu
2119 4540 2343 4599 sancto;
2395 4537 2451 4587 et
2510 4532 2685 4585 Filius
2742 4530 2854 4582 ait:
2918 4532 3013 4583 Est
3046 4531 3212 4581 Pater
3267 4541 3412 4579 meus
3456 4528 3551 4594 qui

1854 4621 2126 4687 gloriﬁcat
2154 4635 2235 4673 me
2263 4622 2434 4687 (Joan.
2473 4633 2589 4681 vui.
2632 4619 2740 4682 54).
2788 4617 2852 4669 Et
2901 4614 3053 4669 Patri
3093 4614 3383 4682 loquitur:
3422 4613 3549 4667 Cla-

1854 4710 2013 4779 riﬁca
2062 4724 2161 4772 me,
2216 4710 2393 4772 Pater,
2443 4706 2595 4775 apud
2639 4706 2976 4773 temetipsum
3026 4703 3203 4769 (Joan.
3254 4714 3421 4763 xxvu,
3472 4700 3545 4763 ὅ).

1854 4798 1911 4852 Si
1944 4797 2187 4868 Spiritus
2232 4796 2515 4865 gloriticat
2557 4794 2783 4857 Filium,
2827 4797 2881 4844 et
2927 4792 3094 4843 Pater
3140 4787 3421 4857 gloriticat
3467 4785 3549 4839 Fi-

1855 4884 2019 4949 lium,
2061 4899 2243 4937 unum
2290 4882 2561 4951 idemque
2616 4883 2780 4935 Pater
2823 4882 2878 4930 et
2923 4875 3171 4945 Spiritus
3204 4877 3544 4942 operantur;

1856 4977 1913 5026 et
1971 4972 2019 5025 si
2078 4971 2290 5041 pariter
2319 4976 2647 5040 operantur,
2702 4965 2873 5018 unius
2916 4961 3223 5015 voluntatis
3256 4964 3314 5013 et
3363 4975 3549 5013 essen-

1856 5061 1970 5125 tiaa,
2016 5058 2301 5125 uniusque
2345 5054 2639 5125 potestatis
2679 5050 3076 5104 ostenduntur.
3129 5047 3544 5117 Subjungitur:

1857 5166 1884 5198 ε(
1920 5149 1984 5200 Et
2035 5163 2066 5199 a
2098 5145 2307 5215 quibus
2356 5142 2490 5196 solis
2520 5141 2639 5211 ipse
2671 5137 3051 5206 cognoscitur.
3088 5159 3108 5184 ι
3140 5136 3197 5190 Si
3225 5152 3258 5189 a
3290 5136 3409 5189 solo
3438 5138 3548 5190 Pa-

1855 5240 1941 5289 tre
1986 5234 2241 5302 Filioque
2294 5228 2657 5300 cognoscitur
2702 5225 2948 5295 Spiritus
2990 5229 3241 5289 sanctus,
3293 5224 3546 5294 proferto

1854 5321 2109 5393 procedit
2140 5320 2208 5372 ab
2239 5323 2502 5390 utroque,
2536 5322 2593 5370 et
2629 5320 2713 5369 est
2739 5313 3040 5383 utriusque
3090 5311 3546 5366 consubstantia-

1855 5410 1938 5463 lis.
1985 5410 2045 5462 Et
2076 5408 2203 5461 vide
2235 5408 2369 5478 quid
2402 5407 2569 5471 dicat,
2600 5405 2734 5475 quia
2765 5402 3122 5472 gloriﬁcatur
3149 5402 3326 5455 Filius
3356 5418 3389 5453 a
3417 5400 3543 5469 Spi-

1856 5497 1997 5562 ritu;
2051 5495 2539 5565 quemadmodum
2584 5491 2815 5561 legitur,
2862 5491 3000 5561 quia
3049 5488 3223 5543 Filius
3270 5488 3551 5558 gloriticat

1856 5587 2100 5639 Patrem.
2129 5584 2274 5648 Quid
2328 5590 2413 5637 est
2459 5586 2651 5636 autem
2699 5581 2920 5633 Patrem
2953 5577 3271 5649 glorificare
3322 5576 3545 5638 Filium,
