3890 6230
351 322 441 372 251
1497 310 1858 367 RATRAMNI
1896 304 2356 366 CORBEIENSIS
2397 311 2699 368 MONACHI
3737 311 3811 361 252

354 448 465 502 nisi
493 446 824 502 hominibus
869 445 1235 499 manifestum
1283 444 1466 497 facere
1508 442 1660 514 quod
1712 441 1784 497 sit
1811 442 2041 512 genitus
2081 449 2120 499 Α
2155 441 2290 513 quia
2315 441 2575 512 procedit
2597 457 2663 495 ex
2689 439 2836 512 ipso,
2869 440 3044 494 unius
3073 440 3381 495 voluntatis
3411 440 3486 495 sit
3520 440 3694 494 etiam
3714 456 3809 493 cum

352 554 381 589 a
407 534 613 590 Patre?
644 533 920 589 Similiter
953 533 1125 588 Filius
1146 531 1501 602 gloriﬁcatur
1531 547 1561 583 a
1589 529 1825 599 Spiritu,
1856 535 2044 582 osten-

350 624 488 677 dens
518 624 652 693 quia
690 622 946 692 procedit
977 639 1007 674 a
1041 620 1198 675 Filio.
1230 619 1417 673 Multis
1459 620 1653 689 itaque
1686 618 1871 672 modis
1913 617 2044 671 bea-

352 718 443 765 tus
482 712 787 781 Gregorius
829 709 1033 780 probat
1073 708 1349 779 Spiritum
1392 712 1649 761 sanctum
1680 724 1710 759 a
1743 707 1882 761 Filio
1916 723 2045 777 pro-

348 800 570 863 cedere,
614 806 670 852 et
718 800 890 852 unius
939 798 1316 867 ejusdemque
1346 812 1467 849 esse
1498 811 1627 849 cum
1661 797 1825 849 Patre
1876 795 2046 848 Filio-

350 905 461 959 que
508 887 879 941 substantiaz:
938 894 994 939 et
1037 886 1418 939 concludens:
1469 904 1494 934 (ι
1548 884 1695 949 Quid
1738 900 1883 953 opus
1937 892 2041 949 est,

351 976 559 1047 inquit,
593 975 853 1044 pluribus
900 974 1123 1029 verbis?
1164 973 1369 1028 Omnia
1408 990 1536 1043 qua:
1592 974 1756 1026 Pater
1786 979 1887 1037 est,
1926 973 2046 1027 hinc

351 1072 436 1118 est
489 1069 546 1118 et
608 1065 800 1128 Filius,
852 1070 1089 1133 excepto
1139 1079 1205 1115 eo
1252 1062 1407 1132 quod
1454 1061 1683 1114 innatus
1732 1064 1813 1114 est
1861 1061 2041 1115 Pater.

354 1152 558 1206 Omnia
590 1169 718 1221 qua:
765 1151 937 1205 Filius
975 1156 1075 1213 est,
1112 1151 1231 1203 haec
1276 1156 1360 1203 est
1407 1156 1463 1204 et
1504 1150 1749 1219 Spiritus
1795 1155 2041 1217 sanctus,

352 1246 561 1311 printer
612 1242 718 1293 hoc
750 1240 903 1310 quod
958 1246 1124 1292 natus
1162 1244 1245 1292 est
1293 1239 1483 1292 Filius.
1520 1260 1547 1286 ››
1589 1238 1734 1302 Quid
1774 1239 1893 1292 vult
1940 1238 2045 1291 ista

354 1328 639 1383 distinctio
669 1335 725 1382 et
758 1328 974 1382 ordinis
1015 1327 1456 1398 consequentia:
1515 1327 1720 1381 Filium
1742 1342 1858 1380 esse
1890 1329 2040 1398 quod

357 1420 520 1471 Pater
566 1422 668 1482 est,
720 1431 929 1486 przeter
976 1416 1084 1469 hoc
1126 1416 1283 1487 quod
1327 1416 1560 1469 innatus
1601 1421 1688 1468 est
1735 1418 1935 1468 Pater:
1992 1420 2046 1468 et

352 1505 625 1575 Spiritum
680 1510 936 1558 sanctum
968 1520 1089 1557 esse
1120 1505 1277 1572 quod
1321 1502 1493 1557 Filius
1543 1509 1646 1568 est,
1691 1518 1759 1556 eo
1807 1508 2043 1573 excepto

353 1595 505 1665 quod
537 1600 703 1648 natus
750 1597 835 1649 est
866 1593 1077 1647 Filius?
1112 1593 1303 1648 Potuit
1331 1609 1581 1664 namque
1611 1593 1821 1660 dicere,
1852 1594 2045 1647 omnia

351 1699 480 1753 quas
540 1684 703 1736 Pater
752 1686 839 1735 est
885 1697 1008 1735 esse
1066 1682 1273 1735 Filium
1328 1685 1385 1734 et
1426 1680 1701 1749 Spiritum
1759 1688 2043 1745 sanctum,

2156 530 2306 600 ipso;
2338 544 2442 583 nec
2483 546 2515 582 a
2564 528 2705 583 Filio
2752 529 2824 582 sit
2875 544 3050 599 opere
3100 529 3377 593 diversus,
3428 545 3460 581 a
3491 544 3611 599 quo
3644 543 3741 581 non
3762 529 3811 581 sit

2157 623 2360 673 natura
2386 625 2711 689 separatus;
2744 624 2798 673 et
2819 618 2929 689 ipsi
2957 634 3185 688 semper
3218 617 3289 670 sit
3319 617 3663 686 conjunctus
3688 615 3812 667 actio-

2158 723 2249 769 ne,
2290 707 2378 760 cui
2430 723 2725 777 nunquam
2761 707 2919 760 deest
2962 722 3066 775 per
3104 705 3556 759 comteruitatem
3591 708 3659 756 ut
3683 719 3814 772 aquo

2158 795 2434 865 procedit,
2469 795 2552 848 illi
2592 795 2808 865 jugiter
2849 799 3201 865 cooperetur.
3254 793 3413 858 Quod
3448 809 3582 845 vero
3618 791 3815 860 subjun-

2156 885 2271 937 xit:
2309 902 2335 933 ‹‹
2372 885 2434 937 Et
2465 900 2595 937 cum
2637 884 2895 938 Christus
2938 883 3008 937 ad
3042 882 3232 952 ipsum
3265 881 3638 944 ascendisset,
3670 880 3816 948 ipsum

2156 972 2497 1026 descendere
2541 972 2613 1025 ad
2646 988 2765 1038 nos,
2804 991 2831 1021 »
2870 987 2986 1024 non
3027 970 3467 1025 minorationem
3524 966 3653 1022 Filii
3682 968 3818 1019 voluit

2157 1061 2474 1125 ostendere,
2508 1060 2602 1114 sed
2644 1059 3015 1113 humanitatis
3060 1058 3521 1129 susceptionem:
3568 1071 3675 1127 per
3708 1056 3819 1108 hanc

2154 1149 2306 1202 enim
2340 1166 2453 1202 non
2484 1150 2670 1203 solum
2700 1149 2769 1202 ad
2790 1148 3065 1218 Spiritum
3088 1153 3348 1200 sanctum
3382 1144 3651 1199 ascendit
3671 1144 3816 1199 Jesus,

2155 1253 2352 1290 verum
2386 1238 2556 1291 etiam
2591 1237 2661 1290 ad
2707 1237 2995 1306 seipsuni;
3044 1236 3314 1305 quoniam
3346 1233 3446 1305 qui
3486 1250 3551 1286 ex
3590 1231 3819 1285 humani-

2155 1331 2271 1378 tate
2302 1326 2482 1378 factus
2515 1330 2598 1377 est
2628 1326 2779 1377 intra
2809 1324 3024 1383 omnia,
3060 1340 3162 1393 per
3211 1323 3586 1377 Divinitatem
3621 1326 3733 1373 erat
3758 1335 3823 1370 su-

2156 1430 2260 1483 pra
2285 1414 2497 1467 omnia.
2532 1413 2878 1483 Subjungit:
2923 1435 2944 1460 α
2981 1411 3088 1476 Qui
3124 1413 3278 1465 venit
3305 1411 3540 1482 quidem
3575 1413 3644 1462 ut
3672 1408 3824 1461 Domi-

2157 1518 2263 1554 nus
2295 1502 2351 1554 in
2399 1506 2698 1571 potestate,
2734 1501 2980 1555 mittitur
3026 1505 3221 1553 autem
3268 1505 3543 1568 tauquam
3591 1497 3690 1567 qui
3735 1510 3825 1547 non

2158 1590 2229 1644 sit
2263 1589 2580 1643 contrarius
2615 1591 2746 1643 Deo.
2797 1612 2822 1637 ››
2860 1590 2981 1642 Duo
3024 1588 3181 1654 dicit,
3213 1594 3269 1642 et
3317 1586 3543 1640 venisse
3576 1584 3825 1654 Spiritum

2159 1682 2437 1743 sanctum,
2470 1683 2528 1731 et
2572 1677 2809 1730 missum
2843 1692 2980 1729 esse.
3017 1676 3175 1740 Quod
3220 1674 3392 1740 venit,
3428 1673 3668 1744 proprie
3694 1678 3825 1741 pote-

355 1741 564 1841 praater
608 1770 715 1824 hoc
757 1770 911 1839 quod
955 1785 1068 1822 non
1104 1775 1270 1822 natus
1310 1773 1393 1822 est
1429 1741 1613 1833 Pater,
1658 1784 1761 1822 nec
1798 1741 2049 1839 procedit
2087 1741 2129 1795 Β
2161 1766 2319 1821 statis
2346 1741 2446 1831 est,
2497 1769 2554 1819 et
2581 1765 2791 1819 idcirco
2826 1764 2986 1827 dixit,
3023 1765 3091 1818 Ut
3132 1763 3402 1816 Dominus
3426 1741 3445 1814 ἶ
3471 1741 3635 1832 quod
3674 1760 3829 1812 mitti-

356 1860 427 1913 ab
478 1859 628 1912 alio:
692 1874 845 1912 nunc
903 1863 1095 1912 autem
1149 1857 1355 1912 Filium
1406 1873 1525 1910 esse
1580 1857 1837 1928 loquitur
1880 1874 2052 1911 omne

358 1945 510 2015 quod
562 1947 728 1999 Pater
783 1950 887 2007 est,
942 1950 999 1998 et
1059 1944 1337 2015 Spiritum
1383 1950 1660 2010 sanctum,
1722 1961 1833 1998 non
1881 1962 2052 1998 omne

356 2032 509 2103 quod
540 2035 705 2086 Pater
734 2037 838 2097 est,
892 2031 988 2085 sed
1033 2048 1201 2085 omne
1247 2032 1403 2102 quod
1458 2032 1631 2086 Filius
1680 2039 1785 2100 est,
1819 2040 2052 2102 (xcepto

356 2118 667 2172 nativitatis
701 2118 1042 2188 privilegio:
1086 2118 1360 2171 nimirum
1400 2118 1480 2171 sic
1516 2118 1758 2188 loquens
1798 2120 2053 2172 ostendit

355 2207 508 2276 quod
538 2208 703 2260 Pater
750 2222 865 2259 non
910 2210 995 2259 est
1041 2206 1110 2259 de
1143 2207 1357 2276 aliquo,
1411 2206 1583 2260 Filius
1614 2223 1745 2260 vero
1786 2207 1855 2260 de
1886 2208 2051 2261 Patre

355 2298 475 2349 solo
521 2294 595 2347 sit
636 2294 883 2364 genitus,
936 2294 1183 2364 Spiritus
1236 2300 1429 2347 autem
1462 2294 1531 2347 de
1564 2292 1705 2348 Filio
1757 2295 2047 2364 procedat.

354 2384 516 2447 Quod
546 2390 736 2436 autem
768 2388 823 2435 et
858 2399 889 2435 a
932 2384 1094 2436 Patre
1127 2385 1415 2452 procedat,
1450 2385 1621 2452 paulo
1654 2382 1917 2451 superius
1950 2382 2047 2447 ait,

356 2472 585 2525 dicens:
626 2492 652 2518 ‹‹
700 2472 764 2525 Et
802 2470 871 2523 ad
918 2470 1164 2539 primam
1197 2470 1458 2523 omnium
1489 2468 1795 2537 originem,
1831 2468 1929 2539 qui
1969 2472 2053 2520 est

358 2560 545 2623 Pater,
578 2558 726 2610 sicut
774 2556 1065 2626 Unigeniti
1116 2556 1333 2623 omnia,
1368 2557 1449 2610 ita
1492 2556 1664 2609 etiam
1715 2558 1893 2609 sancti
1926 2555 2050 2625 Spi-

358 2651 503 2699 ritus
534 2645 728 2698 omnia
777 2644 1119 2698 referuntur.
1160 2664 1182 2695 ι
1218 2645 1376 2698 Talia
1406 2645 1602 2698 dicens
1632 2644 1881 2698 ostendit
1926 2660 2048 2698 om-

360 2732 455 2785 nia
485 2748 613 2802 quae
652 2735 784 2785 sunt
816 2731 964 2800 Filii,
995 2732 1066 2785 ad
1099 2733 1323 2785 Patrem
1356 2731 1568 2785 habere
1599 2731 1963 2795 relationem;
1998 2735 2053 2783 et

357 2820 552 2873 omnia
581 2836 710 2891 qum
750 2824 883 2872 sunt
912 2820 1087 2872 sancti
1118 2818 1378 2890 Spiritus,
1411 2819 1480 2873 ad
1538 2818 1804 2872 eumdem
1853 2819 2051 2872 referri

357 2910 512 2962 velut
559 2909 627 2962 ad
669 2908 913 2979 primum
959 2908 1219 2961 omnium
1252 2908 1572 2978 originem:
1624 2907 1899 2978 quoniam
1948 2908 2051 2961 etsi

356 2997 601 3067 Spiritus
627 2996 886 3067 procedit
911 3014 943 3049 a
984 2997 1141 3060 Filio,
1178 2997 1395 3067 accepit
1422 2997 1530 3049 hoc
1580 2996 1754 3050 Filius
1788 3013 1821 3049 a
1863 2997 2048 3063 Patre,

358 3090 422 3138 ut
452 3084 734 3138 nascendo
768 3083 836 3138 de
892 3086 1056 3139 Patre
1116 3084 1309 3149 Filius,
1349 3084 1591 3154 Spiritus
1640 3090 1865 3138 sanctus
1921 3100 2051 3155 pro-

358 3173 586 3228 cederet
639 3172 865 3239 abillo;
912 3177 977 3226 ut
1025 3172 1220 3225 omnia
1275 3187 1402 3241 quae
1434 3175 1567 3224 sunt
1607 3171 1753 3236 Filii,
1788 3172 1906 3225 sint
1948 3173 2050 3225 Pa-

360 3260 489 3325 tris;
523 3263 576 3312 et
631 3257 826 3312 omnia
874 3275 1002 3330 qua:
1033 3263 1165 3311 sunt
1216 3258 1464 3328 Spiritus
1493 3258 1691 3323 sancti,
1728 3257 1836 3310 sint
1880 3257 2052 3310 etiam

362 3348 525 3401 Filii:
555 3363 617 3400 ac
648 3363 751 3418 per
779 3347 886 3400 hoc
923 3347 1126 3413 Patris,
1159 3363 1187 3399 a
1231 3362 1344 3417 quo
1378 3346 1549 3400 Filius
1576 3346 1793 3414 accepit
1836 3352 1896 3398 ut
1926 3346 2052 3416 Spi-

360 3438 505 3490 ritus
551 3441 777 3490 sanctus
821 3437 891 3491 ab
938 3436 1036 3489 illo
1081 3436 1437 3506 procederet,
1482 3450 1597 3488 non
1649 3440 1715 3488 ut
1761 3440 1983 3487 creatus
2020 3449 2054 3487 a

365 3528 551 3592 Patre,
609 3526 707 3579 sed
756 3525 1017 3595 genitus;
1054 3541 1158 3578 nec
1187 3524 1522 3590 minoratus,
1562 3523 1659 3577 sed
1691 3522 1926 3594 aequalis
1956 3538 2055 3592 po-

361 3615 585 3680 tentiae;
624 3630 729 3668 nec
758 3615 1016 3679 alterius,
1050 3613 1151 3668 sed
1185 3613 1354 3667 unius
1388 3612 1762 3683 ejusdemque
1804 3617 2047 3665 naturae.

430 3703 570 3757 Item
602 3702 662 3756 in
716 3702 1164 3774 posterioribus:
1212 3721 1240 3753 α
1294 3701 1373 3755 Re
1426 3701 1579 3755 enim
1635 3717 1767 3754 vera
1813 3700 2051 3771 dignum

358 3797 500 3855 erat,
550 3798 605 3844 et
660 3808 789 3845 cum
833 3794 993 3845 Jesus
1048 3790 1210 3843 nobis
1274 3790 1645 3860 corporaliter
1713 3790 2047 3853 advenisset,

358 3880 530 3933 etiam
567 3880 846 3950 Spiritum
881 3880 1046 3933 nobis
1080 3880 1452 3949 corporaliter
1484 3894 1799 3948 apparere:
1836 3883 1893 3931 et
1922 3893 2051 3930 cum

361 3969 615 4021 Christus
644 3968 713 4021 ad
746 3968 934 4038 ipsum
979 3968 1341 4035 ascendisset,
1382 3968 1574 4037 ipsum
1606 3967 1950 4021 descendere
1981 3966 2051 4021 ad

361 4072 491 4120 nos;
522 4056 621 4125 qui
650 4057 806 4109 venit
835 4056 1071 4125 quidem
1095 4061 1157 4109 ut
1190 4056 1463 4109 Dominus
1495 4056 1555 4108 in
1590 4058 1888 4125 potestate,
1915 4054 2051 4107 mit-

363 4144 501 4195 titur
550 4148 741 4197 autem
773 4150 1046 4213 tanquam
1096 4144 1194 4213 qui
1228 4159 1343 4196 non
1390 4144 1463 4196 sit
1493 4142 1811 4196 contrarius
1850 4144 1984 4195 Deo.
2025 4163 2046 4190 ι

365 4231 429 4283 Et
473 4230 565 4284 hic
612 4246 786 4283 unam
819 4231 1234 4301 operationem,
1270 4236 1327 4284 et
1379 4231 1547 4284 unius
1593 4230 1913 4284 concordia:
1961 4247 2053 4283 vo-

362 4318 662 4379 luntatem.
694 4319 824 4372 Jesu
876 4326 933 4372 et
961 4320 1138 4372 sancti
1176 4319 1440 4389 Spiritus,
1495 4320 1599 4372 iste
1627 4312 1826 4373 doctor
1855 4325 2048 4372 osten-

362 4405 465 4470 dit,
494 4421 670 4475 ageus
700 4407 939 4475 dignum
978 4423 1119 4473 esse,
1177 4414 1237 4461 ut
1280 4409 1417 4478 quia
1471 4409 1630 4462 Jesus
1681 4409 2050 4478 corporaliter

362 4494 584 4548 venerit
639 4495 707 4548 ad
760 4511 881 4560 nos,
927 4496 1170 4566 Spiritus
1201 4502 1429 4549 sanctus
1476 4495 1648 4549 etiam
1679 4497 2051 4567 corporaliter

362 4589 665 4653 appareret
697 4584 878 4637 nobis.
923 4586 998 4639 Ex
1038 4601 1151 4655 quo
1183 4585 1352 4638 unius
1382 4586 1690 4639 voluntatis
1736 4586 2049 4639 similitudo

364 4678 732 4743 monstratur,
789 4673 1013 4726 volente
1055 4673 1269 4744 Spiritu
1318 4679 1512 4726 sancto
1574 4674 1946 4744 corporaliter
1992 4690 2050 4725 se

366 4766 684 4817 monstrare
746 4762 1102 4827 mortalibus,
1155 4762 1428 4832 quoniam
1466 4763 1626 4816 Jesus
1680 4762 2053 4832 corporaliter

364 4850 608 4904 voluerit
653 4867 821 4904 suum
868 4851 1177 4905 adventum
1234 4850 1571 4904 mortalibus
1611 4851 1937 4915 ostendere;
1994 4854 2057 4902 ut

434 5018 459 5041 ⁸
487 5011 633 5075 Ignis
684 5024 808 5077 ergo
852 5013 1011 5064 Deus.
1062 5010 1160 5063 Hic
1199 5010 1545 5063 Ratramnus
1575 5009 1911 5078 Gregorium
1948 5010 2054 5063 Na-

367 5078 700 5131 zianzenum
745 5081 821 5132 ita
869 5080 1151 5145 exscribit,
1205 5085 1266 5135 ut
1307 5080 1429 5147 ejus
1479 5079 1819 5133 sententiam
1869 5080 2056 5148 potius

367 5164 539 5220 quam
601 5150 771 5202 verba
818 5156 1057 5215 attexat;
1108 5151 1261 5220 quod
1314 5150 1587 5204 Acherius
1636 5151 1757 5220 ipse
1806 5151 2051 5203 monuit.

370 5218 527 5271 Falsa
584 5235 755 5286 porro
810 5226 893 5273 est
944 5218 1245 5274 verborum
1304 5221 1562 5289 Gregorii
1620 5218 2053 5289 interpretatio:

367 5304 501 5361 nam
558 5290 711 5358 quod
767 5289 956 5355 ignem
1007 5308 1126 5345 esse
1175 5292 1400 5361 scripsit
1426 5294 1600 5346 Deum
1640 5294 1887 5354 Patrem,
1920 5291 2058 5346 item

366 5359 561 5427 ignem
601 5376 723 5413 esse
770 5362 948 5414 Deum
985 5364 1211 5429 Filium,
1254 5359 1317 5416 ac
1348 5363 1554 5416 deinde
1599 5363 1816 5417 addidit
1863 5362 2057 5432 ignem

368 5444 599 5499 quoque
624 5447 745 5485 esse
777 5432 1061 5500 Scriptum
1094 5440 1375 5497 sanctum,
1410 5450 1511 5486 nec
1558 5433 1654 5487 Dei
1690 5449 1898 5486 nomen
1929 5433 2059 5486 huic

369 5500 747 5577 ascripsit,__ea
782 5502 850 5556 de
884 5518 1052 5577 causa
1081 5504 1292 5577 factum
1334 5504 1616 5568 novimus,
1646 5504 1807 5577 quod
1856 5520 2056 5577 quam-

368 5572 451 5623 vis
480 5572 744 5627 catholici
777 5588 975 5627 omnes
1018 5574 1291 5644 Spiritum
1336 5580 1593 5628 sanctum
1632 5572 1786 5627 Patri
1824 5572 1889 5627 ac
1920 5574 2058 5627 Filio

2161 1860 2274 1922 tur,
2328 1854 2561 1908 alterius
2605 1852 2944 1917 ostenditur,
3005 1860 3058 1907 et
3114 1850 3324 1905 idcirco
3381 1851 3493 1903 ait:
3554 1850 3831 1917 Tanquam

2161 1942 2260 2011 qui
2302 1958 2417 1995 non
2474 1941 2547 1995 sit
2581 1942 2897 1994 contrarius
2950 1940 3032 1994 illi
3083 1956 3117 1993 a
3168 1955 3282 2010 quo
3338 1938 3612 1992 mittitur.
3675 1938 3832 1992 Missio

2161 2047 2288 2084 vero
2318 2046 2431 2084 non
2477 2031 2886 2100 subjectionem
2918 2030 3222 2100 signiﬁcat,
3267 2029 3365 2083 sed
3406 2028 3833 2099 processionem.

2159 2119 2399 2173 Mittitur
2429 2135 2560 2172 vero
2611 2136 2642 2172 a
2675 2119 2918 2183 Christo,
2953 2119 3023 2172 ad
3058 2134 3231 2189 quem
3271 2117 3523 2170 ascendit
3563 2117 3834 2177 Christus;

2158 2212 2215 2260 et
2264 2207 2510 2260 mittitur
2558 2212 2832 2276 tanquam
2888 2222 3003 2259 non
3057 2204 3376 2258 contrarius
3438 2205 3571 2269 Deo,
3646 2205 3703 2257 id
3750 2208 3837 2265 est,

2161 2296 2403 2361 Christo,
2435 2294 2534 2366 qui
2575 2295 2811 2365 quidem
2848 2301 2934 2348 est
2979 2296 3143 2360 Deus,
3177 2296 3340 2365 cujus
3385 2292 3680 2346 voluntati
3710 2309 3838 2345 sem-

2159 2402 2260 2456 per
2282 2385 2579 2454 jungitur;
2637 2400 2669 2437 a
2716 2400 2829 2455 quo
2861 2388 2918 2437 et
2972 2382 3234 2450 mittitur,
3285 2382 3557 2454 quoniam
3594 2380 3839 2453 procedit

2160 2475 2229 2526 ab
2262 2474 2378 2526 illo.

2232 2560 2532 2615 Subdidit:
2575 2583 2593 2607 ι
2654 2562 2960 2629 Propterea
3009 2565 3202 2613 autem
3252 2566 3378 2630 post
3425 2558 3749 2621 Christum,
3790 2564 3842 2609 ut

2163 2665 2309 2702 unus
2343 2648 2503 2701 nobis
2552 2649 2893 2719 paracletus,
2948 2648 3007 2702 id
3048 2654 3129 2703 est
3179 2648 3484 2701 advocatus
3522 2648 3617 2701 vel
3660 2663 3845 2701 conso-

2162 2738 2326 2804 lator,
2362 2752 2658 2807 nunquam
2686 2736 2858 2790 desit:
2885 2737 3092 2791 idcirco
3124 2742 3315 2790 autem
3350 2736 3494 2789 alius
3527 2736 3848 2789 Paracletus

2160 2825 2385 2890 dicitur,
2410 2825 2872 2894 utsequalitatem
2900 2830 3121 2878 naturae
3146 2841 3209 2878 ac
3236 2824 3532 2895 potestatis
3550 2840 3850 2894 agnoscas;

2160 2915 2305 2967 alius
2358 2912 2511 2966 enim
2561 2914 2668 2966 hoc
2712 2917 2797 2967 est
2838 2914 2980 2966 alius
3026 2930 3157 2983 ego;
3211 2913 3346 2983 quia
3393 2913 3540 2966 alius
3582 2929 3699 2983 ego
3750 2926 3848 2965 non

2112 3042 2129 3073 1
2161 3003 2369 3056 dicitur
2400 3004 2468 3057 de
2499 3020 2565 3056 eo
2608 3003 2706 3073 qui
2735 3002 2969 3055 alterius
2999 3001 3226 3072 generis
3260 3002 3351 3067 sit,
3397 3000 3495 3054 sed
3531 3002 3604 3055 de
3657 3018 3728 3054 eo
3768 2998 3851 3069 qui

2162 3090 2412 3159 ejusdem
2439 3092 2513 3144 sit
2553 3090 2885 3143 substantia:
2919 3091 3003 3142 vel
3038 3095 3278 3142 naturae.
3319 3112 3340 3136 ι
3377 3088 3539 3152 Quod
3570 3088 3850 3143 Christum

2160 3180 2297 3233 dicit
2334 3179 2707 3249 paracletum,
2754 3182 2811 3230 et
2852 3177 3131 3247 Spiritum
3175 3183 3435 3230 sanctum
3479 3176 3855 3230 nihilominus

2166 3270 2538 3333 Paracletum,
2586 3272 2641 3320 et
2682 3266 2927 3319 abeunte
2967 3265 3185 3319 Christo
3218 3264 3413 3318 venire
3439 3264 3756 3335 Spiritum,
3796 3281 3855 3316 ne

2162 3357 2275 3410 sint
2305 3354 2501 3410 tideles
2542 3355 2665 3408 sine
2708 3354 3012 3424 paracleto,
3056 3354 3139 3406 vel
3185 3353 3408 3407 Christo
3463 3352 3742 3406 videlicet
3784 3353 3855 3402 vel

2159 3444 2373 3514 Spiritu
2422 3448 2635 3508 sancto,
2687 3442 2905 3513 liquido
2952 3446 3234 3495 monstrat
3283 3440 3454 3494 unius
3492 3456 3620 3493 esse
3667 3442 3858 3499 ofticii,

2161 3548 2405 3602 quorum
2452 3534 2673 3584 constat
2727 3546 2905 3583 unum
2954 3545 3075 3582 esse
3122 3529 3497 3593 vocabulum;
3553 3534 3615 3581 et
3666 3536 3860 3581 mutuo

2160 3620 2267 3673 sibi
2324 3619 2643 3684 succedere,
2704 3618 2842 3672 dum
2891 3617 3163 3671 dicuntur
3208 3616 3376 3669 unius
3421 3616 3767 3683 voluntatis,
3819 3623 3865 3669 et

2167 3706 2375 3778 [unius]
2427 3706 2774 3777 operationis
2801 3706 3247 3775 (jostenduntur;
3316 3710 3372 3757 et
3418 3718 3547 3756 cuin
3607 3702 3867 3759 Christus

2164 3796 2436 3862 ascendit,
2517 3794 2761 3864 Spiritus
2820 3793 3132 3859 descendit,
3194 3792 3487 3846 evidenter
3541 3807 3577 3843 a
3643 3792 3870 3847 Christo

2164 3885 2430 3949 mittitur,
2470 3884 2631 3953 cujus
2684 3882 3131 3937 vicissitudinem
3177 3884 3571 3951 repraesentat.
3630 3882 3704 3934 Et
3742 3883 3871 3934 mis-

2162 3975 2244 4028 sio
2298 3974 2422 4035 ista,
2459 3971 2749 4043 processio
2799 3975 2903 4036 est,
2950 3969 3221 4040 quoniam
3258 3984 3370 4023 non
3400 3973 3485 4022 est
3525 3968 3874 4025 minoratio.

2164 4077 2265 4115 nec
2299 4060 2596 4131 subjectio.
2646 4060 2807 4114 Alius
2836 4063 3049 4124 autem,
3090 4059 3197 4112 hoc
3235 4063 3318 4111 est
3347 4058 3490 4111 alius
3536 4073 3682 4126 ego,
3727 4060 3877 4111 mitti

2160 4151 2403 4221 Spiritus
2433 4155 2662 4203 sanctus
2709 4149 2936 4214 dicitur,
2988 4163 3092 4217 per
3129 4147 3281 4217 quod
3330 4145 3656 4200 similitudo
3708 4163 3875 4200 mon-

2160 4244 2375 4292 stratur
2426 4238 2796 4291 omnimoda:
2848 4252 3035 4307 neque
3089 4234 3244 4289 enim
3294 4235 3439 4288 alius
3486 4250 3595 4304 ego
3682 4241 3879 4305 potest

2090 4339 2132 4392 Ι)
2159 4326 2271 4380 dici
2315 4327 2383 4380 de
2417 4342 2483 4379 eo
2514 4326 2609 4396 qui
2638 4325 2709 4379 sit
2735 4324 2969 4379 alterius
3014 4323 3259 4395 generis,
3295 4322 3390 4376 sed
3422 4322 3489 4376 de
3524 4338 3592 4374 eo
3646 4327 3761 4394 qui
3815 4326 3879 4375 sit

2158 4414 2415 4483 ejusdem
2464 4414 2816 4478 substantiae,
2863 4429 2958 4465 seu
3005 4417 3242 4466 naturae.
3294 4412 3651 4464 Monstratur
3695 4412 3879 4482 igitur

2158 4503 2229 4556 ab
2260 4520 2328 4556 eo
2360 4502 2669 4573 procedere
2697 4502 2967 4572 Spiritus,
2998 4501 3159 4570 cujus
3192 4505 3277 4553 est
3304 4505 3546 4565 naturae,
3587 4516 3706 4553 seu
3739 4502 3878 4555 sub-

2158 4590 2380 4644 stantiae
2405 4607 2417 4644 :
2452 4606 2640 4661 neque
2661 4591 2813 4644 enim
2837 4594 3025 4660 potest
3040 4589 3295 4658 ejusdem
3319 4593 3558 4653 naturae,
3583 4604 3699 4643 seu
3738 4592 3879 4644 sub-

2160 4678 2400 4743 stantiae,
2450 4678 2612 4749 cujus
2656 4682 2741 4732 est
2779 4678 2971 4743 Filius,
3022 4694 3141 4730 esse
3188 4675 3454 4747 Spiritus,
3502 4675 3615 4729 nisi
3664 4694 3880 4747 proce-

2160 4763 2258 4817 dat
2286 4765 2355 4817 ab
2384 4764 2502 4817 illo.

2232 4851 2504 4922 Adjunxit
2537 4852 2708 4907 etiam
2752 4853 3025 4907 inferius:
3071 4872 3096 4901 «
3147 4850 3298 4923 [guis
3348 4866 3485 4920 ergo
3532 4852 3699 4905 Deus
3736 4867 3786 4918 ι,
3842 4872 3879 4907 e‘

2163 5010 2444 5079 aequalem
2494 5027 2615 5064 esse
2648 5010 2969 5079 crederent,
3016 5012 3209 5079 plures
3255 5014 3449 5063 tamen
3498 5009 3665 5063 hunc
3703 5014 3879 5067 Deuu

2164 5081 2441 5150 appellari
2472 5082 2730 5151 Gregorii
2764 5088 2931 5134 aetate
2964 5082 3175 5135 idcirco
3199 5080 3437 5145 nollent,
3472 5080 3610 5149 quia
3648 5081 3718 5135 in
3745 5085 3873 5137 Scri

2164 5151 2348 5221 pluris
2377 5150 2663 5221 nusquam
2700 5154 2847 5205 Deus
2874 5153 3212 5221 appellatur.
3246 5150 3405 5214 Quod
3438 5166 3568 5203 cum
3610 5155 3873 5220 pruden

2165 5222 2419 5274 tissimus
2450 5223 2692 5346 quisque
2724 5224 3033 5293 praasulum
3059 5222 3135 5275 ita
3164 5236 3499 5289 perVersum
3537 5236 3674 5275 esse
3713 5225 3879 5279 intel-

2166 5292 2384 5346 ligeret.
2423 5300 2486 5345 ut
2516 5294 2574 5346 in
2621 5310 2648 5345 e
2681 5299 2875 5346 tamen
2907 5294 3129 5346 nullum
3164 5291 3478 5345 Christiana
3508 5291 3664 5345 ﬁdes
3707 5296 3870 5346 detri

2166 5292 2384 5362 ligeret.
2423 5291 2486 5345 ut
2516 5291 2648 5346 inde
2681 5291 2875 5346 tamen
2907 5294 3129 5346 nullum
3164 5291 3478 5345 Christiana
3508 5291 3664 5345 ﬁdes
3707 5296 3871 5350 detri

2168 5368 2422 5415 mentum
2449 5364 2564 5433 pati
2602 5368 2809 5432 posset,
2841 5381 2872 5416 a
2902 5363 3115 5433 Spiritu
3155 5368 3346 5415 sancto
3381 5364 3492 5415 Deo
3522 5366 3880 5431 appelland.

2166 5433 2434 5497 cavebat;
2500 5440 2670 5503 atque
2733 5434 2904 5503 hujus
2959 5433 3333 5503 indulgentia:
3373 5434 3728 5501 eXemplum
3787 5456 3879 5491 non

2167 5504 2473 5573 Gregorius
2526 5505 2732 5580 solum,
2771 5505 2889 5580 sed
2920 5504 3113 5580 _etiam
3175 5503 3413 5557 Basilius
3448 5504 3708 5574 Magnus
3771 5510 3879 5580 eju

2167 5589 2425 5627 summus
2457 5575 2669 5629 amicus
2700 5575 2978 5629 exhibuit.
