3890 6230
50 370 146 420 253
1069 371 1341 428 CONTRA
1380 371 1785 427 GfLECORUM
1824 371 2178 427 OPPOSITA.
2210 403 2273 411 —
2307 374 2434 427 LIB.
2479 373 2544 427 li.

3462 378 3563 432 25i

46 502 195 572 ignis
228 504 485 575 Spiritus
510 511 754 559 sanctus.
794 505 1022 576 Legitur
1049 504 1117 559 de
1162 507 1273 560 Deo
1313 507 1467 577 quod
1502 506 1572 560 sit
1603 506 1750 577 ignis
1789 510 1831 563 Α
1859 512 2209 577 nuncupata,
2242 509 2406 562 Patre
2438 508 2717 573 videlicet,
2754 512 2836 565 vel
2874 512 3037 578 Filio,
3073 514 3156 567 vel
3185 514 3401 583 Spiritu
3433 531 3558 569 san-

45 607 424 657 consumens,
461 610 578 646 non
617 595 848 663 quidem
897 594 1167 648 naturalis
1214 598 1270 647 et
1297 611 1621 664 corporeus,
1657 595 1755 649 sed

46 680 331 747 spiritalis
362 688 420 734 et
472 682 791 735 invisibilis.
827 683 979 751 Ignis
1010 699 1146 751 ergo
1196 684 1339 736 Deus
1374 685 1561 749 Pater,
1606 683 1755 753 ignis

46 768 197 820 Dens
245 768 445 834 Filius,
481 770 629 839 ignis
676 772 823 825 Deus
871 771 1117 839 Spiritus
1148 777 1411 825 sanctus:
1465 772 1563 825 sed
1606 772 1756 841 ignis

45 874 105 909 ex
141 858 318 910 nullo
348 859 481 927 igne
508 859 652 911 Deus
692 859 873 923 Pater,
908 859 1044 929 quia
1075 859 1143 912 de
1186 861 1345 913 nullo
1376 876 1608 913 sumens
1641 860 1754 913 ori-

44 944 285 1013 ginem;
329 946 482 1016 ignis
532 948 676 999 Deus
729 947 918 1012 Filius,
966 948 1064 1001 sed
1106 949 1175 1001 de
1225 949 1388 1001 Patre
1436 948 1586 1018 igne,
1623 948 1755 1018 quia

46 1038 217 1085 natus
254 1049 325 1087 ex
361 1035 488 1099 illo;
525 1041 580 1088 et
613 1035 763 1105 ignis
804 1036 1049 1105 Spiritus
1088 1042 1334 1102 sanctus,
1370 1038 1464 1091 sed
1516 1038 1585 1090 de
1620 1037 1755 1090 Filio

46 1121 202 1189 igne,
240 1122 387 1193 quia
428 1125 740 1192 procedens
772 1140 839 1177 ex
878 1124 1037 1177 Filio.
1075 1146 1100 1175 υ
1147 1126 1290 1195 Ergo
1333 1125 1573 1179 dicendo
1605 1124 1755 1196 quod

50 1211 197 1262 Deus
232 1211 313 1264 sit
352 1212 520 1279 ignis,
555 1217 611 1265 et
640 1212 788 1281 ignis
829 1212 1073 1282 Spiritus
1122 1218 1370 1279 sanctus,
1405 1230 1577 1266 unam
1623 1214 1758 1267 sub-

46 1299 332 1352 stantiam
388 1301 561 1353 totius
610 1300 900 1354 Trinitatis
959 1301 1230 1365 ostendit;
1286 1301 1457 1354 Patris
1522 1301 1757 1371 quidem

48 1392 103 1439 et
163 1387 302 1441 Filii
362 1388 581 1441 socians
632 1404 953 1459 personam,
1017 1390 1278 1455 dicendo,
1338 1390 1489 1459 Ignis
1543 1391 1691 1443 Deus
1742 1407 1753 1443 :

52 1476 267 1529 deinde
322 1476 623 1529 subintulit
664 1477 910 1546 Spiritus
958 1477 1155 1544 sancti,
1208 1478 1438 1531 dicens:
1494 1478 1557 1531 Et
1609 1477 1758 1546 ignis

51 1565 311 1633 Spiritus
360 1572 609 1619 sanctus.
663 1566 773 1619 Cur
823 1572 1016 1619 autem
1047 1566 1281 1620 seorsim
1324 1565 1507 1619 Patris
1539 1569 1593 1619 et
1635 1566 1758 1619 Filii

51 1669 337 1722 personas
380 1653 636 1723 posuerit
666 1654 771 1707 sub
821 1654 920 1708 Dei
952 1654 1225 1708 vocabulo
1257 1654 1642 1709 communiter
1669 1672 1758 1709 so-

52 1741 253 1807 cietas,
290 1746 351 1793 et
376 1740 621 1811 Spiritus
673 1742 850 1794 sancti
884 1742 1121 1795 seorsim
1152 1742 1506 1812 distinguere
1538 1743 1757 1796 malue-

54 1835 146 1893 rit,
173 1845 268 1882 res
320 1829 382 1882 in
425 1829 672 1883 evidenti
714 1836 816 1884 est.
850 1830 1037 1884 Voluit
1081 1831 1279 1899 utique
1312 1836 1629 1885 monstrare
1661 1831 1760 1884 tali

57 1917 455 1985 distinctione,
485 1917 681 1987 ignem
719 1918 997 1989 Spiritum
1040 1930 1299 1973 sanctum
1331 1919 1399 1973 de
1432 1919 1563 1989 igne
1594 1920 1760 1973 Patre

61 2004 323 2075 Filioque
352 2005 681 2075 procedere.

126 2092 373 2146 Sanctus
425 2093 732 2162 Gregorius
780 2110 910 2147 cum
958 2094 1019 2147 in
1068 2094 1311 2148 Ecclesia
1360 2094 1761 2149 Constantino-

62 2182 317 2249 politana
364 2180 435 2233 de
483 2180 693 2249 Spiritu
726 2187 917 2235 sancto
958 2182 1093 2235 talia
1129 2188 1440 2249 tractasset,
1472 2188 1527 2237 et
1558 2183 1763 2237 litteris

64 2270 412 2333 mandasset,
448 2269 659 2339 quibus
704 2270 965 2339 probavit
1012 2270 1289 2341 Spiritum
1333 2277 1592 2325 sanctum
1624 2288 1761 2325 con-

64 2356 499 2409 substantialem
550 2357 730 2410 Patris
773 2358 1011 2428 Filiique
1056 2375 1198 2423 esse,
1233 2365 1287 2413 et
1335 2360 1404 2413 de
1456 2360 1595 2413 Filio
1638 2376 1763 2431 pro-

65 2446 380 2508 cedentem,
421 2461 524 2497 nec
572 2450 767 2499 tamen
797 2448 1218 2516 processionem
1268 2448 1390 2517 ejus
1418 2464 1451 2501 a
1484 2450 1645 2502 Patre
1676 2449 1763 2502 vel

67 2534 260 2596 silens,
312 2534 403 2586 vel
457 2534 773 2603 derogans,
824 2535 923 2588 sed
973 2535 1451 2605 omnipotentiam
1507 2538 1649 2606 ejus,
1710 2542 1766 2590 et

67 2622 527 2675 dominationem
582 2625 701 2692 ejus
751 2623 901 2676 Patri
961 2624 1220 2695 Filioque
1271 2641 1374 2694 per
1424 2627 1616 2679 omnia
1668 2643 1762 2679 co-

67 2727 319 2780 aequans,
358 2726 502 2764 num
548 2711 812 2780 repulsus
847 2716 931 2765 est
975 2712 1044 2765 ab
1087 2712 1369 2766 Ecclesia?
1417 2714 1563 2767 Num
1612 2713 1765 2768 illius

68 2814 251 2852 sermo
281 2798 661 2869 reprobatus?
692 2815 833 2853 num
865 2800 950 2854 vel
978 2816 1010 2853 a
1043 2800 1281 2867 civibus,
1315 2802 1399 2855 vel
1428 2802 1498 2854 ab
1522 2801 1766 2871 impera-

70 2894 187 2939 tore
219 2887 278 2939 in
308 2889 787 2941 communionem
829 2889 1064 2942 minime
1095 2890 1426 2960 susceptus?
1460 2891 1585 2944 Fuit
1615 2896 1764 2944 certe

69 2977 410 3028 venerabilis
463 2977 571 3029 iste
616 2978 816 3031 doctor
865 2978 1135 3041 Gratiani,
1169 2979 1283 3032 sive
1315 2979 1621 3033 Theodosii
1653 2981 1761 3034 Ma-

1864 601 1974 657 cto,
2010 596 2181 650 totius
2214 596 2505 650 Trinitatis
2536 598 2659 650 tieri
2685 601 3291 669 comprehensionem;
3324 602 3557 657 demon-

1865 689 2048 738 strans
2078 689 2296 738 tantam
2333 686 2391 739 in
2422 686 2602 739 tribus
2630 688 2974 757 azqiialitatis
3003 689 3464 756 similitudinem,
3495 694 3558 745 ut

1866 788 1981 826 uno
2026 774 2301 827 vocabulo
2350 780 2463 827 tres
2512 791 2770 845 personae
2816 777 3235 843 contineantur,
3287 779 3391 832 etsi
3438 795 3553 832 non

1866 859 2019 913 vocis
2056 860 2442 925 distinctione,
2497 860 2729 914 unitatis
2779 867 2969 915 tamen
3020 865 3360 932 aequalitate.
3395 864 3555 928 Quod

1866 953 2055 1002 autem
2090 950 2224 1003 dicit
2273 966 2304 1003 a
2352 951 2513 1003 Patre
2562 950 2870 1020 procedere
2914 950 3211 1020 Spiritum,
3250 952 3399 1005 nulla
3425 953 3559 1007 hinc

1866 1037 2137 1106 quaestio;
2186 1038 2481 1091 nobiscum
2534 1038 2686 1091 enim
2722 1038 2775 1093 id
2826 1039 3122 1093 fatemini:
3178 1040 3331 1110 quod
3365 1045 3560 1094 autem

1866 1125 1948 1177 ait
2009 1125 2149 1180 Filio
2209 1131 2563 1196 nuncupato,
2612 1126 2889 1196 Spiritum
2946 1128 3161 1198 pariter
3220 1127 3558 1198 nuncupari,

1866 1214 2000 1283 quia
2036 1214 2158 1267 Filii
2203 1214 2276 1267 sit
2308 1215 2575 1284 Spiritus,
2610 1215 2743 1268 hinc
2775 1232 2808 1268 a
2856 1215 3023 1268 nobis
3052 1214 3378 1269 dividimini
3412 1231 3425 1268 :
3460 1216 3561 1285 qui

1866 1302 2019 1355 enim
2055 1304 2310 1373 proliteri
2344 1303 2623 1373 ditfugitis
2661 1304 2938 1373 Spiritum
2979 1321 3012 1356 a
3059 1304 3196 1357 Filio
3229 1303 3559 1373 procedere.

1866 1391 2079 1461 pariter
2110 1408 2336 1463 quoque
2367 1392 2646 1463 dilfugitis
2682 1392 2870 1446 dicere
2901 1392 3055 1462 quod
3088 1392 3162 1445 sit
3198 1392 3440 1462 Spiritus
3472 1393 3560 1447 Fi-

1865 1479 1964 1533 lii:
2001 1480 2047 1532 si
2081 1496 2192 1533 non
2242 1480 2395 1533 enim
2442 1481 2511 1533 ab
2553 1481 2651 1533 illo
2692 1480 2967 1551 procedit,
3002 1496 3114 1533 non
3152 1485 3302 1533 recte
3353 1479 3562 1534 dicitur

1866 1566 2114 1637 Spiritus
2157 1567 2317 1638 ejus:
2372 1567 2581 1621 dicitur
2632 1572 2821 1621 autem
2876 1567 3121 1638 Spiritus
3171 1566 3374 1633 Patris,
3426 1567 3562 1637 quia

1867 1656 2125 1725 procedit
2153 1672 2187 1708 a
2234 1656 2419 1721 Patre,
2453 1673 2516 1709 ac
2545 1672 2647 1727 per
2690 1655 2816 1721 hoc,
2848 1660 3177 1725 nuncupato
3229 1655 3387 1722 Filio,
3441 1671 3559 1709 non

1867 1744 2035 1797 simul
2088 1744 2434 1813 intelligitur
2480 1745 2830 1813 nuncupatio
2883 1744 3128 1814 Spiritus
3176 1743 3386 1809 sancti;
3448 1759 3562 1796 non

1870 1833 2023 1887 enim
2102 1837 2283 1903 potest
2366 1832 2521 1886 illius
2605 1832 3035 1902 nuncupatione
3113 1832 3563 1901 comprehensus

1869 1920 2113 1986 ostendi,
2169 1921 2330 1991 cujus
2388 1936 2505 1974 non
2571 1925 2655 1974 est
2713 1920 2988 1990 Spiritus;
3051 1935 3168 1974 non
3225 1925 3311 1973 est
3369 1925 3562 1973 autem

1869 2009 1993 2078 ejus
2040 2024 2072 2061 a
2118 2024 2231 2079 quo
2280 2024 2395 2061 non
2448 2007 2725 2078 procedit,
2783 2013 3010 2061 sanctus
3060 2010 3253 2061 autem
3315 2008 3561 2061 Ambro-

1870 2098 1987 2150 sius
2038 2096 2174 2151 dicit
2222 2097 2357 2167 quia
2397 2096 2521 2151 Filii
2568 2096 2640 2149 sit
2670 2095 2935 2167 Spiritus,
2984 2096 3246 2167 procedit
3303 2096 3481 2167 igitur
3533 2112 3565 2150 a

1874 2184 2035 2238 Filio.

1942 2273 2004 2325 In
2051 2271 2527 2342 consequentibus
2558 2270 2711 2324 idem
2752 2270 3042 2341 loquitur:
3080 2291 3107 2320 «
3139 2270 3246 2335 Qui
3287 2270 3562 2341 Spiritum

1871 2367 2129 2414 sanctum
2166 2359 2415 2430 negabit,
2448 2364 2503 2413 et
2534 2361 2711 2413 Deum
2737 2361 2962 2413 Patrem
2988 2359 3220 2428 negabit
3242 2364 3297 2412 et
3326 2358 3560 2413 Filium:

1872 2448 2149 2519 quoniam
2181 2447 2333 2501 idem
2365 2452 2450 2500 est
2488 2446 2731 2515 Spiritus
2780 2446 2896 2511 Dei,
2930 2446 3029 2516 qui
3080 2446 3290 2499 Christi
3320 2445 3565 2516 Spiritus

1872 2543 1992 2590 est:
2030 2552 2204 2590 unum
2241 2540 2434 2589 autem
2465 2551 2590 2588 esse
2625 2534 2899 2605 Spiritum
2935 2550 3102 2587 nemo
3138 2534 3499 2587 dubitaverit.
3540 2556 3560 2580 ι

1872 2627 2091 2690 Quanta
2130 2625 2200 2678 sit
2250 2624 2458 2684 unitas.
2502 2629 2717 2694 quanta
2764 2622 3328 2676 consubstantialitas
3380 2621 3564 2691 Spiri-

1872 2718 1963 2767 tus
1992 2730 2120 2767 cum
2158 2716 2323 2768 Patre
2372 2712 2629 2782 Filioque
2685 2716 2990 2775 monstrat,
3026 2711 3163 2764 dum
3205 2710 3382 2763 dicit:
3433 2708 3569 2780 quia

1874 2820 1972 2872 qur
2008 2808 2179 2871 negat
2209 2801 2509 2871 Spiritum,
2542 2805 2714 2870 negat
2753 2816 2985 2870 quoque
3015 2799 3229 2869 pariter
3260 2800 3484 2853 Patrem
3513 2801 3569 2851 et

1876 2892 2110 2954 Filium;
2168 2890 2303 2961 quia
2356 2906 2504 2942 unus
2568 2888 2811 2959 Spiritus
2866 2894 2949 2941 est
3022 2888 3341 2941 amborum.
3406 2886 3565 2940 Unde

1873 2996 2122 3049 namque
2157 2977 2335 3032 Patris
2362 2977 2485 3031 est?
2518 2977 2650 3047 quia
2679 2976 2931 3047 procedit
2960 2994 2992 3029 a
3025 2978 3189 3029 Patre
3215 2991 3227 3029 :
3265 2974 3394 3028 hinc
3424 2990 3567 3044 quo-

66 3065 202 3133 joris
244 3064 665 3133 imperatorum
708 3066 1096 3121 Romanorum
1134 3068 1519 3138 temporibus;
1551 3086 1615 3123 ex
1651 3086 1765 3140 quo
1809 3101 1849 3155 Ο
1875 3083 1985 3138 que
2014 3067 2138 3121 Filii
2171 3066 2383 3137 pariter
2414 3069 2515 3129 est,
2549 3064 2683 3135 quia
2706 3063 2959 3134 procedit
2990 3080 3022 3116 a
3056 3063 3194 3119 Filio
3224 3078 3236 3117 :
3273 3079 3388 3116 non
3414 3061 3568 3115 enim

75 3167 249 3220 usque
277 3152 345 3204 ad
384 3157 582 3205 nostra
613 3159 870 3224 tempora
900 3155 1203 3225 plusquam
1247 3156 1547 3226 quingenti
1578 3163 1769 3211 trans-

76 3240 259 3291 ierunt
287 3240 445 3305 anni,
483 3246 539 3293 et
574 3256 871 3311 nunquam
904 3260 937 3295 a
968 3242 1105 3297 Filio
1138 3243 1383 3312 Spiritus
1418 3244 1598 3297 sancti
1629 3261 1770 3314 pro-

76 3327 245 3378 cessio
287 3327 575 3397 denegata
622 3334 725 3394 est,
774 3346 877 3383 nec
908 3346 971 3384 ex
1005 3346 1072 3383 eo
1118 3330 1270 3384 inter
1300 3330 1609 3385 catholicos
1656 3334 1772 3385 ulla

77 3417 312 3485 quaestio
338 3417 507 3478 facta,
537 3423 919 3489 prmterquam
954 3420 1125 3473 modo
1149 3420 1348 3473 vestris
1378 3420 1765 3490 temporibus;

78 3518 265 3557 verum
316 3521 547 3575 semper
578 3512 634 3559 et
675 3506 980 3561 Orientalis
1022 3512 1077 3561 et
1110 3508 1484 3563 Occidentalis
1516 3509 1773 3563 Ecclesia

80 3592 270 3645 Similis
306 3600 625 3665 eademque
667 3595 736 3648 de
764 3595 980 3664 Spiritu
1011 3597 1367 3651 sanctofidei
1399 3598 1608 3651 mansit
1639 3614 1770 3668 pro-

80 3679 255 3733 fessio.
298 3680 434 3744 Qua-
468 3698 622 3735 nunc
652 3699 739 3735 res
771 3683 879 3736 ista
921 3690 1047 3754 post
1075 3689 1159 3738 tot
1202 3686 1408 3739 saecula
1438 3686 1773 3756 quaestionis

82 3767 239 3833 hujus
292 3771 563 3839 genuerit
615 3772 1083 3840 propositionem,
1139 3790 1236 3826 vos
1285 3774 1567 3841 videritis;
1618 3775 1774 3827 nulla

84 3860 262 3910 tamen
300 3859 386 3910 vel
436 3859 755 3928 probitatis,
789 3860 874 3913 vel
907 3861 1200 3931 sapientiae
1238 3862 1381 3915 ratio
1429 3862 1770 3932 comproba-

85 3948 183 4005 tur,
231 3960 339 3997 cur
373 3946 432 3998 in
483 3946 589 3999 hoc
639 3947 1004 4016 deveneritis,
1047 3950 1322 4019 quoniam
1366 3940 1501 4003 talia
1532 3950 1773 4004 dicendo

88 4033 369 4085 catholica:
407 4034 542 4086 tidei
586 4042 966 4102 repugnatur,
1003 4043 1058 4089 et
1107 4037 1329 4091 veritati
1381 4038 1678 4105 resistitur,
1718 4044 1773 4093 et

88 4124 241 4173 sacris
272 4121 507 4191 paginis
539 4122 822 4177 obviatur.

749 4264 973 4320 CAPUT
1012 4266 1097 4321 ιν.

718 4372 805 4425 Ea:
830 4372 1135 4426 Ambrosio.

148 4473 481 4527 Ambmsius
535 4474 971 4530 Mediolanensis
1016 4477 1337 4548 episcopus,
1380 4478 1467 4531 vir
1515 4477 1774 4531 omnium

96 4563 380 4627 splendore
412 4562 689 4617 virtutum
728 4563 1044 4629 decoratus,
1086 4566 1355 4620 adversus
1384 4567 1622 4620 Arianos
1656 4582 1775 4619 cer-

98 4651 289 4702 tamina
319 4666 440 4702 non
475 4666 656 4719 pauca
687 4650 1010 4715 conﬁciens,
1045 4668 1148 4705 nec
1180 4654 1374 4723 paucis
1416 4652 1487 4707 ab
1538 4653 1619 4706 eis
1649 4668 1774 4723 per-

98 4738 440 4791 secutionum
504 4737 732 4806 injuriis
795 4740 1106 4808 appetitus,
1169 4741 1229 4794 in
1287 4741 1449 4794 libris
1506 4758 1651 4811 quos
1706 4741 1777 4794 de

98 4826 286 4891 Spiritu
336 4831 538 4879 sancto
587 4826 855 4879 adversus
921 4828 1192 4881 Arianam
1262 4829 1600 4899 pravitatem
1660 4830 1777 4882 elo-

100 4915 454 4981 quentissime
502 4914 751 4985 scripsit,
802 4921 858 4968 et
896 4917 1225 4986 evangelica
1275 4916 1509 4971 veritate
1541 4919 1779 4971 robora-

103 5004 181 5069 vit,
209 5004 285 5056 ait
317 5003 446 5070 (lib.
485 5017 500 5056 ι
532 5002 598 5055 de
628 5004 776 5071 Spir.
808 5010 1011 5071 sancto,
1044 5021 1166 5075 cap.
1200 5007 1257 5072 3)
1290 5024 1305 5059 :
1348 5028 1363 5053 ι
1398 5006 1454 5060 Si
1488 5006 1777 5060 Christum

104 5088 248 5157 dicas,
276 5096 333 5143 et
371 5090 551 5143 Deum
602 5091 826 5144 Patrem
865 5108 898 5145 a
943 5108 1058 5162 quo
1104 5099 1310 5146 unctus
1359 5100 1443 5147 est
1491 5093 1683 5158 Filius,
1722 5097 1779 5147 et

104 5177 261 5244 ipsum
295 5180 399 5249 qui
433 5183 640 5231 unctus
678 5185 763 5232 est
808 5180 1034 5247 Filium,
1068 5186 1124 5234 et
1162 5181 1439 5251 Spiritum
1486 5182 1587 5253 qui
1620 5182 1779 5235 unxit

107 5267 430 5335 designasti:
469 5272 525 5319 et
578 5266 627 5319 si
676 5269 899 5321 Patrem
940 5268 1126 5334 dicas;
1158 5271 1362 5323 Filium
1408 5272 1531 5340 ejus
1568 5277 1623 5324 et
1652 5271 1777 5340 Spi-

109 5362 247 5407 ntum
279 5355 400 5407 oris
450 5354 579 5423 ejus
628 5355 841 5422 pariter
871 5356 1163 5410 indicasti:
1211 5358 1257 5411 si
1290 5363 1481 5411 tamen
1521 5359 1691 5412 etiam
1721 5357 1777 5411 id

108 5442 241 5494 corde
268 5442 753 5512 comprehendas.
803 5444 867 5496 Et
893 5444 940 5497 si
979 5444 1254 5514 Spiritum
1301 5447 1484 5511 dicas;
1515 5458 1570 5500 et
1599 5448 1775 5500 Deum

115 5527 299 5583 Patrem
334 5548 367 5584 a
407 5546 529 5601 quo
559 5530 817 5599 procedit
847 5533 1110 5602 Spiritus,
1144 5539 1199 5587 et
1225 5535 1452 5601 Filium,
1487 5534 1621 5604 quia
1655 5533 1779 5587 Filii

113 5632 302 5689 quoque
347 5624 439 5674 est
469 5618 740 5688 Spiritus.
778 5641 804 5667 ››
845 5621 1020 5676 Docet
1048 5622 1248 5677 beatus
1278 5622 1614 5678 Ambrosius
1662 5638 1777 5676 uno

1881 3156 2012 3220 duo,
2047 3155 2142 3209 sed
2178 3170 2324 3207 unus
2373 3158 2456 3207 est
2500 3153 2786 3223 Spiritus:
2841 3168 2943 3205 nec
2975 3152 3128 3205 enim
3172 3151 3316 3205 alius
3362 3150 3571 3204 dicitur

1880 3260 1999 3298 esse
2035 3244 2232 3309 Patris,
2283 3246 2338 3295 et
2370 3242 2515 3294 alius
2565 3241 2690 3295 Filii
2734 3240 2996 3309 Spiritus,
3031 3240 3125 3294 sed
3173 3256 3321 3294 unus
3366 3239 3570 3292 ambo-

1881 3348 2041 3398 rum;
2089 3330 2350 3401 procedit
2396 3330 2574 3400 igitur
2616 3329 2688 3383 ab
2736 3336 3001 3399 utroque.
3052 3329 3115 3382 In
3160 3326 3570 3398 posterioribus

1882 3420 2021 3490 (cap.
2062 3420 2183 3489 £0):
2217 3437 2246 3470 α
2276 3420 2398 3472 Non
2451 3434 2586 3487 ergo
2631 3416 2795 3488 quasi
2827 3432 2892 3469 ex
2924 3417 3050 3470 loco
3100 3416 3347 3469 mittitur
3393 3413 3563 3484 Spiri-

1881 3514 1992 3575 tus,
2044 3512 2141 3561 aut
2186 3506 2347 3577 quasi
2391 3522 2454 3559 ex
2507 3508 2627 3559 loco
2676 3505 2963 3575 procedit,
3028 3503 3257 3575 quando
3317 3500 3573 3572 procedit

1883 3613 1947 3650 ex
1998 3595 2156 3661 Filio,
2202 3594 2347 3648 sicut
2378 3594 2499 3664 ipse
2549 3594 2724 3647 Filius
2770 3610 2897 3646 cum
2931 3592 3087 3657 dicit,
3116 3592 3185 3644 de
3234 3593 3396 3645 Patre
3438 3606 3569 3660 pro-

1881 3686 2021 3738 cessi
2073 3689 2129 3737 et
2167 3682 2312 3735 veni.
2367 3704 2386 3729 ι
2440 3682 2731 3736 Manifeste
2773 3681 3046 3751 Spiritum
3078 3696 3143 3733 ex
3195 3679 3334 3733 Filio
3366 3693 3571 3749 proce-

1883 3773 2016 3827 dere
2048 3774 2303 3823 testatur.
2337 3770 2545 3822 Verum
2581 3785 2651 3823 ne
2686 3770 2793 3822 ista
2828 3768 3108 3839 processio
3138 3769 3207 3820 de
3255 3765 3572 3836 corporali-

1882 3858 1987 3912 bus
2048 3856 2245 3926 spatiis
2294 3855 2585 3921 metiatur,
2635 3855 2756 3925 ipse
2807 3856 2978 3909 Filius
3036 3855 3180 3908 hanc
3236 3852 3571 3922 opinionem

1883 3946 2206 4011 excludens,
2249 3944 2327 3997 ait
2373 3943 2441 3997 de
2486 3945 2671 4008 Patre,
2706 3945 2943 3997 Processi
2983 3948 3033 3997 et
3078 3944 3201 3996 veni
3231 3942 3406 4011 (Joan.
3453 3956 3568 4005 Vill,

1882 4033 1991 4100 4‘2).
2031 4031 2291 4087 Procedit
2319 4035 2507 4084 autem
2552 4030 2727 4084 Filius
2756 4030 2825 4084 de
2865 4032 3052 4097 Patre,
3084 4046 3196 4083 non
3231 4028 3409 4100 spatio
3441 4027 3572 4095 loci,

1884 4121 1982 4173 sed
2036 4119 2346 4173 nativitatis
2395 4135 2664 4188 egressu:
2713 4119 2972 4189 procedit
3010 4118 3253 4189 Spiritus
3286 4121 3509 4170 sanctus
3541 4133 3574 4168 a

1887 4210 2027 4263 Filio
2077 4224 2180 4261 nec
2229 4207 2333 4262 loci
2385 4208 2593 4278 spatio,
2649 4224 2753 4261 nec
2806 4207 3119 4261 nativitatis
3166 4222 3419 4277 egressu,
3475 4203 3570 4257 sed

1885 4297 2203 4352 existentite
2234 4312 2522 4367 processu.

1816 4399 1858 4452 1)
1956 4384 2197 4439 Inferius
2226 4386 2468 4455 loquens
2502 4384 2571 4437 de
2621 4382 2986 4453 processione
3036 4383 3163 4437 Filii
3193 4399 3256 4437 ex
3304 4384 3467 4437 Patre
3499 4380 3577 4434 sic

1884 4474 2041 4527 iniit:
2078 4494 2103 4524 α
2159 4474 2354 4543 Neque
2396 4488 2526 4526 cum
2567 4472 2635 4525 de
2684 4473 2847 4526 Patre
2887 4472 3017 4538 exit,
3057 4473 3124 4525 de
3172 4472 3295 4524 loco
3344 4469 3573 4534 recedit,

1886 4567 1942 4615 et
1989 4561 2151 4632 quasi
2197 4577 2404 4631 corpus
2452 4577 2486 4614 a
2532 4576 2769 4631 corpore
2813 4565 3167 4631 separantur.
3206 4561 3397 4629 Neque
3446 4574 3574 4611 cum

1886 4656 1972 4703 est
1998 4665 2129 4703 cum
2180 4650 2361 4714 Patre,
2396 4654 2669 4719 tanquam
2717 4648 2776 4702 in
2826 4663 3062 4718 corpore
3097 4662 3303 4716 corpus
3333 4645 3574 4698 includi-

1886 4744 2015 4792 tur:
2066 4737 2311 4807 Spiritus
2350 4753 2581 4807 quoque
2624 4742 2853 4790 sanctus
2887 4751 3013 4789 cum
3048 4734 3304 4804 procedit
3335 4748 3368 4785 a
3411 4734 3577 4786 Patre

1886 4832 1943 4879 et
1970 4843 2003 4879 a
2044 4826 2205 4891 Filio,
2253 4842 2366 4878 non
2417 4830 2714 4895 separatur
2755 4842 2789 4877 a
2820 4826 3003 4888 Patre,
3037 4837 3150 4874 non
3197 4828 3494 4889 separatur
3544 4838 3576 4872 a

1886 4915 2047 4970 Filio.
2085 4936 2111 4962 ››
2149 4914 2471 4982 Praecipuus
2512 4914 2613 4965 iste
2651 4913 2866 4975 doctor,
2904 4916 2959 4964 et
2988 4908 3337 4962 clarissimus
3368 4906 3577 4961 Christi

1886 5003 2201 5068 confessor,
2246 5001 2439 5055 dicens
2470 5002 2775 5071 procedere
2814 4997 3087 5067 Spiritum
3120 4999 3378 5049 sanctum
3410 5012 3440 5048 a
3472 4998 3576 5050 Pa-

1886 5098 1993 5153 tre,
2028 5089 2334 5161 procedere
2366 5095 2422 5142 et
2454 5106 2487 5142 a
2517 5087 2676 5150 Filio,
2708 5086 2933 5139 Arianis
2962 5084 3232 5137 adversus
3263 5100 3408 5154 quos
3438 5100 3580 5155 age-

1886 5181 2003 5245 bat,
2054 5176 2491 5245 blasphemandi
2541 5174 2767 5226 sustulit
2814 5172 3185 5237 occasionem,
3226 5187 3297 5226 ne
3347 5173 3448 5242 qui
3488 5172 3579 5225 di-

1886 5268 2088 5321 cebant
2118 5282 2248 5318 eum
2284 5265 2400 5318 fore
2431 5266 2770 5322 creaturam,
2804 5266 2861 5313 et
2907 5260 3189 5314 minorem
3231 5277 3349 5314 non
3396 5261 3581 5314 solum

1887 5358 2070 5418 Patre,
2119 5369 2317 5406 verum
2368 5352 2540 5404 etiam
2589 5349 2750 5415 Filio,
2798 5349 3051 5403 victoria:
3095 5350 3347 5419 palmam
3397 5349 3579 5402 refer—

1887 5448 2048 5496 rent:
2098 5456 2295 5494 verum
2339 5440 2635 5493 audientes
2684 5454 2814 5492 eum
2852 5456 2918 5491 ex
2970 5444 3215 5509 utroque
3263 5437 3578 5506 proceden—

1887 5538 2023 5595 tem,
2055 5533 2465 5597 cognoscerent
2504 5526 2683 5582 Patris
2734 5526 2972 5597 Filiique
3015 5524 3579 5587 consubstantialem,

1887 5636 1952 5674 ac
1988 5616 2201 5689 pariter
2248 5634 2379 5672 cum
2432 5617 2515 5670 eis
2560 5614 2989 5670 coadorandum
3028 5619 3084 5668 et
3139 5612 3579 5683 congloriﬁcan-
