3890 6230
344 328 444 379 255
1483 321 1841 377 RATBAMNI
1879 320 2337 378 CORBEIENSIS
2376 322 2683 377 MONACHI
3740 332 3821 379 256

345 455 504 509 dum.
539 456 603 509 Et
628 454 869 509 inferius
910 453 1117 508 Filium
1162 453 1446 506 dicentem
1496 457 1773 506 testatur:
1811 454 1919 517 Qui
1946 451 2035 507 αἱ·
2075 456 2116 509 Α
2146 456 2250 519 est,
2284 456 2349 505 ut
2395 452 2469 506 sit
2518 453 2774 523 ejusdem
2829 454 3162 508 substantia:
3209 470 3340 509 cum
3389 456 3555 522 Filio,
3590 456 3822 510 sicutest

344 546 467 613 ligit
506 559 605 609 me,
642 558 933 598 Sermonem
971 557 1144 596 meum
1184 542 1450 607 servabit;
1484 545 1534 594 et
1584 543 1743 595 Pater
1770 556 1913 595 meus
1944 541 2030 594 di-

343 635 471 700 liget
509 648 647 695 eum,
693 637 742 685 et
785 631 859 685 ad
903 647 1022 685 eum
1071 633 1362 695 veniemus,
1408 635 1457 683 et
1503 632 1831 684 mansionem
1884 629 2035 700 apud

342 737 459 775 eum
492 724 763 786 faciemus
804 720 992 788 (Joan.
1030 736 1139 784 xw,
1168 719 1279 787 23).
1313 738 1339 767 ‹‹
1382 718 1472 772 Sic
1503 719 1681 787 igitur
1726 718 1880 771 venit
1908 719 2034 789 Spi-

342 810 506 875 ritus,
554 807 1043 879 quemadmodum
1091 806 1246 860 venit
1293 808 1487 873 Pater;
1536 808 1671 876 quia
1731 808 1827 860 ubi
1871 809 2037 861 Pater

344 905 448 963 est,
476 898 557 951 ibi
610 902 693 950 est
730 902 786 950 et
836 897 1040 961 Filius;
1076 900 1133 949 et
1160 895 1254 948 ubi
1303 896 1496 963 Filius,
1540 895 1619 948 ibi
1651 900 1737 950 est
1778 900 1833 950 et
1864 896 2038 966 Spiri-

344 993 437 1039 tus
486 992 732 1039 sanctus.
790 1004 815 1035 »
866 984 1012 1048 Quid
1064 990 1148 1037 est
1189 989 1377 1038 autem
1424 984 1579 1054 quod
1630 984 1729 1049 ait,
1759 985 1893 1053 quia
1940 984 2035 1038 ubi

348 1076 517 1128 Pater
546 1080 649 1140 est,
680 1074 755 1127 ibi
790 1080 873 1127 est
913 1078 965 1126 et
1000 1073 1193 1137 Filius,
1227 1073 1335 1126 nisi
1382 1074 1518 1143 quia
1548 1073 1723 1127 Filius
1754 1074 1823 1127 de
1873 1076 2036 1128 Patre

348 1169 515 1217 natus
560 1167 663 1227 est,
714 1179 745 1215 a
794 1178 908 1233 quo
960 1177 1253 1232 nunquam
1303 1161 1623 1215 dividitur:
1666 1166 1721 1215 et
1765 1161 1900 1232 quid
1933 1167 2035 1228 est,

347 1250 443 1304 ubi
473 1256 559 1303 est
590 1250 784 1317 Filius,
824 1250 903 1303 ibi
950 1254 1037 1303 est
1084 1249 1327 1319 Spiritus
1371 1248 1638 1303 sanctus?
1665 1249 1774 1302 nisi
1805 1251 1940 1320 quia
1969 1250 2039 1303 de

350 1338 488 1392 Filio
518 1338 775 1407 procedit
803 1338 1049 1407 Spiritus
1075 1343 1323 1405 sanctus,
1346 1354 1377 1389 a
1408 1354 1522 1407 quo
1558 1354 1853 1408 nunquam
1884 1354 2040 1409 sepa—

347 1433 523 1492 ratur,
558 1432 616 1479 et
666 1426 1009 1479 inetfabilem
1046 1426 1295 1479 ostendit
1337 1426 1512 1480 totius
1560 1426 1850 1480 Trinitatis
1898 1443 2033 1480 con-

345 1514 909 1580 substantialitatem,
961 1531 1091 1569 cum
1144 1515 1349 1569 Filium
1412 1519 1650 1568 testatur
1704 1531 1930 1585 semper
1979 1516 2039 1569 in

345 1606 507 1658 Patre
558 1620 701 1670 esse,
755 1609 813 1658 et
879 1603 1155 1675 Spiritum
1205 1609 1463 1657 sanctum
1519 1620 1747 1673 semper
1803 1621 1922 1658 esse
1983 1606 2039 1658 in

347 1692 510 1760 Filio,
540 1697 604 1745 ut
635 1692 733 1745 ubi
770 1694 936 1745 Pater
965 1693 1055 1758 sit,
1087 1691 1160 1745 sit
1200 1696 1257 1745 et
1288 1692 1489 1757 Filius;
1526 1697 1581 1745 et
1615 1691 1709 1745 ubi
1742 1692 1933 1759 Filius,
1969 1692 2041 1745 sit

347 1797 579 1851 quoque
627 1780 869 1851 Spiritus
917 1786 1163 1842 sanctus,
1210 1796 1325 1833 non
1381 1782 1528 1846 loco,
1588 1797 1703 1834 non
1759 1786 2039 1849 tempore,

349 1884 461 1920 non
510 1870 823 1933 voluntate,
895 1884 1012 1921 non
1076 1867 1315 1932 actione,
1378 1884 1493 1921 non
1554 1869 1795 1922 essentia
1852 1868 2037 1922 divisi.

352 1959 487 2009 Item
545 1958 832 2026 posterius
898 1957 1041 2026 (cap.
1098 1956 1223 2025 12):
1286 1976 1312 2007 α
1382 1957 1537 2010 Sicut
1588 1959 1753 2011 Pater
1809 1958 2042 2011 tradidit

352 2045 579 2111 Filium,
612 2051 669 2099 et
718 2045 891 2099 Filius
936 2045 1058 2116 ipse
1109 2061 1168 2098 se
1208 2044 1461 2109 tradidit,
1504 2046 1694 2116 accipe
1743 2046 1879 2117 quia
1916 2046 2039 2117 Spi-

348 2134 491 2186 ritus
540 2138 766 2186 sanctus
842 2149 976 2187 eum
1043 2133 1314 2187 tradidit:
1376 2134 1650 2203 scriptum
1703 2141 1788 2187 est
1843 2134 2037 2188 enim:

353 2225 498 2275 Tunc
523 2222 687 2275 Jesus
727 2222 920 2275 ductus
950 2226 1029 2276 est
1073 2225 1131 2275 in
1163 2222 1431 2276 desertum
1470 2239 1503 2274 a
1551 2224 1786 2291 Spiritu,
1818 2228 1879 2276 ut
1922 2230 2039 2277 ten-

348 2316 555 2363 taretur
583 2327 618 2363 a
666 2310 879 2364 diabolo
912 2310 1135 2379 (Matth.
1191 2312 1289 2380 ιν).
1336 2311 1479 2380 Ergo
1523 2316 1579 2365 et
1619 2312 1862 2382 Spiritus
1905 2312 2042 2365 dili-

348 2413 488 2467 gens
526 2397 762 2452 tradidit
805 2398 1049 2452 Filium:
1081 2404 1167 2453 est
1206 2398 1357 2451 enim
1407 2414 1520 2451 una
1570 2399 1814 2452 charitas
1860 2400 2043 2453 Patris

348 2491 404 2538 et
436 2485 581 2539 Filii.
620 2507 640 2534 ι
699 2487 843 2539 Dum
890 2486 1028 2540 dicit
1054 2487 1385 2541 charitatem
1418 2502 1590 2539 unam
1625 2504 1744 2540 esse
1777 2488 1957 2542 Patris
1989 2492 2044 2541 et

353 2573 500 2639 Filii,
531 2574 874 2627 testiﬁcatur
908 2590 1089 2628 unum
1135 2591 1256 2628 esse
1286 2563 1564 2644 Spiritum
1599 2576 1925 2647 utriusque;
1959 2581 2044 2629 est

351 2660 505 2713 enim
562 2660 806 2731 Spiritus
878 2662 1142 2715 charitas.
1214 2663 1361 2717 Dicit
1415 2664 1759 2734 Apostolus:
1816 2666 2042 2719 Fructus

349 2750 487 2802 enim
516 2750 783 2819 Spiritus,
817 2751 1059 2806 charitas
1087 2751 1229 2819 (Gal.
1273 2769 1329 2820 ν,
1368 2752 1479 2823 22).
1526 2754 1869 2807 Monstratur
1906 2770 2042 2824 ergo

348 2837 590 2907 Spiritus
620 2855 654 2892 a
684 2841 847 2893 Patre
879 2845 935 2893 et
968 2839 1106 2894 Filio
1144 2840 1471 2910 procedere,
1504 2857 1747 2910 quorum
1788 2846 1872 2895 est
1909 2842 2040 2895 cha-

349 2925 524 2979 ritas:
559 2942 676 2979 non
726 2928 879 2980 enim
920 2933 1110 2998 potest
1151 2928 1395 2981 charitas
1434 2930 1614 2983 Patris
1662 2946 1783 2983 esse
1815 2930 1926 2983 nisi
1973 2930 2041 2983 de

351 3014 517 3068 Patre
547 3016 845 3084 procedat;
893 3016 1030 3087 quia
1073 3032 1188 3070 non
1239 3017 1469 3071 aliunde
1515 3018 1850 3072 charitatem
1891 3019 2041 3072 acci-

352 3102 469 3171 pit:
504 3119 688 3174 neque
718 3104 841 3158 Filii
871 3104 1116 3158 charitas
1160 3109 1344 3175 potest
1386 3122 1528 3169 esse,
1561 3107 1671 3160 nisi
1716 3107 1982 3177 procedat
2012 3126 2044 3162 a

353 3190 531 3245 Filio:
566 3193 853 3262 quomodo
898 3209 1013 3264 qua
1055 3193 1246 3263 diligit
1274 3194 1539 3262 charitas,
1572 3211 1637 3248 ex
1682 3195 1805 3265 ipso
1839 3212 2043 3266 proce—

349 3275 478 3329 dit:
512 3282 566 3329 et
612 3278 897 3346 quomodo
936 3294 1050 3331 una
1098 3278 1344 3331 charitas
1384 3284 1469 3333 est
1512 3280 1691 3333 Patris
1736 3286 1907 3350 atque
1956 3281 2041 3335 Fi-

351 3364 433 3431 lii,
466 3380 615 3418 unus
663 3366 907 3436 Spiritus
957 3372 1041 3421 est
1090 3366 1389 3438 utriusque
1433 3370 1746 3437 procedens
1778 3370 1847 3423 ab
1878 3375 2035 3423 utro-

351 3469 482 3524 que.

422 3541 484 3594 In
532 3540 780 3595 secundo
828 3540 975 3595 libro
1021 3545 1163 3612 (cap.
1205 3543 1285 3612 t2)
1331 3542 1411 3596 sic
1457 3542 1633 3598 dicit:
1697 3564 1725 3595 (ι
1774 3546 1852 3599 De
1903 3545 2043 3600 Filio

348 3628 593 3699 Spiritus
638 3634 866 3682 sanctus
916 3630 1152 3699 accepit.
1200 3632 1432 3701 Accepit
1482 3638 1673 3685 autem
1705 3650 1808 3703 per
1856 3634 2043 3687 unita-

348 3721 463 3771 tem
496 3718 851 3783 substantiaa,
896 3719 1044 3772 sicut
1088 3719 1306 3789 accepit
1336 3736 1369 3773 a
1410 3722 1571 3774 Patre
1619 3722 1811 3775 Filius.
1848 3742 1875 3771 ι)
1927 3723 2046 3777 Hoc

351 3805 561 3873 dicens,
597 3822 789 3861 nonne
818 3809 1134 3861 clarissime
1164 3809 1329 3862 docet
1370 3809 1521 3879 quod
1555 3811 1775 3880 accepit
1803 3810 2047 3881 Spiritus

350 3900 576 3947 sanctus
622 3913 655 3948 a
704 3896 882 3950 Filio?
914 3904 970 3950 et
1009 3897 1161 3967 quod
1206 3899 1443 3968 accepit,
1480 3900 1839 3969 procedendo
1883 3916 2046 3953 acce-

350 3981 465 4050 pit;
492 3984 982 4051 quemadmodum
1030 3985 1204 4038 Filius
1238 3986 1391 4056 quod
1424 3988 1640 4055 accepit
1669 4005 1701 4041 a
1733 3989 1911 4049 Patre,
1944 4004 2044 4041 na-

353 4070 557 4123 scendo
605 4072 838 4140 accepit.
880 4074 1025 4125 Num
1074 4073 1229 4127 aliud
1272 4074 1462 4143 potuit
1503 4076 1756 4144 accipere
1805 4076 2046 4145 Spiritus

353 4163 581 4209 sanctus
619 4174 650 4209 a
700 4159 841 4212 Filio
888 4162 1037 4229 quod
1088 4167 1257 4214 antea
1312 4178 1427 4215 non
1480 4162 1742 4227 habebat,
1791 4180 1919 4217 cum
1977 4164 2048 4217 sit

353 4244 524 4297 unius
551 4245 880 4298 substantiae
913 4263 1041 4300 eum
1077 4249 1237 4315 Filio,
1273 4250 1442 4303 unius
1470 4251 1778 4320 potentiae:
1813 4257 1868 4304 et
1897 4267 2049 4321 qua!-

354 4348 579 4402 cunque
609 4333 782 4385 Filius
826 4334 1014 4402 habet,
1061 4336 1265 4391 habent
1305 4337 1480 4391 etiam
1520 4346 1577 4391 et
1621 4338 1864 4408 Spiritus
1913 4356 2048 4392 san—

354 4420 516 4475 ctus?
546 4419 852 4491 Subjuugit
891 4428 1119 4476 sanctus
1161 4426 1494 4479 Ambrosius
1540 4427 1933 4480 testiinonium
1980 4444 2047 4481 ex

357 4508 694 4579 Evangelio:
744 4511 858 4575 Ille,
894 4510 1098 4582 inquit,
1132 4528 1212 4565 me
1263 4514 1605 4582 claﬁﬁcabit,
1648 4518 1779 4585 quia
1826 4517 1891 4570 de
1938 4533 2050 4571 meo

354 4599 599 4666 accipiet,
635 4604 684 4651 et
722 4601 1075 4653 annuntiabit
1116 4602 1284 4655 vobis.
1336 4605 1532 4656 Omnia
1579 4620 1905 4673 quzccunque
1951 4607 2048 4659 ha-

358 4685 441 4738 bet
470 4687 651 4752 Pater,
687 4703 805 4741 mea
844 4694 1002 4755 sunt;
1047 4695 1332 4758 propterea
1372 4690 1513 4755 dimi,
1547 4692 1612 4745 de
1658 4708 1767 4745 meo
1797 4696 2047 4762 accipiet,

355 4779 406 4827 et
462 4776 813 4830 annuntiabit
866 4777 1015 4831 vobis
1069 4776 1250 4845 (Joan.
1301 4793 1415 4839 xvi,
1468 4780 1568 4843 li).
1630 4780 2045 4850 Subsequitur:

362 4884 388 4911 ‹‹
441 4863 586 4927 Quid
636 4863 816 4934 igitur
863 4866 969 4919 hac
1016 4866 1335 4919 evidentius
1387 4867 1638 4920 unitate?
1686 4869 1820 4932 Quae
1879 4869 2052 4923 habet

360 4952 544 5017 Pater,
577 4952 703 5005 Filii
752 4959 918 5006 sunt:
968 4970 1097 5023 quin
1131 4954 1303 5008 habet
1336 4956 1523 5019 Filius,
1557 4958 1775 5026 accepit
1823 4963 1877 5010 et
1922 4958 2047 5028 Spi-

358 5038 518 5091 ritus.
568 5058 595 5089 ι)
646 5041 775 5095 Haec
823 5042 1000 5094 sancti
1050 5042 1336 5097 Ambrosii
1380 5046 1550 5098 verba
1591 5046 1926 5115 planissime
1972 5053 2051 5099 te-

360 5130 577 5179 stantur
644 5127 919 5197 Spiritum
992 5137 1248 5184 sanctum
1324 5150 1357 5186 a
1410 5134 1547 5187 Filio
1604 5135 2051 5189 substantialiter

361 5214 735 5283 processisse;
792 5218 871 5270 ait
928 5234 1213 5290 namque:
1272 5220 1408 5284 Quae
1472 5222 1643 5277 habet
1702 5225 1865 5277 Pater
1924 5223 2050 5277 Filii

360 5306 513 5369 sunt,
542 5301 594 5354 id
630 5308 733 5368 est,
766 5305 1215 5361 substantialiter
1245 5316 1409 5364 natus
1439 5310 1506 5364 de
1548 5312 1729 5376 Patre,
1765 5329 1889 5382 qua:
1920 5318 2051 5367 sunt

365 5387 544 5440 Patris
590 5395 721 5442 sunt
773 5399 830 5445 et
886 5394 1047 5447 Filii:
1110 5397 1375 5451 similiter
1420 5402 1477 5450 et
1529 5398 1772 5467 Spiritus
1825 5405 2051 5454 sanctus

364 5474 813 5532 substantialiter
859 5484 1171 5550 procedens
1219 5486 1288 5538 de
1340 5485 1501 5551 Filio,
1551 5486 1769 5556 accepit
1802 5505 1833 5539 a
1885 5488 2049 5553 Filio,

364 5566 428 5615 ut
456 5577 811 5636 quascunque
862 5568 1035 5622 Filius
1084 5570 1273 5638 habet,
1324 5572 1532 5626 habeat
1570 5578 1626 5627 et
1678 5574 1943 5643 Spiritus,
1988 5574 2045 5629 id

2145 540 2317 594 Filius
2359 540 2615 611 ejusdem
2665 542 2993 595 substantiae
3045 558 3176 596 cum
3220 545 3406 598 Patre.
3442 546 3587 598 Item
3624 544 3686 597 in
3714 562 3819 599 con-

2142 629 2553 699 sequentibus:
2620 652 2640 677 c
2702 630 2861 694 Quod
2916 631 3172 702 loquitur
3227 633 3419 700 Filius,
3474 634 3738 703 loquitur
3780 641 3823 687 et

2144 718 2343 784 Pater;
2389 724 2445 771 et
2494 718 2647 789 quod
2694 720 2859 773 Pater
2908 720 3182 789 loquitur,
3218 721 3476 791 loquitur
3524 727 3584 775 et
3636 722 3819 774 Filius:

2145 810 2201 858 et
2239 806 2308 859 de
2352 805 2567 876 Spiritu
2613 806 2786 860 Filius
2837 807 2937 860 Dei
2977 807 3155 862 dixit:
3203 811 3320 864 Non
3366 812 3509 863 enim
3543 811 3823 878 loquitura

2144 909 2213 957 se,
2264 894 2372 947 hoc
2421 899 2524 959 est,
2571 912 2684 948 non
2744 896 2866 948 sine
2916 912 3045 949 mea
3092 902 3150 950 et
3205 897 3383 951 Patris
3440 900 3825 951 communione

2146 983 2282 1052 (non
2339 982 2494 1035 enim
2535 982 2753 1035 divisus
2794 998 2858 1035 ac
2913 989 3208 1053 separatus
3256 989 3340 1037 est
3390 984 3699 1054 Spiritus),
3753 985 3826 1037 sed

2147 1086 2264 1138 quae
2311 1071 2469 1124 audit
2518 1072 2761 1138 loquitur
2817 1072 3012 1139 (Ibid.,
3074 1072 3201 1139 l3):
3260 1071 3417 1125 audit
3448 1072 3718 1126 videlicet
3748 1089 3827 1141 per

2149 1158 2423 1213 unitatem
2478 1158 2834 1223 substantiae,
2894 1164 2949 1212 et
3006 1158 3413 1229 proprietatem
3474 1158 3750 1212 scientia.
3808 1182 3824 1205 ι

2149 1250 2293 1302 Dum
2341 1249 2643 1303 conﬁtetur
2685 1249 2883 1303 doctor
2928 1249 3031 1302 iste
3061 1249 3371 1303 catholicus
3407 1249 3691 1319 Spiritum
3721 1265 3830 1301 san-

2147 1343 2302 1389 ctum
2335 1353 2449 1390 non
2498 1336 2656 1407 loqui
2704 1337 2825 1390 sine
2871 1338 3054 1390 Patris
3109 1337 3350 1407 Filiique
3396 1337 3829 1401 communione;

2149 1426 2411 1479 videlicet
2443 1426 2713 1496 loquente
2762 1426 3004 1495 Spiritu,
3049 1426 3306 1496 loquitur
3354 1428 3539 1491 Pater,
3592 1426 3832 1496 loquitur

2149 1520 2204 1567 et
2237 1514 2427 1577 Filius,
2479 1518 2720 1567 testatur
2764 1514 3031 1567 eumdem
3081 1531 3201 1567 esse
3254 1514 3429 1567 Patris
3460 1521 3519 1567 et
3552 1514 3687 1568 Filii
3716 1530 3831 1567 cou-

2148 1603 2604 1671 substantialem,
2635 1608 2691 1655 et
2730 1603 2985 1673 ejusdem
3023 1602 3387 1672 operationis,
3428 1619 3533 1656 nec
3575 1602 3833 1667 dixisum,

2149 1708 2254 1745 nec
2282 1696 2628 1761 separatum.
2661 1692 2724 1745 Et
2751 1692 2900 1762 quod
2930 1691 3183 1745 addidit:
3218 1691 3351 1755 Quae
3383 1691 3541 1744 audit
3572 1692 3835 1762 loquitur,

2151 1780 2572 1851 processionem
2623 1783 2746 1849 ejus
2796 1780 3084 1833 insinuat:
3130 1796 3246 1833 non
3295 1781 3446 1833 enim
3502 1780 3835 1849 quibusdam

2151 1868 2463 1938 interjectis
2512 1868 2730 1937 spatiis,
2783 1870 2871 1922 vel
2920 1869 3207 1939 aliquibus
3254 1869 3645 1922 foraminibus
3697 1871 3839 1922 audit

2152 1952 2332 2007 Patris
2364 1952 2605 2022 Filiique
2634 1953 2980 2005 locutionem
3012 1953 3278 2022 Spiritus,
3312 1968 3440 2005 cum
3475 1953 3551 2005 sit
3588 1952 3841 2022 ejusdem

2151 2039 2502 2093 substantiae.
2553 2040 2617 2093 Et
2654 2040 2802 2093 sicut
2848 2040 2983 2093 dicit
3019 2041 3228 2094 Filius:
3263 2043 3455 2096 Omnia
3486 2056 3612 2110 qua:
3663 2040 3846 2093 audiri

2151 2144 2185 2181 a
2241 2130 2402 2181 Patre
2448 2144 2579 2194 meo,
2606 2134 2734 2182 nota
2780 2131 2887 2195 feci
2930 2130 3078 2182 vobis
3133 2130 3318 2198 (Joan.
3378 2145 3469 2190 xv,
3534 2132 3667 2197 15'):
3728 2145 3845 2181 nas-

2149 2217 2330 2270 cendo
2361 2217 2619 2270 videlicet
2647 2216 2713 2270 de
2747 2219 2933 2282 Patre,
2967 2222 3024 2271 et
3054 2218 3112 2270 in
3154 2218 3332 2271 Patris
3364 2218 3697 2271 substantia
3727 2234 3845 2287 per~

2152 2306 2457 2373 manendo,
2514 2321 2630 2359 non
2677 2306 2966 2376 aliquibus
3010 2306 3321 2359 intervallis
3375 2306 3553 2360 Patris
3603 2307 3846 2359 locutio-

2152 2411 2284 2448 nem
2314 2394 2722 2465 percipiendo:
2772 2394 2851 2448 sic
2899 2400 2953 2447 et
3002 2394 3244 2464 Spiritus
3278 2410 3404 2465 quae
3449 2394 3613 2448 audit
3666 2395 3845 2466 loqui-

2152 2489 2264 2550 tur,
2294 2484 2651 2554 procedendo
2687 2482 2901 2537 scilicet
2928 2483 2996 2537 de
3038 2485 3201 2536 Patre
3236 2484 3509 2554 Filioque,
3542 2483 3692 2552 quia
3726 2484 3849 2536 sub-

2153 2571 2500 2625 stantialiter
2542 2587 2782 2625 manens
2837 2571 2897 2624 in
2962 2577 3234 2642 utroque,
3290 2576 3348 2625 et
3400 2573 3731 2641 procedens
3788 2574 3851 2625 ab

2152 2665 2418 2731 utroque,
2444 2660 2602 2715 audit
2630 2676 2758 2732 qua:
2785 2660 3040 2731 loquitur
3067 2676 3171 2731 per
3203 2661 3477 2714 unitatem
3509 2662 3852 2715 substantia:

2152 2753 2209 2803 et
2236 2749 2648 2819 proprietatem
2682 2749 2953 2803 scientiae.

2226 2840 2287 2891 Et
2326 2837 2508 2891 intra:
2569 2860 2588 2885 ι
2645 2837 2847 2892 Omnia
2878 2836 3061 2891 Patris
3100 2836 3273 2891 habet
3320 2836 3517 2902 Filius,
3569 2839 3680 2908 qui
3734 2839 3853 2891 ait:

2153 2926 2347 2981 Omnia
2399 2941 2517 2994 qua
2568 2927 2748 2979 Patris
2794 2930 2941 2993 sunt,
2985 2941 3102 2979 mea
3160 2930 3286 2979 sunt
3338 2926 3519 2993 (Joan.
3575 2942 3698 2993 xvr,
3758 2930 3855 2993 151:,

2151 3019 2206 3067 et
2235 3031 2363 3084 quae
2411 3013 2629 3083 accepit
2675 3013 2795 3084 ipse
2846 3029 2947 3083 per
2994 3014 3275 3067 unitatem
3325 3021 3571 3082 naturae,
3606 3032 3683 3069 ex
3741 3016 3860 3086 ipso

2151 3119 2255 3173 per
2316 3102 2577 3156 eamdem
2647 3102 2924 3155 unitatem
3005 3102 3222 3172 accepit
3302 3102 3613 3171 Spiritus:
3722 3105 3865 3157 sicut

2151 3190 2269 3260 ipse
2332 3188 2608 3244 Dominus
2662 3189 2825 3242 Jesus
2884 3188 3136 3242 declarat
3183 3189 3252 3242 de
3328 3189 3543 3259 Spiritu
3606 3206 3723 3243 suo
3785 3191 3865 3244 di-

2151 3293 2319 3331 cens:
2389 3282 2693 3346 propterea
2772 3275 2927 3329 dixi:
3000 3278 3075 3330 De
3138 3292 3250 3329 meo
3316 3279 3580 3344 accipiet,
3650 3285 3710 3332 et
3772 3296 3865 3331 an-

2151 3365 2426 3419 nuntiabit
2518 3363 2668 3417 vobis
2763 3363 2958 3432 (Ibid,
3054 3365 3157 3429 14).
3253 3384 3280 3413 ››
3364 3364 3571 3418 Dicens
3662 3367 3871 3420 omnia

2151 3453 2330 3507 Patris
2384 3468 2511 3524 quze
2568 3456 2702 3505 sunt
2756 3452 2966 3505 habere
3024 3452 3250 3518 Filium,
3303 3469 3499 3505 rursus
3548 3460 3607 3507 et
3664 3456 3872 3509 omnia

2151 3557 2280 3613 quae
2337 3540 2555 3610 accepit
2616 3541 2736 3610 ipse
2815 3557 2848 3593 a
2916 3542 3098 3602 Patre,
3158 3556 3262 3610 per
3332 3542 3620 3595 unitatem
3695 3550 3872 3597 natu-

2152 3646 2230 3683 rai
2287 3630 2571 3700 Spiritum
2624 3628 2905 3699 accepisse
2963 3645 3029 3682 ex
3104 3628 3247 3698 ipso,
3301 3629 3356 3682 id
3417 3636 3504 3683 est
3554 3648 3628 3684 ex
3692 3633 3875 3697 Filio;

2155 3733 2343 3770 nonne
2376 3718 2673 3770 manifeste
2704 3716 2951 3769 declarat
2993 3716 3196 3770 Filium
3234 3732 3297 3769 ex
3336 3718 3497 3771 Patre
3535 3725 3786 3781 natum,
3822 3722 3875 3774 id

2154 3811 2239 3859 est
2269 3822 2333 3859 ex
2364 3812 2601 3877 paterna
2640 3806 2978 3869 substantia,
3014 3805 3287 3875 Spiritum
3328 3822 3555 3877 quoque
3592 3818 3879 3861 sanctum

2154 3911 2217 3947 ex
2254 3895 2394 3948 Filio
2446 3894 2773 3965 procedere,
2821 3893 2875 3945 id
2928 3898 3012 3945 est
3056 3894 3182 3946 Filii
3211 3894 3559 3960 substantia;
3617 3903 3681 3950 et
3732 3899 3885 3951 sicut

2158 3983 2329 4037 Filius
2360 3982 2643 4037 nascendo
2686 3982 2882 4035 omnia
2912 3998 3040 4052 quae
3083 3982 3266 4035 Patris
3305 3988 3462 4051 sunt,
3497 3986 3767 4055 accepit;
3808 3988 3888 4040 sic

2153 4080 2206 4127 et
2236 4072 2479 4141 Spiritus
2511 4076 2736 4124 sanctus
2782 4071 3139 4141 procedendo
3186 4070 3253 4123 de
3288 4071 3449 4137 Filio,
3493 4088 3888 4145 quaecunque

2156 4165 2288 4213 sunt
2338 4160 2465 4213 Filii
2508 4158 2796 4229 suscepit?
2830 4160 2895 4211 Et
2924 4159 3104 4212 intra:
3158 4178 3184 4209 α
3217 4159 3378 4222 Quod
3428 4177 3565 4229 ergo
3598 4161 3890 4234 loquitur

2153 4250 2417 4320 Spiritus,
2468 4249 2592 4303 Filii
2641 4254 2751 4315 est;
2799 4250 2955 4319 quod
3006 4249 3161 4303 dedit
3210 4251 3406 4317 Filius,
3447 4252 3635 4304 Patris
3684 4263 3805 4307 est.
3864 4278 3887 4304 ιο

2089 4341 2131 4394 D
2160 4338 2341 4409 Igitur
2371 4338 2417 4390 si
2458 4337 2608 4407 quod
2657 4338 2916 4406 loquitur
2947 4337 3190 4408 Spiritus
3239 4338 3367 4392 Filii
3414 4345 3515 4401 est,
3551 4343 3890 4397 manifeste

2156 4427 2355 4480 doctor
2388 4425 2491 4478 iste
2537 4430 2776 4478 testatur
2820 4426 2954 4496 quia
2984 4442 3342 4496 quaecunque
3380 4427 3633 4496 Spiritus
3668 4430 3890 4495 habet,

2158 4534 2189 4569 a
2223 4515 2360 4568 Filio
2399 4514 2664 4584 suscepit,
2712 4514 2845 4584 quia
2888 4514 3141 4584 procedit
3188 4530 3254 4567 ex
3300 4514 3451 4584 ipso;
3504 4520 3563 4568 et
3604 4517 3657 4569 si
3718 4522 3890 4589 quod

2158 4603 2312 4658 dedit
2369 4604 2567 4670 Filius,
2614 4603 2794 4656 Patris
2845 4607 2949 4668 est,
2999 4602 3092 4656 cui
3138 4618 3272 4655 vero
3318 4602 3513 4657 dedit?
3569 4605 3890 4662 Nimirum

2157 4692 2395 4762 Spiritui
2428 4697 2623 4745 sancto
2663 4691 2761 4761 qui
2803 4690 2871 4743 de
2902 4691 2999 4744 illo
3027 4691 3320 4760 procedit:
3354 4696 3410 4745 et
3439 4692 3482 4744 si
3517 4694 3673 4762 quod
3717 4697 3890 4750 dedii

2157 4780 2337 4834 Patris
2384 4784 2488 4846 est,
2524 4779 2739 4849 accepit
2776 4778 2845 4832 de
2893 4780 3060 4832 Patre
3112 4780 3395 4833 nascendo
3446 4782 3647 4847 Filius,
3688 4794 3773 4839 ut
3829 4806 3890 4841 ei

2157 4869 2282 4939 ipso
2315 4868 2583 4938 procedat
2613 4867 2859 4937 Spiritus
2881 4872 3129 4921 sanctus.
3165 4868 3506 4939 Subjunxit:
3541 4890 3569 4917 ‹‹
3605 4872 3695 4925 lta
3735 4876 3880 4930 nihi

2157 4973 2188 5010 a
2218 4973 2275 5010 se
2306 4962 2406 5010 aut
2438 4955 2612 5009 Filius
2646 4955 2897 5025 loquitur
2926 4960 3025 5009 aut
3058 4955 3321 5025 Spiritus,
3356 4956 3495 5026 quia
3524 4957 3679 5012 nihil
3716 4968 3890 5017 extr:

2158 5062 2216 5099 se
2263 5044 2507 5099 Trinitas
2554 5043 2825 5115 loquitur.
2860 5064 2886 5090 ››
2922 5044 3063 5097 Tota
3100 5043 3343 5097 Trinitas
3376 5044 3435 5096 in
3466 5045 3658 5111 Patre,
3706 5050 3881 5105 Filio

2158 5133 2489 5204 Spirituque
2519 5131 2795 5185 consistit.
2829 5130 2982 5185 Nihil
3011 5136 3199 5184 autem
3228 5131 3481 5200 loquitur
3509 5132 3696 5185 Filius
3732 5154 3775 5189 ει
3814 5156 3881 5191 se

2159 5222 2294 5292 quia
2340 5237 2458 5274 non
2504 5226 2589 5274 est
2628 5237 2660 5273 a
2696 5236 2776 5286 se,
2824 5219 2922 5273 sed
2968 5236 3001 5271 a
3032 5220 3215 5273 Patre.
3266 5218 3542 5273 Similiter
3593 5221 3763 5277 nihil
3826 5227 3887 5279 In

2158 5309 2353 5381 quitur
2383 5308 2625 5379 Spiritus
2656 5326 2687 5362 a
2735 5325 2815 5373 se,
2846 5308 2984 5379 quia
3014 5324 3129 5361 non
3178 5312 3262 5360 est
3286 5324 3319 5360 a
3361 5323 3441 5374 se,
3476 5308 3580 5360 sed
3613 5326 3646 5361 a
3683 5312 3862 5367 Filio

2159 5399 2311 5451 solus
2341 5401 2533 5451 autem
2565 5399 2727 5450 Pater
2748 5413 2815 5451 ex
2844 5397 3025 5451 nullo.
3056 5396 3200 5465 Ergo
3231 5396 3640 5466 cumloquitur
3666 5400 3885 5457 Filius

2158 5492 2279 5540 tota
2324 5486 2567 5540 Trinitas
2622 5485 2908 5556 loquitur;
2970 5490 3026 5538 et
3086 5500 3212 5537 cum
3277 5485 3531 5554 loquitur
3587 5486 3885 5556 Spiritus

2160 5578 2274 5628 tota
2314 5573 2558 5627 Trinitas
2606 5574 2894 5644 loquitur;
2929 5578 2982 5626 et
3021 5590 3151 5627 cum
3202 5573 3458 5643 loquitur
3503 5574 3703 5635 Pater.
3770 5587 3890 5636 ton
