3890 6230
66 335 145 386 257
1041 328 1319 387 CONTRA
1356 328 1763 386 GRECORUM
1808 327 2156 385 OPPOSITA.
2190 360 2257 369 —-
2298 329 2434 386 LIB.
2488 330 2557 387 II.

3445 332 3547 385 258

58 467 286 522 Trinitas
329 465 625 539 loquitur;
679 467 811 539 quia
856 467 996 521 nihil
1050 474 1207 520 extra
1252 484 1310 520 se
1359 448 1602 521 Trinitas
1658 467 1735 519 lo-
1777 468 1824 519 Α
1854 465 2006 521 tione
2055 467 2363 537 procedere
2399 466 2673 536 Spiritum
2736 472 2851 521 tam
2909 467 2977 522 de
3026 468 3189 521 Patre
3248 484 3421 539 quam
3479 467 3548 523 de

58 558 257 628 quitur,
284 558 422 626 quia
455 574 569 611 non
610 557 883 611 dividitur
912 572 945 609 a
974 573 1053 623 se,
1089 572 1192 609 nec
1224 560 1539 625 separatur.

119 644 258 695 Item
310 643 571 712 ejusdem
628 642 819 711 operis
876 642 935 694 in
990 642 1157 694 tertio
1224 641 1418 694 libello
1448 642 1605 709 (Cap.
1646 641 1741 709 I):

56 752 77 781 ι
109 732 243 783 Nam
302 731 621 784 secundum
668 730 1024 783 divinitatem
1074 746 1188 782 non
1236 745 1410 799 supra
1459 728 1745 782 Christum

52 825 125 872 est
157 818 433 888 Spiritus,
480 819 576 871 sed
628 818 685 870 in
736 818 961 872 Christo
1024 833 1036 870 :
1087 816 1220 887 quia
1266 816 1410 869 sicut
1466 817 1633 869 Pater
1686 816 1745 869 in

52 907 196 969 Filio,
231 913 295 958 et
327 906 503 960 Filius
548 905 607 958 in
640 907 835 970 Patre;
897 905 975 958 ita
1016 905 1114 957 Dei
1146 904 1388 974 Spiritus
1418 909 1474 957 et
1501 904 1746 973 Spiritus

52 993 247 1047 Christi
286 994 344 1046 in
376 994 541 1047 Patre
571 1000 656 1046 est
682 997 737 1046 et
767 992 928 1046 Filio.
963 1016 983 1041 ι
1044 995 1249 1047 Beatus
1277 992 1611 1046 Ambrosius
1661 992 1746 1045 di-

49 1100 168 1135 cens
196 1084 527 1135 secundum
558 1082 914 1135 divinitatem
945 1081 1222 1150 Spiritum
1256 1098 1373 1134 non
1404 1098 1525 1134 esse
1575 1097 1748 1150 super

50 1171 357 1235 Christum,
395 1170 494 1223 sed
522 1170 580 1222 in
614 1170 857 1235 Christo,
884 1169 1157 1222 discernit
1182 1169 1599 1222 humanitatem
1622 1169 1747 1239 ejus

49 1275 77 1311 a
100 1258 425 1311 divinitate.
464 1258 725 1327 Legimus
758 1258 815 1310 in
858 1257 1188 1327 Evangelio,
1222 1258 1358 1327 quia
1390 1258 1545 1311 venit
1567 1258 1746 1328 Spiri-

50 1352 132 1398 tus
161 1352 399 1399 sanctus
431 1363 603 1415 super
628 1346 1007 1413 Salvatorem,
1049 1352 1105 1399 et
1138 1347 1344 1400 mansit
1368 1362 1540 1416 super
1569 1362 1700 1400 eum
1731 1362 1743 1399 :

49 1440 99 1487 et
131 1436 302 1487 Pater
330 1435 587 1504 loquitur
623 1435 826 1487 Joanni
860 1451 872 1487 :
908 1435 1082 1503 Super
1112 1450 1273 1503 quem
1314 1434 1521 1489 videris
1567 1436 1745 1502 Spiri-

51 1529 152 1575 tum
191 1522 602 1577 descendentem
652 1529 702 1576 et
749 1528 1047 1576 manentem
1094 1538 1256 1591 super
1311 1537 1430 1575 eum
1485 1526 1661 1587 (Joan.
1708 1540 1746 1585 ι,

48 1613 147 1679 33).
210 1612 419 1680 Itaque
477 1612 789 1664 secundum
835 1612 1250 1664 humanitatem
1306 1612 1459 1664 venit
1502 1611 1748 1680 Spiritus

50 1715 211 1767 super
254 1699 567 1765 Christum,
601 1708 658 1751 et
691 1700 901 1752 mansit
934 1716 1107 1768 super
1137 1700 1354 1769 ipsum;
1390 1704 1445 1751 at
1491 1715 1621 1751 vero
1656 1716 1745 1751 se-

50 1788 297 1840 cundum
358 1787 714 1840 divinitatem
775 1794 970 1840 manet
1041 1788 1099 1839 in
1170 1787 1413 1853 Christo,
1473 1788 1747 1857 quoniam

51 1876 288 1944 (aqualis
357 1881 442 1928 est
498 1876 629 1945 ipsi,
690 1876 987 1945 utriusque
1037 1876 1369 1928 substantiae
1415 1892 1544 1928 cum
1595 1875 1745 1944 ipso;

53 1964 189 2015 sicut
215 1968 274 2016 et
322 1964 388 2016 de
420 1964 587 2017 Patre
617 1964 901 2029 scribitur,
936 1964 1088 2032 quod
1138 1970 1368 2017 maneat
1399 1964 1455 2016 in
1504 1964 1660 2029 Filio,
1696 1969 1752 2016 et

54 2052 217 2103 Filius
250 2053 311 2103 in
370 2052 554 2104 Patre.
608 2051 765 2115 Quod
830 2051 1145 2119 subjunxit,
1206 2052 1482 2119 Spiritum
1544 2052 1661 2117 Dei,
1696 2057 1751 2105 et

51 2140 325 2207 Sfirilum
357 2140 564 2193 Christi
598 2140 657 2191 in
687 2141 849 2192 Patre
884 2155 1135 2205 manere,
1173 2156 1271 2191 seu
1320 2140 1480 2203 Filio,
1514 2145 1753 2193 testatur

52 2244 225 2280 unum
265 2228 569 2297 utriusque
602 2226 901 2298 Spiritu‘m,
936 2245 1002 2280 eo
1049 2228 1201 2296 quod
1233 2228 1303 2279 ab
1340 2234 1580 2297 utroque
1622 2245 1749 2297 pro-

50 2315 224 2376 cedat,
266 2320 578 2368 etmaneat
611 2331 713 2384 per
741 2316 1393 2369 consubstantialitatem
1438 2316 1499 2369 in
1555 2316 1750 2369 ambo-

50 2403 167 2455 bus.
201 2403 514 2472 Subjunxit
546 2420 558 2456 :
599 2425 619 2451 α
652 2403 835 2457 Manet
865 2404 1021 2456 enim
1071 2403 1133 2456 in
1175 2406 1307 2470 Deo,
1343 2405 1480 2475 quia
1512 2421 1581 2458 ex
1635 2407 1749 2459 Deo

49 2498 149 2555 est,
191 2493 340 2545 sicut
401 2492 676 2561 scriptum
727 2497 838 2557 est;
870 2513 897 2539 ››
960 2494 1067 2546 Nos
1100 2498 1277 2545 autem
1327 2509 1431 2546 non
1479 2495 1751 2562 Spiritum

50 2580 206 2647 hujus
246 2579 444 2632 mundi
485 2583 812 2648 accepimus,
863 2579 958 2633 sed
986 2582 1257 2648 Spiritum
1307 2584 1404 2650 qui
1432 2598 1498 2635 ea:
1542 2585 1645 2635 Deo
1674 2586 1752 2635 est

50 2669 87 2720 (Ι
124 2670 252 2721 Cor.
310 2684 374 2735 ιι,
432 2668 549 2736 12);
606 2675 664 2721 et
702 2674 897 2721 manet
946 2669 1003 2721 in
1057 2669 1277 2722 Christo
1303 2670 1440 2739 quia
1471 2668 1750 2724 aChi-isto

49 2757 279 2825 accepit,
315 2762 376 2810 et
409 2758 468 2809 in
510 2757 732 2810 Christo
764 2762 867 2811 est.
902 2757 1044 2821 Quia
1067 2758 1277 2810 iterum
1308 2760 1583 2827 scriptum
1626 2764 1746 2811 est:

47 2845 375 2898 Iliademeo
408 2848 637 2913 accipiet
682 2847 859 2912 (Joan.
914 2862 1026 2913 xvn,
1087 2847 1185 2911 14).
1252 2846 1409 2900 Unde
1467 2852 1553 2899 est
1615 2862 1751 2915 ergo

48 2948 110 2983 ex
147 2934 259 2985 Deo
309 2933 599 3003 Spiritus?
633 2950 842 3003 nempe
895 2934 1032 3003 quia
1078 2935 1336 3005 procedit
1370 2951 1439 2988 ex
1501 2936 1633 2988 Deo.
1692 2936 1755 2989 Et

1858 556 2014 617 Filio,
2044 556 2180 609 dum
2230 555 2441 625 legitur
2488 557 2643 625 quod
2692 555 2765 608 sit
2819 555 3065 626 Spiritus
3105 556 3219 610 oris
3259 562 3315 611 et
3358 559 3543 612 Patris

1856 649 1911 697 et
1946 644 2089 697 Filii.

1926 731 2292 801 Persequitur
2345 732 2542 785 beatus
2600 731 2934 785 Ambrosius
2991 734 3136 801 (cap.
3217 735 3269 802 8)
3338 734 3543 788 indivi-

1854 820 2025 873 duam
2068 836 2297 874 manere
2325 820 2608 873 unitatem
2637 825 2750 872 tam
2801 820 3008 872 Christi
3055 838 3231 890 quam
3302 823 3546 893 Spiritus

1855 910 1990 980 quia
2026 930 2053 957 ‹‹
2097 926 2282 979 neque
2312 910 2566 964 Christus
2605 910 2728 962 sine
2772 909 3010 976 Spiritu,
3061 927 3247 981 neque
3303 912 3547 980 Spiritus

1856 998 2035 1068 possit
2064 1014 2184 1051 esse
2216 998 2339 1051 sine
2380 998 2623 1052 Christo.
2656 1018 2683 1046 ‹‹
2741 998 2861 1050 Non
2894 1003 3075 1067 potest
3124 1015 3243 1051 esse
3296 999 3548 1052 Christus

1856 1086 1977 1139 sine
2033 1085 2267 1155 Spiritu,
2321 1090 2594 1155 tanquam
2654 1085 2759 1138 sibi
2789 1086 3290 1153 {consubstantiali,
3347 1091 3402 1138 et
3450 1087 3549 1156 qui

1858 1190 1922 1226 ex
1954 1190 2011 1226 se
2045 1174 2339 1243 procedat;
2401 1190 2587 1243 neque
2642 1190 2836 1226 rursus
2884 1173 3130 1242 Spiritus
3188 1178 3372 1243 potest
3429 1189 3548 1226 esse

1856 1261 1977 1314 sine
2000 1262 2238 1327 Christo,
2288 1266 2563 1331 tanquam
2585 1261 2673 1315 cui
2721 1261 3219 1315 consubstantialis
3270 1264 3373 1327 est,
3431 1264 3549 1313 eta

1859 1364 1973 1417 quo
2008 1348 2223 1417 accepit
2276 1365 2631 1419 quaecunque
2659 1348 2914 1403 Christus
2947 1349 3133 1402 habet.
3175 1348 3545 1403 Connectitur

1859 1452 2026 1490 causa
2055 1453 2155 1490 cur
2183 1439 2259 1490 ita
2290 1438 2364 1490 sit
2394 1437 2655 1490 videlicet
2687 1458 2713 1487 ‹‹
2749 1437 3022 1507 quoniam
3065 1453 3179 1491 non
3226 1441 3417 1506 potest
3462 1437 3546 1490 di-

1861 1523 2008 1576 vinas
2048 1529 2267 1577 naturae
2322 1524 2507 1577 unitas
2556 1525 2825 1594 separari.
2872 1546 2898 1571 ››
2943 1525 3057 1577 Hoc
3103 1525 3295 1577 dicens
3339 1524 3549 1577 fatetur

1860 1618 2121 1665 naturam
2155 1612 2381 1677 Christi,
2436 1617 2699 1665 naturam
2732 1629 2849 1665 esse
2881 1612 3146 1680 Spiritus,
3195 1618 3252 1666 et
3284 1618 3548 1665 naturam

1860 1700 2100 1769 Spiritus
2133 1707 2394 1753 naturam
2433 1716 2552 1753 esse
2595 1700 2823 1765 Christi,
2880 1716 2983 1753 nec
3035 1700 3268 1753 unitatis
3312 1716 3551 1768 compa-

1859 1805 1985 1857 gem
2009 1789 2203 1857 aliquo
2237 1789 2406 1841 modo
2444 1805 2608 1857 posse
2633 1788 2908 1857 separari,
2937 1794 3148 1857 praeter
3178 1804 3349 1857 quam
3376 1787 3550 1841 Filius

1862 1883 2046 1941 natus,
2103 1876 2348 1946 Spiritus
2395 1893 2527 1930 vero
2564 1876 2907 1947 procedens;
2963 1876 3060 1928 sed
3108 1877 3229 1928 haac
3288 1892 3403 1928 non
3443 1876 3548 1927 sub

1860 1965 2125 2017 stantiam
2147 1966 2381 2030 faciunt,
2414 1964 2512 2017 sed
2540 1965 2879 2018 relationem
2929 1963 3259 2017 ostendunt.
3307 1962 3550 2016 Inferius

1860 2053 2157 2122 loquitur:
2195 2074 2219 2101 α
2259 2055 2487 2106 Lectum
2519 2058 2620 2117 est,
2663 2052 2799 2123 quia
2840 2052 3005 2105 Verbi
3047 2052 3270 2122 gladius
3307 2050 3551 2121 Spiritus

1859 2142 1929 2194 sit
1960 2159 1973 2194 :
2007 2142 2270 2194 similiter
2303 2143 2506 2194 lectum
2548 2147 2649 2203 est,
2684 2142 2819 2210 quia
2844 2140 3089 2210 Spiritus
3120 2140 3299 2193 sancti
3321 2139 3550 2209 gladius

1860 2230 2105 2283 Verbum
2140 2230 2237 2283 Dei
2278 2230 2352 2283 sit
2382 2230 2601 2297 (Ephes.
2653 2245 2729 2295 v1,
2768 2230 2871 2287 l7).
2925 2247 2948 2278 ι
2987 2229 3049 2281 Et
3107 2227 3402 2280 nonnullis
3450 2244 3553 2297 per

1860 2318 2309 2388 assumptionem
2341 2318 2690 2386 interpositis
2721 2317 3044 2385 colligendo
3084 2316 3382 2382 conclusit,
3422 2314 3503 2368 ita
3535 2331 3548 2369 :

1863 2426 1889 2457 (ι
1933 2406 2072 2460 Cum
2104 2406 2282 2475 igitur
2318 2406 2485 2459 Verbi
2535 2406 2758 2475 gladius
2807 2404 3053 2475 Spiritus
3093 2408 3320 2457 sanctus
3360 2402 3454 2471 sit,
3497 2408 3555 2456 et

1860 2495 2107 2563 Spiritus
2146 2494 2325 2548 sancti
2355 2494 2576 2563 gladius
2608 2493 2851 2546 Verbum
2883 2493 2973 2559 sit,
3010 2492 3206 2562 utique
3253 2492 3440 2544 unitas
3473 2497 3555 2545 est

1860 2584 2149 2653 potentiae.
2187 2605 2213 2632 ››
2247 2583 2352 2636 Sed
2404 2582 2629 2648 gladius
2662 2583 2827 2635 Verbi
2879 2582 3019 2652 quid
3072 2586 3157 2634 est
3199 2581 3309 2634 nisi
3358 2581 3549 2650 ipsum

1863 2672 2150 2726 Verbum?
2178 2674 2239 2725 Et
2268 2671 2487 2740 gladius
2516 2670 2757 2741 Spiritus
2789 2671 2928 2740 quid
2981 2674 3084 2733 est,
3118 2670 3229 2722 nisi
3277 2668 3396 2739 ipse
3428 2668 3553 2738 Spi-

1862 2759 2045 2815 ritus?
2079 2762 2150 2813 Ex
2182 2775 2295 2829 quo
2333 2758 2619 2827 colligitur
2657 2757 2792 2826 quia
2841 2758 3087 2827 Spiritus
3118 2764 3346 2810 sanctus
3388 2758 3553 2810 Verbi

1862 2855 1943 2902 est
1973 2848 2236 2917 Spiritus,
2269 2848 2431 2916 cujus
2471 2853 2557 2899 est
2586 2846 2829 2916 gladius,
2887 2851 2944 2899 et
3000 2846 3247 2899 Verbum
3304 2845 3548 2915 Spiritus

1862 2936 2040 2989 sancti
2071 2940 2175 3001 est,
2208 2934 2372 3005 cujus
2404 2941 2489 2988 est
2527 2934 2779 3004 gladius;
2835 2934 3104 3004 quoniam
3152 2949 3256 2986 nec
3304 2932 3551 2986 Verbum

49 3022 198 3073 unde
227 3023 449 3091 accepit
482 3038 513 3074 a
546 3022 813 3075 Christo?
863 3025 1023 3076 Certe
1054 3023 1190 3092 quia
1229 3024 1489 3093 procedit
1522 3041 1554 3076 a
1598 3024 1751 3077 Chri-
1792 3039 1832 3093 ο
1862 3023 1983 3076 sine
2006 3022 2222 3091 Spiritu
2246 3026 2462 3089 sancto,
2500 3038 2600 3075 nec
2635 3022 2878 3091 Spiritus
2908 3026 3135 3074 sanctus
3178 3020 3300 3075 sine
3348 3021 3552 3085 Verbo,

50 3116 149 3161 sto.
196 3110 259 3162 Et
302 3110 454 3163 unde
499 3116 694 3163 manet
735 3115 851 3164 tam
902 3110 959 3163 in
1002 3112 1117 3165 Deo
1166 3128 1341 3182 quam
1380 3112 1439 3165 in
1487 3111 1749 3167 Christo?

49 3197 287 3251 Prorsus
316 3198 454 3267 quia
479 3198 981 3251 consubstantialis
1023 3205 1107 3252 est
1148 3200 1467 3270 utriusque.
1515 3201 1661 3254 Dicit
1690 3201 1749 3255 in

50 3287 423 3354 sequentibus
456 3286 639 3355 (capp.
697 3291 748 3353 7,
796 3289 850 3356 8)
924 3288 1162 3357 loquens
1218 3290 1287 3341 de
1342 3289 1743 3345 Antichristo:

51 3394 75 3417 ιι
111 3374 280 3438 Quem
320 3377 578 3428 Dominus
610 3376 763 3429 Jesus
813 3378 1100 3445 interﬁciet
1141 3378 1363 3446 Spiritu
1403 3381 1513 3431 oris
1548 3381 1635 3431 sui
1670 3379 1753 3444 (ll

55 3461 207 3514 Thes.
228 3479 289 3527 ll,
310 3464 389 3527 8).
410 3463 508 3515 Hic
526 3479 641 3515 non
662 3463 939 3534 acquisita
965 3465 1149 3533 gratia
1187 3470 1289 3531 est,
1311 3465 1407 3518 sed
1448 3466 1745 3519 individua

48 3556 234 3602 manet
281 3550 502 3615 unitas;
562 3550 701 3621 quia
756 3567 943 3621 neque
1000 3552 1253 3605 Christus
1316 3554 1437 3606 sine
1508 3553 1744 3622 Spiritu,

45 3654 232 3708 neque
276 3638 521 3706 Spiritus
563 3644 752 3707 potest
792 3655 913 3692 esse
948 3640 1070 3693 sine
1111 3640 1376 3694 Christo:
1435 3658 1551 3695 non
1594 3643 1747 3695 enim

46 3731 230 3792 potest
260 3724 471 3778 divinae
503 3730 721 3778 natura:
777 3725 967 3779 unitas
997 3728 1270 3797 separari.
1306 3750 1333 3776 ››
1385 3728 1479 3782 Hic
1520 3746 1748 3800 quoque

46 3820 274 3866 sanctus
303 3813 634 3867 Ambrosius
666 3814 1039 3867 humanitatis
1073 3831 1134 3868 ac
1180 3815 1494 3869 divinitatis
1537 3816 1747 3871 Christi

48 3904 470 3969 separationem
514 3902 780 3966 ostendit,
813 3918 929 3955 non
972 3904 1122 3973 quod
1164 3903 1309 3956 alius
1343 3903 1418 3957 sit
1466 3904 1660 3971 homo,
1693 3911 1748 3960 et

47 3991 193 4043 alius
229 3991 380 4043 Deus
410 3989 685 4054 Christus,
720 3990 815 4043 sed
844 3991 995 4060 quod
1027 3991 1309 4060 perfectus
1344 3993 1509 4059 Deus,
1542 4000 1598 4046 et
1628 4011 1745 4064 per-

48 4077 229 4130 fectus
261 4078 459 4142 homo,
494 4078 565 4130 sit
596 4093 746 4131 unus
794 4078 1080 4144 Christus;
1124 4079 1298 4133 homo
1340 4085 1532 4134 tamen
1565 4083 1749 4150 gratia

50 4166 229 4217 {actus
286 4172 373 4217 est
420 4166 610 4219 Deus:
666 4166 817 4219 Deus
869 4183 1001 4220 vero
1067 4173 1273 4221 natura
1339 4169 1529 4223 existit
1578 4171 1744 4223 Deus.

50 4252 249 4321 Itaque
280 4268 415 4305 cum
460 4254 673 4307 diceret
705 4270 717 4306 :
754 4258 916 4323 Quem
954 4258 1208 4309 Dominus
1244 4258 1411 4311 Jesus
1461 4258 1750 4327 interﬁciet

48 4340 293 4407 Spiritus
324 4343 435 4393 oris
463 4343 566 4406 sui,
615 4346 672 4394 et
701 4342 1076 4411 subjunxerit,
1122 4359 1237 4396 non
1268 4344 1359 4396 hic
1408 4344 1748 4414 acquisitam

52 4429 295 4494 gratiam
326 4444 471 4491 esse,
498 4428 917 4483 humanitatem
953 4430 1213 4496 removit,
1250 4435 1311 4484 ut
1336 4431 1582 4501 Spiritus
1613 4432 1750 4499 oris,

56 4531 167 4585 quo
206 4516 253 4569 si
301 4516 687 4570 Antichristus
732 4517 1186 4585 interﬁciendus,
1230 4519 1547 4573 divinitatis
1590 4520 1753 4575 intel-

56 4604 261 4672 ligatur
298 4603 566 4672 Spiritus,
623 4603 887 4657 videlicet
931 4604 1175 4673 Spiritus
1224 4610 1470 4669 sanctus,
1512 4605 1611 4675 qui
1670 4611 1754 4660 est

56 4692 111 4742 in
142 4698 339 4745 sancta
368 4692 642 4745 Trinitate
675 4707 791 4743 una
837 4707 1109 4761 persona:
1148 4698 1209 4745 ut
1241 4694 1396 4762 quod
1432 4693 1531 4758 ait,
1585 4695 1752 4758 Quem

52 4781 307 4833 Dominus
360 4780 511 4833 Jesus
567 4778 854 4849 interﬁciat
898 4780 1111 4847 Spiritu
1155 4784 1264 4834 oris
1314 4783 1416 4845 sui,
1473 4780 1752 4850 Spiritum

56 4873 313 4920 sanctum
375 4867 686 4937 intelligas,
734 4866 835 4937 qui
877 4867 950 4920 sit
1005 4867 1251 4937 Spiritus
1310 4868 1540 4921 Domini
1595 4870 1746 4923 Jesu.

52 4954 229 5008 Simul
258 4956 595 5024 videndum,
628 4956 765 5025 quia
793 4972 922 5009 cum
941 4956 1009 5009 de
1033 4957 1237 5009 eodem
1263 4956 1489 5026 .Spiritu
1531 4956 1753 5011 dicatur

56 5044 207 5111 quod
235 5044 310 5097 sit
340 5043 588 5113 Spiritus
631 5044 747 5096 oris
780 5044 1029 5109 Domini,
1072 5049 1127 5098 et
1156 5060 1307 5098 nunc
1356 5044 1565 5098 dicitur
1595 5046 1751 5115 quod

57 5132 126 5183 sit
155 5131 404 5201 Spiritus
435 5133 551 5185 oris
583 5132 810 5185 Domini
857 5133 1008 5200 Jesu,
1046 5132 1358 5186 clarissime
1405 5138 1753 5186 monstratur

62 5219 298 5288 Spiritus
328 5226 561 5273 sanctus
590 5219 897 5289 procedere
926 5236 993 5273 ex
1037 5236 1133 5273 ore
1179 5220 1406 5273 Domini
1452 5220 1605 5288 Jesu,
1636 5236 1753 5274 non

63 5309 211 5375 quod
227 5308 547 5361 secundum
580 5307 938 5362 divinitatem
983 5325 1045 5362 os
1076 5308 1304 5375 habeat,
1341 5308 1439 5362 sed
1496 5308 1649 5379 quod
1685 5308 1752 5361 de

62 5394 368 5449 substantia
413 5394 570 5449 illius
627 5396 928 5464 procedat;
990 5396 1482 5467 quemadmodum
1544 5396 1752 5451 dicitur

65 5478 297 5549 Spiritus
336 5483 462 5535 oris
520 5482 768 5549 Domini,
805 5483 1083 5552 quoniam
1132 5484 1390 5555 procedit
1438 5484 1509 5538 de
1570 5485 1753 5538 Patris

65 5568 395 5624 substantia.
457 5570 642 5638 Igitur
683 5570 1110 5625 evidentissima
1156 5577 1510 5627 monstratur
1564 5587 1753 5625 asser-

1859 3112 2133 3183 quoniam
2160 3110 2330 3164 unius
2362 3116 2495 3163 sunt
2519 3109 2887 3179 operationis,
2922 3109 3293 3179 ejusdemque
3346 3114 3557 3179 poten-

1858 3204 1972 3255 tize.
2025 3202 2168 3256 Cum
2215 3200 2294 3253 ita
2337 3199 2432 3263 sit,
2488 3215 2604 3252 non
2635 3204 2877 3269 possunt
2922 3197 3242 3250 substantia
3277 3195 3553 3266 separari,

1859 3304 2043 3358 neque
2108 3288 2398 3341 voluntate
2448 3286 2667 3340 dividi:
2744 3287 2921 3357 igitur
2988 3285 3168 3338 unius
3224 3285 3552 3338 substantiae

1857 3376 2142 3446 uniusque
2191 3376 2503 3429 voluntatis
2554 3375 2728 3428 Filius
2754 3380 2810 3428 et
2852 3374 3098 3445 Spiritus
3149 3378 3380 3426 sanctus
3430 3373 3550 3425 exi-

1857 3468 2088 3530 stentes,
2128 3464 2386 3533 procedit
2436 3464 2579 3516 alter
2610 3464 2679 3516 ab
2725 3464 2923 3526 altero,
2966 3462 3021 3515 id
3078 3466 3164 3514 est
3206 3461 3454 3530 Spiritus
3490 3476 3553 3513 ex

1857 3551 2015 3619 Filio,
2053 3552 2329 3621 quoniam
2384 3552 2559 3605 Filius
2603 3558 2772 3604 natus
2822 3550 2892 3604 de
2948 3552 3133 3614 Patre,
3182 3548 3377 3601 omnia
3425 3564 3555 3617 quas

1858 3642 2140 3693 nascendo
2188 3640 2409 3710 accepit
2451 3657 2483 3693 a
2528 3642 2714 3702 Patre,
2749 3638 2908 3691 dedit
2943 3637 3181 3706 Spiritui
3212 3678 3225 3701 ,
3250 3652 3367 3689 non
3391 3636 3554 3705 quasi

1857 3727 2087 3793 minori,
2117 3744 2221 3781 nec
2266 3733 2539 3797 tanquam
2589 3731 2878 3791 extraneo,
2937 3725 3036 3778 sed
3088 3728 3365 3793 tanquam
3413 3739 3444 3776 a
3494 3740 3551 3775 sa

1855 3815 2202 3886 procedenti.

1926 3904 2245 3957 Videndum
2273 3906 2457 3956 autem
2489 3901 2624 3972 quia
2670 3917 2799 3954 cum
2832 3900 3040 3955 dicitur
3067 3899 3312 3969 Spiritus
3372 3899 3553 3951 sancti

1856 3993 2081 4061 gladius
2114 3991 2379 4055 Verbum,
2423 3996 2481 4045 et
2530 3990 2695 4044 Verbi
2746 3989 2970 4059 gladius
3013 3987 3257 4059 Spiritus
3303 3991 3550 4051 sanctus,

1857 4096 1971 4133 non
1996 4094 2370 4148 personarum
2400 4076 2464 4132 ﬁt
2487 4078 2833 4147 conjunctio,
2867 4076 2963 4129 sed
2992 4075 3345 4140 substantia,
3386 4090 3549 4128 mon-

1857 4173 2065 4221 stratur
2109 4168 2393 4237 copulatio
2433 4172 2497 4220 ut
2527 4166 2693 4219 unius
2748 4165 2861 4218 sint
2892 4164 3243 4227 substantiae,
3270 4179 3400 4216 cum
3436 4178 3552 4215 non

1856 4258 1970 4310 sint
2002 4257 2171 4309 unius
2207 4272 2486 4325 personae.
2522 4256 2614 4308 Est
2651 4260 2845 4308 autem
2875 4254 3021 4307 alter
3073 4269 3139 4306 ex
3179 4253 3381 4317 altero,
3423 4251 3551 4321 Spi-

1792 4330 1833 4382 D
1860 4345 2002 4398 ritus
2034 4343 2298 4396 videlicet
2326 4359 2393 4395 ex
2422 4342 2583 4404 Filio,
2618 4357 2736 4395 non
2778 4357 2908 4394 vero
2971 4339 3147 4394 Filius
3194 4339 3264 4393 de
3312 4338 3552 4409 Spiritu,

1856 4433 1951 4487 sed
1980 4432 2049 4486 de
2076 4433 2262 4487 Patre.
2296 4430 2413 4484 Hoc
2453 4430 2622 4484 modo
2644 4434 2869 4483 sanctus
2898 4428 3237 4482 Ambrosius
3281 4427 3351 4481 de
3379 4426 3555 4496 Spiri-

1861 4520 1974 4574 ritu
2008 4526 2203 4573 sancto
2232 4520 2484 4573 sentiens
2535 4523 2705 4588 atque
2758 4517 3077 4589 disputans,
3130 4532 3248 4569 non
3304 4515 3551 4584 impera-

1861 4607 2081 4661 toribus
2113 4608 2457 4668 Grsecorum,
2497 4607 2763 4661 Gratiano
2814 4606 3072 4659 videlicet
3127 4609 3183 4656 et
3236 4600 3551 4656 Theodosio

1860 4695 2074 4765 Majori,
2123 4711 2369 4766 quorum
2436 4695 2794 4765 temporibus
2857 4694 3083 4758 enituit,
3141 4692 3227 4743 vel
3293 4690 3552 4759 ingratus

1859 4785 1947 4838 vel
1993 4784 2291 4838 haereticus
2339 4784 2490 4837 visus
2540 4789 2645 4851 est,
2698 4783 2797 4853 qui
2869 4787 2987 4835 toto
3044 4784 3302 4832 sanctum
3364 4777 3551 4829 virum

1860 4887 2054 4924 amore
2088 4871 2408 4937 coluerunt,
2464 4875 2519 4924 et
2562 4869 2852 4939 praecipua
2897 4865 3265 4920 veneratione
3323 4879 3553 4931 semper

1861 4959 2130 5013 habuere.
2189 4960 2361 5028 Cujus
2413 4958 2743 5027 disputatio,
2808 4960 2866 5007 et
2922 4969 3027 5022 pro
3089 4950 3377 5005 Catholica
3442 4949 3551 5004 [ide

1862 5048 2026 5102 labor
2082 5047 2419 5112 indefessus,
2487 5044 2725 5098 Arianos
2785 5041 3087 5094 Ecclesiam
3148 5040 3553 5109 impugnantes

1861 5133 2224 5204 expugnavit,
2277 5132 2427 5195 vicit,
2484 5128 2787 5199 oppressit.
2851 5126 3048 5179 Videte
3095 5140 3245 5178 nunc
3294 5140 3391 5177 vos
3442 5126 3551 5178 im-

1862 5227 2155 5291 peratores
2202 5234 2447 5289 quorum
2496 5215 2787 5279 studeatis,
2858 5214 2946 5267 vel
2991 5214 3163 5267 ﬁdem
3223 5213 3548 5278 defendere,

1860 5310 1948 5361 vel
1980 5307 2320 5376 religionem
2351 5306 2561 5359 imitari
2594 5320 2758 5356 :ecce
2793 5302 3059 5372 negando
3091 5302 3368 5372 Spiritum
3420 5317 3551 5353 san-

1862 5400 2015 5449 ctum
2059 5412 2091 5447 a
2148 5394 2289 5447 Filio
2348 5392 2676 5464 procedere,
2747 5390 3040 5444 catholicis
3090 5390 3285 5443 obvias
3344 5388 3552 5442 fecistis

1862 5497 2066 5536 manus
2119 5482 2417 5550 episcopis,
2488 5478 2587 5550 qui
2670 5478 2912 5532 Arianos
2976 5494 3149 5548 prave
3208 5477 3278 5531 de
3337 5476 3548 5547 Spiritu

1863 5576 2057 5623 sancto
2090 5568 2399 5622 sentientes
2431 5567 2767 5638 protrivere,
2801 5572 3210 5637 etvestrorum
3240 5565 3548 5633 majorum,
