3890 6230
330 274 432 325 259

1472 264 1839 320 ΒΑΤΒᾹΜΝῘ
1878 263 2339 319 CORBEIENSIS
2378 263 2681 318 MONACHI

2296 264 2339 317 ‘S
2378 263 2681 318 MONACHI
3738 267 3832 315 2m

332 406 723 464 Romanorum
754 403 1017 457 videlicet
1053 402 1491 473 imperatorum,
1542 404 1811 471 pietatem
1862 415 2027 454 ever-
2066 399 2108 452 A
2142 397 2370 452 Christi.
2401 421 2426 447 ιι
2477 398 2726 452 Gratiam
2770 398 2881 451 hoc
2928 397 2986 451 in
3037 398 3161 452 loco
3199 399 3354 459 Jesu,
3420 398 3626 452 Christi
3682 398 3827 463 dicit,

332 497 473 560 titis,
507 494 605 566 qui
636 494 785 549 hanc
814 492 984 547 fidem
1020 505 1247 561 semper
1297 490 1544 556 coluere,
1597 494 1652 543 et
1698 506 1802 560 pro
1831 504 1894 542 ea
1928 489 2025 542 de-

332 588 613 637 certantes
638 583 798 636 nulla
826 580 1187 635 veneratione
1229 579 1499 632 dilexere.

1030 720 1253 774 CAPUT
1279 720 1341 773 V'.

984 828 1070 879 Ea:
1107 826 1367 896 Didyme.

404 942 428 966 ⁸
461 933 733 1003 Didymus
787 929 1219 995 Alexandrinus,
1278 927 1670 998 corporalibus
1727 926 1957 997 quidem
1996 945 2022 979 a

336 1037 516 1091 puero
554 1025 753 1088 captus
800 1019 999 1085 oculis,
1055 1034 1254 1070 verum
1318 1016 1560 1086 spiritali
1618 1015 1829 1068 visione
1891 1014 2026 1067 satis

336 1109 592 1175 illustris,
624 1110 683 1162 in
731 1107 877 1162 libro
930 1122 1099 1177 quem
1148 1106 1217 1160 de
1270 1104 1484 1175 Spiritu
1536 1108 1731 1157 sancto
1779 1102 2023 1173 scripsit,

336 1198 413 1251 sic
445 1197 697 1268 loquitur
732 1213 743 1249 :
781 1215 807 1246 ‹‹
842 1195 1024 1264 Igitur
1054 1194 1381 1265 quicunque
1421 1192 1808 1246 communicat
1847 1191 2024 1261 Spiri-

335 1285 414 1338 tui
448 1290 661 1351 sancto,
693 1284 879 1337 statim
927 1282 1316 1336 communicat
1362 1286 1419 1334 et
1464 1280 1616 1334 Patri
1665 1284 1722 1333 et
1774 1280 1933 1333 Filio.
1964 1280 2026 1332 Et

337 1374 435 1444 qui
467 1373 797 1427 charitatem
830 1372 998 1425 habet
1032 1370 1230 1435 Patris,
1277 1369 1449 1424 habet
1489 1384 1613 1422 eam
1647 1385 1674 1421 a
1708 1368 1848 1421 Filio
1890 1383 2023 1420 con-

335 1461 613 1515 tributam
646 1478 749 1531 per
770 1460 1045 1530 Spiritum
1074 1464 1365 1524 sanctum;
1398 1462 1455 1510 et
1497 1458 1592 1527 qui
1626 1457 1913 1527 particeps
1943 1462 2025 1509 est

336 1550 534 1613 gratia:
563 1550 689 1603 Jesu
727 1549 954 1610 Christi,
980 1547 1238 1601 eamdem
1282 1546 1522 1616 gratiam
1558 1546 1729 1599 habet
1773 1544 1962 1597 datam
1998 1560 2023 1595 a

336 1640 500 1691 Patre
530 1654 633 1707 per
679 1637 952 1706 Spiritum
996 1642 1276 1689 sanctum.
1315 1657 1340 1684 ››
1374 1636 1443 1687 Ex
1498 1634 1707 1704 quibus
1760 1632 2028 1686 omnibus

337 1727 689 1795 approbatur
719 1725 976 1777 eamdem
1002 1723 1393 1792 operationem
1427 1738 1547 1775 esse
1590 1721 1767 1774 Patris
1816 1726 1871 1773 et
1905 1721 2026 1774 Filii

337 1820 394 1867 et
430 1813 670 1883 Spiritus
713 1812 911 1865 sancti.
968 1812 1283 1879 Diligenter
1324 1808 1502 1881 [quas]
1562 1809 1718 1865 dicit.
1760 1815 2028 1861 retracte-

338 1918 484 1954 mus.
539 1902 633 1954 Ait
679 1916 855 1970 ergo:
891 1918 917 1950 »
965 1899 1301 1968 Quicunque
1346 1897 1734 1950 communicat
1791 1896 2025 1967 Spiritui

338 1994 552 2055 sancto,
586 2010 611 2037 ››
640 1989 687 2041 is
731 1994 919 2040 autem
964 1988 1347 2039 communicat
1397 1984 1655 2054 Spiritui,
1704 1984 1801 2053 qui
1849 1984 2025 2053 parti-

336 2093 468 2148 ceps
521 2076 768 2129 efticitur
820 2074 1017 2144 ipsius,
1055 2096 1081 2121 ‹‹
1133 2073 1235 2125 iste
1292 2072 1479 2125 statim
1538 2070 1919 2125 communicat
1972 2075 2027 2124 et

339 2165 485 2220 Patri
512 2170 567 2217 et
626 2163 805 2218 Filio:
860 2184 885 2211 n
918 2162 1199 2232 particeps
1232 2161 1383 2214 enim
1417 2164 1499 2213 est
1545 2161 1722 2213 factus
1769 2166 1883 2213 tam
1923 2161 2025 2212 Pa-

336 2254 437 2306 tris
498 2268 671 2323 quam
751 2251 875 2306 Filii
938 2267 1042 2321 per
1114 2250 1359 2319 Spiritus
1416 2248 2021 2302 communicationem.

332 2342 671 2395 Monstratur
721 2356 787 2393 ex
860 2339 968 2392 hoc
1024 2338 1272 2408 Spiritus
1328 2336 1830 2391 consubstantialis
1903 2352 2025 2390 esse

335 2430 516 2483 Patris
564 2429 829 2498 Filiique,
865 2434 921 2480 et
964 2427 1104 2480 adeo
1135 2442 1389 2492 consors,
1441 2433 1506 2478 ut
1536 2442 1650 2477 non
1706 2424 1884 2495 possit
1936 2425 2028 2478 lia-

334 2517 459 2570 beri
505 2516 769 2586 Spiritus,
804 2515 912 2567 nisi
945 2514 1157 2584 pariter
1206 2515 1485 2566 habeatur
1537 2514 1701 2567 Pater
1741 2519 1797 2565 et
1830 2514 2021 2567 Filius.

335 2600 640 2670 Subjungit
676 2616 688 2653 :
727 2623 747 2648 ι
792 2600 857 2653 Et
885 2599 981 2668 qui
1021 2598 1353 2651 cbaritatem
1395 2598 1569 2651 habet
1610 2598 1811 2661 Patris,
1846 2598 2028 2665 habet

337 2705 461 2743 eam
495 2706 528 2741 a
570 2689 709 2742 Filio
768 2687 1151 2740 contributam
1208 2702 1308 2756 per
1361 2685 1636 2756 Spiritum
1683 2692 1960 2738 sanctum.
1996 2708 2022 2734 »

338 2777 610 2849 Superius
674 2774 1320 2830 consubstantialitatem
1387 2774 1783 2827 tantummodo
1848 2774 2028 2827 Patris

337 2872 392 2918 et
423 2866 546 2920 Filii
578 2864 934 2925 monstravit,
982 2864 1100 2933 jam
1132 2879 1264 2916 vero
1297 2863 1499 2916 docere
1547 2862 1752 2933 incipit
1800 2878 2026 2931 proces-

338 2955 555 3008 sionem
601 2953 867 3024 Spiritus.
916 2951 1261 3006 Charitatem
1311 2956 1500 3004 autem
1553 2952 1736 3004 Patris
1779 2950 2030 3020 appellat

335 3043 610 3112 Spiritum
655 3045 935 3107 sanctum,
988 3040 1133 3093 sicut
1192 3056 1259 3093 ex
1307 3039 1716 3110 posterioribus
1758 3039 2032 3109 approba-

334 3136 448 3205 tur,
481 3130 673 3184 dicens
706 3145 830 3183 eam
864 3129 1247 3182 contributam
1279 3144 1381 3197 per
1425 3127 1701 3197 Spiritum
1750 3133 2026 3180 sanctum.

342 3219 462 3272 Non
516 3217 671 3270 enim
729 3216 931 3270 tribuit
983 3216 1229 3286 Spiritus
1280 3220 1507 3268 sanctus
1559 3215 1673 3268 nisi
1730 3215 2030 3285 proprium

338 3321 548 3359 munus
580 3321 707 3359 cum
736 3305 936 3358 tribuit
986 3304 1343 3358 charitatem.
1378 3304 1441 3357 Et
1469 3303 1538 3357 de
1578 3303 1852 3357 cbaritate
1887 3304 2029 3357 scri—

337 3394 493 3448 bitur
514 3394 661 3465 quod
696 3393 767 3446 sit
802 3394 981 3459 Deus;
1012 3409 1146 3463 ergo
1176 3391 1436 3446 tribuens
1467 3391 1801 3446 charitatem
1849 3393 2029 3463 Spiri-

340 3488 448 3550 tus,
474 3482 845 3552 semetipsum
887 3480 1107 3546 tribuit,
1157 3480 1430 3551 quoniam
1464 3480 1584 3551 ipse
1613 3480 1857 3534 Charitas
1905 3486 2025 3535 est:

337 3588 424 3625 ses
452 3573 575 3627 haec
625 3570 873 3625 charitas
905 3571 1086 3624 Patris
1126 3585 1247 3623 esse
1295 3569 1520 3637 dicitur,
1581 3570 1854 3641 quoniam
1912 3569 2032 3640 Spi-

337 3662 497 3727 ritus,
542 3659 724 3714 Patris
773 3662 857 3712 est
903 3656 1192 3727 Spiritus:
1227 3661 1283 3710 et
1335 3656 1487 3710 unde
1534 3656 1688 3710 illius
1748 3656 2030 3726 Spiritus?

335 3748 470 3819 quia
513 3747 772 3819 procedit
819 3763 882 3800 ex
915 3747 1061 3817 ipso,
1096 3762 1210 3799 non
1259 3746 1410 3799 enim
1449 3750 1840 3799 creaturarum
1884 3762 2031 3799 unus

334 3840 418 3890 est
451 3836 695 3906 Spiritus
718 3839 780 3888 ut
808 3834 881 3888 sit
951 3834 1187 3889 alterius
1239 3850 1409 3905 quam
1441 3834 1623 3888 Patris
1677 3833 2028 3887 substantiae.

334 3925 690 3994 Quapropter
743 3939 861 3977 non
903 3926 1177 3993 tanquam
1235 3921 1306 3975 ab
1362 3938 1428 3975 eo
1472 3926 1695 3975 creatus
1746 3922 1868 3990 ejus
1914 3937 2034 3975 esse

334 4013 564 4079 dicitur,
599 4011 695 4065 sed
726 4014 997 4081 tanquam
1033 4008 1558 4075 consubstantialis,
1590 4014 1645 4062 et
1677 4025 1741 4062 ex
1765 4009 1864 4063 illo
1894 4025 2031 4078 pro—

335 4100 559 4153 cedens.
644 4098 792 4153 Dicit
875 4105 1066 4150 autem
1143 4097 1377 4150 habenti
1448 4097 1783 4150 charitatem
1853 4096 2034 4150 Patris

336 4186 719 4240 contributam
748 4200 780 4237 a
813 4184 953 4238 Filio
1002 4200 1107 4254 per
1137 4184 1412 4253 Spiritum
1473 4189 1731 4237 sanctum
1766 4200 1778 4238 :
1832 4200 2033 4254 quem-

2139 503 2311 557 quam
2376 486 2637 558 superius
2702 487 3039 540 charitatem
3090 486 3269 541 Patris
3318 488 3651 558 appellavit.
3693 488 3825 549 Quid

2137 580 2221 628 est
2253 579 2440 627 autem
2477 574 2630 645 quod
2684 574 2928 643 gratiam
2996 575 3127 628 Jesu
3185 574 3396 628 Christi
3450 590 3609 627 nunc
3669 575 3824 630 dicat.

2136 679 2309 733 quam
2341 668 2558 717 constat
2612 679 2733 715 esse
2782 678 2995 716 munus
3053 663 3298 733 Spiritus
3352 663 3578 716 sancti?
3640 664 3823 716 Procul

2135 752 2308 806 dubio
2362 755 2640 805 monstrat
2695 767 2726 803 a
2799 752 2931 805 Jesu
2991 751 3216 805 Christo
3282 751 3593 819 contribui,
3676 752 3825 819 cujus

2137 840 2325 894 existit
2355 840 2567 910 gratia;
2611 838 2846 892 utsicut
2889 838 3099 892 dicitur
3127 838 3392 905 Charitas,
3445 839 3655 897 Patris.
3710 839 3830 909 quia

2136 928 2397 999 procedit
2450 946 2478 980 a
2527 928 2711 994 Patre,
2762 927 2840 980 sic
2890 928 3088 981 eadem
3148 927 3392 980 Charitas
3435 943 3612 998 quam
3651 927 3829 997 appel-

2135 1018 2213 1071 lat
2263 1016 2506 1087 gratiam
2556 1017 2685 1070 Jesu
2735 1015 2964 1079 Christi,
3011 1015 3331 1085 [procedere
3390 1022 3773 1085 cognoscatur
3804 1032 3829 1067 a

2133 1107 2265 1159 Jesu
2306 1105 2549 1159 Christo.
2603 1104 2875 1158 Eamdem
2934 1110 3125 1157 autem
3154 1104 3393 1173 gratiam
3428 1104 3697 1174 quisquis
3738 1104 3825 1157 ha-

2135 1195 2231 1249 bet
2259 1194 2488 1260 Christi,
2538 1193 2675 1246 dicit
2726 1193 2776 1245 ei
2826 1192 3017 1245 datam
3057 1208 3162 1262 per
3213 1193 3491 1261 Spiritum
3545 1196 3827 1255 sanctum;

2136 1287 2197 1335 ut
2226 1282 2459 1352 quidem
2510 1280 2801 1334 videamus
2853 1285 3259 1349 cooperantem
3310 1280 3417 1333 sibi
3478 1286 3670 1333 totam
3717 1281 3831 1334 Tri-

2136 1372 2396 1439 nitatem,
2445 1374 2501 1423 et
2552 1375 2850 1424 teneamus
2909 1369 3192 1439 Spiritum
3241 1374 3528 1435 sanctum,
3596 1369 3698 1440 qui
3756 1374 3831 1421 est

2136 1459 2381 1512 charitas
2414 1458 2592 1511 Patris
2624 1462 2676 1510 et
2711 1458 2855 1525 Filii,
2891 1458 3197 1528 procedere
3227 1461 3340 1510 tam
3376 1458 3622 1523 a'Patre
3668 1473 3829 1528 quam

2136 1564 2168 1600 a
2203 1547 2362 1600 Filio.
2401 1546 2783 1617 Subsequitur
2819 1561 2831 1595 τ
2879 1568 2897 1592 α
2942 1547 3013 1598 Ex
3052 1545 3259 1615 quibus
3298 1544 3571 1597 omnibus
3625 1561 3831 1612 appro-

2139 1637 2303 1689 batur
2342 1634 2600 1688 eamdem
2652 1633 3045 1702 operationem
3106 1650 3225 1685 esse
3270 1634 3449 1686 Patris
3495 1639 3554 1686 et
3616 1634 3743 1685 Filii
3786 1639 3833 1683 et

2069 1692 2107 1745 Β
2141 1723 2382 1793 Spiritus
2414 1722 2613 1776 sancti.
2654 1740 2681 1772 ι)
2708 1724 2960 1785 Quorum
2985 1726 3173 1774 autem
3207 1728 3292 1774 est
3320 1723 3518 1773 eadem
3555 1722 3830 1789 operatio,

2138 1829 2252 1865 una
2278 1817 2361 1864 est
2394 1827 2626 1882 quoque
2648 1811 2911 1863 voluntas
2947 1815 3041 1864 :et
3079 1826 3325 1880 quorum
3386 1826 3500 1862 una
3548 1812 3827 1873 voluntas,

2139 1917 2251 1953 una
2273 1905 2357 1953 est
2376 1899 2711 1953 substantia.
2748 1900 2887 1953 Hinc
2920 1902 3004 1951 est
3032 1899 3182 1968 quod
3218 1898 3515 1968 subjungit
3557 1914 3571 1950 :
3613 1919 3642 1946 α
3685 1898 3829 1961 Quo-

2138 2005 2263 2041 rum
2298 1994 2487 2041 autem
2524 1993 2609 2040 est
2638 2004 2753 2039 una
2792 1985 3071 2056 operatio.
3108 2002 3218 2038 una
3272 1990 3358 2038 est
3405 1992 3457 2038 et
3489 1986 3829 2043 substantia.

2136 2077 2269 2147 quia
2297 2092 2423 2146 qua:
2459 2075 2715 2145 ejusdem
2750 2075 3081 2128 substantiae
3112 2074 3363 2145 ὑμιούσια
3410 2081 3569 2141 sunt,
3608 2075 3828 2126 easdem

2136 2165 2349 2219 habent
2380 2164 2745 2234 operationes
2801 2168 2858 2215 et
2892 2178 3016 2233 quae
3043 2164 3274 2216 alterius
3305 2162 3641 2216 substantiae
3668 2168 3829 2229 lsuut,

2134 2253 2391 2306 dissonas
2442 2256 2612 2322 atque
2671 2251 2937 2304 diversas.
2968 2272 2988 2299 ι
3042 2252 3335 2321 Approbat
3380 2250 3669 2321 Spiritum
3721 2267 3831 2303 sau-

2135 2345 2286 2393 ctum
2321 2340 2490 2393 unius
2520 2356 2648 2393 cum
2684 2340 2846 2393 Patre
2882 2339 3137 2409 Filioque
3168 2339 3516 2393 substantias.
3546 2340 3830 2408 quoniam

2136 2428 2397 2482 eamdem
2449 2444 2577 2481 cum
2615 2428 2695 2480 eis
2736 2427 2909 2481 habet
2952 2428 3368 2497 operationem.
3405 2427 3510 2481 Sed
3536 2434 3825 2480 ostensum

2136 2519 2221 2567 est
2268 2514 2528 2583 superius
2574 2513 2753 2567 Patris
2798 2518 2853 2566 et
2910 2513 3031 2567 Filii
3061 2513 3337 2581 Spiritum
3381 2529 3522 2579 esse,
3554 2514 3828 2581 quoniam

2137 2603 2410 2672 procedat
2438 2606 2553 2654 tam
2586 2618 2618 2653 a
2650 2602 2814 2655 Patre
2843 2618 3012 2670 quam
3047 2617 3079 2652 a
3110 2600 3266 2654 Filio.
3322 2601 3381 2653 In
3416 2601 3830 2669 posterioribus

2137 2691 2216 2743 ait
2248 2707 2260 2744 :
2290 2691 2485 2745 «Cum
2543 2690 2696 2741 enim
2739 2689 2944 2742 dixerit
2993 2690 3052 2742 in
3112 2693 3370 2757 tempore
3422 2688 3830 2756 respondendi,

2138 2778 2409 2831 nimirum
2464 2777 2655 2842 Filius,
2710 2776 2902 2829 doceri
2970 2776 3278 2846 discipulos
3328 2793 3358 2829 a
3414 2775 3663 2844 Spiritu,
3709 2775 3831 2845 quid

2138 2866 2387 2920 debeant
2418 2864 2780 2934 respondere,
2834 2865 2893 2917 in
2938 2865 3306 2934 sequentibus
3355 2864 3480 2917 ait:
3518 2864 3649 2929 Ego
3704 2867 3830 2915 enim

2137 2954 2274 3007 dabo
2322 2954 2469 3007 tabis
2528 2954 2856 3020 sapientiam
2904 2955 2990 3005 cui
3043 2967 3145 3004 non
3199 2957 3455 3021 poterunt
3500 2955 3759 3005 resistere
3790 2956 3829 3002 et

2138 3042 2504 3097 contradicere
2566 3042 2717 3110 (Luc.
2767 3056 2881 3104 χχι,
2944 3043 3047 3107 15).
3102 3040 3178 3092 Ex
3241 3040 3450 3109 quibus
3510 3040 3832 3093 ostenditur

2138 3131 2497 3201 sapientiam,
2549 3145 2676 3200 quae.
2726 3129 3020 3199 discipulis
3068 3128 3236 3183 datur
3298 3146 3330 3181 a
3376 3128 3539 3194 Filio,
3594 3128 3831 3199 Spiritus

2139 3219 2315 3272 sancti
2359 3235 2479 3271 esse
2517 3217 2890 3288 sapientiam;
2934 3223 2990 3271 et
3036 3217 3353 3271 doctrinam
3411 3216 3669 3287 Spiritus
3717 3233 3831 3269 san-

2139 3307 2485 3373 cti,Domini
2516 3323 2636 3360 esse
2658 3306 2976 3360 doctrinam
3035 3327 3062 3354 ››
3111 3305 3617 3369 Quemadmodum
3652 3312 3831 3358 autem

2140 3396 2214 3448 sit
2260 3395 2561 3465 sapientia,
2622 3411 2749 3465 quae
2799 3395 2970 3449 datur
3013 3411 3046 3447 a
3106 3396 3264 3461 Filio,
3318 3395 3568 3463 Spiritus
3625 3393 3834 3447 sancti?

2141 3485 2265 3539 Non
2298 3485 2456 3549 alias,
2485 3483 2597 3537 nisi
2629 3483 2761 3553 quia
2793 3482 3055 3552 procedit
3083 3482 3329 3552 Spiritus
3350 3487 3582 3535 sanctus
3613 3498 3648 3535 a
3682 3482 3836 3544 Filio,

2139 3574 2299 3641 cujus
2329 3572 2627 3642 sapientia,
2671 3571 2947 3641 sapientia
2970 3576 3055 3624 est
3085 3587 3315 3641 quoque
3347 3570 3595 3640 Spiritus
3644 3570 3835 3623 sancti.

2141 3662 2207 3713 Et
2255 3660 2541 3729 quomodo
2601 3659 2919 3713 doctrinam
2967 3659 3212 3728 Spiritus
3261 3658 3460 3723 sancti,
3516 3658 3836 3712 doctrinam

2142 3747 2279 3801 dicit
2320 3763 2441 3801 esse
2489 3747 2759 3801 Domini?
2803 3747 3076 3800 Videlicet.
3126 3763 3193 3799 eo
3240 3746 3393 3816 quod
3459 3747 3664 3799 omnia
3724 3761 3838 3816 quae

2142 3839 2274 3889 sunt
2303 3834 2547 3905 Spiritus
2579 3835 2781 3903 sancti,
2818 3835 2931 3887 sint
2961 3835 3133 3888 etiam
3164 3833 3391 3887 Domini
3419 3834 3550 3887 Jesu
3606 3834 3837 3889 Christi:

2143 3924 2412 3995 quoniam
2445 3922 2705 3993 procedit
2735 3939 2801 3977 ex
2830 3923 2974 3993 ipso.
3013 3922 3169 3976 Unde
3192 3922 3524 3992 subjungit:
3558 3945 3587 3968 ‹‹
3629 3923 3838 3975 Unum-

2143 4029 2253 4083 que
2308 4017 2365 4066 et
2411 4016 2630 4065 natura).
2679 4016 2735 4064 et
2794 4011 3101 4064 voluntatis
3165 4011 3515 4064 consortium
3595 4010 3839 4079 Spiritus

2143 4116 2264 4154 esse
2295 4116 2422 4154 cum
2461 4100 2619 4154 Filio.
2666 4122 2694 4149 ››
2750 4101 3050 4153 Tcstantur
3098 4101 3219 4155 haec
3255 4099 3526 4170 Spiritum
3574 4106 3835 4153 sanctum

2140 4188 2545 4259 procedentem
2575 4205 2606 4241 a
2640 4188 2801 4254 Filio,
2834 4188 2969 4241 dum
2994 4188 3167 4241 unius
3198 4192 3255 4242 et
3284 4193 3500 4241 naturas
3533 4192 3594 4240 et
3638 4188 3838 4240 volun-

335 4272 645 4328 admodum
706 4272 885 4341 igitur
929 4271 1239 4325 contribuit
1288 4271 1461 4325 Filius
1511 4288 1720 4325 munus
1780 4271 2025 4341 Spiritus
2066 4276 2267 4335 Dtatis
2318 4276 2389 4329 sit
2427 4275 2670 4345 Spiritus
2727 4290 2859 4329 cum
2918 4274 3056 4329 Filio
3090 4275 3380 4345 :alioquin
3440 4274 3486 4327 si
3538 4291 3663 4328 non
3718 4291 3840 4345 pro-

336 4360 550 4415 sancti?
583 4360 855 4413 Videlicet
886 4360 1041 4413 velut
1086 4364 1423 4429 cooperator
1464 4360 1616 4413 Patri
1654 4359 2028 4431 Spirituique.

336 4449 442 4503 Sed
504 4446 996 4519 quemadmodum
1071 4452 1257 4517 potest
1303 4447 1557 4500 tribuere
1607 4448 1713 4501 sibi
1777 4464 2035 4518 coaequa-

337 4539 490 4592 Iem:
544 4537 630 4590 vel
687 4536 944 4602 alterius,
977 4535 1035 4589 id
1091 4539 1177 4588 est
1237 4536 1482 4605 Spiritus
1528 4535 1706 4589 sancti
1764 4536 2035 4589 donum?

337 4626 497 4680 Certe
520 4624 653 4697 quia
698 4623 963 4691 cbaritas,
998 4639 1126 4693 quas
1167 4628 1251 4676 est
1298 4622 1501 4687 Patris,
1536 4626 1593 4676 et
1643 4639 1772 4693 quae
1812 4640 1845 4677 a
1893 4624 2032 4678 Filio

334 4713 716 4768 contribuitur
742 4728 847 4782 per
872 4711 1149 4781 Spiritum
1182 4714 1463 4776 sanctum,
1497 4716 1581 4763 est
1632 4711 1807 4765 etiam
1867 4712 2026 4779 Filii;

336 4804 469 4873 quia
500 4816 861 4873 quaecunque
893 4803 1026 4853 sunt
1061 4798 1261 4867 Patris,
1295 4803 1429 4852 sunt
1459 4803 1512 4852 et
1554 4798 1699 4853 Filii.
1736 4799 1844 4853 Sed
1892 4817 2032 4854 nun-

338 4891 472 4959 quid
501 4890 747 4943 Charitas
778 4904 906 4958 quae
929 4892 1012 4941 est
1059 4886 1307 4957 Spiritus
1360 4891 1608 4953 sanctus,
1643 4887 1721 4940 sic
1770 4892 1853 4941 est
1888 4889 2033 4957 Filii,

341 4982 401 5030 ut
426 4978 817 5031 sitcreatura?
849 4991 1214 5046 nequaquam
1258 4990 1522 5044 prorsus;
1559 4974 1656 5028 sed
1704 4974 1977 5029 tribuitur
2005 4994 2037 5030 a

341 5066 504 5131 Filio,
556 5065 693 5135 quia
732 5063 993 5134 procedit
1032 5079 1098 5117 ex
1145 5063 1274 5129 illo;
1329 5066 1385 5116 et
1428 5067 1511 5116 est
1562 5063 1709 5133 Filii,
1762 5064 2033 5135 quoniam

339 5151 838 5205 consubstantialis
868 5154 955 5204 est
972 5150 1076 5204 illi.

414 5238 795 5308 Subjungitur
827 5255 839 5291 :
877 5261 902 5286 (ι
951 5240 1013 5291 Et
1043 5238 1141 5309 qui
1182 5239 1466 5310 particeps
1501 5245 1585 5294 est
1641 5240 1839 5311 gratiae
1905 5242 2037 5295 Jesu

412 5405 435 5429 ⁸
484 5396 748 5463 Didymus
820 5396 1252 5451 Alexandrinus.
1320 5398 1479 5451 Hunc
1540 5396 1765 5466 Didymi
1824 5395 2035 5448 librum

345 5465 546 5520 Encas
579 5466 929 5534 Parisiensis,
962 5467 1257 5521 Ratramni
1295 5465 1735 5526 coaetaneus,in
1770 5481 1839 5518 eo
1865 5480 2038 5535 opere

342 5538 495 5607 quod
523 5536 838 5592 Ratramno
860 5538 1287 5609 subjungimus,
1310 5541 1549 5591 testatur
1576 5536 1647 5588 ab
1688 5536 2035 5605 Hieronymo

2143 4364 2304 4417 cedat
2333 4363 2401 4416 ab
2434 4363 2553 4433 ipso
2598 4363 2863 4433 Spiritus,
2899 4379 3012 4417 non
3066 4367 3151 4416 est
3196 4363 3451 4433 ejusdem
3498 4362 3836 4427 voluntatis,

2139 4452 2302 4521 cujus
2362 4456 2445 4505 est
2502 4451 2718 4505 Filius:
2770 4467 2904 4504 nam
2960 4467 3092 4521 quae
3147 4456 3485 4521 separantur
3529 4452 3839 4512 consortio,

2142 4545 2479 4611 separantur
2520 4540 2695 4594 etiam
2724 4540 3033 4593 voluntate.
3076 4540 3221 4593 Dicit
3270 4539 3440 4591 etiam
3477 4554 3489 4591 ε
3537 4558 3563 4588 ει
3612 4541 3683 4593 Et
3714 4539 3842 4609 quia

2142 4628 2407 4698 superius
2433 4628 2887 4681 demonstratum
2918 4632 3002 4681 est
3031 4627 3247 4680 socium
3288 4642 3407 4679 esse
3441 4642 3544 4695 per
3573 4632 3842 4680 naturam

2140 4715 2417 4785 Spiritum
2464 4715 2768 4786 Unigenito
2798 4716 2933 4781 Deo,
2986 4720 3045 4769 et
3084 4716 3196 4769 Deo
3230 4715 3410 4768 Patri:
3458 4713 3657 4779 .Filius
3717 4730 3843 4767 vero

2142 4808 2196 4857 et
2228 4804 2393 4856 Pater
2419 4820 2598 4857 unum
2628 4808 2763 4857 sunt
2794 4805 2954 4871 juxta
2981 4803 3123 4857 illud
3160 4819 3171 4856 :
3206 4806 3319 4870 Ego
3369 4808 3419 4855 et
3460 4804 3634 4857 Pater
3680 4818 3841 4856 unum

2142 4905 2362 4957 sumus;
2393 4890 2637 4944 indivisa
2676 4895 2732 4944 et
2777 4890 3175 4961 inseparabilis
3212 4889 3528 4943 secundum
3578 4896 3840 4945 naturam

2143 4983 2369 5032 ostensa
2389 4984 2475 5032 est
2503 4978 2765 5033 Trinitas.
2792 5001 2817 5027 ››
2883 4980 2939 5034 Si
2976 4996 3080 5049 per
3110 4984 3372 5033 naturam
3429 4978 3686 5032 sociatur
3716 4980 3840 5046 Spi-

2145 5066 2288 5119 ritus
2319 5066 2625 5137 Unigenito
2658 5069 2797 5132 Deo,
2831 5072 2887 5120 et
2918 5068 3031 5121 Deo
3082 5068 3253 5133 Patri,
3285 5066 3548 5138 procedit
3608 5066 3679 5120 ab
3714 5065 3846 5119 L’ni-

2143 5154 2337 5224 genito
2374 5155 2507 5207 Deo.
2550 5154 2713 5218 Quod
2756 5156 2803 5207 si
2847 5159 3069 5208 tantum
3119 5155 3380 5225 procedit.
3407 5170 3441 5207 a
3482 5155 3599 5208 Deo
3648 5156 3838 5225 ,Patre,

2147 5246 2203 5294 et
2248 5256 2363 5294 non
2409 5241 2665 5311 procedit
2729 5242 2799 5295 ab
2857 5241 3162 5312 llnigenito
3216 5243 3357 5307 Deo;
3408 5242 3565 5295 Patri
3616 5242 3842 5313 quidem

2149 5396 2204 5449 in
2249 5398 2509 5451 Latinum
2564 5415 2890 5453 sermonem
2939 5400 3176 5453 verbum
3231 5416 3369 5453 esse.
3431 5401 3592 5454 Idem
3645 5400 3843 5455 deinde

2147 5467 2375 5537 scripsit
2393 5470 2699 5523 Anselmus
2724 5470 2957 5525 Havelb.
2996 5470 3214 5539 Dialog.
3248 5470 3346 5524 lib.
3390 5486 3448 5536 Il,
3493 5487 3621 5541 cap.
3655 5473 3744 5525 24.
