3890 6230
71 291 154 340 i’ﬁl
1072 288 1351 343 CONTRA
1391 288 1788 344 GRECORUM
1836 288 2191 344 OPPOSITA.
2224 319 2296 331 —
2337 290 2461 344 LIll.
2508 292 2575 346 ll.

3468 298 3571 349 262

67 422 306 475 sociatur
338 438 449 491 per
490 427 781 489 naturam,
823 424 1119 491 unigenito
1150 439 1284 477 vero
1334 425 1446 477 Deo
1485 440 1597 477 non
1630 440 1764 477 con-
1807 428 1845 479 Λ
1882 424 2158 494 Spiritum
2190 442 2313 479 esse
2344 426 2621 488 veritatis,
2657 427 2869 492 intulit,
2907 449 2933 476 «
2969 430 3032 482 Et
3082 429 3178 483 Dei
3226 446 3345 484 esse
3394 431 3568 500 Spiri-

62 513 320 581 jungitur
351 528 364 564 :
402 528 520 563 non
553 513 707 565 enim
755 513 924 582 jungi
954 518 1138 583 potest
1170 513 1221 565 ei
1273 529 1374 582 per
1416 517 1701 575 naturam,
1734 527 1766 563 a

66 617 181 669 quo
212 616 327 653 non
391 602 671 670 proi'edit.
709 600 813 655 Sed
875 607 1068 653 auctor
1101 606 1342 654 testatur
1373 617 1491 653 esse
1547 600 1765 653 socium

64 689 169 741 iste
200 704 304 757 per
334 697 607 742 naturam
658 688 936 758 Spiritum
979 688 1277 757 unigenito
1331 689 1489 741 Deo:
1561 688 1767 741 fatetur

66 792 203 846 ergo
250 777 561 845 procedere
583 777 860 846 Spiritum
909 777 980 830 ab
1012 777 1310 846 unigenito
1357 778 1493 830 Deo.
1526 776 1595 828 Et
1624 792 1766 845 quo-

68 865 223 917 niam
259 864 567 918 indivisam
600 872 653 918 et
681 865 1118 936 inseparabilem
1148 866 1459 919 secundum
1498 868 1765 917 naturam

66 953 205 1005 dicit
234 969 359 1006 esse
410 954 772 1020 Trinitatem,
825 954 1033 1007 fatetur
1065 954 1269 1008 Filium
1302 954 1369 1007 de
1402 954 1565 1006 Patre
1603 953 1765 1020 geni-

64 1048 212 1107 tum,
250 1040 536 1109 Spiritum
565 1056 698 1094 vero
730 1042 800 1095 de
843 1043 1006 1096 Patre
1040 1042 1293 1112 Filioque
1334 1041 1759 1111 procedentem.

62 1128 228 1190 Quod
255 1129 305 1181 si
336 1131 408 1182 de
430 1131 591 1183 Patre
622 1130 822 1183 doceas
854 1136 1075 1183 tantum
1122 1130 1428 1199 procedere
1464 1128 1760 1199 Spiritum,

56 1217 176 1284 jam
210 1233 329 1269 non
360 1224 447 1270 est
477 1217 717 1271 indivisa
753 1223 809 1269 et
859 1218 1256 1287 inseparabilis
1305 1217 1579 1282 Trinitas;
1619 1233 1760 1286 quo-

64 1305 218 1358 niam
253 1304 503 1374 Spiritus
541 1306 812 1359 dividitur
841 1322 873 1358 a
899 1306 1059 1371 Filio,
1093 1323 1124 1359 a
1153 1323 1267 1376 quo
1318 1322 1435 1359 non
1459 1305 1718 1375 procedit
1748 1321 1760 1358 :

62 1399 365 1463 separatur
411 1395 482 1448 ab
540 1395 860 1464 unigenito,
915 1396 1076 1464 cujus
1128 1412 1241 1448 non
1304 1395 1572 1465 Spiritus.
1634 1395 1763 1447 Pro-

60 1484 142 1536 cul
177 1483 353 1536 haesit
396 1500 430 1536 a
471 1484 761 1536 catholicis
813 1484 1085 1537 membris
1138 1484 1452 1553 impietatis
1504 1483 1698 1553 opinio
1744 1500 1756 1536 :

60 1577 135 1623 est
172 1572 333 1624 enim
365 1572 605 1624 indivisa
638 1576 691 1625 et
719 1573 1110 1641 inseparabilis
1142 1572 1457 1626 secundum
1494 1577 1758 1625 naturam

60 1667 247 1712 sancta
280 1660 560 1723 Trinitas;
595 1662 869 1731 quoniam
902 1663 1065 1714 Pater
1095 1661 1163 1713 de
1198 1661 1370 1723 nullo,
1415 1661 1587 1713 Filius
1631 1675 1760 1711 vero

1875 517 2016 575 tum,
2048 535 2067 560 ι
2104 530 2404 584 personam
2440 514 2563 568 Filii
2599 517 2790 568 volens
2822 516 3082 587 intelligi.
3120 517 3226 572 Sed
3270 534 3340 571 ne
3362 518 3570 571 tituba-

1874 601 1953 653 tio
2017 601 2285 655 lectorem
2336 603 2727 666 confunderet,
2806 605 2885 657 ait
2953 604 3011 658 in
3087 607 3569 676 consequentibus

1879 710 1904 736 ‹‹
1938 689 2219 758 Spiritum
2248 690 2541 760 sapientia:
2574 697 2628 743 et
2660 692 2933 756 veritatis,
2967 693 3020 746 id
3042 700 3125 746 est
3155 694 3279 747 Filii
3315 695 3432 748 Dei.
3468 714 3495 743 π

1946 779 2007 831 In
2067 779 2478 848 posterioribus
2526 778 2733 848 inquit.
2769 799 2795 829 «
2850 780 3024 833 Porro
3068 781 3189 849 jam
3236 782 3565 851 frequenter

1876 867 2230 919 ostendimus
2262 867 2519 936 ejusdem
2551 883 2671 919 esse
2720 868 3071 937 operationis
3123 869 3418 939 Spiritum,
3469 886 3562 923 cu-

1873 956 1964 1022 jus
1992 960 2076 1007 est
2098 955 2265 1008 Pater
2297 960 2352 1007 et
2396 955 2571 1008 Filius
2602 960 2658 1007 et
2688 955 2745 1007 in
2786 956 2986 1009 eadem
3029 958 3359 1026 operatione
3391 974 3562 1011 unam

1875 1058 1993 1094 esse
2035 1042 2434 1108 substantiam,
2467 1048 2523 1095 et
2572 1042 2859 1113 reciproce
2906 1058 3106 1099 eorum
3170 1062 3299 1116 quas
3344 1048 3566 1117 ὁμούσια

1875 1134 2027 1196 sunt,
2060 1132 2448 1200 operationem
2474 1147 2707 1201 quoque
2740 1148 2851 1185 non
2878 1148 3000 1186 esse
3022 1133 3320 1187 diversam.
3362 1156 3383 1180 ι
3418 1136 3564 1204 Ope-

1876 1220 2017 1271 ratio
2047 1218 2290 1289 Spiritus
2340 1220 2539 1273 eadem
2580 1225 2662 1273 est
2704 1237 2831 1290 quas
2870 1226 2925 1273 et
2956 1222 3133 1274 Patris
3177 1227 3231 1275 et
3266 1224 3389 1275 Filii
3438 1240 3567 1292 ope-

1873 1306 2054 1373 ratio;
2090 1307 2363 1377 quouiam
2399 1309 2902 1363 consubstantialis
2951 1314 3035 1363 est
3079 1311 3375 1380 utriusque
3435 1318 3567 1364 tau-

1873 1411 2045 1464 quam
2087 1396 2399 1465 procedens
2446 1396 2515 1449 ab
2548 1402 2786 1466 utroque
2824 1413 2836 1451 :
2868 1414 2982 1450 non
3031 1400 3185 1452 enim
3238 1405 3426 1468 potest
3486 1400 3567 1453 eis

1871 1483 2069 1537 eadem
2103 1485 2431 1553 operatione
2462 1484 2757 1554 conjungi,
2807 1486 2853 1539 si
2892 1503 3006 1539 non
3039 1487 3108 1541 ab
3147 1492 3385 1557 utroque
3434 1504 3567 1557 pro-

1872 1572 2056 1626 cedit:
2092 1572 2362 1626 dividitur
2410 1588 2660 1643 namque
2720 1574 3038 1628 substantia
3081 1576 3291 1645 quibus
3336 1592 3565 1645 proces-

1873 1659 2033 1713 sione
2077 1677 2193 1713 non
2240 1661 2504 1725 cohmret,
2555 1677 2655 1714 nec
2712 1663 2878 1714 aliter
2927 1668 3116 1731 potest
3154 1665 3237 1717 vel
3287 1664 3436 1717 Patri
3480 1665 3566 1717 vel

62 1748 124 1799 de
160 1749 332 1801 Patre
380 1721 630 1814 genitus:
682 1749 927 1817 Spiritus
959 1754 1149 1802 autem
1196 1721 1425 1801 sanctus
1475 1748 1544 1800 de
1595 1749 1758 1800 Patre
1803 1721 1841 1773 Β
1875 1747 2012 1801 Filio
2065 1721 2513 1801 substantialiter
2552 1749 2831 1817 copulari,
2881 1721 3155 1820 quoniam
3202 1756 3262 1804 ut
3310 1752 3381 1804 sit
3428 1753 3564 1806 sub-

64 1837 322 1905 Filioque
349 1836 679 1905 procedens.

128 1925 265 1977 Item
296 1924 475 1977 dicit:
514 1946 534 1971 ι
560 1926 619 1977 lu
652 1923 761 1977 alio
788 1940 1018 1994 quoque
1042 1924 1351 1994 Evangelio
1374 1922 1587 1993 legitur
1610 1940 1621 1977 :
1646 1926 1759 1979 Non

64 2017 193 2065 enim
223 2028 321 2065 ros
344 2014 475 2066 estis
505 2015 603 2081 qui
629 2014 935 2081 loquimini,
982 2014 1076 2067 sed
1105 2014 1347 2081 Spiritus
1382 2014 1563 2066 Putris
1595 2014 1762 2065 vestri

66 2104 153 2169 qui
182 2100 433 2169 loquitur
460 2107 515 2154 tn
556 2102 705 2155 vobis
738 2102 955 2170 (Matth.
991 2117 1044 2167 x,
1078 2102 1189 2170 20).
1232 2101 1290 2153 Si
1331 2116 1469 2169 ergo
1512 2100 1761 2169 Spiritus

69 2190 237 2243 Patris
270 2191 331 2242 in
366 2191 644 2259 apostolis
675 2190 951 2260 loquitur,
993 2191 1200 2243 docens
1227 2206 1319 2242 eos
1351 2206 1478 2260 quae
1516 2189 1761 2241 debeant

66 2278 436 2346 respondere,
487 2284 543 2331 et
592 2295 718 2348 quae
761 2278 1049 2349 idocentur
1099 2295 1132 2331 a
1193 2278 1429 2347 Spiritu,
1481 2277 1760 2347 sapientia

65 2371 158 2429 est,
188 2382 364 2435 quam
396 2382 516 2419 non
540 2382 845 2435 possumus
866 2368 1041 2420 alium
1078 2373 1288 2437 praeter
1337 2365 1540 2420 Filium
1589 2366 1761 2434 [intel-

66 2455 266 2521 ligere;
304 2454 529 2523 liquido
558 2461 794 2525 apparet
821 2456 1077 2525 ejusdem
1100 2462 1316 2509 naturae
1333 2456 1609 2524 Spiritum
1638 2470 1758 2507 esse

64 2557 183 2594 cum
216 2541 385 2601 Filio,
441 2548 500 2595 et
547 2558 674 2595 cum
725 2544 889 2596 Patre
928 2542 1093 2612 cujus
1134 2550 1217 2595 est
1261 2542 1528 2612 Spiritus.
1583 2542 1757 2594 Porro

64 2629 218 2682 Pater
247 2636 306 2681 et
335 2630 514 2682 Filius
550 2646 730 2684 unum
769 2635 918 2684 sunt.
971 2650 997 2680 »
1060 2630 1202 2684 Dicit
1260 2636 1461 2683 auctor
1515 2630 1619 2682 iste
1677 2645 1762 2680 sa-

62 2717 351 2786 pientiam,
396 2733 573 2787 quam
625 2718 789 2771 docet
829 2718 1073 2788 Spiritus
1109 2719 1289 2772 Patris
1340 2718 1625 2788 apostolos
1677 2716 1759 2770 Fi-

62 2806 193 2858 lium
224 2822 374 2859 esse.
412 2805 473 2859 Si
504 2806 782 2875 sapientia
819 2806 995 2859 Filius
1026 2810 1129 2872 est,
1164 2810 1219 2859 et
1258 2804 1505 2874 Spiritus
1534 2811 1760 2857 sanctus

61 2893 421 2960 sapientiam,
475 2910 602 2963 quas
661 2894 832 2947 Filius
884 2905 987 2957 est,
1037 2894 1290 2964 loquitur
1346 2895 1405 2946 in
1458 2895 1756 2963 apostolis,

64 2983 253 3051 accipit
283 3000 315 3035 a
343 2982 511 3036 Filio.
574 2982 1064 3045 Quemadmodum
1109 2988 1301 3036 autem
1353 2982 1594 3051 accipit?
1626 2999 1756 3051 pro-
1796 3013 1834 3065 ο

62 3071 302 3124 cedendo
334 3078 513 3135 certe,
569 3087 679 3124 non
724 3072 1121 3141 participando
1151 3071 1301 3141 quod
1337 3076 1467 3125 ante
1498 3087 1612 3124 non
1662 3071 1757 3123 lia-

62 3158 236 3211 }iuerit
261 3176 273 3212 :
304 3176 423 3213 non
449 3159 602 3213 enim
630 3160 739 3213 fuit
759 3160 1070 3231 aliquando
1101 3160 1348 3229 Spiritus
1375 3160 1496 3211 siue
1531 3159 1756 3229 sapien-

63 3248 150 3309 tia,
181 3248 279 3301 sed
312 3248 535 3319 accepit
561 3264 593 3300 a
625 3249 764 3302 Filio
816 3256 877 3301 ut
924 3265 1149 3317 semper
1191 3254 1340 3300 esset
1371 3247 1620 3315 sapiens,
1682 3248 1753 3300 ab

66 3337 170 3404 ipso
200 3336 555 3405 procedens;
586 3337 721 3407 quia
745 3337 916 3390 unius
966 3343 1052 3390 est
1082 3343 1300 3390 naturae
1350 3354 1477 3389 cum
1530 3337 1669 3390 Filio
1701 3342 1757 3390 et

64 3438 179 3475 cum
204 3424 391 3482 Patre.
431 3425 595 3493 cujus
626 3427 711 3477 est
758 3424 1007 3494 Spiritus
1040 3439 1053 3479 :
1106 3426 1262 3494 quod
1315 3425 1395 3477 sic
1448 3440 1560 3477 non
1594 3425 1752 3490 dixit,

63 3515 251 3563 utnon
299 3513 479 3565 etiam
512 3513 787 3582 Spiritum
843 3513 968 3566 Filii
1016 3513 1395 3582 signiﬁcaret;
1456 3513 1618 3582 cujus
1659 3529 1755 3565 sa-

64 3600 327 3668 pientiam
381 3601 525 3653 dixit
574 3602 730 3672 loqui
783 3601 1084 3671 Spiritum,
1144 3602 1238 3654 sed
1294 3600 1431 3671 quia
1488 3601 1753 3668 superius

66 3688 267 3742 dixerat
299 3706 313 3742 :
350 3692 473 3745 Non
502 3693 645 3743 enim
683 3706 773 3744 vos
806 3693 935 3744 estis
981 3692 1078 3757 qui
1116 3691 1422 3757 loquimini,
1486 3689 1580 3742 sed
1620 3690 1751 3758 Spi-

67 3784 139 3829 tus
168 3779 358 3830 Patris
392 3779 576 3830 vestri.
612 3778 750 3831 Nam
784 3778 921 3831 dicit
974 3778 1031 3830 in
1064 3777 1479 3847 posterioribus
1513 3794 1525 3830 :
1578 3778 1753 3830 Porro

70 3866 213 3919 Pater
242 3872 301 3919 et
337 3866 515 3919 Filius
548 3882 723 3919 unum
773 3872 926 3919 sunt.
958 3865 1017 3919 Si
1064 3867 1231 3919 Pater
1279 3872 1334 3919 et
1370 3866 1542 3919 Filius
1573 3882 1753 3919 unum

68 3960 199 4019 sunt,
237 3953 512 4024 Spiritus,
546 3956 646 4025 qui
695 3955 872 4007 Patris
900 3959 1004 4018 est,
1062 3958 1147 4007 est
1177 3953 1349 4007 etiam
1381 3959 1438 4007 et
1497 3953 1656 4017 Filii;
1693 3969 1755 4006 ac

68 4057 154 4109 per
208 4043 322 4095 hoc
377 4056 445 4095 ex
514 4046 760 4112 utroque
822 4041 1159 4112 procedens.
1224 4043 1286 4095 In
1339 4041 1754 4111 posterioribus

68 4130 234 4197 illud,
273 4131 375 4184 lib.
414 4134 473 4196 ιι)
506 4146 633 4183 cum
672 4147 787 4184 non
844 4146 1028 4200 pauca
1057 4130 1125 4184 de
1182 4130 1364 4184 Patris
1406 4136 1464 4184 et
1520 4130 1643 4183 Filii
1699 4134 1754 4183 et

67 4219 227 4272 sancti
286 4219 542 4289 Spiritus
595 4218 1181 4273 consubstantialitate
1234 4220 1564 4284 'tractasset,
1626 4235 1757 4271 con-

68 4307 213 4360 clusit
246 4324 260 4360 :
310 4330 338 4355 α

70 4395 372 4450 substantia
405 4396 716 4463 Trinitatis,
752 4403 808 4449 et
842 4397 1064 4449 Patrem
1092 4401 1282 4449 tamen
1313 4410 1443 4447 vere
1478 4393 1605 4447 Filii
1632 4407 1753 4446 esse

71 4484 297 4550 Patrem,
349 4490 411 4538 et
466 4486 669 4539 Filium
726 4501 855 4538 vere
882 4484 1060 4539 Patris
1090 4484 1317 4549 Filium,
1371 4488 1426 4535 et
1478 4481 1752 4552 Spiritum

70 4578 304 4627 sanctum
341 4590 479 4627 vere
512 4574 689 4626 Patris
716 4578 772 4626 et
802 4573 899 4626 Dei
923 4588 1045 4627 esse
1076 4571 1353 4641 Spiritum
1381 4591 1395 4637 ;
1426 4574 1481 4622 et
1518 4569 1755 4638 insuper

69 4660 344 4729 sapientim
379 4666 442 4715 et
468 4660 740 4729 veritatis,
772 4661 828 4715 id
859 4664 943 4714 est
988 4659 1115 4713 Filii
1147 4659 1269 4713 Dei.
1308 4680 1330 4705 ι
1365 4658 1423 4711 Si
1474 4672 1611 4726 ergo
1664 4657 1756 4710 Pa-

70 4754 139 4800 ter
165 4749 286 4803 Filii
325 4751 495 4803 Pater
527 4756 629 4809 est,
663 4750 800 4821 quia
825 4748 1023 4819 genuit
1056 4747 1251 4812 illum;
1286 4751 1341 4801 et
1371 4745 1545 4799 Filius
1574 4745 1753 4799 Patris

69 4834 234 4903 Filius,
269 4838 421 4909 quia
448 4837 679 4908 genitus
721 4841 805 4890 est
836 4836 905 4890 ab
957 4836 1077 4902 illo,
1132 4839 1188 4888 et
1230 4834 1476 4904 Spiritus
1528 4838 1755 4886 sanctus

70 4939 176 4977 vere
205 4924 396 4979 Patris
457 4924 724 4994 Spiritus,
780 4924 915 4994 quia
957 4922 1221 4988 procedit
1258 4922 1328 4975 ab
1380 4921 1501 4987 illo,
1552 4935 1750 4974 conse-

69 5018 285 5078 quenter
315 5017 378 5066 et
414 5013 709 5083 sapientia:
738 5018 793 5066 et
822 5012 1099 5074 veritatis,
1129 5010 1188 5065 id
1221 5016 1306 5063 est
1335 5009 1461 5063 Filii
1487 5009 1585 5063 Dei
1616 5008 1749 5077 Spi-

71 5100 184 5151 ritus
211 5104 317 5166 est,
344 5099 631 5170 quoniam
659 5099 916 5169 procedit
946 5115 979 5151 a
1010 5098 1171 5163 Filio,
1206 5096 1263 5150 id
1297 5101 1383 5151 est
1434 5096 1691 5166 procedit
1722 5113 1755 5149 a

71 5188 301 5255 veritate,
344 5187 614 5258 procedit
644 5204 677 5241 a
706 5186 1008 5257 sapientia,
1051 5185 1311 5256 procedit
1341 5202 1371 5239 a
1404 5186 1539 5253 Deo,
1579 5185 1635 5238 id
1669 5190 1757 5239 est

73 5273 185 5329 Filio
214 5296 229 5330 :
262 5276 408 5331 ideo
439 5292 691 5347 namque
723 5292 850 5329 cum
897 5276 1133 5330 dixisset
1162 5274 1443 5345 Spiritum
1493 5278 1754 5328 sanctum

126 5455 145 5478 ⁸
190 5449 483 5519 Siquidem
542 5449 803 5517 Spiritus.
861 5450 1065 5503 Totum
1114 5449 1219 5502 hoc
1273 5447 1555 5519 quidquid
1613 5450 1755 5500 este

77 5522 305 5600 {nat-giae
341 5522 403 5574 in
441 5525 665 5600 textum
707 5519 1001 5600 transferri
1024 5520 1385 5600 curavimus.
1410 5534 1546 5600 nam
1585 5522 1754 5571 antea

78 5586 159 5640 hoc
179 5586 403 5644 tantum
441 5590 761 5660 legebatur,
802 5591 946 5658 quod
986 5590 1232 5643 subsistit
1268 5594 1318 5642 et
1366 5588 1611 5657 loquitur
1660 5602 1752 5653 ego

1871 1836 2097 1891 stantia.
2147 1836 2392 1906 Spiritus
2440 1838 2655 1907 accepit
2695 1842 2811 1891 tam
2854 1855 2883 1889 a
2937 1839 3099 1891 Patre
3155 1855 3327 1909 quam
3366 1856 3395 1891 a
3428 1840 3563 1893 Filio

1868 1924 2249 1993 procedendo.
2284 1926 2421 1978 Item
2446 1925 2595 1978 infra
2627 1942 2638 1979 :
2675 1944 2701 1976 «
2727 1926 2787 1979 In
2812 1928 3292 1996 consequentibus
3323 1927 3391 1980 de
3434 1928 3560 1997 Spi-

1872 2012 1979 2065 ritu
2013 2013 2281 2075 veritatis,
2326 2014 2424 2084 qui
2458 2031 2489 2067 a
2532 2015 2695 2067 Patre
2746 2015 3014 2077 mittitur,
3063 2020 3119 2068 et
3158 2015 3205 2067 si
3246 2016 3565 2085 paracletus

1872 2102 2124 2155 Salvator
2175 2103 2294 2155 ait:
2328 2105 2447 2157 Non
2500 2106 2640 2156 enim
2689 2104 2932 2173 loquitur
2990 2121 3022 2157 α
3052 2106 3331 2172 semetipso
3385 2104 3559 2174 (Joan.

1870 2206 1981 2254 xvr,
2017 2193 2135 2258 l3);
2170 2191 2274 2243 hoc
2302 2196 2384 2243 est
2413 2192 2533 2243 sine
2566 2208 2675 2256 me,
2734 2198 2789 2243 et
2821 2192 2942 2245 sine
2975 2208 3101 2244 meo
3149 2196 3204 2245 et
3251 2192 3432 2245 Patris
3478 2208 3563 2244 ar-

1871 2276 2070 2341 bitrio;
2103 2276 2237 2345 quia
2266 2277 2666 2347 inseparabilis
2709 2294 2741 2330 a
2773 2294 2901 2331 mea
2940 2284 2995 2331 et
3032 2278 3215 2331 Patris
3247 2283 3329 2330 est
3360 2279 3561 2331 volun-

1867 2369 1978 2417 tate
2013 2381 2025 2417 :
2060 2366 2161 2417 hoc
2192 2365 2343 2418 enim
2376 2366 2564 2435 ipsum
2617 2366 2765 2436 quod
2822 2366 3079 2419 subsistit
3118 2372 3173 2420 et
3222 2366 3495 2437 loquitur,
3529 2385 3559 2421 a

1871 2455 2031 2506 Patre
2062 2459 2225 2505 etme
2261 2453 2340 2506 illi
2373 2458 2475 2507 est.
2508 2454 2623 2523 Ego
2658 2453 2949 2506 veritatem
2998 2455 3219 2523 loquor,
3266 2454 3321 2507 id
3355 2460 3439 2507 est
3469 2455 3557 2507 in-

1868 2540 2025 2609 spiro
2065 2556 2193 2610 quae
2254 2541 2512 2609 loquitur
2556 2550 2599 2603 ³,
2660 2540 2946 2609 siquidem
3005 2541 3249 2609 Spiritus
3309 2542 3561 2594 veritatis

1868 2634 1973 2681 est.
2007 2652 2032 2677 υ
2098 2630 2387 2682 Manifeste
2446 2629 2646 2681 doctor
2694 2629 2801 2681 iste
2849 2644 2951 2681 nos
3000 2628 3233 2682 instruit
3279 2629 3558 2699 Spiritum

1867 2724 2122 2770 sanctum
2155 2734 2274 2769 esse
2300 2733 2332 2769 ει
2362 2717 2532 2784 Filio;
2566 2732 2700 2770 nam
2731 2733 2860 2770 cum
2888 2716 3025 2770 dicit
3076 2734 3087 2770 :
3137 2719 3256 2771 Non
3285 2721 3426 2771 enim
3475 2720 3558 2772 lo-

1868 2811 2057 2875 quitur
2105 2822 2139 2858 a
2182 2808 2459 2874 semetipso
2506 2805 2758 2859 ostendit
2809 2820 2943 2857 eum
2997 2821 3030 2857 a
3079 2806 3384 2876 semetipso
3443 2821 3557 2859 non

1868 2912 2019 2961 esse;
2067 2902 2302 2965 propter
2332 2895 2485 2965 quod
2514 2895 2824 2964 explanans
2854 2895 3007 2965 quod
3036 2894 3177 2947 dixit
3209 2910 3221 2948 :
3262 2917 3282 2943 ι
3336 2896 3448 2948 Hoc
3478 2902 3563 2949 est

1868 2985 1990 3037 sine
2023 2999 2134 3049 me,
2169 2990 2226 3036 et
2257 2983 2378 3036 sine
2412 2999 2537 3036 meo
2570 2988 2624 3036 et
2671 2983 2849 3036 Patris
2883 2982 3148 3047 arbitrio;
3188 3004 3209 3030 ι
3243 2984 3491 3037 ostendit
3529 3001 3563 3037 a

1864 3090 1978 3144 quo
2013 3073 2107 3138 sit,
2132 3072 2231 3142 qui
2264 3088 2376 3124 non
2410 3072 2665 3142 loquitur
2691 3089 2725 3125 a
2772 3072 3100 3140 semetipso,
3140 3088 3172 3124 a
3208 3073 3368 3124 Patre
3407 3071 3557 3124 scili-

1865 3165 1952 3214 cet
1983 3166 2065 3215 est
2096 3167 2151 3213 et
2181 3177 2211 3213 a
2266 3160 2425 3224 Filio,
2458 3160 2579 3214 sine
2624 3160 2854 3231 quibus,
2891 3164 2944 3213 et
2999 3160 3122 3212 sine
3168 3176 3411 3229 quorum
3444 3176 3559 3213 non

1867 3249 2121 3319 loquitur
2159 3248 2414 3302 arbitrio.
2450 3249 2515 3301 Et
2535 3248 2728 3302 dicens
2760 3264 2772 3301 :
2810 3270 2834 3296 ‹‹
2869 3248 2981 3301 Hoc
3015 3247 3166 3300 enim
3200 3248 3389 3318 ipsum
3411 3248 3561 3318 quod

1865 3338 2121 3392 subsistit
2177 3343 2233 3391 et
2262 3336 2539 3407 loquitur,
2576 3353 2681 3407 ego
2734 3337 2941 3391 veritas
2969 3336 3194 3407 loquor,
3224 3358 3250 3384 »
3313 3336 3561 3390 ostendit

1866 3426 2285 3479 subsistentiam
2315 3425 2561 3495 Spiritus
2600 3442 2720 3479 esse
2753 3442 2785 3478 a
2820 3425 2977 3479 Filio.
3014 3424 3081 3477 Et
3128 3424 3173 3476 si
3206 3440 3335 3477 cum
3381 3424 3563 3494 loqui-

1865 3519 1959 3567 tur
1988 3514 2255 3584 Spiritus,
2283 3514 2538 3583 loquitur
2564 3512 2789 3579 veritas,
2828 3512 2943 3583 [hoc
2994 3516 3079 3565 est
3130 3512 3322 3575 Filius,
3374 3515 3559 3564 osten-

1865 3602 1949 3655 dit
1984 3602 2119 3671 quia
2171 3601 2323 3669 quod
2356 3601 2633 3669 loquitur,
2667 3605 2723 3653 et
2776 3599 2927 3669 quod
2980 3598 3234 3651 subsistit
3284 3597 3551 3667 Spiritus,

1864 3689 2131 3758 accepita
2180 3688 2337 3741 Filio.
2392 3689 2455 3741 Et
2485 3687 2773 3741 iuculcans
2803 3687 3052 3756 idipsum
3096 3686 3253 3739 velut
3299 3685 3553 3755 apertius

1865 3777 2015 3847 quod
2046 3776 2301 3840 dixerat,
2335 3775 2573 3837 faciens;
2612 3796 2634 3823 ο
2672 3775 2728 3829 id
2774 3779 2860 3828 est
2910 3774 3129 3842 inspiro
3179 3789 3307 3843 quae
3365 3772 3557 3843 loqui-

1864 3870 1975 3918 tur.
2022 3883 2049 3914 »
2078 3862 2373 3927 Quomodo
2396 3862 2679 3932 inspirat?
2708 3861 2983 3914 nimirum
3022 3876 3150 3914 cum
3191 3861 3261 3916 ab
3294 3860 3393 3914 illo
3424 3875 3560 3930 pro-

1864 3950 2013 4004 cedit
2064 3955 2118 4003 et
2172 3948 2473 4002 connectit.
2542 3969 2562 3996 ι
2631 3947 2927 4017 Siquidem
2991 3945 3237 4015 Spiritus
3304 3945 3558 3998 veritatis

1865 4046 1950 4093 est
1982 4056 1994 4092 :
2029 4058 2056 4089 »
2108 4038 2261 4108 quod
2313 4042 2394 4090 est
2450 4036 2659 4101 dicere,
2717 4035 2965 4105 Spiritus
3015 4034 3141 4088 Filii
3196 4039 3298 4087 est.
3344 4034 3559 4098 Quibus

1866 4125 2135 4179 omnibus
2182 4125 2610 4179 demonstratur
2659 4123 2813 4193 quod
2862 4121 2936 4174 sit
3010 4120 3259 4192 Spiritus
3320 4121 3464 4187 Filii,
3504 4126 3561 4174 et

1866 4215 2019 4284 quod
2066 4213 2377 4282 inspiretur
2406 4228 2438 4265 a
2481 4212 2642 4277 Filio,
2687 4211 2746 4264 id
2793 4216 2879 4264 est
2907 4209 3178 4281 procedat
3210 4209 3279 4264 ab
3324 4209 3444 4263 illo.
3498 4210 3561 4263 Et

393 4308 468 4361 Ex
515 4307 603 4360 his
648 4308 961 4377 colligitur,
1005 4323 1334 4377 quanquam
1386 4307 1625 4361 indivisa
1685 4307 1757 4360 sit
1794 4301 2000 4373 unia
2037 4302 2187 4372 quod
2228 4299 2482 4371 loquitur
2534 4298 2799 4370 Spiritus,
2848 4304 2906 4352 et
2954 4297 3214 4352 subsistit
3275 4296 3556 4367 Spiritus;

1864 4390 2067 4461 accipit
2096 4406 2124 4442 a
2159 4390 2320 4455 Filio,
2370 4405 2487 4442 non
2540 4393 2814 4458 tauquam
2873 4387 3083 4453 minor,
3135 4387 3233 4441 sed
3279 4390 3554 4456 tanquam

1864 4477 2381 4543 consubstantialis,
2413 4481 2470 4531 et
2499 4492 2565 4529 ex
2597 4476 2695 4529 illo
2726 4476 3059 4546 procedens.

1932 4567 2071 4619 Item
2110 4565 2300 4619 infra:
2356 4587 2383 4614 ‹‹
2441 4564 2617 4634 Loqui
2662 4580 2798 4633 ergo
2843 4564 3087 4626 Patrem,
3121 4566 3176 4614 et
3229 4561 3431 4614 audire
3482 4561 3560 4613 Fi-

1862 4653 2039 4719 lium;
2074 4652 2160 4706 vel
2192 4668 2221 4705 e
2252 4650 2562 4713 contrario,
2591 4650 2730 4705 Filio
2764 4651 3031 4719 loquente
3071 4647 3268 4700 audire
3312 4648 3555 4710 Patrem,

1864 4740 2120 4811 ejusdem
2167 4745 2387 4794 naturas
2446 4739 2502 4791 in
2545 4740 2723 4805 ,Patre
2786 4742 2841 4790 et
2908 4736 3071 4801 Filio,
3132 4749 3556 4803 consensusque

1863 4829 2203 4899 signiﬁcatio
2259 4834 2361 4881 est.
2418 4827 2667 4897 Spiritus
2726 4838 2952 4895 quoque
3012 4827 3257 4884 sanctus,
3318 4818 3417 4889 qui
3473 4823 3559 4872 est

1865 4918 2108 4987 Spiritus
2140 4917 2411 4983 veritatis,
2441 4915 2802 4983 Spiritusque
2834 4909 3152 4979 sapientiae,
3205 4923 3316 4961 non
3368 4911 3555 4977 potest

1864 5006 2002 5060 Filio
2031 5008 2300 5076 loquente
2341 5003 2538 5057 audire
2589 5016 2717 5070 quae
2762 4998 2974 5061 nescit;
3023 5012 3153 5049 cum
3208 4996 3317 5049 hoc
3366 4996 3555 5066 ipsum

1863 5095 1935 5148 sit
1963 5095 2114 5165 quod
2146 5093 2433 5163 profertur
2466 5107 2497 5143 a
2543 5089 2701 5142 Filio.
2738 5108 2758 5133 ι
2824 5087 3023 5139 Diceus
3069 5085 3399 5155 loquentem
3447 5085 3556 5137 Pa-

1862 5187 2009 5236 trem
2041 5181 2236 5235 audire
2268 5179 2490 5243 Filium,
2534 5177 2890 5230 demonstrat
2920 5172 3048 5226 Filii
3086 5172 3441 5226 nativitatem
3491 5188 3555 5226 ex

1863 5272 2025 5324 Patre
2060 5286 2072 5324 :
2133 5268 2397 5321 similiter
2437 5264 2639 5319 Filium
2680 5264 3010 5333 loquentem
3057 5260 3258 5316 audire
3306 5262 3554 5327 Patrem,

1863 5446 2066 5499 veritas
2090 5441 2297 5509 loquor,
2329 5439 2617 5508 siquidem,
2665 5438 2815 5508 quod
2839 5438 3108 5509 profecto
3156 5436 3551 5509 imperfectpm

1863 5519 2004 5568 erat.
2064 5503 2406 5582 Quanquam
2448 5526 2517 5563 ex
2572 5503 2942 5582 sequentibus
2990 5508 3123 5562 satis
3174 5503 3393 5560 constet
3450 5503 3553 5559 Ra-

1862 5591 2089 5638 tramno
2120 5580 2401 5652 placuisse
2430 5595 2660 5651 pravam
2706 5580 3027 5633 lectionem.
