3890 6230
310 284 411 336 263

1444 272 1813 330 RATBAMNI
1853 272 2309 331 CORBEIENSIS
2348 270 2653 329 MONACHI
3711 272 3807 326 26~i

308 420 535 472 Patrem
571 414 799 469 intimat
831 413 1097 484 genuisse
1150 412 1385 477 Filium;
1423 416 1478 465 et
1509 411 1643 482 quia
1664 415 1795 464 sunt
1823 410 1993 464 unius
2034 413 2075 465 A
2107 426 2221 463 non
2254 409 2512 480 loquitur
2541 426 2573 462 a
2604 409 2910 480 semetipso
2945 413 3241 480 separatus
3273 425 3309 462 a
3331 408 3507 474 Filio;
3538 408 3803 479 quoniam

304 513 525 561 natura:
556 507 719 559 Pater
753 509 808 557 et
838 502 1031 561 Filius.
1077 506 1210 555 sunt
1239 502 1407 554 etiam
1438 501 1694 569 ejusdem
1753 516 1996 553 consen-

306 611 429 660 sus;
468 600 531 647 ut
566 597 669 646 hoc
696 592 768 645 sit
819 590 979 661 loqui
1007 592 1227 643 Patrem
1276 589 1355 660 ad
1408 590 1614 642 Filium
1654 590 1738 641 vel
1795 588 1996 641 Filium

304 684 372 737 ad
396 684 641 749 Patrem,
693 681 751 734 in
805 680 974 732 unius
1024 694 1361 732 consensum
1405 676 1712 730 voluntatis
1758 676 1996 732 venire:

307 788 490 841 neque
544 769 833 823 diversum
891 767 1111 838 aliquid
1155 767 1384 819 sentire.
1438 765 1711 836 Spiritum
1772 781 2000 835 quoque

305 864 565 912 sanctum
607 856 857 909 veritatis
896 854 1169 924 Spiritum
1214 852 1307 924 [et]
1365 853 1661 923 sapientia)
1701 854 1998 908 conliteus.

308 947 583 1017 Spiritum
620 945 744 997 Filii
773 944 1038 1009 declarat,
1065 942 1134 996 de
1157 959 1269 1012 quo
1298 942 1452 1005 dicit,
1497 942 1629 1011 quia
1674 957 1790 994 non
1818 948 2003 1011 potest

308 1036 449 1090 Filio
481 1036 749 1105 loquente
791 1033 988 1085 audire
1021 1048 1150 1101 quae
1193 1031 1432 1096 nesciat;
1471 1030 1743 1100 quoniam
1771 1045 1901 1082 cum
1934 1029 2004 1082 sit

309 1123 569 1193 ejusdem
603 1138 731 1175 cum
768 1121 906 1173 Filio
937 1120 1286 1185 substantiae,
1322 1119 1705 1189 procedatque
1737 1119 1805 1171 de
1839 1117 1999 1182 Filio,

309 1228 438 1283 quae.
493 1209 748 1279 loquitur
782 1208 973 1273 Filius,
1026 1206 1280 1276 loquitur
1330 1211 1385 1259 et
1441 1206 1691 1275 Spiritus
1740 1210 1998 1270 sanctus;

307 1300 580 1370 quoniam
603 1298 707 1350 hoc
739 1295 927 1365 ipsum
973 1295 1124 1364 quod
1180 1300 1266 1348 est
1308 1294 1574 1364 Spiritus,
1618 1294 1830 1347 locutio
1878 1293 2002 1347 Filii

307 1395 391 1442 est
420 1389 489 1441 ad
526 1385 824 1456 Spiritum,
866 1384 1137 1453 praesenti
1185 1383 1415 1436 doctore
1454 1383 1695 1437 dicente.
1731 1382 1840 1446 Qui
1873 1398 2003 1435 cum

306 1475 541 1529 dixisset
564 1490 679 1527 non
711 1489 871 1542 posse
905 1472 1183 1542 Spiritum
1226 1477 1479 1525 sanctum
1540 1472 1680 1525 Filio
1733 1472 2003 1541 loquente

307 1564 504 1640 audire
536 1579 663 1632 qua:
698 1561 930 1625 nesciat,
967 1578 1094 1614 mox
1130 1561 1420 1614 subdidit:
1454 1584 1475 1608 ι
1512 1562 1654 1615 Cum
1685 1561 1791 1613 hoc
1818 1560 2002 1628 ipsum

306 1651 378 1703 sit
403 1651 555 1720 quod
606 1651 893 1719 profertur
946 1666 975 1701 a
1010 1650 1180 1714 Filio;
1242 1672 1267 1697 n
1306 1650 1409 1701 hoc
1450 1654 1533 1702 est
1580 1648 1825 1718 prolatio
1877 1649 2001 1701 Filii

306 1739 618 1792 substantia
646 1744 730 1791 est
752 1738 995 1806 Spiritus
1024 1754 1035 1789 :
1067 1753 1198 1789 nam
1228 1737 1451 1803 dicens;
1491 1754 1619 1789 cum
1652 1737 1759 1790 hoc
1810 1737 1998 1804 ipsum

308 1826 399 1892 sit,
451 1825 790 1879 subauditur
838 1824 1085 1894 Spiritus
1136 1842 1147 1877 :
1201 1824 1355 1894 quod
1401 1825 1692 1895 profertur
1737 1841 1768 1876 a
1818 1824 1997 1887 Filio,

310 1915 417 1968 hoc
466 1919 550 1968 est
614 1913 764 1983 quod
825 1913 1081 1983 loquitur
1128 1914 1320 1967 Filius.
1388 1914 1444 1968 Si
1527 1914 1677 1983 quod
1745 1912 2002 1982 loquitur

310 2003 483 2056 Filius
508 2043 521 2061 ,
578 2002 821 2071 Spiritus
876 2007 1100 2054 sanctus
1131 2009 1236 2066 est,
1287 2001 1771 2071 quemadmodum
1802 2002 2001 2055 doctor

308 2093 414 2145 iste
454 2096 710 2157 testatur,
763 2106 881 2143 non
921 2095 1108 2159 potest
1160 2090 1358 2159 negari
1407 2090 1555 2159 quod
1601 2105 1634 2141 a
1675 2090 1812 2142 Filio
1861 2106 1995 2158 pro-

309 2178 473 2233 cedat
538 2179 784 2248 Spiritus
844 2194 857 2230 :
922 2177 1207 2247 siquidem
1260 2177 1466 2230 locutio
1526 2175 1649 2229 Filii
1724 2176 1793 2229 de
1858 2176 1999 2230 Filio

307 2268 567 2338 procedit
617 2284 630 2319 :
691 2284 805 2337 qua
853 2266 921 2319 de
973 2282 1031 2318 re
1088 2282 1217 2319 cum
1273 2266 1378 2319 hoc
1425 2266 1578 2320 idem
1639 2264 1713 2318 sit
1756 2264 2001 2335 Spiritus

306 2358 456 2427 quod
505 2356 790 2427 profertur
847 2372 878 2408 a
936 2354 1097 2422 Filio,
1154 2354 1410 2424 procedit
1465 2353 1700 2407 omnino
1753 2353 1999 2423 Spiritus

306 2462 339 2499 a
372 2446 533 2499 Filio.

377 2532 683 2602 Subjungit
715 2548 727 2585 :
764 2550 792 2581 ς(
824 2530 1080 2600 Denique
1141 2546 1212 2582 ne
1264 2530 1390 2600 quis
1440 2530 1604 2582 illum
1653 2545 1686 2581 a
1734 2529 1914 2582 Patris
1945 2534 1999 2582 et

308 2621 436 2676 Filii
487 2621 777 2675 voluntate
859 2625 916 2672 et
969 2618 1235 2672 societate
1292 2618 1664 2685 discerneret,
1718 2617 1997 2687 scriptum

306 2714 390 2764 est
424 2726 435 2763 :
466 2711 585 2764 Non
632 2710 769 2761 enim
814 2724 848 2759 a
896 2709 1181 2776 semetipso
1238 2707 1504 2775 loquetur,
1546 2706 1641 2759 sed
1698 2709 1840 2760 sicut
1898 2723 1997 2759 au-

306 2798 417 2852 diet
464 2798 711 2865 loquetur
762 2795 937 2865 (Joan.
984 2811 1094 2860 xvi,
1157 2795 1258 2856 13).
1321 2795 1424 2849 Cui
1465 2794 1651 2848 simile
1693 2794 1866 2848 etiam
1928 2796 1998 2849 de

306 2885 605 2955 semetipso
639 2884 895 2938 Salvator
923 2884 1003 2936 ait
1035 2900 1047 2937 :
1081 2886 1218 2937 sicut
1265 2883 1449 2946 audio,
1485 2883 1676 2952 judico
1725 2884 1909 2953 (Joan.
1942 2900 1994 2950 ν,

308 2974 417 3043 30).
450 2995 476 3021 n
530 2973 797 3025 Voluntas
830 2972 1011 3025 Patris
1059 2972 1322 3024 voluntas
1362 2975 1448 3024 est
1492 2970 1637 3037 Filii,
1678 2975 1733 3024 et
1762 2970 1998 3024 societas
2036 3011 2075 3065 Ο

308 3058 605 3128 utriusque
656 3058 898 3127 Spiritus
951 3058 1302 3112 amborum:
1379 3058 1655 3129 quoniam
1731 3059 1992 3125 charitas,

308 3159 439 3213 qua:
471 3151 555 3199 est
577 3145 841 3215 Spiritus,
876 3146 1054 3199 sociat
1100 3147 1454 3200 voluntatem
1496 3146 1679 3200 Patris
1728 3151 1784 3200 et
1826 3147 1947 3200 Filii
1983 3163 1996 3201 :

308 3247 494 3302 neque
525 3238 715 3303 potest
756 3234 1018 3287 voluntas
1061 3233 1304 3303 Spiritus
1335 3250 1366 3287 a
1399 3236 1687 3288 voluntate
1732 3235 1915 3288 Patris
1945 3239 1999 3288 et

309 3320 434 3373 Filii
468 3321 724 3391 sejungi;
777 3322 875 3375 sed
929 3321 1077 3375 sicut
1129 3322 1364 3376 societas
1417 3328 1501 3376 est
1546 3322 1861 3394 utriusque,
1921 3324 2000 3376 sic

307 3407 561 3476 ejusdem
593 3408 897 3461 voluntatis
929 3409 1252 3462 amborum.
1290 3410 1358 3462 Et
1387 3408 1532 3462 sicut
1570 3409 1831 3462 voluntas
1860 3409 1998 3479 |Filii

304 3495 557 3549 nascitur
583 3496 651 3550 de
700 3498 889 3565 Patre,
941 3497 1021 3550 sic
1071 3498 1331 3550 voluntas
1381 3497 1624 3567 Spiritus
1680 3498 1938 3567 procedit
1968 3515 2001 3552 a

305 3585 463 3639 Filio.
498 3585 637 3639 Hinc
671 3590 754 3639 est
808 3585 962 3655 quod
1015 3586 1093 3638 ait
1138 3586 1207 3639 de
1272 3587 1489 3655 Spiritu
1536 3604 1547 3639 :
1603 3588 1717 3641 Non
1769 3590 1909 3640 enim
1965 3602 2000 3640 a

304 3676 584 3742 semetipso
632 3675 900 3743 loquetur,
945 3674 1040 3728 sed
1068 3677 1209 3728 sicut
1265 3676 1450 3728 audiet
1484 3677 1749 3743 loquetur.
1791 3679 1835 3728 A
1886 3692 2000 3745 quo

304 3762 541 3816 audiet?
576 3762 849 3817 Videlicet
876 3779 909 3815 a
949 3763 1110 3828 Filio,
1148 3764 1216 3817 de
1249 3779 1363 3833 quo
1396 3763 1673 3834 procedit.
1708 3765 1773 3817 Et
1801 3764 1998 3817 audire

305 3849 601 3920 Spiritum,
634 3852 939 3921 procedere
976 3856 1062 3905 est
1091 3868 1124 3904 a
1157 3852 1295 3905 Filio
1332 3869 1343 3905 :
1396 3852 1541 3905 sicut
1567 3856 1624 3905 et
1673 3851 1873 3905 audire
1907 3851 2000 3905 Fi-

308 3938 470 4007 lium,
496 3940 648 3992 nasci
681 3945 763 3993 est
808 3943 876 3991 de
918 3941 1080 3993 Patre
1117 3956 1131 3992 :
1163 3956 1295 3993 nam
1330 3956 1445 3993 non
1483 3939 1638 3993 aliud
1671 3943 1755 3992 est
1803 3940 2000 3993 audire

308 4027 534 4093 Filium,
563 4032 617 4080 et
637 4027 796 4081 aliud
821 4027 994 4093 nasci,
1034 4028 1127 4080 sed
1171 4027 1325 4080 idem
1356 4032 1667 4096 utrumque
1698 4044 1710 4080 :
1741 4028 1819 4080 sic
1846 4028 2000 4080 enim

306 4111 461 4165 aliud
514 4113 751 4165 minime
801 4119 884 4166 est
915 4113 1113 4167 audire
1158 4113 1456 4183 Spiritum,
1512 4120 1569 4168 et
1599 4114 1753 4168 aliud
1796 4130 1999 4184 proce-

306 4199 461 4264 dere,
505 4199 603 4252 sed
634 4216 813 4253 unum
845 4205 929 4254 est
959 4207 1291 4271 utrumque.
1330 4203 1394 4255 Et
1422 4203 1573 4256 infra
1604 4221 1619 4255 :
1651 4226 1669 4253 ι
1716 4202 1999 4272 Scriptum

308 4290 391 4340 est
405 4286 557 4340 enim
585 4303 597 4340 :
625 4287 972 4357 Quaecunque
993 4290 1083 4342 ille
1111 4290 1250 4354 facit
1273 4289 1443 4359 (haud
1464 4290 1700 4344 dubium
1731 4290 1868 4361 quin
1896 4293 1996 4344 Pa-

308 4374 416 4443 ter)
450 4375 558 4429 hac
590 4374 774 4428 eadem
804 4377 975 4430 Filius
1004 4380 1143 4443 facit
1161 4380 1435 4432 similiter.
1470 4378 1631 4441 Quod
1664 4380 1711 4432 si
1732 4386 2004 4450 operante

309 4464 474 4517 Patre
504 4467 560 4516 et
595 4462 752 4525 Filio,
786 4479 902 4516 non
931 4465 1095 4533 juxta
1121 4465 1385 4519 ordinem
1415 4466 1587 4537 primi
1629 4473 1684 4521 et
1742 4468 2002 4537 secundi,

307 4551 401 4605 sed
433 4552 595 4622 juxta
624 4551 778 4605 idem
826 4556 1051 4621 tempus
1098 4553 1375 4623 operandi
1415 4554 1616 4608 eadem
1661 4560 1717 4609 et
1770 4556 2002 4627 similia,

308 4638 625 4693 subsistunt
648 4640 915 4693 universa
946 4656 1074 4710 quae
1105 4641 1254 4694 ﬁunt
1286 4658 1298 4695 :
1348 4646 1405 4695 et
1434 4642 1610 4695 Filius
1656 4660 1769 4696 non
1818 4648 2005 4713 potest

306 4728 674 4798 asemetipso
721 4728 860 4798 quid
910 4729 1117 4795 facere,
1168 4729 1304 4800 quia
1354 4746 1387 4784 a
1432 4731 1596 4784 Patre
1647 4748 1762 4786 non
1818 4740 2005 4803 potest

309 4817 563 4886 separari
597 4834 612 4868 :
646 4816 726 4869 sic
756 4821 810 4869 et
855 4816 1101 4887 Spiritus
1155 4823 1383 4871 sanctus
1423 4834 1791 4890 nequaquam
1834 4836 2004 4891 sepa-

310 4909 465 4956 ratus
492 4920 525 4956 a
556 4903 717 4969 Filio,
751 4910 991 4974 propter
1042 4904 1355 4957 voluntatis
1399 4912 1732 4977 naturasque
1787 4923 2005 4961 consor-

308 4989 474 5055 tium,
530 5005 643 5042 non
704 5007 734 5042 a
788 4992 1090 5061 semetipso
1150 4992 1400 5045 creditur
1447 4992 1640 5063 loqui;
1696 4993 1794 5047 sed
1840 4994 2006 5063 juxta

312 5076 568 5141 verbum,
602 5082 658 5130 et
690 5084 985 5133 veritatem
1016 5080 1135 5148 Dei,
1170 5081 1425 5151 loquitur
1456 5083 1740 5136 universa.
1777 5102 1804 5132 »
1838 5084 2006 5135 Pater

310 5168 367 5216 et
415 5163 589 5217 Filius
635 5165 833 5219 eadem
866 5175 1195 5237 operantur,
1229 5186 1343 5222 non
1375 5170 1489 5223 alio
1520 5175 1781 5240 tempore
1814 5172 1999 5238 Pater,

310 5257 365 5305 et
388 5251 498 5305 alio
535 5252 729 5320 Filius,
762 5254 856 5308 sed
900 5257 1099 5310 eodem
1156 5255 1322 5311 simtﬂ
1370 5264 1427 5312 et
1457 5259 1657 5313 eodem
1698 5265 1956 5330 tempore
1987 5277 1999 5313 :

310 5356 413 5393 nec
474 5345 663 5409 potest
716 5341 889 5395 Filius
941 5350 1233 5414 separatus
1283 5348 1530 5416 operari,
1566 5349 1842 5418 quoniam
1886 5364 2002 5401 non

310 5428 577 5482 dividitur
607 5445 638 5482 a
669 5430 855 5495 Patre,
891 5447 1021 5485 cum
1073 5435 1143 5487 sit
1175 5440 1343 5488 natus
1390 5452 1455 5489 ex
1500 5438 1685 5504 Patre,
1738 5443 1793 5491 et
1856 5438 2003 5505 ejus-

310 5515 441 5567 dem
464 5515 799 5571 substantiae
830 5534 960 5572 cum
1024 5522 1187 5574 Patre
1224 5538 1235 5573 :
1268 5522 1346 5575 sic
1404 5530 1461 5576 et
1488 5524 1733 5593 Spiritus
1777 5529 2004 5577 sanctus

2108 498 2420 568 procedens
2450 515 2483 551 a
2512 498 2652 552 Filio
2699 514 2930 552 consors
2963 503 3046 550 est
3078 503 3298 551 natura
3338 498 3463 550 Filii
3507 512 3522 549 :
3559 498 3807 549 volunta-

2108 587 2179 640 tis
2201 592 2255 640 et
2284 587 2564 656 ejusdem,
2598 588 2760 657 cujus
2788 592 2844 640 et
2902 586 3113 640 Filius:
3162 602 3277 639 non
3337 587 3497 639 enim
3544 586 3805 637 voluntas

2109 677 2554 747 discernitquod
2598 681 2804 729 natura
2841 675 3158 744 conjungit,
3212 674 3306 727 sed
3352 676 3519 743 juxta
3574 674 3805 726 verbum

2110 768 2166 817 et
2196 764 2489 817 veritatem
2517 763 2612 818 Dei
2642 762 2901 833 loquitur
2936 762 3230 827 universa;
3261 762 3542 831 quoniam
3576 777 3607 812 a
3644 761 3807 812 verbo

2111 857 2167 905 et
2203 854 2437 905 veritate
2472 852 2786 921 procedens
2839 850 3084 920 percipit
3131 849 3268 919 quid
3314 850 3627 919 loquatur:
3696 864 3806 901 non

2111 940 2266 993 enim
2302 940 2451 993 aliud
2485 945 2569 992 est
2592 940 2746 1009 quod
2780 939 3052 1007 procedit,
3086 944 3143 991 et
3175 937 3330 991 aliud
3363 937 3647 1007 loquendi
3682 953 3803 1006 per-

2111 1028 2316 1099 ceptio,
2388 1028 2487 1082 sed
2532 1028 2822 1098 perceptio
2888 1026 3192 1080 locutionis
3255 1026 3648 1095 processionis
3730 1031 3807 1078 est

2112 1117 2435 1179 existentia,
2501 1115 2990 1187 quemadmodum
3038 1115 3353 1169 existentire
3400 1115 3718 1186 processio,
3738 1114 3806 1166 lo-

2111 1206 2355 1259 cutionis
2382 1206 2655 1275 acceptio.

2186 1296 2250 1347 Et
2278 1293 2426 1346 infra
2462 1310 2473 1347 :
2511 1314 2538 1343 ε(
2571 1293 2871 1357 Quomodo
2903 1292 3078 1362 igitur
3121 1308 3295 1361 supra
3339 1292 3407 1345 de
3450 1290 3683 1354 naturis
3729 1289 3808 1342 in-

2111 1382 2504 1451 corporalibus
2550 1381 2910 1450 disputantes
2955 1380 3357 1445 intelleximus,
3401 1380 3595 1447 sicIet
3663 1394 3808 1431 nunc

2110 1468 2386 1537 Spiritum
2442 1473 2702 1521 sanctum
2752 1484 2785 1519 a
2840 1467 2978 1520 Filio
3036 1467 3311 1535 accipere,
3367 1466 3423 1519 id
3472 1466 3640 1536 quod
3698 1482 3807 1518 sua:

2114 1563 2331 1609 naturae
2379 1556 2582 1621 fuerat,
2633 1556 3087 1624 cognoscendum
3133 1562 3238 1619 est,
3281 1559 3336 1607 et
3394 1570 3508 1606 non
3578 1555 3808 1607 dantem

2115 1652 2170 1698 et
2200 1646 2596 1714 accipientem,
2654 1645 2747 1697 sed
2802 1661 2976 1697 uuam
3033 1643 3355 1713 signiﬁcare
3402 1644 3807 1696 substantiam.

2042 1708 2081 1760 Β
2116 1708 2409 1802 Siquidem
2442 1741 2497 1786 et
2529 1708 2698 1786 Filius
2729 1734 2931 1785 eadem
2978 1750 3006 1785 a
3055 1708 3219 1785 Patre
3255 1732 3511 1801 accipere
3575 1731 3806 1791 dicitur,

2112 1838 2241 1891 qua:
2273 1829 2357 1875 est
2386 1821 2508 1890 ipse
2555 1820 2870 1873 subsistens
2903 1839 2918 1873 :
2963 1836 3151 1889 neque
3178 1820 3331 1872 enim
3358 1819 3498 1889 quid
3543 1819 3710 1871 aliud
3735 1826 3809 1872 est

2113 1910 2304 1971 Filius,
2342 1909 2592 1979 exceptis
2623 1909 2691 1961 iis
2712 1925 2841 1978 quas
2872 1909 2923 1961 ei
2945 1908 3152 1962 dantur
3175 1925 3207 1961 a
3262 1910 3424 1961 Patre
3457 1924 3657 1978 neque
3705 1910 3811 1961 alia

2110 1999 2427 2052 substantia
2457 2004 2539 2052 est
2566 1998 2811 2067 Spiritus
2839 1998 3036 2063 sancti,
3058 2003 3266 2067 praeter
3294 1997 3349 2049 id
3369 1997 3521 2066 quod
3554 1998 3611 2049 ei
3648 1997 3812 2050 datur

2110 2104 2143 2139 a
2176 2088 2341 2141 Filio.
2380 2109 2401 2133 ι»
2443 2088 2760 2141 Confirmat
2806 2087 3224 2156 processionem
3278 2086 3525 2154 Spiritus
3586 2103 3621 2138 a
3676 2085 3809 2138 Filio

2110 2175 2338 2240 factam,
2389 2181 2444 2228 et
2492 2175 2629 2229 dicit
2677 2174 2955 2244 Spiritum
2988 2180 3245 2227 sanctum
3277 2192 3310 2227 a
3354 2174 3493 2228 Filio
3544 2174 3811 2245 accipere

2109 2263 2166 2317 id
2194 2263 2349 2334 quod
2383 2280 2498 2316 suae
2532 2268 2749 2316 natura:
2780 2263 2982 2329 fuerat,
3014 2262 3168 2332 quod
3218 2267 3321 2328 est,
3356 2266 3632 2314 naturam
3682 2262 3810 2330 Spi-

2109 2351 2249 2404 ritus
2279 2368 2347 2405 ex
2376 2352 2516 2405 Filio
2545 2368 2685 2414 esse,
2718 2356 2774 2404 et
2800 2367 2915 2404 non
2949 2352 3021 2403 sit
3044 2350 3196 2403 aliud
3231 2350 3486 2419 accipere
3524 2349 3810 2419 Spiritum

2108 2439 2323 2503 aFilio,
2376 2456 2546 2510 quam
2588 2440 2894 2509 procedere
2927 2440 2996 2493 de
3029 2439 3201 2504 Filio;
3253 2455 3439 2509 neque
3490 2439 3737 2492 dantem
3764 2446 3815 2492 et

2108 2527 2481 2597 accipientem
2533 2528 2972 2598 intelligendum
3036 2533 3314 2597 tanquam
3367 2527 3607 2581 alterius
3656 2534 3715 2581 et
3745 2529 3814 2581 al-

2110 2616 2283 2668 terius
2331 2616 2684 2681 substantize,
2733 2616 2830 2669 sed
2880 2631 3182 2686 personam
3234 2615 3359 2667 Filii
3414 2615 3682 2681 dantem,
3756 2621 3813 2668 ut

2108 2704 2309 2757 existat
2350 2703 2613 2773 Spiritus,
2648 2708 2706 2757 et
2751 2720 3053 2773 personam
3110 2704 3352 2774 Spiritus
3402 2703 3811 2773 accipientem,

2107 2798 2172 2844 ut
2202 2792 2468 2863 procedat
2514 2809 2543 2845 a
2590 2792 2749 2845 Filio.
2800 2793 2865 2845 Et
2920 2791 3223 2845 conﬁrmat
3260 2791 3600 2861 opinionem
3652 2809 3812 2845 suam

2108 2896 2174 2934 ex
2205 2896 2272 2933 eo
2306 2879 2457 2948 quod
2489 2878 2660 2932 Filius
2681 2878 2937 2949 accipere
2958 2878 3165 2932 dicitur
3194 2895 3227 2930 a
3253 2879 3452 2931 Patre:
3499 2895 3622 2931 non
3661 2881 3813 2931 enim

2107 2968 2263 3022 aliud
2290 2971 2374 3020 est
2405 2967 2601 3033 Filius,
2645 2972 2702 3021 et
2748 2967 2901 3020 aliud
2938 2970 3023 3021 est
3061 2966 3215 3036 quod
3263 2966 3513 3036 percipit
3545 2984 3579 3019 a
3613 2968 3812 3030 Patre;

2108 3057 2207 3111 sed
2236 3074 2265 3110 a
2296 3060 2459 3111 Patre
2489 3056 2778 3127 perceptio
2810 3055 2937 3109 Filii
2959 3060 3043 3109 est
3062 3054 3432 3108 subsistentia
3465 3056 3667 3124 :quod
3711 3057 3814 3107 cla-

2106 3145 2225 3199 rius
2249 3145 2495 3199 aflirmat
2519 3144 2917 3214 prosequendo
2956 3160 2967 3196 :
3007 3166 3029 3193 ι
3066 3144 3260 3212 Neque
3289 3142 3445 3195 enim
3480 3144 3626 3212 quid
3661 3144 3813 3197 aliud

2107 3242 2193 3290 est
2230 3235 2421 3303 Filius,
2464 3234 2711 3304 exceptis
2760 3235 2851 3287 his
2906 3250 3032 3304 qua:
3092 3234 3144 3286 ei
3192 3234 3400 3288 dantur
3447 3250 3480 3286 a
3542 3236 3740 3288 Patre.
3787 3260 3809 3283 »ι

2107 3324 2267 3387 Quod
2295 3328 2379 3376 est
2428 3339 2543 3376 non
2590 3323 2725 3376 licet
2767 3322 3025 3391 excipere
3072 3338 3202 3391 quae
3252 3322 3546 3375 donantur
3580 3340 3615 3375 a
3652 3325 3815 3377 Patre

2110 3412 2253 3465 Filio
2285 3429 2316 3464 a
2358 3411 2678 3465 substantia
2725 3410 2873 3477 Filii,
2924 3410 3024 3464 sed
3067 3411 3197 3464 data
3254 3411 3437 3463 Patris
3489 3412 3817 3466 substantia

2108 3505 2192 3555 est
2226 3500 2375 3568 Filii,
2409 3500 2685 3570 quoniam
2700 3500 2986 3553 nascendo
3022 3500 3272 3570 percepit
3298 3500 3495 3553 omnia
3525 3516 3666 3570 quae
3688 3508 3819 3554 sunt

2109 3589 2320 3653 Patris;
2357 3588 2435 3641 sic
2456 3594 2512 3641 et
2544 3589 2612 3641 de
2639 3588 2850 3658 Spiritu
2882 3594 3076 3642 sancto
3116 3588 3342 3651 fatetur,
3379 3589 3533 3658 quod
3579 3604 3702 3642 non
3751 3590 3816 3642 sit

2108 3676 2220 3729 alia
2254 3676 2574 3729 substantia
2604 3675 2849 3745 Spiritus
2874 3676 3057 3729 sancti
3089 3684 3299 3745 praeter
3328 3675 3385 3729 id
3419 3676 3574 3747 quod
3612 3677 3665 3730 ei
3722 3678 3816 3731 da-

2108 3770 2203 3818 tur
2250 3781 2283 3817 a
2334 3764 2520 3817 Filio:
2579 3764 2685 3817 hoc
2730 3770 2831 3828 est,
2884 3781 3002 3818 non
3048 3764 3204 3818 aliud
3260 3764 3504 3833 Spiritus
3555 3772 3817 3832 sanctus,

2110 3857 2165 3906 et
2190 3852 2344 3906 aliud
2372 3852 2526 3923 quod
2556 3852 2795 3922 Spiritui
2841 3858 3037 3907 sancto
3085 3852 3253 3906 datur
3280 3870 3309 3905 a
3363 3852 3522 3918 Filio,
3572 3856 3680 3908 sed
3716 3856 3818 3908 do-

2111 3957 2248 3994 num
2302 3941 2427 3993 Filii
2457 3941 2774 3996 substantia
2814 3946 2897 3994 est
2939 3941 3182 4012 Spiritus
3215 3940 3413 3995 sancti.
3446 3940 3572 4004 Quo
3620 3944 3820 3996 mani-

2111 4029 2249 4082 feste
2294 4029 2663 4082 commendat
2710 4028 2986 4099 Spiritum
3041 4034 3297 4083 sanctum
3331 4045 3451 4082 esse
3506 4030 3578 4083 de
3645 4032 3817 4095 Filio,

2110 4134 2227 4172 non
2254 4120 2531 4187 tanquam
2566 4122 2809 4188 partem,
2843 4118 2940 4172 sed
2977 4124 3253 4189 tanquam
3286 4124 3491 4186 totum,
3538 4119 3707 4187 quod
3739 4124 3822 4173 est

2112 4205 2318 4271 Filius;
2373 4206 2509 4276 quia
2540 4222 2901 4277 quascunque
2931 4211 3063 4261 sunt
3126 4207 3272 4271 Filii,
3307 4211 3442 4260 sunt
3475 4212 3530 4260 et
3556 4206 3820 4277 Spiritus

2040 4302 2082 4356 1)
2112 4293 2327 4346 sancti:
2360 4298 2418 4347 et
2443 4294 2649 4363 accipit
2678 4294 2925 4363 Spiritus
2966 4300 3194 4348 sanctus
3227 4312 3260 4348 a
3283 4295 3444 4361 Filio,
3487 4296 3820 4365 procedens

2113 4378 2181 4432 ab
2214 4379 2312 4432 illo
2343 4379 2486 4432 sicut
2524 4380 3045 4445 consubstantialis,
3092 4385 3147 4433 et
3185 4381 3401 4434 habens
3451 4380 3657 4435 omnia
3688 4398 3818 4453 ῳιιξ

2113 4472 2247 4520 sunt
2278 4467 2419 4520 Filii.
2454 4468 2738 4521 Inferius:
2777 4491 2803 4517 u
2840 4468 3098 4539 Denique
3148 4468 3694 4538 interpretationem
3731 4471 3819 4523 in-

2113 4556 2300 4609 ferens
2331 4556 2621 4626 quomodo
2661 4556 2914 4623 dixisset,
2960 4556 3026 4610 de
3065 4572 3177 4611 meo
3242 4556 3499 4625 accipiet,
3544 4559 3821 4627 protinus

2112 4644 2320 4713 adjecit
2365 4648 2543 4698 omnia
2572 4660 2690 4714 quae
2721 4645 2879 4697 habet
2911 4644 3098 4709 Pater,
3151 4660 3270 4697 mea
3309 4650 3435 4697 sunt
3469 4659 3485 4695 :
3520 4651 3822 4714 propterea

2113 4732 2254 4798 disci,
2310 4732 2375 4786 de
2405 4748 2516 4786 meo
2566 4732 2817 4801 accipiet,
2839 4739 2889 4785 et
2918 4733 3268 4786 annuntz’abit
3296 4733 3447 4786 vobis
3480 4736 3646 4798 (Joan
3704 4751 3817 4797 xvi,

2117 4821 2355 4889 13,14);
2401 4820 2825 4890 quodammodo
2865 4820 3126 4889 loquens,
3169 4821 3301 4873 licet
3329 4837 3363 4872 a
3411 4822 3577 4874 Patre
3627 4838 3824 4891 proce-

2112 4909 2206 4963 dat
2232 4909 2478 4978 Spiritus
2508 4909 2785 4968 veritatis,
2819 4913 2874 4961 et
2901 4908 2996 4962 det
3038 4910 3185 4963 Deus
3225 4908 3503 4977 Spiritum
3550 4916 3819 4964 sanctum

2113 4997 2439 5068 petentibus
2470 5013 2557 5063 se;
2586 5002 2781 5050 tamen
2807 4996 2942 5067 quia
2990 4996 3186 5049 omnia
3232 5012 3356 5066 quae
3405 4996 3584 5050 habet
3628 4998 3819 5063 Pater,

2115 5102 2241 5139 mea
2272 5090 2424 5150 sunt,
2475 5093 2530 5139 et
2567 5085 2673 5139 iste
2706 5084 2828 5154 ipse
2866 5084 3115 5153 Spiritus
3170 5084 3353 5137 Patris
3392 5100 3557 5137 meus
3608 5090 3722 5153 est,
3770 5094 3823 5141 et

2114 5171 2183 5226 de
2216 5188 2345 5225 meo
2378 5171 2686 5241 accipiet.»
2717 5174 2832 5226 Hoc
2863 5171 3059 5225 dicens
3080 5172 3246 5226 docet
3278 5172 3559 5243 Spiritum
3592 5190 3625 5227 a
3677 5176 3821 5229 Filio

2113 5260 2445 5331 procedere,
2479 5261 2623 5314 sicut
2671 5261 2927 5330 procedit
2972 5277 3005 5313 a
3043 5262 3254 5314 Patre:
3304 5265 3388 5315 est
3434 5262 3592 5316 enim
3642 5263 3824 5333 Spiri-

2112 5356 2202 5402 tus
2229 5349 2504 5416 veritatis,
2562 5349 2827 5402 videlicet
2884 5349 3114 5414 Cbristi,
3156 5351 3257 5419 qui
3307 5351 3563 5404 veritatis
3593 5360 3683 5405 est
3716 5370 3730 5406 :
3766 5359 3823 5406 et

2116 5437 2253 5505 quia
2287 5436 2463 5489 Filius
2488 5435 2660 5489 habet
2704 5436 2899 5490 omnia
2928 5453 3056 5507 quae
3100 5437 3281 5490 Patris
3333 5442 3485 5503 sunt,
3536 5438 3646 5492 iste
3696 5440 3819 5509 ipse

2116 5522 2365 5592 Spiritus
2411 5524 2594 5578 Patris
2647 5529 2894 5578 testatur
2949 5524 3103 5595 quod
3152 5525 3223 5578 sit
3274 5525 3418 5591 Filii,
3487 5530 3545 5579 et
3614 5530 3821 5597 accipit
