3890 6230
128 352 207 405 265
1101 344 1377 401 CONTRA
1418 345 1815 401 GRAECORUM
1858 344 2209 401 OPPOSITA.
2245 377 2312 386 —
2363 347 2489 401 LIB.
2532 348 2606 401 II.

3504 350 3606 404 266

118 490 173 541 de
203 486 351 540 Filio.
383 484 535 550 Quid
562 484 808 555 accipit?
837 483 1071 538 omnino
1102 482 1533 537 subsistentiam
1568 483 1638 537 de
1686 482 1784 535 illo
1825 481 1873 536 A
1899 499 2009 551 que
2062 482 2359 537 nativitate
2407 483 2703 554 conjungi,
2768 488 2833 538 ut
2882 486 3052 539 Pater
3100 490 3157 541 et
3210 486 3406 541 Filius.
3462 490 3605 544 Item

122 573 483 645 procedendo.

179 665 233 716 In
262 678 428 715 conse
453 661 752 731 {Dentibus
782 677 793 713 :
829 680 855 710 «
886 660 1041 714 Idem
1074 662 1263 712 autem
1308 660 1551 728 Spiritus
1584 659 1705 724 Dei,
1740 663 1797 711 et

113 752 331 823 Spiritus
366 750 579 804 Christi
613 756 718 814 est,
770 750 1057 802 adducens
1103 754 1157 801 et
1198 750 1469 817 copulans
1500 765 1652 813 eum,
1696 748 1793 817 qui

111 860 159 895 se
180 839 455 904 habuerit,
502 838 748 892 Domino
778 839 906 890 .lesu
961 837 1204 890 Christo.
1250 838 1407 890 Unde
1450 837 1506 889 in
1548 853 1793 906 sequen-

112 931 243 981 tibus
270 928 531 981 dicitur:
584 929 646 981 Si
698 930 819 996 quis
852 932 1030 979 autem
1081 927 1351 993 Spiritum
1417 926 1633 979 Christi
1689 942 1796 979 non

115 1018 272 1082 habet,
312 1016 396 1069 hic
457 1032 565 1069 non
614 1023 693 1069 est
729 1018 841 1084 ejus
894 1017 1069 1082 (Rom.
1120 1031 1237 1078 vui,
1273 1017 1345 1080 9).
1382 1036 1407 1061 ››
1464 1014 1518 1067 Si
1551 1014 1649 1085 qui
1711 1020 1796 1066 est

114 1106 334 1175 Spiritus
365 1105 491 1169 Dei,
529 1109 615 1157 est
643 1110 695 1157 et
728 1104 975 1173 Spiritus
1025 1103 1255 1169 Christi,
1308 1104 1793 1172 quemadmodum

114 1202 292 1248 auctor
320 1194 423 1245 iste
460 1193 710 1257 fatetur;
746 1192 898 1245 haud
930 1191 1169 1245 dubium
1202 1208 1319 1244 non
1348 1197 1481 1245 sunt
1511 1192 1623 1244 duo
1666 1192 1793 1261 Spi-

115 1285 259 1349 ritus,
327 1283 476 1334 alius
544 1280 742 1346 Patris,
803 1280 949 1333 alius
999 1280 1145 1345 Filii,
1193 1280 1290 1333 sed
1338 1297 1485 1332 unus
1528 1286 1584 1332 et
1642 1280 1793 1333 idem

116 1372 412 1441 utriusque.
448 1370 520 1422 Et
558 1370 606 1422 si
635 1369 842 1423 Christi
873 1368 1119 1439 Spiritus
1178 1374 1261 1420 est
1308 1368 1354 1420 is
1402 1368 1501 1438 qui
1548 1369 1792 1438 Spiritus

119 1461 199 1514 Dei
223 1459 397 1512 Patris
422 1464 540 1523 est;
598 1459 744 1511 sicut
781 1457 1041 1527 procedit
1068 1476 1099 1508 a
1151 1459 1335 1521 Patre,
1368 1456 1446 1509 sic
1478 1457 1732 1526 procedit
1760 1474 1793 1510 a

120 1548 240 1601 Filio
273 1564 284 1600 :
316 1562 433 1599 non
484 1546 642 1600 enim
689 1546 826 1598 alias
880 1545 979 1599 Dei
1031 1546 1211 1597 Patris
1268 1545 1476 1598 dicitur
1523 1545 1788 1614 Spiritus,

117 1637 208 1689 nisi
239 1636 385 1705 quod
415 1652 449 1688 a
485 1636 600 1688 Deo
633 1637 795 1688 Patre
838 1633 1124 1704 procedit;
1169 1633 1249 1685 sic
1282 1650 1393 1685 non
1434 1634 1601 1685 aliter
1646 1632 1788 1685 dici-

115 1731 195 1777 tur
222 1725 462 1794 Spiritus
495 1723 727 1787 Christi,
762 1723 869 1775 nisi
893 1722 1026 1791 quia
1055 1722 1310 1791 procedit
1331 1738 1363 1773 a
1391 1721 1612 1775 Christo
1639 1738 1650 1774 :
1676 1738 1789 1773 non

114 1813 250 1867 enim
281 1817 363 1866 est
393 1817 677 1877 creatura,
705 1828 816 1881 quo
846 1816 1122 1880 tanquam
1146 1809 1383 1863 inferior
1407 1809 1788 1878 possideattir,

113 1903 193 1955 sed
224 1900 743 1954 consubstantialis.
779 1900 869 1953 Sic
910 1915 1140 1969 quoque
1193 1899 1345 1968 quod
1396 1897 1567 1963 addit,
1615 1898 1788 1967 Spiri-

116 1996 223 2043 tum
248 1989 454 2044 Christi
485 2005 601 2041 non
633 1988 940 2041 habentem
974 1987 1180 2041 Christi
1210 2004 1322 2039 non
1352 2002 1498 2049 esse,
1529 1985 1596 2038 de
1626 1973 1788 2038 Chri-

117 2084 188 2130 sto
214 2078 421 2129 fatetur
461 2077 868 2145 prodeuntem,
904 2090 1074 2144 quem
1103 2074 1239 2128 dicit
1270 2090 1389 2127 esse
1420 2072 1659 2137 Christi;
1692 2090 1793 2127 nec

119 2184 221 2219 esse
272 2182 437 2236 posse
499 2164 728 2229 Christi,
778 2165 877 2234 qui
910 2180 1023 2217 non
1077 2164 1282 2217 habeat
1326 2163 1602 2232 Spiritum
1638 2164 1787 2231 ejus;

120 2255 374 2323 quoniam
424 2254 485 2306 in
518 2269 633 2323 quo
692 2268 809 2304 non
865 2257 949 2304 est
1007 2251 1253 2319 Spiritus
1307 2249 1516 2304 Christi
1545 2265 1659 2301 non
1710 2254 1795 2302 est

120 2342 389 2395 Christus:
430 2359 547 2395 non
579 2342 734 2394 enim
766 2340 1115 2393 habitatione
1149 2344 1505 2409 separantur,
1539 2338 1634 2407 qui
1666 2338 1794 2390 διώ-

116 2432 301 2483 stantia
332 2431 702 2499 c0pulantur.
743 2430 897 2482 Unde
927 2428 1198 2482 discimus
1245 2428 1570 2480 societatem
1619 2442 1790 2496 quam

118 2520 264 2571 habet
290 2519 538 2589 Spiritus
560 2518 631 2571 ad
663 2517 966 2581 Christum,
1000 2518 1153 2587 quod
1182 2516 1386 2570 habeat
1425 2521 1479 2568 et
1509 2516 1578 2568 ad
1612 2516 1791 2568 Deum

116 2608 367 2660 Patrem:
421 2624 537 2660 non
593 2606 751 2660 enim
794 2610 980 2675 potest
1040 2621 1238 2657 eorum
1290 2604 1624 2657 societatem
1675 2619 1791 2655 non

114 2694 325 2761 habere,
358 2695 573 2764 quibus
616 2697 700 2746 est
729 2692 1252 2757 consubstantialis,
1283 2697 1338 2745 et
1362 2708 1395 2744 a
1441 2691 1647 2761 quibus
1679 2690 1792 2743 exi-

110 2784 212 2835 stit.
256 2783 503 2836 Inferius
553 2798 783 2852 quoque
822 2798 834 2834 :
873 2800 901 2830 α
958 2781 1065 2835 Sed
1108 2786 1163 2834 et
1213 2781 1271 2833 in
1334 2780 1583 2850 Epistula
1640 2779 1790 2831 Petri

111 2870 338 2937 Spiritus
371 2874 606 2923 sanctus
634 2886 752 2923 esse
789 2870 999 2924 Christi
1054 2870 1299 2939 Spiritus
1337 2868 1743 2937 comprobatur
1774 2884 1786 2919 :

112 2964 431 3024 scrutantes,
465 2959 678 3029 inquit,
712 2964 767 3012 et
794 2960 1155 3028 exquirentes
1187 2958 1266 3028 (id
1292 2963 1373 3010 est
1399 2957 1689 3027 prophettr
1722 2955 1790 3008 de

112 3048 302 3116 quibus
327 3049 382 3101 ei
408 3048 597 3101 fuerat
627 3064 813 3101 sermo
846 3047 1131 3117 superior)
1170 3046 1227 3099 in
1275 3046 1427 3116 quod
1476 3049 1575 3098 aut
1621 3044 1789 3114 quale

114 3144 320 3205 tempus
391 3135 756 3203 signiﬁcabat
808 3136 896 3189 his
953 3135 1051 3205 qui
1109 3135 1168 3188 in
1225 3134 1308 3186 eis
1372 3139 1495 3186 erat
1549 3132 1791 3202 Spiritus

112 3224 317 3290 Christi,
350 3223 667 3277 testiﬁcans
709 3223 769 3275 in
819 3222 1040 3277 Christo
1088 3223 1397 3292 passiones,
1442 3228 1499 3274 et
1546 3238 1615 3273 ea
1663 3236 1791 3289 qua).

113 3318 226 3379 post
257 3317 420 3365 erant
442 3317 711 3366 secutura
740 3311 987 3364 decreta.
1032 3332 1058 3361 »
1096 3313 1157 3364 Et
1195 3311 1364 3381 paulo
1403 3315 1530 3379 post
1563 3326 1574 3361 :
1620 3328 1648 3357 α
1683 3310 1789 3361 Iste

111 3406 281 3454 autem
316 3402 567 3471 Spiritus
598 3406 825 3454 sanctus
853 3401 1035 3454 dictus
1077 3405 1161 3453 est
1200 3406 1255 3452 et
1300 3398 1544 3468 Spiritus
1578 3397 1698 3463 Dei,
1730 3401 1792 3449 ut

112 3488 324 3544 ihi:Ea
364 3506 486 3558 qua:
536 3492 636 3543 Dei
670 3495 797 3544 sunt
844 3505 992 3543 nemo
1032 3490 1181 3541 novit
1226 3489 1339 3541 nisi
1389 3488 1634 3555 Spiritus
1694 3487 1792 3538 Dei

107 3578 155 3643 (Ι
199 3579 313 3632 Cor.
375 3595 435 3643 ιι,
496 3578 604 3645 il).
666 3600 688 3624 ι
742 3577 1018 3630 Eumdem
1068 3592 1202 3645 ergo
1258 3576 1468 3629 fatetur
1514 3574 1789 3643 Spiritum

110 3664 324 3730 Christi,
355 3665 456 3736 qui
483 3666 555 3718 sit
584 3664 826 3734 Spiritus
861 3666 977 3730 Dei,
1014 3681 1077 3717 ac
1110 3680 1212 3733 per
1259 3663 1367 3716 hoc
1426 3663 1495 3716 de
1545 3667 1790 3731 utroque

106 3753 503 3820 prodeuntem;
557 3752 831 3822 quoniam
876 3768 991 3804 non
1032 3751 1103 3803 sit
1144 3752 1302 3804 aliud
1343 3766 1446 3804 cur
1491 3749 1789 3818 utriusque

110 3840 313 3894 dicatur
356 3841 603 3911 Spiritus
639 3858 652 3894 :
698 3841 938 3910 aequalis
985 3846 1071 3893 est
1114 3842 1269 3893 enim
1321 3844 1376 3892 et
1415 3838 1792 3891 consubstan-

110 3929 260 3983 tialis.
303 3931 452 3983 Item
485 3930 638 3982 infra
676 3930 974 3999 loquitur:
1012 3948 1038 3977 α
1082 3930 1188 3981 Per
1235 3928 1343 3981 hoc
1368 3927 1523 3997 quod
1572 3927 1653 3980 ait
1688 3943 1699 3979 :
1731 3927 1792 3980 Si

111 4023 212 4084 quis
259 4024 443 4071 autem
485 4019 758 4085 Spiritum
791 4018 995 4072 Christi
1028 4032 1133 4069 non
1176 4016 1354 4078 habet,
1406 4018 1507 4068 iste
1556 4031 1662 4068 non
1712 4018 1789 4069 est

111 4107 209 4171 ejus
246 4106 422 4173 (Rom.
472 4122 589 4170 vni,
639 4108 711 4169 9).
762 4106 827 4157 Et
864 4104 1152 4157 infertur:
1197 4104 1257 4157 Si
1308 4108 1487 4156 autem
1542 4104 1789 4159 Christus

112 4196 159 4245 in
194 4195 341 4247 vobis
390 4199 469 4247 est
519 4194 721 4259 (Ibid.,
778 4192 884 4262 10),
928 4192 1389 4245 manifestissime
1429 4192 1788 4244 demonstra-

113 4282 181 4333 vit
231 4282 675 4351 inseparabilem
744 4297 863 4334 esse
909 4281 1185 4350 Spiritum
1228 4284 1486 4333 sanctum
1544 4296 1576 4332 a
1627 4280 1788 4333 Chri-

115 4376 217 4434 sto;
257 4371 396 4441 quia
443 4370 773 4439 ubicunque
806 4368 1052 4438 Spiritus
1082 4368 1272 4433 fuerit,
1315 4367 1393 4420 ibi
1443 4371 1497 4421 et
1534 4368 1788 4422 Christus

117 4464 188 4510 est
215 4476 228 4511 :
267 4464 325 4511 et
354 4459 743 4527 undecunque
775 4457 982 4511 Christi
1010 4456 1256 4525 Spiritus
1286 4455 1624 4521 discesserit,
1657 4456 1790 4511 inde

117 4547 315 4613 pariter
346 4547 559 4599 recedit
589 4550 646 4598 et
674 4545 951 4599 Christus.
988 4565 1014 4594 ιι
1056 4546 1166 4597 Ista
1196 4544 1433 4597 societas
1462 4544 1708 4612 Spiritus
1735 4552 1793 4598 et

121 4634 327 4698 Christi,
375 4651 547 4704 quam
605 4634 791 4698 docet,
853 4651 967 4686 non
1029 4638 1253 4687 tantum
1310 4635 1621 4688 voluntatis
1683 4642 1787 4696 est,

117 4734 296 4772 verum
324 4721 496 4773 etiam
516 4720 1036 4785 substantialitatis,
1068 4727 1124 4773 et
1146 4737 1263 4773 nou
1297 4721 1791 4774 substantialitatis

113 4810 304 4872 solum,
357 4824 556 4861 verum
612 4808 785 4861 etiam
854 4809 1277 4878 processionis:
1338 4815 1579 4877 possunt
1635 4809 1789 4862 enirn

115 4896 389 4949 voluntate
429 4896 709 4966 conjungi
754 4912 882 4967 quas
933 4896 1253 4949 substantia
1308 4902 1675 4965 separantur;
1731 4902 1794 4949 ut

112 4984 240 5036 illud
296 4985 447 5054 quod
506 4985 765 5038 Christus
824 4985 1077 5055 loquitur
1123 4984 1465 5054 discipulis:
1515 4988 1646 5038 Ecce
1700 5000 1792 5052 ego

114 5073 368 5125 rotiscum
423 5088 541 5126 cum
595 5074 842 5127 omnibus
900 5072 1087 5125 diebus
1145 5075 1363 5142 (Matth.
1416 5088 1605 5140 xxviii,
1664 5072 1789 5141 20);

114 5160 187 5209 vel
222 5159 367 5228 quod
413 5161 469 5214 in
502 5161 773 5231 praesenti
814 5162 938 5214 loco
980 5160 1140 5222 dixit,
1177 5161 1237 5213 in
1270 5177 1383 5231 quo
1418 5167 1503 5213 est
1549 5161 1795 5230 Spiritus

117 5246 306 5301 Christi
338 5249 409 5301 sit
439 5266 671 5319 quoque
707 5249 979 5303 Christus.
1020 5251 1084 5302 In
1130 5249 1339 5319 quibus
1373 5264 1623 5318 namque
1666 5248 1793 5316 Spi-

118 5342 246 5386 ritus
287 5337 488 5390 Christi
536 5346 641 5405 est,
685 5344 743 5391 et
796 5338 1049 5391 Christus
1097 5353 1329 5407 quoque
1385 5338 1602 5407 pariter
1652 5341 1735 5389 est
1779 5352 1793 5388 :

123 5422 275 5475 simul
312 5426 543 5495 quidem
593 5430 745 5492 sunt,
802 5426 898 5479 sed
936 5427 1251 5489 voluntate,
1296 5441 1410 5478 non
1455 5424 1791 5477 substantia.

126 5509 259 5561 Dens
300 5512 506 5566 etenim
555 5518 613 5566 et
658 5513 833 5567 homo
872 5530 990 5567 non
1034 5512 1223 5578 unius,
1266 5513 1359 5566 sed
1393 5513 1630 5566 diversae
1666 5516 1796 5564 sunt

128 5597 457 5653 substantia.
494 5604 634 5656 Item
671 5607 912 5672 possunt
941 5601 1261 5654 substantia
1294 5601 1571 5671 copulari,
1604 5599 1797 5652 simul-

430 5698 719 5758 pATROL.
768 5698 992 5758 CXXI.

1829 4366 2129 4436 Ddogma,
2189 4366 2360 4419 ﬁdem
2431 4367 2822 4436 apostolicam,

1907 572 2247 640 copulantur
2305 572 2636 637 substantia,
2696 590 2806 626 non
2866 580 3062 628 autem
3121 576 3438 645 nativitate,
3505 578 3600 631 sed

1905 660 2291 729 processione,
2326 661 2499 714 Filius
2535 666 2590 715 et
2630 662 2896 731 Spiritus.
2942 663 3089 732 Ergo
3125 664 3259 717 dum
3292 664 3448 730 dicit,
3473 665 3599 719 ubi-

1904 765 2130 818 cunque
2163 749 2407 817 Spiritus
2460 749 2655 817 fuerit,
2690 750 2769 803 ibi
2804 754 2860 803 et
2909 750 3166 804 Christus
3196 758 3307 819 est;
3342 757 3397 806 et
3426 755 3601 808 unde-

1904 853 2130 907 cunque
2158 837 2365 891 Christi
2396 838 2639 907 Spiritus
2664 838 3009 903 discesserit,
3044 838 3178 892 inde
3208 841 3421 910 pariter
3449 859 3602 897 rece—

1902 925 1984 977 dit
2051 930 2107 978 et
2160 924 2433 989 Christus,
2497 930 2779 978 monstrat
2840 925 3172 979 societatem
3253 926 3418 981 istam
3483 947 3598 983 non

1903 1014 2190 1067 voluntate
2240 1014 2448 1078 solum,
2495 1014 2951 1083 substantiaque,
2997 1030 3197 1067 verum
3246 1014 3419 1069 etiam
3466 1034 3597 1087 pro-

1902 1101 2244 1163 cessionem,
2294 1108 2582 1167 constare;
2613 1102 2768 1172 quod
2797 1102 3042 1172 Spiritus
3076 1118 3194 1156 non
3225 1104 3409 1157 solum
3464 1122 3601 1159 con-

1902 1191 2284 1243 substantialis
2328 1196 2509 1244 exstat
2561 1191 2789 1257 Christi,
2826 1207 3023 1245 verum
3074 1192 3249 1245 etiam
3288 1193 3488 1248 existat
3528 1196 3599 1249 ab

1904 1277 2050 1348 ipso.

1973 1368 2113 1420 Item
2172 1367 2456 1437 posterius
2512 1368 2769 1436 Apostoli
2820 1368 3217 1423 testimonium
3276 1387 3594 1437 assumens,

1901 1456 2016 1508 ait:
2069 1478 2095 1503 ς(
2146 1458 2260 1511 Non
2309 1459 2591 1524 accepistis
2644 1458 2917 1525 Spiritum
2957 1462 3234 1513 servitutis
3283 1463 3341 1513 in
3410 1464 3599 1515 timore

1901 1542 2071 1612 (Rom.
2125 1561 2239 1610 vm,
2290 1548 2400 1609 15);
2447 1545 2499 1597 id
2543 1548 2627 1597 est
2671 1561 2788 1597 non
2828 1546 2886 1598 in
2927 1546 3363 1602 similitudinem
3414 1566 3601 1603 servo-

1901 1648 2047 1697 rum,
2074 1639 2227 1684 metu
2261 1637 2315 1685 et
2344 1638 2562 1685 terrore
2583 1649 2881 1702 poenarum
2908 1651 3005 1686 vos
3032 1635 3330 1689 abstinetis
3356 1653 3388 1689 a
3418 1638 3594 1701 vitiis,

1902 1720 2036 1790 quia
2068 1721 2291 1774 habetis
2315 1720 2471 1773 vobis
2502 1722 2695 1775 datum
2730 1722 3011 1791 Spiritum
3043 1724 3391 1792 adoptionis,
3425 1725 3482 1778 id
3516 1730 3600 1779 est

1901 1809 2177 1877 Spiritum
2210 1814 2468 1862 sanctum
2492 1828 2506 1875 ;
2530 1809 2627 1878 qui
2657 1810 2830 1864 etiam
2864 1811 3109 1880 Spiritus
3126 1812 3251 1864 Filii
3273 1817 3328 1864 et
3349 1812 3556 1866 Christi
3582 1830 3595 1865 :

1903 1904 1958 1950 et
1986 1898 2238 1950 veritatis
2269 1898 2474 1952 dicitur
2525 1906 2694 1968 atque
2738 1899 3054 1969 sapientiae.
3101 1921 3126 1948 ››
3160 1900 3304 1963 Quid
3348 1917 3449 1970 per
3479 1902 3601 1955 haec

1902 1986 2196 2039 insinuat?
2226 2002 2359 2038 nam
2409 1986 2622 2039 veritas
2660 1992 2715 2038 et
2774 1987 3057 2055 sapientia
3100 1987 3355 2041 Christus
3399 1994 3483 2043 est
3513 1992 3602 2060 (ut

1901 2075 2189 2144 Scriptura
2232 2079 2492 2140 testatur,
2546 2080 2602 2127 et
2649 2091 2761 2128 non
2810 2076 2985 2129 semel
3035 2077 3415 2145 approbatum
3469 2082 3598 2145 est,)

1903 2163 2155 2217 Christus
2203 2178 2434 2231 quoque
2469 2162 2642 2214 Filius
2688 2162 2868 2215 Patris
2900 2168 2987 2216 est
3020 2164 3171 2216 haud
3205 2165 3466 2219 dubium.
3500 2166 3597 2219 Af-

1902 2251 2093 2303 ﬁrmat
2146 2250 2420 2319 Spiritum
2465 2255 2723 2303 sanctum
2769 2251 3174 2320 procedentem
3202 2270 3231 2305 a
3266 2253 3431 2322 Filio,
3464 2270 3595 2323 pro-

1903 2339 2255 2392 cedentema
2287 2339 2536 2405 Christo;
2588 2340 2989 2407 procedentem
3040 2357 3073 2393 a
3119 2341 3355 2395 veritate
3412 2347 3469 2396 et
3513 2359 3600 2395 sa-

1901 2428 2119 2497 pientia
2148 2444 2264 2479 non
2309 2427 2541 2496 quidem
2585 2428 2737 2496 quod
2779 2428 2891 2480 sint
2921 2428 3146 2497 Spritus
3190 2428 3414 2494 diversi,
3460 2429 3597 2499 quia

1904 2534 2016 2569 non
2048 2520 2180 2569 sunt
2205 2532 2332 2585 qua:
2364 2515 2552 2586 posita
2581 2520 2732 2581 sunt,
2772 2533 3019 2586 quorum
3049 2533 3169 2570 esse
3221 2518 3431 2571 dicitur
3469 2518 3593 2587 Spi-

1901 2606 2069 2671 ritus,
2101 2606 2381 2657 diversam
2436 2603 2811 2656 substantiam
2854 2604 3253 2673 signiﬁcantia.
3306 2606 3598 2675 Sapientia

1902 2710 2151 2764 namque
2204 2699 2261 2745 et
2312 2693 2538 2759 veritas,
2590 2698 2646 2745 et
2691 2692 2962 2757 Christus,
2997 2693 3206 2747 Filium
3247 2694 3591 2763 praedicant:

1902 2782 2156 2837 Christus
2185 2785 2419 2850 propter
2465 2781 2762 2834 hominem
2799 2785 3156 2850 susceptum;
3190 2782 3416 2847 veritas,
3451 2799 3593 2853 quo-

1900 2870 2054 2923 niam
2114 2869 2236 2939 ipse
2286 2868 2469 2921 dixit:
2508 2872 2615 2934 Ego
2660 2884 2778 2922 sum
2830 2873 3052 2923 veritas.
3098 2870 3408 2939 Sapientia,
3459 2870 3595 2941 quia

1900 2961 2107 3013 Paulus
2133 2962 2373 3011 testatur
2404 2958 2471 3010 de
2495 2957 2619 3025 ipso
2653 2958 2700 3026 (Ι
2746 2959 2864 3012 Cor.
2900 2976 2939 3023 ι,
2983 2959 3091 3027 30),
3143 2959 3295 3028 quod
3326 2959 3399 3012 sit
3428 2959 3595 3012 nobis

1900 3064 1934 3101 a
1961 3049 2073 3100 Deo
2104 3047 2285 3099 factus
2320 3045 2627 3114 Sapientia.
2680 3046 2826 3108 Quid
2875 3047 2996 3100 haec
3037 3046 3230 3099 omnia
3273 3046 3595 3116 colligunt?

1903 3134 2103 3186 Procul
2145 3133 2318 3186 dubio
2342 3133 2497 3203 quod
2528 3134 2801 3202 procedat
2827 3151 2859 3187 a
2896 3135 3063 3199 Filio,
3094 3135 3257 3204 cujus
3288 3151 3411 3188 esse
3444 3134 3591 3188 dici—

1901 3226 1993 3276 tur
2022 3222 2267 3292 Spiritus
2298 3240 2311 3276 :
2338 3240 2451 3275 non
2480 3224 2633 3276 enim
2662 3224 2749 3277 vel
2782 3240 2911 3293 pars
2937 3225 3059 3293 ejus
3090 3229 3283 3293 potest
3311 3241 3456 3290 esse,
3501 3225 3587 3278 vel

1901 3311 2133 3381 aliquod
2166 3311 2304 3365 Filio
2355 3312 2695 3381 subjectum.
2737 3312 2893 3365 Unde
2922 3313 3081 3382 {ergo
3122 3313 3316 3366 illius?
3367 3314 3591 3366 Proces-

1901 3399 2081 3465 sione,
2115 3398 2230 3452 sive
2279 3400 2865 3454 consubstantialitate
2899 3417 2910 3453 :
2964 3400 3062 3454 sed
3094 3401 3595 3455 consubstantiali-

1898 3493 1985 3540 tas
2011 3488 2397 3557 aequalitatem
2438 3488 2718 3554 ostendit;
2748 3489 3044 3558 aequalitas
3088 3495 3281 3542 autem
3317 3505 3431 3543 non
3463 3491 3592 3544 sub-

1893 3576 2119 3646 jicitur;
2180 3576 2277 3629 sed
2348 3576 2656 3628 confertur.
2721 3576 2876 3629 Unde
2927 3592 3065 3646 ergo
3118 3576 3360 3646 Spiritus
3428 3578 3593 3632 Filii?

1899 3664 2049 3717 haud
2080 3664 2321 3717 dubium
2343 3664 2479 3734 quia
2502 3664 2760 3732 procedit
2790 3680 2857 3717 ex
2891 3665 3049 3717 Filio.

1970 3750 2266 3805 Sufﬁciant
2313 3752 2419 3805 ista
2465 3752 2533 3804 de
2568 3751 2711 3805 libro
2759 3751 2985 3821 Didymi
3035 3750 3284 3804 breviter
3333 3751 3587 3819 collecta,

1900 3839 2000 3911 qui
2025 3840 2163 3893 dum
2212 3839 2349 3893 talia
2377 3839 2445 3893 de
2477 3839 2692 3909 Spiritu
2748 3846 2941 3892 sancto
2976 3839 3193 3909 positus
3236 3839 3594 3893 Alexandriae

1899 3926 2135 3980 sentiret
2165 3930 2220 3979 et
2248 3927 2539 3991 scriberet,
2585 3943 2687 3981 nec
2734 3943 2765 3979 a
2792 3927 3017 3992 Graecis,
3051 3943 3154 3981 nec
3185 3945 3216 3980 a
3264 3928 3589 3982 Grazcorum

1899 4014 2342 4083 imperatoribus
2415 4022 2501 4069 est
2553 4016 2637 4068 vel
2706 4015 3109 4084 reprehensus,
3172 4016 3259 4069 vel
3337 4032 3592 4070 commu-

1899 4102 2067 4155 nione
2098 4118 2405 4173 suspensus
2433 4120 2445 4156 :
2480 4102 2880 4173 intelligebant
2911 4103 3063 4156 enim
3099 4104 3198 4173 qui
3229 4120 3332 4172 per
3360 4103 3420 4158 id
3445 4108 3591 4157 tem-

1897 4192 2056 4261 poris
2105 4192 2509 4261 imperatores;
2563 4192 2661 4261 qui
2694 4207 2811 4244 non
2855 4192 3043 4244 solum
3076 4192 3591 4262 Constantinopoli,

1897 4294 2096 4331 verum
2156 4279 2327 4331 etiam
2383 4280 2580 4333 Roma;
2648 4280 2984 4349 regnabant,
3064 4281 3411 4335 catholicum
3471 4297 3593 4335 esse

2906 4368 3204 4435 perﬁdiam
3291 4369 3594 4422 hazretico—

1900 4471 2025 4506 rum
2074 4472 2203 4524 quae
2244 4453 2585 4519 debellabat,
2637 4460 2694 4508 et
2740 4456 2995 4509 veritatis
3051 4457 3371 4510 doctrinam
3433 4457 3589 4510 afﬁr-

1899 4544 2107 4597 mabat.
2174 4545 2283 4596 Vos
2341 4560 2495 4597 nunc
2535 4545 2910 4614 imperatores
2966 4545 3244 4611 moderni,
3308 4545 3441 4598 novi
3500 4560 3592 4598 se-

1898 4636 2046 4685 ctam
2097 4626 2306 4685 erroris
2349 4632 2739 4693 instituentes,
2798 4632 2979 4686 videte
3030 4633 3190 4701 cujus
3243 4632 3364 4684 sitis
3415 4631 3587 4694 tidei;

1898 4735 2154 4790 quosque
2212 4720 2483 4774 habueris
2539 4720 2598 4773 in
2643 4720 2902 4773 doctrina
2959 4720 3161 4774 Christi
3222 4719 3522 4787 magistros
3572 4736 3585 4773 :

1897 4824 2032 4861 nam
2090 4808 2319 4861 illorum
2368 4807 2775 4860 convincimini
2824 4822 2935 4859 non
2983 4823 3105 4859 esse
3150 4806 3437 4875 discipuli,
3491 4807 3591 4875 qui

1898 4895 2121 4964 priores
2161 4895 2333 4947 vestri
2372 4895 2547 4959 fuere,
2600 4894 2699 4963 qui
2759 4893 3094 4946 catholicam
3140 4893 3310 4946 tidem
3361 4894 3593 4947 robora-

1900 5000 2051 5050 vere,
2123 4982 2225 5053 qui
2286 4983 2446 5051 pravi
2514 4982 2795 5051 dogmatis
2861 4980 3087 5033 inventa
3136 4996 3361 5051 semper
3423 4998 3595 5052 expu-

1901 5088 2148 5143 gnavere
2163 5114 2176 5126 .

2573 5191 2797 5244 CAPUT
2836 5191 2923 5244 VI.

2528 5307 2615 5359 Ea:
2651 5304 2961 5358 Paschasio.

1974 5422 2066 5474 His
2115 5417 2395 5470 sociemus
2449 5419 2585 5487 quid
2632 5434 2733 5487 per
2783 5418 2983 5471 eadem
3040 5427 3302 5492 tempora
3344 5424 3601 5477 Romana

1904 5508 2081 5564 sensit
2145 5506 2393 5558 Ecclesia
2442 5507 2510 5559 de
2562 5506 2778 5575 Spiritu
2845 5512 3061 5572 sancto,
3115 5516 3182 5563 ut
3260 5510 3615 5580 comprobat

1906 5596 2160 5652 verimus
2215 5610 2425 5647 novam
2466 5610 2581 5647 non
2638 5593 2756 5645 fore
2805 5598 3015 5646 sectam
3070 5613 3244 5665 quam
3310 5598 3603 5669 praedicat,

3245 5698 3282 5752 9
