3890 6230
330 356 429 413 267

1481 345 1842 406 ΙῖΑΤΒΑΜΜ
1881 343 2334 404 COltBElENSlS
2375 345 2684 402 MONACllf

2260 349 2334 402 LIS
2375 345 2684 402 MONACllt
3718 346 3796 395 eos

330 491 424 544 sed
452 489 588 544 olim
643 505 676 542 a
725 486 981 542 Patribus
1013 485 1496 551 commendatam,
1545 493 1601 539 et
1645 503 1747 555 per
1783 486 2017 539 univer—
2059 487 2102 536 Α
2133 484 2498 538 chinantibus
2529 485 2620 554 pie
2648 484 2783 537 satis
2812 488 3093 554 cauteque
3127 481 3441 553 respondet
3490 481 3679 535 doctor
3717 482 3796 533 iste

330 596 455 632 sum
494 579 667 632 totius
721 576 982 630 Ecclesiae
1037 591 1245 644 corpus
1305 575 1664 638 vindicatam,
1717 582 1773 628 et
1824 581 2023 628 contra

331 669 552 721 diversa
597 666 905 719 sentientes
954 671 1372 734 expugnatam;
1421 664 1760 717 ostendatur
1809 665 2025 733 pariter

329 758 538 810 frustra
569 771 722 808 nunc
765 752 1106 822 reprehendi
1152 753 1310 821 quasi
1361 767 1568 803 novum
1619 753 1827 821 dogma
1877 768 2022 820 pra:-

329 846 540 910 dicans,
584 859 716 897 cum
760 843 892 896 sita
939 841 1228 911 prioribus
1275 840 1485 893 nostris
1543 855 1771 909 semper
1814 841 2023 909 praedi-

329 939 544 985 catum.

362 1018 752 1079 .Paschasius,
799 1017 1069 1086 antiquus
1118 1015 1388 1069 Romanas
1434 1014 1582 1068 sedis
1638 1020 1694 1068 et
1723 1014 1919 1068 doctor
1972 1018 2027 1066 et

329 1109 622 1170 diaconus,
679 1106 739 1158 in
789 1106 980 1158 libello
1029 1119 1200 1174 quem
1259 1104 1328 1156 de
1370 1103 1583 1172 Spiritu
1653 1108 1846 1156 sancto
1891 1102 2025 1154 scri-

330 1198 460 1266 psit,
508 1195 731 1265 Didymi
768 1209 1010 1263 sequens
1058 1192 1430 1245 Alexandrini
1484 1192 1739 1260 vestigia,
1811 1191 1890 1243 sic
1936 1191 2024 1243 in-

330 1287 397 1337 fit
435 1284 546 1353 (lib.
577 1301 613 1344 1,
650 1299 749 1351 cap
784 1282 833 1349 ‘2)
868 1299 879 1334 :
918 1303 944 1330 ‹‹
989 1283 1107 1334 Non
1145 1279 1412 1332 scruteris
1449 1281 1696 1349 qualiter
1749 1282 1893 1332 Deus
1933 1279 2024 1345 sit,

330 1387 502 1441 quem
561 1372 737 1422 Deum
797 1384 917 1420 esse
969 1368 1337 1420 manifestum
1388 1373 1488 1418 est.
1545 1367 1645 1420 Hic
1694 1366 1837 1419 ratio
1869 1367 2023 1432 latet,

330 1461 534 1512 veritas
568 1474 681 1510 non
715 1458 868 1509 latet.
902 1458 1014 1510 Cur
1054 1457 1374 1524 interroges
1403 1455 1693 1525 quomodo
1735 1456 1805 1507 sit
1845 1455 2029 1507 socius

330 1555 387 1602 et
417 1549 651 1618 aequalis
675 1545 865 1613 Regis,
901 1563 1068 1615 quem
1110 1545 1250 1613 regii
1281 1550 1501 1597 constat
1535 1561 1654 1596 esse
1691 1550 1746 1596 et
1792 1544 2029 1596 honoris

331 1642 386 1689 et
407 1635 652 1704 generis.
687 1635 765 1686 Ex
807 1635 1096 1702 superfluo
1128 1633 1194 1686 de
1229 1633 1461 1685 nomine
1496 1633 1683 1700 agitur
1711 1631 2026 1701 inquisitio,

330 1725 428 1779 ubi
461 1740 576 1776 non
617 1726 700 1775 est
750 1721 820 1775 de
869 1721 1218 1774 sublimitate
1268 1720 1568 1773 dubitatio.
1603 1741 1630 1768 »
1680 1722 1794 1774 Hoc
1827 1721 2026 1774 adver-

2133 575 2463 637 catholicus,
2526 575 2720 627 dicens
2777 572 3053 641 Spiritum
3083 578 3344 625 sanctum
3400 586 3508 623 nec
3540 569 3791 636 genitum.

2137 679 2238 715 nec
2269 663 2591 732 ingenitum
2626 663 2833 714 debere
2878 661 3009 724 dici,
3063 662 3217 731 quod
3264 664 3476 712 sancta:
3524 656 3797 725 Scriptura:

2134 768 2249 804 non
2300 751 2663 821 loquuntur:
2720 751 2927 804 debere
2979 765 3108 802 vero
3155 748 3412 818 profiteri
3471 745 3622 816 quod
3677 745 3799 796 affir-

2136 844 2314 899 mant,
2349 839 2624 906 Spiritum
2661 837 2920 890 videlicet
2948 842 3209 889 sanctum
3242 835 3394 888 Patri
3421 835 3676 904 Filioque
3701 849 3803 885 cou-

2137 926 2587 991 substantialem,
2626 931 2680 978 et
2712 925 2782 978 de
2816 930 3060 993 utroque
3093 922 3525 992 procedentem.

2207 1016 2270 1068 In
2321 1013 2730 1084 posterioribus
2780 1011 3035 1082 loquitur
3066 1012 3205 1080 (cap.
3253 1013 3335 1075 tO)
3377 1027 3388 1062 :
3423 1029 3453 1059 ι(
3497 1010 3562 1061 In
3608 1008 3804 1062 Actibus

2135 1104 2528 1172 apostolorum
2575 1103 2770 1154 Petrus
2813 1101 2882 1154 de
2935 1101 3178 1153 Domino
3229 1100 3361 1152 .lesu
3404 1098 3628 1151 Christo
3673 1097 3804 1148 dilic-

2138 1208 2268 1245 rens
2314 1191 2392 1244 ita
2449 1191 2629 1244 dicit:
2683 1193 2916 1243 Dextera
2961 1191 3134 1256 igitur
3163 1191 3259 1240 Dei
3292 1188 3601 1256 :exaltatus,
3641 1192 3686 1238 et
3727 1202 3805 1253 pro

2137 1282 2387 1334 missione
2437 1280 2677 1347 Spiritus
2708 1281 2884 1332 sancti
2907 1283 3123 1346 accepta
3159 1294 3194 1329 a
3250 1278 3411 1330 Patre
3445 1275 3644 1343 effudit
3694 1277 3807 1329 hunc

2138 1385 2291 1439 quem
2321 1369 2516 1422 videtis
2540 1373 2590 1420 et
2619 1368 2825 1420 auditis
2855 1369 3002 1427 (Act.
3039 1383 3098 1430 ιι,
3131 1368 3238 1434 33).
3275 1367 3335 1417 1n
3378 1365 3616 1417 dextera
3663 1363 3807 1416 Filius

2139 1459 2197 1510 in
2249 1459 2361 1510 Deo
2421 1459 2602 1521 Pater,
2650 1457 2705 1508 in
2761 1456 3010 1508 nominis
3052 1456 3138 1508 sui
3193 1454 3548 1525 proprietate
3598 1453 3807 1522 Spiritus

2138 1553 2364 1598 sanctus
2401 1546 2791 1613 designantur.
2836 1569 2859 1591 n
2897 1547 3010 1599 lloc
3062 1544 3394 1596 testimonio
3439 1543 3806 1611 tomprobuvit

2140 1636 2412 1704 Spiritum
2471 1644 2726 1686 sanctum
2779 1652 2809 1686 a
2859 1634 2994 1686 Filio
3055 1634 3381 1703 procedere,
3433 1650 3610 1702 quem
3658 1633 3809 1684 abeo

2141 1724 2280 1778 dixit
2300 1723 2542 1777 effusum
2581 1740 2592 1774 :
2623 1739 2734 1775 non
2775 1723 2928 1776 enim
2960 1723 3160 1775 effudit
3185 1722 3292 1774 nisi
3325 1722 3478 1790 quod
3518 1722 3575 1773 in
3608 1737 3663 1772 se
3692 1737 3808 1771 con-

332 1830 426 1866 sus
450 1812 713 1874 Arianos,
765 1810 865 1880 qui
913 1809 1157 1878 Spiritus
1209 1809 1390 1861 sancti
1440 1809 1800 1862 divinitatem
1855 1810 2028 1862 dene-
2068 1785 2108 1838 B
2142 1812 2380 1875 tinebat,
2416 1828 2530 1864 non
2565 1813 2719 1864 velut
2748 1811 2806 1863 in
2839 1812 2961 1863 loco
2994 1811 3328 1863 conclusum
3363 1826 3374 1862 :
3411 1809 3510 1861 sed
3562 1815 3808 1878 tanquam

333 1900 568 1970 gabant,
632 1900 889 1951 nolentes
960 1898 1215 1950 confiteri
1277 1898 1428 1949 Patri
1486 1898 1741 1967 Filioque
1785 1898 2026 1951 consub-

331 1987 674 2052 stantialem,
704 1987 799 2040 sed
835 1993 1151 2039 creaturam
1185 1985 1451 2038 dicebant
1497 1986 1636 2039 Filio
1688 1987 2024 2056 subjectum,

331 2082 606 2146 tanquam
684 2074 992 2142 minorem,
1064 2089 1159 2126 vos
1247 2075 1525 2126 veraciter
1576 2075 1896 2138 confutans,
1975 2077 2032 2127 et

336 2167 513 2219 Deum
555 2180 751 2217 verum
779 2180 901 2216 esse
942 2161 1215 2232 praedicat
1264 2168 1319 2216 et
1367 2163 1568 2230 Patris,
1624 2170 1680 2216 et
1721 2164 1845 2216 Filii
1888 2168 2028 2216 con-'-

331 2252 784 2306 substantialem.
843 2251 988 2314 Quid
1047 2251 1221 2304 etiam
1274 2250 1344 2303 de
1394 2251 1754 2320 processione
1820 2251 2031 2304 sentiat

333 2342 627 2395 subdendo
673 2340 999 2393 manifestat
1041 2355 1053 2392 :
1102 2360 1128 2387 ‹‹
1168 2340 1309 2407 Ergo
1356 2339 1491 2407 quia
1521 2339 1764 2408 Spiritus
1806 2344 2030 2391 sanctus

334 2446 400 2484 ex
431 2435 672 2498 utroque
723 2428 978 2497 procedit
1005 2427 1132 2480 ideo
1171 2428 1307 2480 dicit
1344 2442 1358 2479 :
1395 2429 1499 2495 Qui
1547 2432 1724 2480 autem
1763 2428 2031 2495 Spiritum

337 2519 551 2570 Christi
594 2532 698 2570 non
748 2517 904 2569 habet
944 2521 992 2568 et
1039 2516 1124 2568 hic
1153 2531 1260 2568 non
1311 2522 1388 2567 est
1431 2515 1546 2582 ejus
1579 2516 1732 2582 (Rom
1788 2532 1903 2580 vni,
1955 2519 2027 2584 9).

338 2610 403 2662 Et
434 2608 544 2661 alio
577 2608 702 2660 loco
740 2619 751 2660 :
792 2607 1111 2673 lusu/ﬂavit
1155 2611 1204 2657 et
1243 2605 1388 2657 dimit
1424 2621 1434 2657 :
1483 2607 1728 2673 Accipite
1769 2606 2033 2674 Spiritum

337 2702 582 2750 sanctum
638 2696 814 2763 (Joan.
856 2709 945 2758 xx,
1003 2695 1116 2759 22).
1168 2693 1428 2746 Testatur
1475 2699 1531 2746 et
1585 2692 1861 2762 Spiritum
1903 2711 2031 2746 san-

336 2792 491 2839 ctum
518 2801 581 2838 ex
614 2787 776 2838 Patre
824 2783 1080 2852 Filioque
1132 2782 1472 2850 procedere;
1514 2799 1794 2852 suamque
1847 2799 2033 2835 asser-

338 2876 554 2928 tionem
578 2873 812 2926 roborat
841 2877 964 2924 tum
995 2887 1058 2923 ex
1096 2873 1362 2941 Apostolo
1397 2887 1570 2939 quam
1605 2887 1675 2924 ex
1710 2872 2030 2942 Evangelio,

340 2964 553 3032 pariter
581 2962 887 3015 ostendens
919 2961 1054 3030 quia
1086 2960 1332 3029 Spiritus
1364 2976 1478 3012 non
1510 2960 1675 3012 aliter
1702 2961 1882 3030 possit
1913 2978 2033 3013 esse

343 3050 566 3111 Christi,
603 3051 712 3103 nisi
755 3049 1022 3119 procedat
1060 3051 1128 3100 ab
1169 3049 1293 3118 ipso
1334 3065 1346 3101 :
1389 3065 1495 3101 nec
1545 3049 1684 3101 alias
1733 3048 1830 3101 dat
1881 3050 2036 3101 Chri-

345 3145 464 3191 stus
516 3138 792 3206 Spiritum
853 3136 1217 3196 insuf'tlando,
1279 3137 1389 3188 nisi
1443 3153 1506 3188 ex
1561 3153 1663 3189 sua
1720 3138 2040 3190 substantia

345 3228 645 3287 mittendo.
694 3227 977 3296 siquidem
1046 3241 1174 3278 cum
1230 3226 1453 3278 dicatur
1507 3225 1754 3294 Spiritus
1808 3227 2036 3292 Christi,

347 3313 680 3365 relationem
715 3311 922 3364 habere
943 3316 1295 3363 monstratur
1323 3310 1392 3363 ad
1417 3307 1729 3373 Christum,
1765 3326 1878 3363 non
1907 3327 2040 3363 vero

343 3407 617 3470 tanquam
648 3415 840 3452 servus
868 3398 1004 3468 (non
1058 3399 1212 3452 enim
1245 3406 1330 3451 est
1383 3402 1664 3462 creatura)
1701 3415 1712 3450 :
1769 3399 1862 3452 sed
1914 3404 2038 3452 tan-

345 3504 517 3558 quam
563 3488 633 3542 ab
683 3488 782 3541 illo
824 3489 1055 3558 capiens
1095 3487 1448 3540 existentiam
1497 3487 1877 3554 procedendo,
1928 3504 2041 3540 non

343 3577 590 3631 creando
641 3578 728 3630 vel
760 3578 1111 3646 generando.
1144 3576 1420 3630 Similiter
1448 3593 1578 3630 cum
1613 3577 1864 3629 insufﬂat
1909 3593 2039 3629 eum

345 3665 622 3720 mittendo
659 3681 671 3718 :
706 3681 824 3718 non
869 3665 1048 3719 mittit
1077 3673 1435 3729 extraneum,
1470 3682 1574 3718 nec
1608 3665 1836 3718 aliunde
1868 3681 2040 3734 quam

341 3756 409 3807 de
438 3754 671 3824 pr0pria
702 3760 909 3807 natura
950 3770 962 3807 :
998 3770 1101 3807 nec
1130 3761 1321 3822 potest
1363 3755 1564 3822 negari
1602 3770 1871 3824 processu
1920 3753 2042 3822 ejus

343 3843 557 3908 aFilio,
585 3858 757 3912 quem
802 3841 1148 3895 insufflando
1197 3858 1261 3894 ex
1306 3842 1526 3895 intimis
1569 3859 1687 3895 suae
1730 3841 2041 3895 divinitatis

346 3931 518 3982 Filius
559 3931 790 3982 emittit.
835 3929 1146 3999 Subjungit
1207 3930 1390 3982 adhuc
1428 3932 1497 3983 de
1556 3931 1751 3983 eodem
1800 3930 2040 3998 loquens

345 4017 605 4085 Spiritu:
664 4037 691 4066 α
746 4018 943 4070 Utrum
993 4018 1219 4086 genitus
1267 4035 1340 4070 an
1386 4019 1676 4085 ingenitus
1728 4019 1797 4070 sit
1847 4019 2036 4086 requi-

347 4105 463 4159 ris?
512 4105 657 4156 nihil
717 4121 779 4156 ex
829 4106 936 4157 hoc
981 4105 1212 4174 eloquia
1254 4121 1412 4157 sacra
1463 4105 1809 4168 cecinerunt,
1879 4107 2038 4158 nefas

346 4199 431 4245 est
459 4193 781 4259 irrumpere
813 4192 1028 4244 divinia
1071 4193 1314 4244 silentia.
1355 4193 1515 4256 Quod
1554 4195 1699 4245 Deus
1742 4194 2037 4262 scripturis

346 4281 461 4334 suis
524 4280 894 4332 indicandum
967 4296 1088 4332 esse
1155 4296 1269 4334 non
1327 4280 1586 4343 credidit,
1656 4282 2032 4351 interrogare,

2135 1901 2196 1954 in
2236 1917 2294 1954 se
2341 1900 2792 1953 substantialiter
2841 1905 3211 1951 manentem:
3262 1913 3362 1949 nec
3412 1896 3491 1948 sic
3534 1895 3726 1948 effudit
3766 1901 3813 1946 ut

2137 1989 2224 2042 sui
2266 1989 2659 2042 vacuationem
2693 1988 2932 2052 faceret;
2985 1985 3468 2056 quemadmodum
3521 2002 3620 2037 vas
3658 1984 3809 2036 effici-

2136 2084 2231 2131 tur
2270 2093 2510 2131 vacuum
2565 2093 2694 2130 cum
2746 2075 3060 2129 effunditur
3123 2075 3276 2145 quod
3326 2074 3726 2126 continebatur
3767 2073 3814 2124 in

2137 2167 2279 2220 illo:
2333 2172 2418 2220 est
2467 2163 2672 2219 rerum
2701 2165 2848 2218 istud
2888 2179 3292 2234 corporearum
3342 2179 3354 2215 :
3398 2168 3483 2215 est
3528 2162 3590 2214 in
3637 2161 3814 2214 divinis

2139 2270 2253 2305 non
2284 2253 2459 2306 idem.
2497 2256 2638 2308 Cum
2673 2252 2824 2305 enim
2862 2253 2944 2304 vel
2991 2253 3159 2304 Pater
3188 2251 3274 2304 vel
3335 2250 3510 2303 Filius
3562 2249 3812 2319 Spiritum

2138 2341 2399 2406 effundit,
2449 2357 2563 2394 non
2613 2357 2670 2393 se
2711 2345 2932 2404 vacuat,
2982 2340 3079 2392 sed
3134 2339 3220 2391 sui
3281 2338 3537 2391 muneris
3599 2337 3815 2405 gratiam

2139 2431 2260 2483 sine
2290 2429 2604 2493 suitdamno
2637 2429 2844 2499 quibus
2875 2430 2994 2480 vult
3022 2428 3430 2481 communicat.
3465 2427 3529 2479 Et
3559 2427 3704 2478 infra
3729 2443 3814 2495 po-

2142 2535 2284 2571 nens
2324 2517 2717 2571 testimonium
2749 2517 3046 2585 Apostoli:
3092 2538 3118 2565 α
3159 2519 3262 2570 Vos
3307 2522 3484 2569 autem
3533 2533 3640 2570 non
3691 2519 3813 2568 estis.

2139 2608 2345 2677 inquit,
2379 2610 2437 2660 in
2475 2622 2653 2671 carne,
2699 2607 2793 2659 sed
2839 2609 2898 2659 in
2929 2608 3149 2674 Spiritu
3185 2622 3196 2657 :
3241 2608 3291 2659 si
3351 2611 3546 2659 tamem
3597 2607 3819 2674 Spiritus

2141 2699 2238 2750 Dei
2278 2697 2491 2749 habitat
2535 2697 2592 2747 in
2623 2695 2788 2748 vobis.
2842 2695 3054 2762 Siquis
3094 2700 3271 2747 autem
3303 2695 3575 2763 Spiritum
3631 2694 3821 2744 Christi

2140 2801 2247 2837 non
2278 2784 2455 2847 habet,
2481 2785 2562 2836 hic
2600 2799 2706 2836 non
2757 2788 2834 2836 est
2861 2784 2978 2850 ejus
3008 2784 3180 2850 (Rom.
3217 2799 3334 2842 vni,
3380 2788 3454 2848 9).
3509 2784 3659 2835 Dum
3709 2782 3822 2833 dicit

2142 2875 2412 2940 Spiritum
2442 2875 2554 2937 Dei,
2592 2875 2648 2923 et
2669 2871 2842 2924 infert
2872 2876 3290 2941 consequenter
3314 2873 3592 2939 Spiritum
3617 2870 3818 2930 Christi,

2145 2961 2372 3012 adverte
2403 2960 2538 3028 quia
2588 2958 2677 3011 hic
2730 2975 3032 3027 personam
3085 2957 3298 3011 Christi
3345 2958 3449 3010 sub
3502 2960 3604 3011 Dei
3649 2957 3819 3027 appel-

2149 3048 2360 3100 latione
2414 3047 2692 3115 designat.
2739 3052 2852 3100 Aut
2899 3047 2946 3100 si
3003 3047 3094 3099 hic
3147 3049 3332 3107 Patre,
3385 3047 3548 3114 cujus
3600 3048 3824 3116 Spiritus

2148 3138 2236 3202 sit,
2271 3137 2375 3189 sub
2406 3136 2504 3189 Dei
2538 3136 2966 3205 nuncupatione
3000 3135 3302 3206 significat,
3337 3151 3464 3188 ecce
3518 3137 3613 3189 hic
3661 3137 3815 3206 Spiri-

2149 3231 2241 3277 tus
2270 3241 2373 3294 per
2399 3225 2673 3277 unitatem
2729 3224 3084 3291 substantia},
3118 3229 3175 3277 et
3231 3225 3410 3277 Patris
3442 3230 3499 3276 et
3555 3226 3683 3278 Filii
3722 3242 3822 3277 esse

2151 3312 2398 3382 Spiritus
2437 3312 2777 3373 declaratur,
2805 3319 2862 3365 et
2893 3313 3097 3365 merito
3145 3312 3454 3381 procedere
3484 3329 3548 3364 ex
3605 3321 3826 3384 utroque

2153 3402 2524 3471 dignoscitur,
2555 3407 2612 3453 et
2644 3401 2699 3452 in
2760 3400 2986 3453 vinculo
3018 3400 3312 3453 Trinitatis
3343 3400 3674 3454 distinctam
3727 3419 3830 3471 per-

2153 3505 2352 3543 sonam
2384 3489 2591 3542 habere
2623 3489 2997 3558 perspicitur;
3029 3495 3083 3541 et
3112 3489 3213 3559 qui
3252 3489 3534 3558 Spiritum
3589 3497 3827 3543 sanctum

2152 3593 2263 3629 non
2295 3576 2481 3639 habet,
2537 3593 2640 3629 nec
2687 3576 2970 3631 Christum
3025 3577 3234 3630 habere
3285 3583 3658 3632 monstratur.
3709 3580 3832 3631 Deus

2152 3665 2345 3734 itaque
2416 3665 2661 3735 Spiritus
2718 3672 2966 3731 sanctus,
3031 3683 3145 3736 quo
3211 3673 3415 3736 negato
3492 3674 3740 3737 negatur
3789 3673 3833 3717 et

2151 3754 2428 3821 Christus,
2491 3755 2589 3823 qui
2662 3755 2803 3807 dixit
2852 3772 2865 3809 :
2918 3757 3076 3809 Nemo
3122 3759 3268 3808 venit
3321 3756 3395 3807 ad
3453 3757 3669 3810 Patrem
3744 3760 3835 3809 nisi

2144 3859 2246 3911 per
2290 3859 2371 3895 me
2418 3844 2599 3911 (Joan.
2641 3859 2752 3908 xxv,
2809 3845 2888 3911 6).
2953 3844 3055 3906 Qui
3117 3844 3332 3914 Spiritu
3391 3851 3586 3897 sancto
3640 3863 3834 3898 vacuus

2150 3936 2253 3996 est,
2316 3931 2522 3984 Christi
2584 3948 2695 3983 non
2757 3940 2860 3996 est,
2932 3939 2985 3983 et
3036 3933 3284 4000 perdidit
3345 3933 3489 3984 viam
3547 3951 3665 4003 qua
3724 3951 3835 4004 per-

2149 4020 2374 4071 venitur
2431 4020 2496 4071 ad
2560 4019 2801 4072 Patrem.
2865 4041 2892 4066 ››
2955 4021 3137 4072 Multis
3203 4021 3452 4074 ostendit
3532 4024 3838 4076 rationibus

2149 4107 2426 4176 Spiritum
2460 4115 2719 4160 sanctum
2755 4113 2810 4160 et
2844 4109 3018 4160 Deum
3077 4125 3221 4175 esse,
3280 4117 3338 4162 et
3385 4111 3837 4164 consubstantia-

2148 4197 2257 4248 lem
2289 4194 2469 4247 Patris
2505 4201 2562 4248 et
2595 4196 2740 4261 Filii,
2775 4201 2829 4248 et
2876 4213 2937 4248 ex
2977 4204 3218 4267 utroque
3273 4200 3607 4268 procedere,
3671 4218 3768 4251 nec
3813 4217 3839 4250 a

2148 4283 2372 4336 vinculo
2409 4283 2701 4335 Trinitatis
2750 4300 2913 4352 posse
2963 4285 3227 4348 discerni,
3272 4303 3398 4339 cun;
3454 4288 3526 4340 sit
3561 4290 3835 4358 ejusdem.

347 4369 430 4422 vel
483 4369 624 4421 scire
671 4371 958 4436 superflua
1001 4369 1330 4422 curiositate
1379 4377 1433 4422 te
1485 4370 1685 4421 noluit.
1740 4371 1853 4422 Hoc
1911 4386 2034 4438 per-
2073 4372 2302 4441 Dcujus
2335 4377 2390 4424 et
2451 4372 2616 4424 Pater
2664 4378 2719 4424 et
2779 4373 2951 4425 Filius
3005 4378 3112 4440 est,
3172 4379 3409 4427 naturae.
3483 4377 3545 4428 Et
3603 4377 3840 4430 inculcat

349 4457 539 4510 venire
609 4457 812 4510 debere
864 4457 1139 4525 judicavit
1223 4458 1293 4511 ad
1369 4458 1772 4510 conscientiam
1853 4463 2032 4523 tuam,

346 4545 499 4614 quod
551 4545 797 4614 pertinet
845 4545 914 4598 ad
966 4547 1209 4598 salutem
1269 4552 1446 4599 tuam.
1501 4569 1528 4592 ››
1592 4547 1716 4598 Haec
1763 4547 2036 4599 adversus

345 4651 437 4687 eos
456 4635 710 4704 loquitur
730 4634 826 4704 qui
851 4634 1098 4704 Spiritus
1120 4634 1297 4686 sancti
1321 4648 1647 4702 personam,
1675 4641 1884 4688 sanctae
1912 4635 2034 4687 Tri-

342 4723 511 4776 nitati
551 4722 912 4791 derogantes,
950 4723 1130 4774 Deum
1171 4738 1292 4774 esse
1334 4737 1450 4774 non
1495 4722 1863 4790 recipiebant,
1909 4728 2034 4776 tan-

345 4827 516 4880 quam
545 4812 591 4863 si
636 4813 780 4865 Deus
836 4811 1160 4874 haberetur,
1216 4813 1304 4863 vel
1350 4810 1637 4878 ingenitus
1672 4812 1761 4864 vel
1807 4812 2036 4880 genitus

343 4899 709 4954 confiteretur
739 4915 751 4951 :
789 4899 835 4952 si
866 4899 1116 4968 genitus,
1151 4898 1264 4952 duo
1305 4898 1411 4952 filii
1457 4898 1804 4962 dicerentur,
1834 4905 1890 4953 et
1913 4901 2034 4970 jam

344 4984 597 5038 Salvator
625 4985 738 5038 dici
771 5001 888 5038 non
917 4993 1111 5055 posset
1143 4987 1505 5055 unigenitus;
1539 4991 1803 5057 essetque
1839 4994 2036 5040 contra

343 5071 678 5125 catholicam
724 5072 918 5140 fidem,
969 5089 1094 5142 quae
1150 5074 1386 5143 quidem
1447 5076 1754 5128 confitetur
1805 5075 2035 5128 credere

343 5175 402 5212 se
446 5159 506 5211 in
574 5159 753 5212 Deum
807 5162 1027 5214 Patrem
1079 5163 1556 5231 omnipotentem,
1616 5168 1675 5216 et
1729 5163 1789 5216 in
1844 5165 2033 5217 .lesum

343 5247 630 5301 Christum
663 5248 865 5302 Filium
906 5250 1027 5318 ejus
1073 5250 1456 5318 unigenitum.
1505 5251 1670 5315 Quod
1703 5251 1749 5304 si
1799 5252 2034 5305 confite-

343 5339 501 5387 retur
528 5333 836 5404 ingenitus,
857 5337 977 5404 jam
1007 5352 1121 5389 non
1167 5353 1314 5389 unus
1347 5340 1527 5402 Pater,
1561 5339 1658 5392 sed
1705 5339 1818 5393 duo
1871 5356 2034 5392 com-

341 5422 753 5489 probarentur;
796 5430 852 5476 et
891 5429 1036 5477 esset
1076 5424 1183 5477 hoc
1222 5424 1598 5480 nihilomnius
1642 5427 1776 5480 fidei
1825 5428 2030 5481 Catho-

341 5511 464 5563 licaa
494 5510 655 5564 valde
696 5511 1067 5566 contrarium.
1119 5512 1416 5566 Credimus
1461 5514 1673 5567 etenim
1726 5516 1785 5568 in
1851 5532 2033 5569 unum

345 5598 522 5651 Deum
584 5599 806 5652 Patrem
867 5600 1339 5669 omnipotentem.
1394 5601 1529 5652 'l‘am
1592 5617 1857 5670 perversa
1919 5619 2033 5654 ma-

2146 4460 2431 4514 Christum
2467 4461 2674 4513 habere
2706 4477 2820 4513 non
2880 4477 3063 4530 posse,
3108 4462 3207 4531 qui
3244 4479 3355 4533 non
3400 4464 3612 4518 habeat
3661 4465 3837 4534 Spiri-

2145 4553 2267 4600 tum
2298 4553 2557 4600 sanctum
2584 4565 2596 4600 :
2632 4556 2688 4600 et
2719 4550 2992 4618 quoniam
3024 4551 3169 4604 Deus
3200 4557 3280 4604 est
3307 4552 3554 4621 Spiritus
3591 4562 3836 4614 sanctus,

2144 4636 2243 4704 qui
2304 4637 2596 4706 negaverit
2647 4637 2951 4706 Spiritum,
3009 4647 3424 4710 consequenter
3500 4644 3731 4712 negarit
3787 4648 3837 4695 et

2145 4725 2475 4778 Christum:
2519 4725 2670 4794 quod
2711 4735 2824 4779 non
2867 4727 3049 4790 fieret,
3083 4729 3129 4780 si
3181 4745 3292 4782 non
3353 4732 3410 4782 in
3458 4731 3687 4785 Christo
3722 4749 3838 4785 ma-

2144 4819 2326 4876 neret,
2359 4818 2413 4865 et
2471 4813 2524 4865 ei
2581 4815 3082 4868 consubstantialis
3132 4819 3369 4871 existere
3409 4861 3419 4872 .
3453 4820 3682 4874 Manere
3714 4837 3838 4872 vero

2145 4903 2204 4955 in
2244 4901 2492 4966 Christo,
2536 4907 2591 4954 et
2621 4903 3163 4958 consubstantialem
3211 4922 3332 4959 esse
3388 4907 3610 4962 Christo
3665 4910 3836 4980 Spiri-

2142 4991 2317 5042 ritnm
2374 4989 2774 5058 procedentem
2839 4993 2909 5045 ab
2969 5008 3034 5044 eo
3088 4993 3438 5047 demonstrat
3492 5012 3640 5050 :non
3691 4999 3837 5050 enim

2143 5081 2350 5146 potest,
2384 5077 2493 5129 nisi
2521 5079 2791 5145 procedat
2821 5080 2889 5132 ab
2923 5079 3043 5146 illo,
3087 5081 3145 5133 in
3179 5081 3332 5151 quod
3391 5091 3607 5145 manet,
3651 5091 3708 5138 et
3755 5102 3838 5135 cui

2143 5164 2703 5219 consubstantialiter
2749 5167 3030 5231 inhaeret;
3073 5174 3128 5221 et
3183 5186 3313 5222 cum
3344 5171 3433 5223 via
3464 5171 3536 5224 sit
3591 5174 3838 5227 Christus

2143 5253 2209 5306 ad
2240 5255 2483 5318 Patrem,
2518 5255 2614 5323 qui
2649 5256 2926 5323 Spiritum
2960 5273 3074 5309 non
3120 5257 3311 5325 habet,
3357 5259 3506 5311 viam
3559 5261 3836 5314 Christum

2142 5340 2353 5393 habere
2402 5358 2516 5395 non
2561 5345 2754 5396 valet:
2800 5361 2916 5398 non
2963 5345 3118 5398 enim
3150 5346 3395 5400 alterum
3442 5348 3656 5402 habere
3718 5352 3837 5420 quis

2143 5434 2329 5498 potest
2358 5438 2568 5498 praeter
2612 5434 2877 5494 alterum,
2923 5435 3021 5503 qui
3062 5450 3163 5486 nec
3209 5435 3529 5490 substantia
3575 5438 3833 5492 dividun-

2141 5520 2256 5582 tur,
2290 5532 2393 5569 nec
2427 5520 2739 5574 mansione.
2775 5522 3014 5590 Propter
3064 5523 3214 5592 quod
3266 5523 3479 5591 Spiritu
3521 5531 3717 5580 sancto
3749 5543 3834 5577 va-

2143 5620 2302 5670 cuus,
2343 5606 2562 5660 Christo
2625 5625 2852 5680 quoque
2905 5627 3112 5664 vacuus
3171 5613 3488 5676 invenitur;
3551 5615 3689 5684 quia
3743 5615 3833 5685 qui
