  <div class='ocr_page' id='page_1' title='image "/cluster/home/n/w/nwhite01/storage/ocr_20150623/121/uva.x000827051/142.png"; bbox 0 0 3890 6230; ppageno 0'>
   <div class='ocr_carea' id='block_1_1' title="bbox 94 285 182 337">
    <p class='ocr_par' dir='ltr' id='par_1_1' title="bbox 94 285 182 337">
     <span class='ocr_line' id='line_1_1' title="bbox 94 285 182 337; baseline -0.011 0"><span class='ocrx_word' id='word_1_1' title='bbox 94 285 182 337; x_wconf 73' lang='lat'>‘259</span> 
     </span>
    </p>
   </div>
   <div class='ocr_carea' id='block_1_2' title="bbox 1101 288 2565 350">
    <p class='ocr_par' dir='ltr' id='par_1_2' title="bbox 1101 288 2565 350">
     <span class='ocr_line' id='line_1_2' title="bbox 1101 288 2565 350; baseline 0.003 -6"><span class='ocrx_word' id='word_1_2' title='bbox 1101 288 1374 346; x_wconf 77' lang='lat' dir='ltr'>CONTRA</span> <span class='ocrx_word' id='word_1_3' title='bbox 1412 289 1815 347; x_wconf 67' lang='lat' dir='ltr'>CRASSOle</span> <span class='ocrx_word' id='word_1_4' title='bbox 1855 292 2205 349; x_wconf 83' lang='lat' dir='ltr'>OPPOSlTA.</span> <span class='ocrx_word' id='word_1_5' title='bbox 2236 321 2299 332; x_wconf 53' lang='grc' dir='ltr'>-κ</span> <span class='ocrx_word' id='word_1_6' title='bbox 2329 293 2456 350; x_wconf 83' lang='lat' dir='ltr'>LIB.</span> <span class='ocrx_word' id='word_1_7' title='bbox 2499 293 2565 350; x_wconf 88' lang='lat' dir='ltr'>ll.</span> 
     </span>
    </p>
   </div>
   <div class='ocr_carea' id='block_1_3' title="bbox 3485 304 3589 357">
    <p class='ocr_par' dir='ltr' id='par_1_3' title="bbox 3485 304 3589 357">
     <span class='ocr_line' id='line_1_3' title="bbox 3485 304 3589 357; baseline -0.019 0"><span class='ocrx_word' id='word_1_8' title='bbox 3485 304 3589 357; x_wconf 78' lang='lat'>270</span> 
     </span>
    </p>
   </div>
   <div class='ocr_carea' id='block_1_4' title="bbox 89 417 3586 503">
    <p class='ocr_par' dir='ltr' id='par_1_4' title="bbox 89 417 3586 503">
     <span class='ocr_line' id='line_1_4' title="bbox 89 417 3586 503; baseline 0.005 -33"><span class='ocrx_word' id='word_1_9' title='bbox 89 417 304 470; x_wconf 82' lang='lat' dir='ltr'>fontem</span> <span class='ocrx_word' id='word_1_10' title='bbox 339 433 455 472; x_wconf 91' lang='lat' dir='ltr'>non</span> <span class='ocrx_word' id='word_1_11' title='bbox 489 418 683 484; x_wconf 89' lang='lat' dir='ltr'>habet,</span> <span class='ocrx_word' id='word_1_12' title='bbox 719 419 892 474; x_wconf 83' lang='lat' dir='ltr'>fontis</span> <span class='ocrx_word' id='word_1_13' title='bbox 924 420 1140 491; x_wconf 89' lang='lat' dir='ltr'>irriguo</span> <span class='ocrx_word' id='word_1_14' title='bbox 1167 421 1632 477; x_wconf 90' lang='lat' dir='ltr'>noninundatur.</span> <span class='ocrx_word' id='word_1_15' title='bbox 1654 421 1781 487; x_wconf 90' lang='lat' dir='ltr'>Qui-</span> <span class='ocrx_word' id='word_1_16' title='bbox 1820 430 1865 479; x_wconf 84' lang='grc' dir='ltr'><strong>Α</strong></span> <span class='ocrx_word' id='word_1_17' title='bbox 1896 424 2237 492; x_wconf 88' lang='lat' dir='ltr'>continenti,</span> <span class='ocrx_word' id='word_1_18' title='bbox 2272 429 2655 494; x_wconf 79' lang='lat' dir='ltr'>comparatur.</span> <span class='ocrx_word' id='word_1_19' title='bbox 2703 428 2779 481; x_wconf 91' lang='lat' dir='ltr'>De</span> <span class='ocrx_word' id='word_1_20' title='bbox 2816 443 2931 498; x_wconf 90' lang='lat' dir='ltr'>quo</span> <span class='ocrx_word' id='word_1_21' title='bbox 2975 434 3392 500; x_wconf 77' lang='lat' dir='ltr'>consequenter</span> <span class='ocrx_word' id='word_1_22' title='bbox 3440 433 3586 503; x_wconf 89' lang='lat' dir='ltr'>adji-</span> 
     </span>
    </p>
   </div>
   <div class='ocr_carea' id='block_1_5' title="bbox 89 507 1783 582">
    <p class='ocr_par' dir='ltr' id='par_1_5' title="bbox 89 507 1783 582">
     <span class='ocr_line' id='line_1_5' title="bbox 89 507 1783 582; baseline 0.005 -24"><span class='ocrx_word' id='word_1_23' title='bbox 89 507 186 559; x_wconf 89' lang='lat' dir='ltr'>bus</span> <span class='ocrx_word' id='word_1_24' title='bbox 241 507 519 560; x_wconf 89' lang='lat' dir='ltr'>omnibus</span> <span class='ocrx_word' id='word_1_25' title='bbox 568 507 862 562; x_wconf 82' lang='lat' dir='ltr'>evidenter</span> <span class='ocrx_word' id='word_1_26' title='bbox 906 511 1229 564; x_wconf 82' lang='lat' dir='ltr'>ostenditur</span> <span class='ocrx_word' id='word_1_27' title='bbox 1259 512 1535 565; x_wconf 89' lang='lat' dir='ltr'>aChristo</span> <span class='ocrx_word' id='word_1_28' title='bbox 1589 528 1783 582; x_wconf 90' lang='lat' dir='ltr'>proce-</span> 
     </span>
    </p>
   </div>
   <div class='ocr_carea' id='block_1_6' title="bbox 88 595 841 665">
    <p class='ocr_par' dir='ltr' id='par_1_6' title="bbox 88 595 841 665">
     <span class='ocr_line' id='line_1_6' title="bbox 88 595 841 665; baseline 0.004 -18"><span class='ocrx_word' id='word_1_29' title='bbox 88 595 214 648; x_wconf 89' lang='lat' dir='ltr'>dere</span> <span class='ocrx_word' id='word_1_30' title='bbox 246 595 530 665; x_wconf 91' lang='lat' dir='ltr'>Spiritum</span> <span class='ocrx_word' id='word_1_31' title='bbox 560 603 841 650; x_wconf 87' lang='lat' dir='ltr'>sanctum.</span> 
     </span>
    </p>
   </div>
   <div class='ocr_carea' id='block_1_7' title="bbox 153 684 1782 758">
    <p class='ocr_par' dir='ltr' id='par_1_7' title="bbox 153 684 1782 758">
     <span class='ocr_line' id='line_1_7' title="bbox 153 684 1782 758; baseline 0.004 -22"><span class='ocrx_word' id='word_1_32' title='bbox 153 684 220 736; x_wconf 86' lang='lat' dir='ltr'>Et</span> <span class='ocrx_word' id='word_1_33' title='bbox 256 685 408 737; x_wconf 79' lang='lat' dir='ltr'>infra</span> <span class='ocrx_word' id='word_1_34' title='bbox 439 688 589 755; x_wconf 88' lang='lat' dir='ltr'>(cap.</span> <span class='ocrx_word' id='word_1_35' title='bbox 629 687 711 755; x_wconf 84' lang='lat' dir='ltr'>ll)</span> <span class='ocrx_word' id='word_1_36' title='bbox 746 703 758 738; x_wconf 94' lang='lat'>:</span> <span class='ocrx_word' id='word_1_37' title='bbox 799 709 819 735; x_wconf 79' lang='grc' dir='ltr'>ι</span> <span class='ocrx_word' id='word_1_38' title='bbox 861 687 949 740; x_wconf 85' lang='lat' dir='ltr'>Nil</span> <span class='ocrx_word' id='word_1_39' title='bbox 983 687 1177 758; x_wconf 80' lang='lat' dir='ltr'>itaque</span> <span class='ocrx_word' id='word_1_40' title='bbox 1228 687 1285 739; x_wconf 91' lang='lat' dir='ltr'>in</span> <span class='ocrx_word' id='word_1_41' title='bbox 1333 688 1543 758; x_wconf 79' lang='lat' dir='ltr'>Spiritu</span> <span class='ocrx_word' id='word_1_42' title='bbox 1591 697 1782 742; x_wconf 89' lang='lat' dir='ltr'>sancto</span> 
     </span>
    </p>
   </div>
   <div class='ocr_carea' id='block_1_8' title="bbox 85 773 1780 846">
    <p class='ocr_par' dir='ltr' id='par_1_8' title="bbox 85 773 1780 846">
     <span class='ocr_line' id='line_1_8' title="bbox 85 773 1780 846; baseline 0.005 -22"><span class='ocrx_word' id='word_1_43' title='bbox 85 773 468 844; x_wconf 84' lang='lat' dir='ltr'>semiplenum</span> <span class='ocrx_word' id='word_1_44' title='bbox 502 781 755 843; x_wconf 80' lang='lat' dir='ltr'>putetur,</span> <span class='ocrx_word' id='word_1_45' title='bbox 793 776 927 844; x_wconf 90' lang='lat' dir='ltr'>quia</span> <span class='ocrx_word' id='word_1_46' title='bbox 973 776 1321 844; x_wconf 86' lang='lat' dir='ltr'>plenitudini</span> <span class='ocrx_word' id='word_1_47' title='bbox 1371 786 1735 846; x_wconf 80' lang='lat' dir='ltr'>Comparatnr</span> <span class='ocrx_word' id='word_1_48' title='bbox 1766 799 1780 832; x_wconf 91' lang='lat'>:</span> 
     </span>
    </p>
   </div>
   <div class='ocr_carea' id='block_1_9' title="bbox 86 861 1781 932">
    <p class='ocr_par' dir='ltr' id='par_1_9' title="bbox 86 861 1781 932">
     <span class='ocr_line' id='line_1_9' title="bbox 86 861 1781 932; baseline 0.004 -20"><span class='ocrx_word' id='word_1_49' title='bbox 86 877 212 914; x_wconf 84' lang='lat' dir='ltr'>nam</span> <span class='ocrx_word' id='word_1_50' title='bbox 266 861 372 932; x_wconf 86' lang='lat' dir='ltr'>qui</span> <span class='ocrx_word' id='word_1_51' title='bbox 419 862 491 915; x_wconf 85' lang='lat' dir='ltr'>ad</span> <span class='ocrx_word' id='word_1_52' title='bbox 538 862 717 916; x_wconf 76' lang='lat' dir='ltr'>vicem</span> <span class='ocrx_word' id='word_1_53' title='bbox 753 864 850 916; x_wconf 93' lang='lat' dir='ltr'>Dei</span> <span class='ocrx_word' id='word_1_54' title='bbox 893 863 1150 932; x_wconf 89' lang='lat' dir='ltr'>pignoris</span> <span class='ocrx_word' id='word_1_55' title='bbox 1196 864 1319 918; x_wconf 90' lang='lat' dir='ltr'>loco</span> <span class='ocrx_word' id='word_1_56' title='bbox 1369 865 1664 931; x_wconf 84' lang='lat' dir='ltr'>tribuitur,</span> <span class='ocrx_word' id='word_1_57' title='bbox 1698 867 1781 918; x_wconf 81' lang='lat' dir='ltr'>fas</span> 
     </span>
    </p>
   </div>
   <div class='ocr_carea' id='block_1_10' title="bbox 84 953 1776 1020">
    <p class='ocr_par' dir='ltr' id='par_1_10' title="bbox 84 953 1776 1020">
     <span class='ocr_line' id='line_1_10' title="bbox 84 953 1776 1020; baseline 0.003 -19"><span class='ocrx_word' id='word_1_58' title='bbox 84 965 192 1002; x_wconf 89' lang='lat' dir='ltr'>non</span> <span class='ocrx_word' id='word_1_59' title='bbox 227 957 334 1017; x_wconf 88' lang='lat' dir='ltr'>est,</span> <span class='ocrx_word' id='word_1_60' title='bbox 373 957 434 1004; x_wconf 91' lang='lat' dir='ltr'>ut</span> <span class='ocrx_word' id='word_1_61' title='bbox 463 953 620 1005; x_wconf 81' lang='lat' dir='ltr'>aliud</span> <span class='ocrx_word' id='word_1_62' title='bbox 652 968 824 1020; x_wconf 86' lang='lat' dir='ltr'>quam</span> <span class='ocrx_word' id='word_1_63' title='bbox 871 953 1015 1005; x_wconf 89' lang='lat' dir='ltr'>Deus</span> <span class='ocrx_word' id='word_1_64' title='bbox 1049 969 1169 1005; x_wconf 90' lang='lat' dir='ltr'>esse</span> <span class='ocrx_word' id='word_1_65' title='bbox 1197 955 1482 1006; x_wconf 77' lang='lat' dir='ltr'>credatur.</span> <span class='ocrx_word' id='word_1_66' title='bbox 1523 977 1541 1000; x_wconf 73' lang='grc' dir='ltr'><strong><em>υ</em></strong></span> <span class='ocrx_word' id='word_1_67' title='bbox 1593 955 1776 1008; x_wconf 90' lang='lat' dir='ltr'>Semi-</span> 
     </span>
    </p>
   </div>
   <div class='ocr_carea' id='block_1_11' title="bbox 82 1040 1779 1112">
    <p class='ocr_par' dir='ltr' id='par_1_11' title="bbox 82 1040 1779 1112">
     <span class='ocr_line' id='line_1_11' title="bbox 82 1040 1779 1112; baseline 0.003 -22"><span class='ocrx_word' id='word_1_68' title='bbox 82 1044 318 1108; x_wconf 87' lang='lat' dir='ltr'>plenum</span> <span class='ocrx_word' id='word_1_69' title='bbox 343 1040 620 1109; x_wconf 86' lang='lat' dir='ltr'>Spiritum</span> <span class='ocrx_word' id='word_1_70' title='bbox 681 1047 940 1094; x_wconf 89' lang='lat' dir='ltr'>sanctum</span> <span class='ocrx_word' id='word_1_71' title='bbox 989 1041 1221 1111; x_wconf 85' lang='lat' dir='ltr'>deputa,</span> <span class='ocrx_word' id='word_1_72' title='bbox 1268 1043 1529 1112; x_wconf 84' lang='lat' dir='ltr'>quisquis</span> <span class='ocrx_word' id='word_1_73' title='bbox 1583 1061 1714 1096; x_wconf 90' lang='lat' dir='ltr'>eum</span> <span class='ocrx_word' id='word_1_74' title='bbox 1748 1061 1779 1095; x_wconf 89' lang='lat' dir='ltr'>a</span> 
     </span>
    </p>
   </div>
   <div class='ocr_carea' id='block_1_12' title="bbox 85 1126 1780 1200">
    <p class='ocr_par' dir='ltr' id='par_1_12' title="bbox 85 1126 1780 1200">
     <span class='ocr_line' id='line_1_12' title="bbox 85 1126 1780 1200; baseline 0.004 -22"><span class='ocrx_word' id='word_1_75' title='bbox 85 1126 219 1179; x_wconf 86' lang='lat' dir='ltr'>Filio</span> <span class='ocrx_word' id='word_1_76' title='bbox 277 1128 591 1197; x_wconf 84' lang='lat' dir='ltr'>procedere</span> <span class='ocrx_word' id='word_1_77' title='bbox 648 1129 940 1200; x_wconf 89' lang='lat' dir='ltr'>denegat:</span> <span class='ocrx_word' id='word_1_78' title='bbox 975 1137 1030 1183; x_wconf 91' lang='lat' dir='ltr'>et</span> <span class='ocrx_word' id='word_1_79' title='bbox 1070 1137 1239 1199; x_wconf 86' lang='lat' dir='ltr'>negat</span> <span class='ocrx_word' id='word_1_80' title='bbox 1281 1148 1410 1184; x_wconf 90' lang='lat' dir='ltr'>eum</span> <span class='ocrx_word' id='word_1_81' title='bbox 1475 1131 1540 1184; x_wconf 88' lang='lat' dir='ltr'>ad</span> <span class='ocrx_word' id='word_1_82' title='bbox 1601 1132 1780 1186; x_wconf 83' lang='lat' dir='ltr'>vicem</span> 
     </span>
    </p>
   </div>
   <div class='ocr_carea' id='block_1_13' title="bbox 87 1216 1780 1290">
    <p class='ocr_par' dir='ltr' id='par_1_13' title="bbox 87 1216 1780 1290">
     <span class='ocr_line' id='line_1_13' title="bbox 87 1216 1780 1290; baseline 0.004 -23"><span class='ocrx_word' id='word_1_83' title='bbox 87 1216 178 1268; x_wconf 88' lang='lat' dir='ltr'>Dei</span> <span class='ocrx_word' id='word_1_84' title='bbox 205 1217 473 1286; x_wconf 88' lang='lat' dir='ltr'>pignoris</span> <span class='ocrx_word' id='word_1_85' title='bbox 493 1218 616 1270; x_wconf 92' lang='lat' dir='ltr'>loco</span> <span class='ocrx_word' id='word_1_86' title='bbox 647 1219 952 1284; x_wconf 88' lang='lat' dir='ltr'>contribui,</span> <span class='ocrx_word' id='word_1_87' title='bbox 979 1220 1327 1290; x_wconf 82' lang='lat' dir='ltr'>quicumque</span> <span class='ocrx_word' id='word_1_88' title='bbox 1362 1220 1780 1288; x_wconf 86' lang='lat' dir='ltr'>processionem</span> 
     </span>
    </p>
   </div>
   <div class='ocr_carea' id='block_1_14' title="bbox 87 1305 1782 1378">
    <p class='ocr_par' dir='ltr' id='par_1_14' title="bbox 87 1305 1782 1378">
     <span class='ocr_line' id='line_1_14' title="bbox 87 1305 1782 1378; baseline 0.003 -21"><span class='ocrx_word' id='word_1_89' title='bbox 87 1322 112 1357; x_wconf 86' lang='lat' dir='ltr'>a</span> <span class='ocrx_word' id='word_1_90' title='bbox 145 1305 289 1357; x_wconf 80' lang='lat' dir='ltr'>Filio</span> <span class='ocrx_word' id='word_1_91' title='bbox 310 1306 396 1358; x_wconf 89' lang='lat' dir='ltr'>illi</span> <span class='ocrx_word' id='word_1_92' title='bbox 427 1323 545 1359; x_wconf 91' lang='lat' dir='ltr'>non</span> <span class='ocrx_word' id='word_1_93' title='bbox 578 1306 782 1360; x_wconf 89' lang='lat' dir='ltr'>tribuit</span> <span class='ocrx_word' id='word_1_94' title='bbox 815 1324 970 1361; x_wconf 90' lang='lat' dir='ltr'>:non</span> <span class='ocrx_word' id='word_1_95' title='bbox 1006 1308 1156 1361; x_wconf 88' lang='lat' dir='ltr'>enim</span> <span class='ocrx_word' id='word_1_96' title='bbox 1185 1315 1368 1378; x_wconf 90' lang='lat' dir='ltr'>potest</span> <span class='ocrx_word' id='word_1_97' title='bbox 1396 1310 1601 1376; x_wconf 89' lang='lat' dir='ltr'>plenus</span> <span class='ocrx_word' id='word_1_98' title='bbox 1636 1311 1782 1362; x_wconf 91' lang='lat' dir='ltr'>Deus</span> 
     </span>
    </p>
   </div>
   <div class='ocr_carea' id='block_1_15' title="bbox 87 1395 1780 1466">
    <p class='ocr_par' dir='ltr' id='par_1_15' title="bbox 87 1395 1780 1466">
     <span class='ocr_line' id='line_1_15' title="bbox 87 1395 1780 1466; baseline 0.002 -20"><span class='ocrx_word' id='word_1_99' title='bbox 87 1395 354 1464; x_wconf 88' lang='lat' dir='ltr'>intelligi,</span> <span class='ocrx_word' id='word_1_100' title='bbox 413 1396 505 1449; x_wconf 90' lang='lat' dir='ltr'>cui</span> <span class='ocrx_word' id='word_1_101' title='bbox 536 1396 1092 1450; x_wconf 87' lang='lat' dir='ltr'>consubstantialitas</span> <span class='ocrx_word' id='word_1_102' title='bbox 1122 1398 1438 1466; x_wconf 73' lang='lat' dir='ltr'>denegatur</span> <span class='ocrx_word' id='word_1_103' title='bbox 1488 1397 1645 1462; x_wconf 83' lang='lat' dir='ltr'>Filii;</span> <span class='ocrx_word' id='word_1_104' title='bbox 1680 1415 1780 1450; x_wconf 89' lang='lat' dir='ltr'>nec</span> 
     </span>
    </p>
   </div>
   <div class='ocr_carea' id='block_1_16' title="bbox 89 1483 1781 1554">
    <p class='ocr_par' dir='ltr' id='par_1_16' title="bbox 89 1483 1781 1554">
     <span class='ocr_line' id='line_1_16' title="bbox 89 1483 1781 1554; baseline 0.003 -20"><span class='ocrx_word' id='word_1_105' title='bbox 89 1483 266 1536; x_wconf 82' lang='lat' dir='ltr'>vicem</span> <span class='ocrx_word' id='word_1_106' title='bbox 323 1485 468 1537; x_wconf 88' lang='lat' dir='ltr'>valet</span> <span class='ocrx_word' id='word_1_107' title='bbox 525 1485 620 1539; x_wconf 87' lang='lat' dir='ltr'>Dei</span> <span class='ocrx_word' id='word_1_108' title='bbox 676 1491 1105 1554; x_wconf 67' lang='lat' dir='ltr'>repraesentare,</span> <span class='ocrx_word' id='word_1_109' title='bbox 1162 1485 1251 1538; x_wconf 90' lang='lat' dir='ltr'>cui</span> <span class='ocrx_word' id='word_1_110' title='bbox 1310 1486 1482 1538; x_wconf 78' lang='lat' dir='ltr'>Filius</span> <span class='ocrx_word' id='word_1_111' title='bbox 1533 1503 1648 1538; x_wconf 92' lang='lat' dir='ltr'>non</span> <span class='ocrx_word' id='word_1_112' title='bbox 1700 1493 1781 1539; x_wconf 87' lang='lat' dir='ltr'>est</span> 
     </span>
    </p>
   </div>
   <div class='ocr_carea' id='block_1_17' title="bbox 92 1571 1776 1642">
    <p class='ocr_par' dir='ltr' id='par_1_17' title="bbox 92 1571 1776 1642">
     <span class='ocr_line' id='line_1_17' title="bbox 92 1571 1776 1642; baseline 0.003 -20"><span class='ocrx_word' id='word_1_113' title='bbox 92 1571 612 1626; x_wconf 86' lang='lat' dir='ltr'>consubstantialis.</span> <span class='ocrx_word' id='word_1_114' title='bbox 665 1575 872 1626; x_wconf 83' lang='lat' dir='ltr'>Verum</span> <span class='ocrx_word' id='word_1_115' title='bbox 899 1574 1208 1627; x_wconf 83' lang='lat' dir='ltr'>catholicus</span> <span class='ocrx_word' id='word_1_116' title='bbox 1247 1575 1437 1626; x_wconf 88' lang='lat' dir='ltr'>nullus</span> <span class='ocrx_word' id='word_1_117' title='bbox 1471 1574 1548 1626; x_wconf 86' lang='lat' dir='ltr'>sic</span> <span class='ocrx_word' id='word_1_118' title='bbox 1587 1575 1776 1642; x_wconf 80' lang='lat' dir='ltr'>sentit,</span> 
     </span>
    </p>
   </div>
   <div class='ocr_carea' id='block_1_18' title="bbox 93 1661 1775 1730">
    <p class='ocr_par' dir='ltr' id='par_1_18' title="bbox 93 1661 1775 1730">
     <span class='ocr_line' id='line_1_18' title="bbox 93 1661 1775 1730; baseline 0.003 -19"><span class='ocrx_word' id='word_1_119' title='bbox 93 1661 186 1712; x_wconf 81' lang='lat' dir='ltr'>sed</span> <span class='ocrx_word' id='word_1_120' title='bbox 218 1662 456 1730; x_wconf 90' lang='lat' dir='ltr'>plenum</span> <span class='ocrx_word' id='word_1_121' title='bbox 490 1662 670 1713; x_wconf 87' lang='lat' dir='ltr'>Deum</span> <span class='ocrx_word' id='word_1_122' title='bbox 699 1680 763 1714; x_wconf 87' lang='lat' dir='ltr'>ac</span> <span class='ocrx_word' id='word_1_123' title='bbox 810 1663 1352 1716; x_wconf 78' lang='lat' dir='ltr'>consubstantialem</span> <span class='ocrx_word' id='word_1_124' title='bbox 1393 1665 1563 1729; x_wconf 80' lang='lat' dir='ltr'>Patri,</span> <span class='ocrx_word' id='word_1_125' title='bbox 1614 1664 1775 1716; x_wconf 83' lang='lat' dir='ltr'>Filio-</span> 
     </span>
    </p>
   </div>
   <div class='ocr_carea' id='block_1_19' title="bbox 93 1750 1781 1820">
    <p class='ocr_par' dir='ltr' id='par_1_19' title="bbox 93 1750 1781 1820">
     <span class='ocr_line' id='line_1_19' title="bbox 93 1750 1781 1820; baseline 0.003 -19"><span class='ocrx_word' id='word_1_126' title='bbox 93 1766 198 1818; x_wconf 90' lang='lat' dir='ltr'>que</span> <span class='ocrx_word' id='word_1_127' title='bbox 230 1752 574 1803; x_wconf 83' lang='lat' dir='ltr'>conlitetur:</span> <span class='ocrx_word' id='word_1_128' title='bbox 610 1750 831 1804; x_wconf 89' lang='lat' dir='ltr'>noverit</span> <span class='ocrx_word' id='word_1_129' title='bbox 857 1751 988 1804; x_wconf 89' lang='lat' dir='ltr'>inde</span> <span class='ocrx_word' id='word_1_130' title='bbox 1024 1751 1331 1820; x_wconf 84' lang='lat' dir='ltr'>procedere</span> <span class='ocrx_word' id='word_1_131' title='bbox 1369 1751 1596 1820; x_wconf 85' lang='lat' dir='ltr'>Filium,</span> <span class='ocrx_word' id='word_1_132' title='bbox 1634 1752 1781 1806; x_wconf 86' lang='lat' dir='ltr'>unde</span> 
     </span>
    </p>
   </div>
   <div class='ocr_carea' id='block_1_20' title="bbox 94 1837 1785 1911">
    <p class='ocr_par' dir='ltr' id='par_1_20' title="bbox 94 1837 1785 1911">
     <span class='ocr_line' id='line_1_20' title="bbox 94 1837 1785 1911; baseline 0.003 -24"><span class='ocrx_word' id='word_1_133' title='bbox 94 1851 321 1906; x_wconf 87' lang='lat' dir='ltr'>quoque</span> <span class='ocrx_word' id='word_1_134' title='bbox 380 1837 556 1890; x_wconf 86' lang='lat' dir='ltr'>sumit</span> <span class='ocrx_word' id='word_1_135' title='bbox 615 1839 1022 1904; x_wconf 74' lang='lat' dir='ltr'>substantiam;</span> <span class='ocrx_word' id='word_1_136' title='bbox 1098 1845 1154 1893; x_wconf 91' lang='lat' dir='ltr'>et</span> <span class='ocrx_word' id='word_1_137' title='bbox 1193 1839 1292 1909; x_wconf 85' lang='lat' dir='ltr'>qui</span> <span class='ocrx_word' id='word_1_138' title='bbox 1332 1840 1482 1894; x_wconf 87' lang='lat' dir='ltr'>Patri</span> <span class='ocrx_word' id='word_1_139' title='bbox 1529 1840 1785 1911; x_wconf 84' lang='lat' dir='ltr'>Filioque</span> 
     </span>
    </p>
   </div>
   <div class='ocr_carea' id='block_1_21' title="bbox 92 1925 1782 1996">
    <p class='ocr_par' dir='ltr' id='par_1_21' title="bbox 92 1925 1782 1996">
     <span class='ocr_line' id='line_1_21' title="bbox 92 1925 1782 1996; baseline 0.004 -20"><span class='ocrx_word' id='word_1_140' title='bbox 92 1925 394 1993; x_wconf 80' lang='lat' dir='ltr'>copulatur</span> <span class='ocrx_word' id='word_1_141' title='bbox 444 1927 786 1994; x_wconf 84' lang='lat' dir='ltr'>substantia,</span> <span class='ocrx_word' id='word_1_142' title='bbox 834 1928 1106 1996; x_wconf 83' lang='lat' dir='ltr'>procedat</span> <span class='ocrx_word' id='word_1_143' title='bbox 1135 1945 1362 1982; x_wconf 88' lang='lat' dir='ltr'>necesse</span> <span class='ocrx_word' id='word_1_144' title='bbox 1391 1935 1476 1982; x_wconf 91' lang='lat' dir='ltr'>est</span> <span class='ocrx_word' id='word_1_145' title='bbox 1525 1929 1595 1982; x_wconf 90' lang='lat' dir='ltr'>ab</span> <span class='ocrx_word' id='word_1_146' title='bbox 1636 1934 1782 1982; x_wconf 79' lang='lat' dir='ltr'>utro‘-</span> 
     </span>
    </p>
   </div>
   <div class='ocr_carea' id='block_1_22' title="bbox 95 2015 1783 2087">
    <p class='ocr_par' dir='ltr' id='par_1_22' title="bbox 95 2015 1783 2087">
     <span class='ocr_line' id='line_1_22' title="bbox 95 2015 1783 2087; baseline 0.002 -21"><span class='ocrx_word' id='word_1_147' title='bbox 95 2031 221 2083; x_wconf 89' lang='lat' dir='ltr'>que.</span> <span class='ocrx_word' id='word_1_148' title='bbox 245 2016 390 2067; x_wconf 85' lang='lat' dir='ltr'>Item</span> <span class='ocrx_word' id='word_1_149' title='bbox 414 2015 728 2085; x_wconf 89' lang='lat' dir='ltr'>subjungit,</span> <span class='ocrx_word' id='word_1_150' title='bbox 762 2015 1078 2084; x_wconf 89' lang='lat' dir='ltr'>capitulum</span> <span class='ocrx_word' id='word_1_151' title='bbox 1110 2033 1324 2086; x_wconf 89' lang='lat' dir='ltr'>ponens</span> <span class='ocrx_word' id='word_1_152' title='bbox 1356 2018 1614 2087; x_wconf 86' lang='lat' dir='ltr'>ejusdem</span> <span class='ocrx_word' id='word_1_153' title='bbox 1637 2023 1783 2087; x_wconf 88' lang='lat' dir='ltr'>Apo-</span> 
     </span>
    </p>
   </div>
   <div class='ocr_carea' id='block_1_23' title="bbox 96 2101 1786 2174">
    <p class='ocr_par' dir='ltr' id='par_1_23' title="bbox 96 2101 1786 2174">
     <span class='ocr_line' id='line_1_23' title="bbox 96 2101 1786 2174; baseline 0.004 -22"><span class='ocrx_word' id='word_1_154' title='bbox 96 2101 218 2154; x_wconf 77' lang='lat' dir='ltr'>stoti</span> <span class='ocrx_word' id='word_1_155' title='bbox 264 2103 335 2155; x_wconf 85' lang='lat' dir='ltr'>ad</span> <span class='ocrx_word' id='word_1_156' title='bbox 389 2103 680 2156; x_wconf 76' lang='lat' dir='ltr'>Titumzu</span> <span class='ocrx_word' id='word_1_157' title='bbox 749 2103 940 2157; x_wconf 81' lang='lat' dir='ltr'>Salvos</span> <span class='ocrx_word' id='word_1_158' title='bbox 999 2119 1092 2158; x_wconf 83' lang='lat' dir='ltr'>nos</span> <span class='ocrx_word' id='word_1_159' title='bbox 1146 2107 1278 2171; x_wconf 79' lang='lat' dir='ltr'>fecit</span> <span class='ocrx_word' id='word_1_160' title='bbox 1344 2122 1443 2174; x_wconf 85' lang='lat' dir='ltr'>per</span> <span class='ocrx_word' id='word_1_161' title='bbox 1507 2107 1786 2160; x_wconf 82' lang='lat' dir='ltr'>lavacrum</span> 
     </span>
    </p>
   </div>
   <div class='ocr_carea' id='block_1_24' title="bbox 96 2193 1787 2264">
    <p class='ocr_par' dir='ltr' id='par_1_24' title="bbox 96 2193 1787 2264">
     <span class='ocr_line' id='line_1_24' title="bbox 96 2193 1787 2264; baseline 0.004 -23"><span class='ocrx_word' id='word_1_162' title='bbox 96 2193 507 2254; x_wconf 70' lang='lat' dir='ltr'>regenerationis</span> <span class='ocrx_word' id='word_1_163' title='bbox 580 2199 630 2246; x_wconf 81' lang='lat' dir='ltr'>et</span> <span class='ocrx_word' id='word_1_164' title='bbox 681 2196 1044 2246; x_wconf 80' lang='lat' dir='ltr'>renovationis</span> <span class='ocrx_word' id='word_1_165' title='bbox 1097 2195 1339 2262; x_wconf 77' lang='lat' dir='ltr'>Spiritus</span> <span class='ocrx_word' id='word_1_166' title='bbox 1397 2197 1574 2248; x_wconf 77' lang='lat' dir='ltr'>sancti</span> <span class='ocrx_word' id='word_1_167' title='bbox 1631 2211 1787 2264; x_wconf 85' lang='lat' dir='ltr'>quem</span> 
     </span>
    </p>
   </div>
   <div class='ocr_carea' id='block_1_25' title="bbox 97 2279 1782 2352">
    <p class='ocr_par' dir='ltr' id='par_1_25' title="bbox 97 2279 1782 2352">
     <span class='ocr_line' id='line_1_25' title="bbox 97 2279 1782 2352; baseline 0.002 -22"><span class='ocrx_word' id='word_1_168' title='bbox 97 2279 283 2346; x_wconf 70' lang='lat' dir='ltr'>effudit</span> <span class='ocrx_word' id='word_1_169' title='bbox 314 2281 372 2332; x_wconf 85' lang='lat' dir='ltr'>iu</span> <span class='ocrx_word' id='word_1_170' title='bbox 395 2281 548 2333; x_wconf 82' lang='lat' dir='ltr'>nobis</span> <span class='ocrx_word' id='word_1_171' title='bbox 569 2280 783 2334; x_wconf 83' lang='lat' dir='ltr'>abunde</span> <span class='ocrx_word' id='word_1_172' title='bbox 826 2297 928 2349; x_wconf 86' lang='lat' dir='ltr'>per</span> <span class='ocrx_word' id='word_1_173' title='bbox 979 2284 1158 2335; x_wconf 85' lang='lat' dir='ltr'>Jesum</span> <span class='ocrx_word' id='word_1_174' title='bbox 1204 2281 1480 2337; x_wconf 80' lang='lat' dir='ltr'>Christum</span> <span class='ocrx_word' id='word_1_175' title='bbox 1518 2282 1648 2352; x_wconf 79' lang='lat' dir='ltr'>(Tit.</span> <span class='ocrx_word' id='word_1_176' title='bbox 1702 2298 1782 2347; x_wconf 87' lang='lat' dir='ltr'>Ill,</span> 
     </span>
    </p>
   </div>
   <div class='ocr_carea' id='block_1_26' title="bbox 100 2368 1789 2440">
    <p class='ocr_par' dir='ltr' id='par_1_26' title="bbox 100 2368 1789 2440">
     <span class='ocr_line' id='line_1_26' title="bbox 100 2368 1789 2440; baseline 0.004 -22"><span class='ocrx_word' id='word_1_177' title='bbox 199 2368 338 2420; x_wconf 84' lang='lat' dir='ltr'>Ecce</span> <span class='ocrx_word' id='word_1_178' title='bbox 363 2369 537 2421; x_wconf 89' lang='lat' dir='ltr'>etiam</span> <span class='ocrx_word' id='word_1_179' title='bbox 569 2369 660 2422; x_wconf 91' lang='lat' dir='ltr'>hic</span> <span class='ocrx_word' id='word_1_180' title='bbox 687 2369 792 2422; x_wconf 89' lang='lat' dir='ltr'>sub</span> <span class='ocrx_word' id='word_1_181' title='bbox 823 2370 1097 2423; x_wconf 88' lang='lat' dir='ltr'>Trinitate</span> <span class='ocrx_word' id='word_1_182' title='bbox 1139 2370 1439 2424; x_wconf 84' lang='lat' dir='ltr'>manifesta</span> <span class='ocrx_word' id='word_1_183' title='bbox 1479 2371 1645 2424; x_wconf 87' lang='lat' dir='ltr'>Pater</span> <span class='ocrx_word' id='word_1_184' title='bbox 1686 2388 1789 2440; x_wconf 90' lang='lat' dir='ltr'>per</span> 
     </span>
    </p>
   </div>
   <div class='ocr_carea' id='block_1_27' title="bbox 103 2457 1784 2528">
    <p class='ocr_par' dir='ltr' id='par_1_27' title="bbox 103 2457 1784 2528">
     <span class='ocr_line' id='line_1_27' title="bbox 103 2457 1784 2528; baseline 0.004 -21"><span class='ocrx_word' id='word_1_185' title='bbox 103 2457 296 2508; x_wconf 77' lang='lat' dir='ltr'>Filium</span> <span class='ocrx_word' id='word_1_186' title='bbox 372 2457 740 2510; x_wconf 83' lang='lat' dir='ltr'>abundatiam</span> <span class='ocrx_word' id='word_1_187' title='bbox 795 2457 1038 2528; x_wconf 87' lang='lat' dir='ltr'>Spiritus</span> <span class='ocrx_word' id='word_1_188' title='bbox 1103 2459 1280 2512; x_wconf 87' lang='lat' dir='ltr'>sancti</span> <span class='ocrx_word' id='word_1_189' title='bbox 1357 2458 1616 2513; x_wconf 76' lang='lat' dir='ltr'>effundit.</span> <span class='ocrx_word' id='word_1_190' title='bbox 1703 2461 1784 2524; x_wconf 84' lang='lat' dir='ltr'>Et,</span> 
     </span>
    </p>
   </div>
   <div class='ocr_carea' id='block_1_28' title="bbox 103 2546 1784 2618">
    <p class='ocr_par' dir='ltr' id='par_1_28' title="bbox 103 2546 1784 2618">
     <span class='ocr_line' id='line_1_28' title="bbox 103 2546 1784 2618; baseline 0.002 -21"><span class='ocrx_word' id='word_1_191' title='bbox 103 2547 246 2615; x_wconf 88' lang='lat' dir='ltr'>quod</span> <span class='ocrx_word' id='word_1_192' title='bbox 284 2546 376 2598; x_wconf 89' lang='lat' dir='ltr'>vel</span> <span class='ocrx_word' id='word_1_193' title='bbox 403 2546 652 2600; x_wconf 76' lang='lat' dir='ltr'>maxime</span> <span class='ocrx_word' id='word_1_194' title='bbox 685 2547 1093 2600; x_wconf 80' lang='lat' dir='ltr'>advertendum</span> <span class='ocrx_word' id='word_1_195' title='bbox 1118 2553 1219 2612; x_wconf 90' lang='lat' dir='ltr'>est,</span> <span class='ocrx_word' id='word_1_196' title='bbox 1252 2547 1360 2618; x_wconf 88' lang='lat' dir='ltr'>ipsi</span> <span class='ocrx_word' id='word_1_197' title='bbox 1383 2548 1622 2617; x_wconf 87' lang='lat' dir='ltr'>Spiritui</span> <span class='ocrx_word' id='word_1_198' title='bbox 1656 2565 1784 2601; x_wconf 89' lang='lat' dir='ltr'>san-</span> 
     </span>
    </p>
   </div>
   <div class='ocr_carea' id='block_1_29' title="bbox 102 2635 1789 2705">
    <p class='ocr_par' dir='ltr' id='par_1_29' title="bbox 102 2635 1789 2705">
     <span class='ocr_line' id='line_1_29' title="bbox 102 2635 1789 2705; baseline 0.002 -19"><span class='ocrx_word' id='word_1_199' title='bbox 102 2641 182 2686; x_wconf 86' lang='lat' dir='ltr'>cto</span> <span class='ocrx_word' id='word_1_200' title='bbox 202 2635 522 2705; x_wconf 86' lang='lat' dir='ltr'>potentiam</span> <span class='ocrx_word' id='word_1_201' title='bbox 561 2635 1008 2705; x_wconf 84' lang='lat' dir='ltr'>regenerationis</span> <span class='ocrx_word' id='word_1_202' title='bbox 1042 2642 1097 2690; x_wconf 91' lang='lat' dir='ltr'>et</span> <span class='ocrx_word' id='word_1_203' title='bbox 1151 2637 1537 2690; x_wconf 90' lang='lat' dir='ltr'>renovationis</span> <span class='ocrx_word' id='word_1_204' title='bbox 1585 2636 1789 2690; x_wconf 89' lang='lat' dir='ltr'>adscri-</span> 
     </span>
    </p>
   </div>
   <div class='ocr_carea' id='block_1_30' title="bbox 103 2723 1788 2794">
    <p class='ocr_par' dir='ltr' id='par_1_30' title="bbox 103 2723 1788 2794">
     <span class='ocr_line' id='line_1_30' title="bbox 103 2723 1788 2794; baseline 0.001 -18"><span class='ocrx_word' id='word_1_205' title='bbox 103 2724 190 2777; x_wconf 88' lang='lat' dir='ltr'>bit.</span> <span class='ocrx_word' id='word_1_206' title='bbox 211 2743 238 2774; x_wconf 78' lang='grc'><strong>»)</strong></span> <span class='ocrx_word' id='word_1_207' title='bbox 265 2723 478 2777; x_wconf 75' lang='lat' dir='ltr'>Effudit</span> <span class='ocrx_word' id='word_1_208' title='bbox 505 2725 668 2778; x_wconf 88' lang='lat' dir='ltr'>Pater</span> <span class='ocrx_word' id='word_1_209' title='bbox 688 2724 750 2778; x_wconf 90' lang='lat' dir='ltr'>in</span> <span class='ocrx_word' id='word_1_210' title='bbox 782 2725 949 2778; x_wconf 88' lang='lat' dir='ltr'>nobis</span> <span class='ocrx_word' id='word_1_211' title='bbox 968 2725 1240 2794; x_wconf 87' lang='lat' dir='ltr'>Spiritum</span> <span class='ocrx_word' id='word_1_212' title='bbox 1274 2732 1532 2779; x_wconf 89' lang='lat' dir='ltr'>sanctum</span> <span class='ocrx_word' id='word_1_213' title='bbox 1561 2726 1788 2779; x_wconf 88' lang='lat' dir='ltr'>abunde</span> 
     </span>
    </p>
   </div>
   <div class='ocr_carea' id='block_1_31' title="bbox 105 2812 1789 2883">
    <p class='ocr_par' dir='ltr' id='par_1_31' title="bbox 105 2812 1789 2883">
     <span class='ocr_line' id='line_1_31' title="bbox 105 2812 1789 2883; baseline 0.002 -19"><span class='ocrx_word' id='word_1_214' title='bbox 105 2829 195 2880; x_wconf 89' lang='lat' dir='ltr'>per</span> <span class='ocrx_word' id='word_1_215' title='bbox 223 2813 422 2865; x_wconf 83' lang='lat' dir='ltr'>Jesum</span> <span class='ocrx_word' id='word_1_216' title='bbox 453 2812 740 2866; x_wconf 83' lang='lat' dir='ltr'>Christum</span> <span class='ocrx_word' id='word_1_217' title='bbox 773 2830 786 2866; x_wconf 95' lang='lat'>:</span> <span class='ocrx_word' id='word_1_218' title='bbox 831 2818 892 2866; x_wconf 91' lang='lat' dir='ltr'>ut</span> <span class='ocrx_word' id='word_1_219' title='bbox 923 2813 1185 2866; x_wconf 86' lang='lat' dir='ltr'>ostendat</span> <span class='ocrx_word' id='word_1_220' title='bbox 1220 2813 1350 2883; x_wconf 87' lang='lat' dir='ltr'>quia</span> <span class='ocrx_word' id='word_1_221' title='bbox 1381 2814 1638 2882; x_wconf 85' lang='lat' dir='ltr'>procedit</span> <span class='ocrx_word' id='word_1_222' title='bbox 1666 2819 1722 2867; x_wconf 91' lang='lat' dir='ltr'>et</span> <span class='ocrx_word' id='word_1_223' title='bbox 1756 2831 1789 2867; x_wconf 87' lang='lat' dir='ltr'>a</span> 
     </span>
    </p>
   </div>
   <div class='ocr_carea' id='block_1_32' title="bbox 105 2901 1790 2969">
    <p class='ocr_par' dir='ltr' id='par_1_32' title="bbox 105 2901 1790 2969">
     <span class='ocr_line' id='line_1_32' title="bbox 105 2901 1790 2969; baseline 0.002 -17"><span class='ocrx_word' id='word_1_224' title='bbox 105 2902 253 2954; x_wconf 87' lang='lat' dir='ltr'>Patre</span> <span class='ocrx_word' id='word_1_225' title='bbox 276 2906 335 2955; x_wconf 87' lang='lat' dir='ltr'>et</span> <span class='ocrx_word' id='word_1_226' title='bbox 355 2917 387 2953; x_wconf 89' lang='lat' dir='ltr'>a</span> <span class='ocrx_word' id='word_1_227' title='bbox 406 2902 536 2955; x_wconf 84' lang='lat' dir='ltr'>Jesu</span> <span class='ocrx_word' id='word_1_228' title='bbox 567 2901 809 2955; x_wconf 78' lang='lat' dir='ltr'>Christo.</span> <span class='ocrx_word' id='word_1_229' title='bbox 835 2903 976 2955; x_wconf 90' lang='lat' dir='ltr'>Dum</span> <span class='ocrx_word' id='word_1_230' title='bbox 1003 2901 1167 2955; x_wconf 85' lang='lat' dir='ltr'>nobis</span> <span class='ocrx_word' id='word_1_231' title='bbox 1185 2902 1516 2969; x_wconf 85' lang='lat' dir='ltr'>effunditur,</span> <span class='ocrx_word' id='word_1_232' title='bbox 1551 2903 1790 2956; x_wconf 69' lang='lat' dir='ltr'>effundit</span> 
     </span>
    </p>
   </div>
   <div class='ocr_carea' id='block_1_33' title="bbox 1823 1723 1862 1777">
    <p class='ocr_par' dir='ltr' id='par_1_33' title="bbox 1823 1723 1862 1777">
     <span class='ocr_line' id='line_1_33' title="bbox 1823 1723 1862 1777; baseline 0 0"><span class='ocrx_word' id='word_1_233' title='bbox 1823 1723 1862 1777; x_wconf 87' lang='grc' dir='ltr'><strong>Β</strong></span> 
     </span>
    </p>
   </div>
   <div class='ocr_carea' id='block_1_34' title="bbox 1890 512 3588 589">
    <p class='ocr_par' dir='ltr' id='par_1_34' title="bbox 1890 512 3588 589">
     <span class='ocr_line' id='line_1_34' title="bbox 1890 512 3588 589; baseline 0.006 -24"><span class='ocrx_word' id='word_1_234' title='bbox 1890 512 2062 577; x_wconf 87' lang='lat' dir='ltr'>ciens,</span> <span class='ocrx_word' id='word_1_235' title='bbox 2099 514 2248 583; x_wconf 91' lang='lat' dir='ltr'>quod</span> <span class='ocrx_word' id='word_1_236' title='bbox 2281 513 2485 566; x_wconf 87' lang='lat' dir='ltr'>caloris</span> <span class='ocrx_word' id='word_1_237' title='bbox 2516 515 2637 584; x_wconf 88' lang='lat' dir='ltr'>ejus</span> <span class='ocrx_word' id='word_1_238' title='bbox 2661 515 2790 585; x_wconf 83' lang='lat' dir='ltr'>igne</span> <span class='ocrx_word' id='word_1_239' title='bbox 2831 533 2998 570; x_wconf 89' lang='lat' dir='ltr'>nemo</span> <span class='ocrx_word' id='word_1_240' title='bbox 3045 519 3120 572; x_wconf 86' lang='lat' dir='ltr'>sit</span> <span class='ocrx_word' id='word_1_241' title='bbox 3177 519 3277 589; x_wconf 90' lang='lat' dir='ltr'>qui</span> <span class='ocrx_word' id='word_1_242' title='bbox 3311 536 3423 574; x_wconf 90' lang='lat' dir='ltr'>non</span> <span class='ocrx_word' id='word_1_243' title='bbox 3457 538 3588 575; x_wconf 85' lang='lat' dir='ltr'>con-</span> 
     </span>
    </p>
   </div>
   <div class='ocr_carea' id='block_1_35' title="bbox 1891 600 3584 678">
    <p class='ocr_par' dir='ltr' id='par_1_35' title="bbox 1891 600 3584 678">
     <span class='ocr_line' id='line_1_35' title="bbox 1891 600 3584 678; baseline 0.006 -24"><span class='ocrx_word' id='word_1_244' title='bbox 1891 600 2162 670; x_wconf 81' lang='lat' dir='ltr'>tingatur,</span> <span class='ocrx_word' id='word_1_245' title='bbox 2196 602 2335 655; x_wconf 90' lang='lat' dir='ltr'>illud</span> <span class='ocrx_word' id='word_1_246' title='bbox 2367 607 2608 655; x_wconf 86' lang='lat' dir='ltr'>testatur</span> <span class='ocrx_word' id='word_1_247' title='bbox 2628 605 2782 672; x_wconf 89' lang='lat' dir='ltr'>quod</span> <span class='ocrx_word' id='word_1_248' title='bbox 2805 605 2871 657; x_wconf 92' lang='lat' dir='ltr'>de</span> <span class='ocrx_word' id='word_1_249' title='bbox 2909 605 3049 658; x_wconf 87' lang='lat' dir='ltr'>Filio</span> <span class='ocrx_word' id='word_1_250' title='bbox 3081 623 3310 678; x_wconf 90' lang='lat' dir='ltr'>quoque</span> <span class='ocrx_word' id='word_1_251' title='bbox 3340 609 3584 664; x_wconf 90' lang='lat' dir='ltr'>dicitur:</span> 
     </span>
    </p>
   </div>
   <div class='ocr_carea' id='block_1_36' title="bbox 1891 689 3585 755">
    <p class='ocr_par' dir='ltr' id='par_1_36' title="bbox 1891 689 3585 755">
     <span class='ocr_line' id='line_1_36' title="bbox 1891 689 3585 755; baseline 0.008 -14"><span class='ocrx_word' id='word_1_252' title='bbox 1891 689 1994 755; x_wconf 84' lang='lat' dir='ltr'>Qui</span> <span class='ocrx_word' id='word_1_253' title='bbox 2059 691 2332 744; x_wconf 74' lang='lat' dir='ltr'>illuminat</span> <span class='ocrx_word' id='word_1_254' title='bbox 2389 707 2594 745; x_wconf 84' lang='lat' dir='ltr'>omnem</span> <span class='ocrx_word' id='word_1_255' title='bbox 2651 693 2913 746; x_wconf 81' lang='lat' dir='ltr'>hominem</span> <span class='ocrx_word' id='word_1_256' title='bbox 2984 698 3279 751; x_wconf 78' lang='lat' dir='ltr'>venientem</span> <span class='ocrx_word' id='word_1_257' title='bbox 3330 701 3388 752; x_wconf 80' lang='lat' dir='ltr'>in</span> <span class='ocrx_word' id='word_1_258' title='bbox 3444 699 3585 754; x_wconf 82' lang='lat' dir='ltr'>hunc</span> 
     </span>
    </p>
   </div>
   <div class='ocr_carea' id='block_1_37' title="bbox 1889 777 3584 851">
    <p class='ocr_par' dir='ltr' id='par_1_37' title="bbox 1889 777 3584 851">
     <span class='ocr_line' id='line_1_37' title="bbox 1889 777 3584 851; baseline 0.006 -21"><span class='ocrx_word' id='word_1_259' title='bbox 1889 777 2149 830; x_wconf 82' lang='lat' dir='ltr'>mundum</span> <span class='ocrx_word' id='word_1_260' title='bbox 2180 781 2371 848; x_wconf 86' lang='lat' dir='ltr'>(Joan.</span> <span class='ocrx_word' id='word_1_261' title='bbox 2417 797 2456 847; x_wconf 84' lang='lat'>1,</span> <span class='ocrx_word' id='word_1_262' title='bbox 2497 783 2580 848; x_wconf 71' lang='lat'>9);</span> <span class='ocrx_word' id='word_1_263' title='bbox 2618 787 2942 834; x_wconf 89' lang='lat' dir='ltr'>monstrans</span> <span class='ocrx_word' id='word_1_264' title='bbox 2993 782 3248 851; x_wconf 88' lang='lat' dir='ltr'>ejusdem</span> <span class='ocrx_word' id='word_1_265' title='bbox 3281 801 3413 839; x_wconf 87' lang='lat' dir='ltr'>eum</span> <span class='ocrx_word' id='word_1_266' title='bbox 3461 803 3584 841; x_wconf 88' lang='lat' dir='ltr'>esse</span> 
     </span>
    </p>
   </div>
   <div class='ocr_carea' id='block_1_38' title="bbox 1889 868 3585 942">
    <p class='ocr_par' dir='ltr' id='par_1_38' title="bbox 1889 868 3585 942">
     <span class='ocr_line' id='line_1_38' title="bbox 1889 868 3585 942; baseline 0.005 -23"><span class='ocrx_word' id='word_1_267' title='bbox 1889 868 2180 937; x_wconf 64' lang='lat' dir='ltr'>potentius,</span> <span class='ocrx_word' id='word_1_268' title='bbox 2253 869 2412 938; x_wconf 88' lang='lat' dir='ltr'>cujus</span> <span class='ocrx_word' id='word_1_269' title='bbox 2470 875 2526 922; x_wconf 90' lang='lat' dir='ltr'>et</span> <span class='ocrx_word' id='word_1_270' title='bbox 2596 869 2790 934; x_wconf 85' lang='lat' dir='ltr'>Filius,</span> <span class='ocrx_word' id='word_1_271' title='bbox 2859 871 3324 942; x_wconf 85' lang='lat' dir='ltr'>quandoquidem</span> <span class='ocrx_word' id='word_1_272' title='bbox 3409 875 3585 928; x_wconf 78' lang='lat' dir='ltr'>Filius</span> 
     </span>
    </p>
   </div>
   <div class='ocr_carea' id='block_1_39' title="bbox 1889 957 3583 1032">
    <p class='ocr_par' dir='ltr' id='par_1_39' title="bbox 1889 957 3583 1032">
     <span class='ocr_line' id='line_1_39' title="bbox 1889 957 3583 1032; baseline 0.005 -24"><span class='ocrx_word' id='word_1_273' title='bbox 1889 972 2117 1009; x_wconf 88' lang='lat' dir='ltr'>omnem</span> <span class='ocrx_word' id='word_1_274' title='bbox 2189 957 2484 1010; x_wconf 88' lang='lat' dir='ltr'>hominem</span> <span class='ocrx_word' id='word_1_275' title='bbox 2546 957 2855 1024; x_wconf 83' lang='lat' dir='ltr'>illuminat,</span> <span class='ocrx_word' id='word_1_276' title='bbox 2918 963 2972 1012; x_wconf 89' lang='lat' dir='ltr'>et</span> <span class='ocrx_word' id='word_1_277' title='bbox 3023 976 3053 1012; x_wconf 87' lang='lat' dir='ltr'>a</span> <span class='ocrx_word' id='word_1_278' title='bbox 3106 961 3293 1014; x_wconf 89' lang='lat' dir='ltr'>calore</span> <span class='ocrx_word' id='word_1_279' title='bbox 3340 961 3583 1032; x_wconf 89' lang='lat' dir='ltr'>Spiritus</span> 
     </span>
    </p>
   </div>
   <div class='ocr_carea' id='block_1_40' title="bbox 1889 1045 3583 1116">
    <p class='ocr_par' dir='ltr' id='par_1_40' title="bbox 1889 1045 3583 1116">
     <span class='ocr_line' id='line_1_40' title="bbox 1889 1045 3583 1116; baseline 0.005 -19"><span class='ocrx_word' id='word_1_280' title='bbox 1889 1045 2125 1097; x_wconf 84' lang='lat' dir='ltr'>extorris</span> <span class='ocrx_word' id='word_1_281' title='bbox 2175 1061 2341 1098; x_wconf 90' lang='lat' dir='ltr'>nemo</span> <span class='ocrx_word' id='word_1_282' title='bbox 2387 1045 2505 1099; x_wconf 84' lang='lat' dir='ltr'>fiat.</span> <span class='ocrx_word' id='word_1_283' title='bbox 2555 1049 2812 1116; x_wconf 85' lang='lat' dir='ltr'>Cumque</span> <span class='ocrx_word' id='word_1_284' title='bbox 2862 1055 2919 1101; x_wconf 89' lang='lat' dir='ltr'>et</span> <span class='ocrx_word' id='word_1_285' title='bbox 2968 1065 3001 1099; x_wconf 88' lang='lat' dir='ltr'>a</span> <span class='ocrx_word' id='word_1_286' title='bbox 3055 1049 3217 1101; x_wconf 89' lang='lat' dir='ltr'>Patre</span> <span class='ocrx_word' id='word_1_287' title='bbox 3263 1054 3318 1102; x_wconf 90' lang='lat' dir='ltr'>et</span> <span class='ocrx_word' id='word_1_288' title='bbox 3360 1067 3391 1102; x_wconf 92' lang='lat' dir='ltr'>a</span> <span class='ocrx_word' id='word_1_289' title='bbox 3442 1053 3583 1105; x_wconf 86' lang='lat' dir='ltr'>Filio</span> 
     </span>
    </p>
   </div>
   <div class='ocr_carea' id='block_1_41' title="bbox 1889 1132 3578 1207">
    <p class='ocr_par' dir='ltr' id='par_1_41' title="bbox 1889 1132 3578 1207">
     <span class='ocr_line' id='line_1_41' title="bbox 1889 1132 3578 1207; baseline 0.005 -22"><span class='ocrx_word' id='word_1_290' title='bbox 1889 1132 2041 1185; x_wconf 87' lang='lat' dir='ltr'>mitti</span> <span class='ocrx_word' id='word_1_291' title='bbox 2073 1134 2301 1202; x_wconf 88' lang='lat' dir='ltr'>dicitur,</span> <span class='ocrx_word' id='word_1_292' title='bbox 2347 1141 2401 1187; x_wconf 89' lang='lat' dir='ltr'>et</span> <span class='ocrx_word' id='word_1_293' title='bbox 2449 1134 2518 1186; x_wconf 93' lang='lat' dir='ltr'>de</span> <span class='ocrx_word' id='word_1_294' title='bbox 2571 1136 2829 1204; x_wconf 88' lang='lat' dir='ltr'>ipsorum</span> <span class='ocrx_word' id='word_1_295' title='bbox 2872 1136 3189 1189; x_wconf 88' lang='lat' dir='ltr'>substantia</span> <span class='ocrx_word' id='word_1_296' title='bbox 3246 1140 3578 1207; x_wconf 87' lang='lat' dir='ltr'>procedere,</span> 
     </span>
    </p>
   </div>
   <div class='ocr_carea' id='block_1_42' title="bbox 1889 1221 3585 1292">
    <p class='ocr_par' dir='ltr' id='par_1_42' title="bbox 1889 1221 3585 1292">
     <span class='ocr_line' id='line_1_42' title="bbox 1889 1221 3585 1292; baseline 0.001 -19"><span class='ocrx_word' id='word_1_297' title='bbox 1889 1227 2240 1274; x_wconf 82' lang='lat' dir='ltr'>monstratur</span> <span class='ocrx_word' id='word_1_298' title='bbox 2293 1222 2511 1291; x_wconf 90' lang='lat' dir='ltr'>pariter</span> <span class='ocrx_word' id='word_1_299' title='bbox 2559 1229 2614 1275; x_wconf 93' lang='lat' dir='ltr'>et</span> <span class='ocrx_word' id='word_1_300' title='bbox 2665 1239 2694 1275; x_wconf 88' lang='lat' dir='ltr'>a</span> <span class='ocrx_word' id='word_1_301' title='bbox 2752 1238 2867 1292; x_wconf 88' lang='lat' dir='ltr'>quo</span> <span class='ocrx_word' id='word_1_302' title='bbox 2925 1221 3000 1276; x_wconf 87' lang='lat' dir='ltr'>sit</span> <span class='ocrx_word' id='word_1_303' title='bbox 3027 1223 3291 1292; x_wconf 88' lang='lat' dir='ltr'>Spiritus,</span> <span class='ocrx_word' id='word_1_304' title='bbox 3326 1228 3380 1276; x_wconf 89' lang='lat' dir='ltr'>et</span> <span class='ocrx_word' id='word_1_305' title='bbox 3425 1223 3585 1292; x_wconf 90' lang='lat' dir='ltr'>cujus</span> 
     </span>
    </p>
   </div>
   <div class='ocr_carea' id='block_1_43' title="bbox 1886 1309 3586 1381">
    <p class='ocr_par' dir='ltr' id='par_1_43' title="bbox 1886 1309 3586 1381">
     <span class='ocr_line' id='line_1_43' title="bbox 1886 1309 3586 1381; baseline 0.002 -21"><span class='ocrx_word' id='word_1_306' title='bbox 1886 1309 2112 1363; x_wconf 87' lang='lat' dir='ltr'>virtutis</span> <span class='ocrx_word' id='word_1_307' title='bbox 2142 1311 2367 1376; x_wconf 85' lang='lat' dir='ltr'>existat;</span> <span class='ocrx_word' id='word_1_308' title='bbox 2422 1327 2526 1381; x_wconf 90' lang='lat' dir='ltr'>per</span> <span class='ocrx_word' id='word_1_309' title='bbox 2562 1311 2752 1364; x_wconf 88' lang='lat' dir='ltr'>omnia</span> <span class='ocrx_word' id='word_1_310' title='bbox 2814 1312 2995 1364; x_wconf 90' lang='lat' dir='ltr'>Deum</span> <span class='ocrx_word' id='word_1_311' title='bbox 3050 1312 3214 1365; x_wconf 90' lang='lat' dir='ltr'>illum</span> <span class='ocrx_word' id='word_1_312' title='bbox 3281 1312 3586 1366; x_wconf 89' lang='lat' dir='ltr'>ostendens</span> 
     </span>
    </p>
   </div>
   <div class='ocr_carea' id='block_1_44' title="bbox 1887 1399 3586 1471">
    <p class='ocr_par' dir='ltr' id='par_1_44' title="bbox 1887 1399 3586 1471">
     <span class='ocr_line' id='line_1_44' title="bbox 1887 1399 3586 1471; baseline 0.002 -21"><span class='ocrx_word' id='word_1_313' title='bbox 1887 1399 2237 1468; x_wconf 71' lang='lat' dir='ltr'>coaequalem</span> <span class='ocrx_word' id='word_1_314' title='bbox 2278 1400 2429 1452; x_wconf 88' lang='lat' dir='ltr'>Patri</span> <span class='ocrx_word' id='word_1_315' title='bbox 2463 1399 2716 1469; x_wconf 86' lang='lat' dir='ltr'>Filioque</span> <span class='ocrx_word' id='word_1_316' title='bbox 2747 1406 2862 1453; x_wconf 87' lang='lat' dir='ltr'>tam</span> <span class='ocrx_word' id='word_1_317' title='bbox 2895 1400 3171 1470; x_wconf 90' lang='lat' dir='ltr'>potentia,</span> <span class='ocrx_word' id='word_1_318' title='bbox 3217 1416 3392 1471; x_wconf 90' lang='lat' dir='ltr'>quam</span> <span class='ocrx_word' id='word_1_319' title='bbox 3447 1399 3586 1454; x_wconf 91' lang='lat' dir='ltr'>sub-</span> 
     </span>
    </p>
   </div>
   <div class='ocr_carea' id='block_1_45' title="bbox 1888 1487 3584 1559">
    <p class='ocr_par' dir='ltr' id='par_1_45' title="bbox 1888 1487 3584 1559">
     <span class='ocr_line' id='line_1_45' title="bbox 1888 1487 3584 1559; baseline 0.002 -20"><span class='ocrx_word' id='word_1_320' title='bbox 1888 1488 2114 1555; x_wconf 84' lang='lat' dir='ltr'>stantia,</span> <span class='ocrx_word' id='word_1_321' title='bbox 2137 1494 2192 1541; x_wconf 88' lang='lat' dir='ltr'>et</span> <span class='ocrx_word' id='word_1_322' title='bbox 2219 1487 2354 1558; x_wconf 84' lang='lat' dir='ltr'>quia</span> <span class='ocrx_word' id='word_1_323' title='bbox 2388 1488 2627 1558; x_wconf 85' lang='lat' dir='ltr'>prodeat</span> <span class='ocrx_word' id='word_1_324' title='bbox 2649 1488 2717 1541; x_wconf 93' lang='lat' dir='ltr'>ab</span> <span class='ocrx_word' id='word_1_325' title='bbox 2743 1493 2986 1559; x_wconf 85' lang='lat' dir='ltr'>utroque</span> <span class='ocrx_word' id='word_1_326' title='bbox 3017 1505 3030 1542; x_wconf 89' lang='lat'>:</span> <span class='ocrx_word' id='word_1_327' title='bbox 3070 1493 3126 1542; x_wconf 94' lang='lat' dir='ltr'>et</span> <span class='ocrx_word' id='word_1_328' title='bbox 3169 1489 3338 1554; x_wconf 77' lang='lat' dir='ltr'>intra,</span> <span class='ocrx_word' id='word_1_329' title='bbox 3381 1489 3584 1543; x_wconf 87' lang='lat' dir='ltr'>Filium</span> 
     </span>
    </p>
   </div>
   <div class='ocr_carea' id='block_1_46' title="bbox 1890 1576 3588 1648">
    <p class='ocr_par' dir='ltr' id='par_1_46' title="bbox 1890 1576 3588 1648">
     <span class='ocr_line' id='line_1_46' title="bbox 1890 1576 3588 1648; baseline 0.002 -20"><span class='ocrx_word' id='word_1_330' title='bbox 1890 1576 2257 1629; x_wconf 89' lang='lat' dir='ltr'>introducens</span> <span class='ocrx_word' id='word_1_331' title='bbox 2296 1577 2580 1630; x_wconf 87' lang='lat' dir='ltr'>dicentem</span> <span class='ocrx_word' id='word_1_332' title='bbox 2623 1593 2636 1630; x_wconf 92' lang='lat'>:</span> <span class='ocrx_word' id='word_1_333' title='bbox 2678 1599 2704 1624; x_wconf 72' lang='grc' dir='ltr'>α</span> <span class='ocrx_word' id='word_1_334' title='bbox 2732 1579 3035 1631; x_wconf 83' lang='lat' dir='ltr'>Paraclitus</span> <span class='ocrx_word' id='word_1_335' title='bbox 3067 1580 3164 1646; x_wconf 84' lang='lat' dir='ltr'>qui</span> <span class='ocrx_word' id='word_1_336' title='bbox 3209 1595 3243 1631; x_wconf 90' lang='lat' dir='ltr'>a</span> <span class='ocrx_word' id='word_1_337' title='bbox 3271 1580 3430 1632; x_wconf 85' lang='lat' dir='ltr'>Patre</span> <span class='ocrx_word' id='word_1_338' title='bbox 3463 1595 3588 1648; x_wconf 86' lang='lat' dir='ltr'>pro-</span> 
     </span>
    </p>
   </div>
   <div class='ocr_carea' id='block_1_47' title="bbox 1891 1665 3586 1736">
    <p class='ocr_par' dir='ltr' id='par_1_47' title="bbox 1891 1665 3586 1736">
     <span class='ocr_line' id='line_1_47' title="bbox 1891 1665 3586 1736; baseline 0.001 -18"><span class='ocrx_word' id='word_1_339' title='bbox 1891 1665 2031 1718; x_wconf 83' lang='lat' dir='ltr'>cedit</span> <span class='ocrx_word' id='word_1_340' title='bbox 2067 1665 2238 1734; x_wconf 84' lang='lat' dir='ltr'>(Joan.</span> <span class='ocrx_word' id='word_1_341' title='bbox 2273 1681 2362 1732; x_wconf 82' lang='lat' dir='ltr'>xv,</span> <span class='ocrx_word' id='word_1_342' title='bbox 2396 1668 2505 1732; x_wconf 78' lang='lat'>26),</span> <span class='ocrx_word' id='word_1_343' title='bbox 2541 1681 2655 1718; x_wconf 89' lang='lat' dir='ltr'>non</span> <span class='ocrx_word' id='word_1_344' title='bbox 2728 1665 2872 1718; x_wconf 87' lang='lat' dir='ltr'>dixit</span> <span class='ocrx_word' id='word_1_345' title='bbox 2903 1666 3001 1736; x_wconf 90' lang='lat' dir='ltr'>qui</span> <span class='ocrx_word' id='word_1_346' title='bbox 3051 1684 3080 1719; x_wconf 87' lang='lat' dir='ltr'>a</span> <span class='ocrx_word' id='word_1_347' title='bbox 3138 1669 3297 1720; x_wconf 86' lang='lat' dir='ltr'>Patre</span> <span class='ocrx_word' id='word_1_348' title='bbox 3366 1671 3586 1721; x_wconf 86' lang='lat' dir='ltr'>creatus</span> 
     </span>
    </p>
   </div>
   <div class='ocr_carea' id='block_1_48' title="bbox 1894 1752 3582 1824">
    <p class='ocr_par' dir='ltr' id='par_1_48' title="bbox 1894 1752 3582 1824">
     <span class='ocr_line' id='line_1_48' title="bbox 1894 1752 3582 1824; baseline 0.002 -18"><span class='ocrx_word' id='word_1_349' title='bbox 1894 1757 1997 1816; x_wconf 89' lang='lat' dir='ltr'>est,</span> <span class='ocrx_word' id='word_1_350' title='bbox 2032 1752 2127 1806; x_wconf 91' lang='lat' dir='ltr'>sed</span> <span class='ocrx_word' id='word_1_351' title='bbox 2167 1770 2201 1806; x_wconf 90' lang='lat' dir='ltr'>a</span> <span class='ocrx_word' id='word_1_352' title='bbox 2231 1755 2389 1807; x_wconf 78' lang='lat' dir='ltr'>Patre</span> <span class='ocrx_word' id='word_1_353' title='bbox 2413 1754 2676 1822; x_wconf 80' lang='lat' dir='ltr'>procedit,</span> <span class='ocrx_word' id='word_1_354' title='bbox 2704 1753 2758 1807; x_wconf 92' lang='lat' dir='ltr'>id</span> <span class='ocrx_word' id='word_1_355' title='bbox 2809 1759 2914 1818; x_wconf 88' lang='lat' dir='ltr'>est,</span> <span class='ocrx_word' id='word_1_356' title='bbox 2971 1755 3040 1808; x_wconf 82' lang='lat' dir='ltr'>de</span> <span class='ocrx_word' id='word_1_357' title='bbox 3092 1761 3348 1824; x_wconf 62' lang='lat' dir='ltr'>paterna</span> <span class='ocrx_word' id='word_1_358' title='bbox 3402 1755 3582 1809; x_wconf 82' lang='lat' dir='ltr'>socie-</span> 
     </span>
    </p>
   </div>
   <div class='ocr_carea' id='block_1_49' title="bbox 1893 1840 3584 1913">
    <p class='ocr_par' dir='ltr' id='par_1_49' title="bbox 1893 1840 3584 1913">
     <span class='ocr_line' id='line_1_49' title="bbox 1893 1840 3584 1913; baseline 0.002 -20"><span class='ocrx_word' id='word_1_359' title='bbox 1893 1844 2009 1893; x_wconf 89' lang='lat' dir='ltr'>tate</span> <span class='ocrx_word' id='word_1_360' title='bbox 2040 1842 2337 1910; x_wconf 71' lang='lat' dir='ltr'>potentias,</span> <span class='ocrx_word' id='word_1_361' title='bbox 2361 1845 2416 1894; x_wconf 90' lang='lat' dir='ltr'>et</span> <span class='ocrx_word' id='word_1_362' title='bbox 2449 1842 2518 1894; x_wconf 93' lang='lat' dir='ltr'>de</span> <span class='ocrx_word' id='word_1_363' title='bbox 2559 1840 2908 1911; x_wconf 87' lang='lat' dir='ltr'>proprietate</span> <span class='ocrx_word' id='word_1_364' title='bbox 2941 1848 3199 1909; x_wconf 75' lang='lat' dir='ltr'>naturae;</span> <span class='ocrx_word' id='word_1_365' title='bbox 3243 1849 3300 1896; x_wconf 90' lang='lat' dir='ltr'>et</span> <span class='ocrx_word' id='word_1_366' title='bbox 3341 1860 3409 1897; x_wconf 81' lang='lat' dir='ltr'>ex</span> <span class='ocrx_word' id='word_1_367' title='bbox 3458 1842 3584 1913; x_wconf 90' lang='lat' dir='ltr'>ipso</span> 
     </span>
    </p>
   </div>
   <div class='ocr_carea' id='block_1_50' title="bbox 1895 1930 3585 2002">
    <p class='ocr_par' dir='ltr' id='par_1_50' title="bbox 1895 1930 3585 2002">
     <span class='ocr_line' id='line_1_50' title="bbox 1895 1930 3585 2002; baseline 0.003 -21"><span class='ocrx_word' id='word_1_368' title='bbox 1895 1945 2160 1984; x_wconf 90' lang='lat' dir='ltr'>sermone</span> <span class='ocrx_word' id='word_1_369' title='bbox 2183 1930 2522 1997; x_wconf 89' lang='lat' dir='ltr'>ostenditur,</span> <span class='ocrx_word' id='word_1_370' title='bbox 2567 1947 2697 1984; x_wconf 89' lang='lat' dir='ltr'>cum</span> <span class='ocrx_word' id='word_1_371' title='bbox 2729 1931 2939 1984; x_wconf 91' lang='lat' dir='ltr'>dicitur</span> <span class='ocrx_word' id='word_1_372' title='bbox 2963 1947 2996 1984; x_wconf 91' lang='lat' dir='ltr'>a</span> <span class='ocrx_word' id='word_1_373' title='bbox 3043 1933 3209 1985; x_wconf 89' lang='lat' dir='ltr'>Patre</span> <span class='ocrx_word' id='word_1_374' title='bbox 3256 1932 3585 2002; x_wconf 89' lang='lat' dir='ltr'>procedere,</span> 
     </span>
    </p>
   </div>
   <div class='ocr_carea' id='block_1_51' title="bbox 1894 2019 3582 2090">
    <p class='ocr_par' dir='ltr' id='par_1_51' title="bbox 1894 2019 3582 2090">
     <span class='ocr_line' id='line_1_51' title="bbox 1894 2019 3582 2090; baseline 0.001 -18"><span class='ocrx_word' id='word_1_375' title='bbox 1894 2036 2024 2072; x_wconf 91' lang='lat' dir='ltr'>cum</span> <span class='ocrx_word' id='word_1_376' title='bbox 2056 2021 2216 2072; x_wconf 82' lang='lat' dir='ltr'>Patre</span> <span class='ocrx_word' id='word_1_377' title='bbox 2268 2019 2499 2073; x_wconf 91' lang='lat' dir='ltr'>initium</span> <span class='ocrx_word' id='word_1_378' title='bbox 2538 2035 2656 2072; x_wconf 90' lang='lat' dir='ltr'>non</span> <span class='ocrx_word' id='word_1_379' title='bbox 2704 2019 2932 2073; x_wconf 89' lang='lat' dir='ltr'>habere.</span> <span class='ocrx_word' id='word_1_380' title='bbox 2988 2042 3016 2069; x_wconf 87' lang='grc'><strong>››</strong></span> <span class='ocrx_word' id='word_1_381' title='bbox 3067 2021 3178 2073; x_wconf 80' lang='lat' dir='ltr'>Nec</span> <span class='ocrx_word' id='word_1_382' title='bbox 3235 2026 3402 2090; x_wconf 76' lang='lat' dir='ltr'>putes</span> <span class='ocrx_word' id='word_1_383' title='bbox 3450 2036 3582 2075; x_wconf 88' lang='lat' dir='ltr'>eum</span> 
     </span>
    </p>
   </div>
   <div class='ocr_carea' id='block_1_52' title="bbox 1895 2107 3587 2178">
    <p class='ocr_par' dir='ltr' id='par_1_52' title="bbox 1895 2107 3587 2178">
     <span class='ocr_line' id='line_1_52' title="bbox 1895 2107 3587 2178; baseline 0.002 -19"><span class='ocrx_word' id='word_1_384' title='bbox 1895 2122 2104 2175; x_wconf 88' lang='lat' dir='ltr'>negare</span> <span class='ocrx_word' id='word_1_385' title='bbox 2158 2107 2398 2163; x_wconf 85' lang='lat' dir='ltr'>voluisse</span> <span class='ocrx_word' id='word_1_386' title='bbox 2446 2107 2716 2176; x_wconf 89' lang='lat' dir='ltr'>Spiritum</span> <span class='ocrx_word' id='word_1_387' title='bbox 2768 2112 3028 2160; x_wconf 90' lang='lat' dir='ltr'>sanctum</span> <span class='ocrx_word' id='word_1_388' title='bbox 3073 2109 3141 2162; x_wconf 92' lang='lat' dir='ltr'>de</span> <span class='ocrx_word' id='word_1_389' title='bbox 3195 2108 3334 2161; x_wconf 87' lang='lat' dir='ltr'>Filio</span> <span class='ocrx_word' id='word_1_390' title='bbox 3395 2124 3587 2178; x_wconf 82' lang='lat' dir='ltr'>proce-</span> 
     </span>
    </p>
   </div>
   <div class='ocr_carea' id='block_1_53' title="bbox 1894 2195 3584 2266">
    <p class='ocr_par' dir='ltr' id='par_1_53' title="bbox 1894 2195 3584 2266">
     <span class='ocr_line' id='line_1_53' title="bbox 1894 2195 3584 2266; baseline 0.001 -18"><span class='ocrx_word' id='word_1_391' title='bbox 1894 2195 2047 2260; x_wconf 84' lang='lat' dir='ltr'>dere,</span> <span class='ocrx_word' id='word_1_392' title='bbox 2082 2195 2217 2264; x_wconf 85' lang='lat' dir='ltr'>quia</span> <span class='ocrx_word' id='word_1_393' title='bbox 2245 2195 2387 2248; x_wconf 78' lang='lat' dir='ltr'>dixit</span> <span class='ocrx_word' id='word_1_394' title='bbox 2409 2211 2542 2248; x_wconf 92' lang='lat' dir='ltr'>eum</span> <span class='ocrx_word' id='word_1_395' title='bbox 2571 2195 2640 2248; x_wconf 90' lang='lat' dir='ltr'>de</span> <span class='ocrx_word' id='word_1_396' title='bbox 2675 2198 2838 2249; x_wconf 84' lang='lat' dir='ltr'>Patre</span> <span class='ocrx_word' id='word_1_397' title='bbox 2877 2196 3215 2264; x_wconf 89' lang='lat' dir='ltr'>processisse</span> <span class='ocrx_word' id='word_1_398' title='bbox 3260 2213 3274 2249; x_wconf 89' lang='lat'>:</span> <span class='ocrx_word' id='word_1_399' title='bbox 3317 2197 3584 2266; x_wconf 91' lang='lat' dir='ltr'>superius</span> 
     </span>
    </p>
   </div>
   <div class='ocr_carea' id='block_1_54' title="bbox 1895 2284 3586 2352">
    <p class='ocr_par' dir='ltr' id='par_1_54' title="bbox 1895 2284 3586 2352">
     <span class='ocr_line' id='line_1_54' title="bbox 1895 2284 3586 2352; baseline 0.001 -16"><span class='ocrx_word' id='word_1_400' title='bbox 1895 2298 2143 2352; x_wconf 71' lang='lat' dir='ltr'>namque</span> <span class='ocrx_word' id='word_1_401' title='bbox 2192 2300 2320 2338; x_wconf 90' lang='lat' dir='ltr'>eum</span> <span class='ocrx_word' id='word_1_402' title='bbox 2371 2284 2523 2339; x_wconf 90' lang='lat' dir='ltr'>mitti</span> <span class='ocrx_word' id='word_1_403' title='bbox 2555 2301 2587 2336; x_wconf 89' lang='lat' dir='ltr'>a</span> <span class='ocrx_word' id='word_1_404' title='bbox 2644 2285 2808 2337; x_wconf 76' lang='lat' dir='ltr'>Patre</span> <span class='ocrx_word' id='word_1_405' title='bbox 2839 2289 2894 2337; x_wconf 90' lang='lat' dir='ltr'>et</span> <span class='ocrx_word' id='word_1_406' title='bbox 2922 2302 2955 2338; x_wconf 90' lang='lat' dir='ltr'>a</span> <span class='ocrx_word' id='word_1_407' title='bbox 3012 2284 3151 2338; x_wconf 86' lang='lat' dir='ltr'>Filio</span> <span class='ocrx_word' id='word_1_408' title='bbox 3191 2284 3355 2351; x_wconf 85' lang='lat' dir='ltr'>dixit,</span> <span class='ocrx_word' id='word_1_409' title='bbox 3413 2289 3470 2339; x_wconf 88' lang='lat' dir='ltr'>et</span> <span class='ocrx_word' id='word_1_410' title='bbox 3514 2286 3586 2340; x_wconf 91' lang='lat' dir='ltr'>de</span> 
     </span>
    </p>
   </div>
   <div class='ocr_carea' id='block_1_55' title="bbox 1894 2372 3583 2442">
    <p class='ocr_par' dir='ltr' id='par_1_55' title="bbox 1894 2372 3583 2442">
     <span class='ocr_line' id='line_1_55' title="bbox 1894 2372 3583 2442; baseline 0.001 -17"><span class='ocrx_word' id='word_1_411' title='bbox 1894 2372 2149 2442; x_wconf 86' lang='lat' dir='ltr'>ipsorum</span> <span class='ocrx_word' id='word_1_412' title='bbox 2207 2372 2521 2427; x_wconf 86' lang='lat' dir='ltr'>substantia</span> <span class='ocrx_word' id='word_1_413' title='bbox 2577 2373 2906 2442; x_wconf 87' lang='lat' dir='ltr'>procedere,</span> <span class='ocrx_word' id='word_1_414' title='bbox 2967 2378 3023 2426; x_wconf 89' lang='lat' dir='ltr'>et</span> <span class='ocrx_word' id='word_1_415' title='bbox 3082 2389 3260 2426; x_wconf 90' lang='lat' dir='ltr'>unum</span> <span class='ocrx_word' id='word_1_416' title='bbox 3313 2389 3446 2427; x_wconf 91' lang='lat' dir='ltr'>cum</span> <span class='ocrx_word' id='word_1_417' title='bbox 3501 2374 3583 2428; x_wconf 89' lang='lat' dir='ltr'>eis</span> 
     </span>
    </p>
   </div>
   <div class='ocr_carea' id='block_1_56' title="bbox 1897 2460 3588 2530">
    <p class='ocr_par' dir='ltr' id='par_1_56' title="bbox 1897 2460 3588 2530">
     <span class='ocr_line' id='line_1_56' title="bbox 1897 2460 3588 2530; baseline 0.001 -17"><span class='ocrx_word' id='word_1_418' title='bbox 1897 2477 2039 2530; x_wconf 88' lang='lat' dir='ltr'>opus</span> <span class='ocrx_word' id='word_1_419' title='bbox 2073 2476 2262 2529; x_wconf 86' lang='lat' dir='ltr'>agere.</span> <span class='ocrx_word' id='word_1_420' title='bbox 2308 2461 2467 2513; x_wconf 76' lang='lat' dir='ltr'>Nunc</span> <span class='ocrx_word' id='word_1_421' title='bbox 2514 2476 2744 2530; x_wconf 89' lang='lat' dir='ltr'>quoque</span> <span class='ocrx_word' id='word_1_422' title='bbox 2792 2461 2986 2514; x_wconf 82' lang='lat' dir='ltr'>dicens</span> <span class='ocrx_word' id='word_1_423' title='bbox 3033 2477 3165 2514; x_wconf 89' lang='lat' dir='ltr'>eum</span> <span class='ocrx_word' id='word_1_424' title='bbox 3213 2460 3282 2514; x_wconf 92' lang='lat' dir='ltr'>de</span> <span class='ocrx_word' id='word_1_425' title='bbox 3333 2465 3588 2530; x_wconf 68' lang='lat' dir='ltr'>paternos</span> 
     </span>
    </p>
   </div>
   <div class='ocr_carea' id='block_1_57' title="bbox 1896 2549 3589 2620">
    <p class='ocr_par' dir='ltr' id='par_1_57' title="bbox 1896 2549 3589 2620">
     <span class='ocr_line' id='line_1_57' title="bbox 1896 2549 3589 2620; baseline 0.002 -19"><span class='ocrx_word' id='word_1_426' title='bbox 1896 2549 2163 2602; x_wconf 83' lang='lat' dir='ltr'>societate</span> <span class='ocrx_word' id='word_1_427' title='bbox 2194 2549 2487 2618; x_wconf 78' lang='lat' dir='ltr'>potentiae,</span> <span class='ocrx_word' id='word_1_428' title='bbox 2522 2557 2576 2602; x_wconf 86' lang='lat' dir='ltr'>et</span> <span class='ocrx_word' id='word_1_429' title='bbox 2609 2550 2678 2602; x_wconf 91' lang='lat' dir='ltr'>de</span> <span class='ocrx_word' id='word_1_430' title='bbox 2719 2549 3072 2619; x_wconf 87' lang='lat' dir='ltr'>proprietate</span> <span class='ocrx_word' id='word_1_431' title='bbox 3123 2555 3346 2603; x_wconf 58' lang='lat' dir='ltr'>naturas</span> <span class='ocrx_word' id='word_1_432' title='bbox 3385 2566 3589 2620; x_wconf 86' lang='lat' dir='ltr'>proce-</span> 
     </span>
    </p>
   </div>
   <div class='ocr_carea' id='block_1_58' title="bbox 1898 2637 3586 2708">
    <p class='ocr_par' dir='ltr' id='par_1_58' title="bbox 1898 2637 3586 2708">
     <span class='ocr_line' id='line_1_58' title="bbox 1898 2637 3586 2708; baseline 0 -16"><span class='ocrx_word' id='word_1_433' title='bbox 1898 2638 2031 2692; x_wconf 89' lang='lat' dir='ltr'>dere</span> <span class='ocrx_word' id='word_1_434' title='bbox 2066 2655 2078 2690; x_wconf 87' lang='lat'>:</span> <span class='ocrx_word' id='word_1_435' title='bbox 2113 2638 2383 2708; x_wconf 90' lang='lat' dir='ltr'>quoniam</span> <span class='ocrx_word' id='word_1_436' title='bbox 2431 2639 2575 2691; x_wconf 90' lang='lat' dir='ltr'>sicut</span> <span class='ocrx_word' id='word_1_437' title='bbox 2615 2639 2781 2692; x_wconf 90' lang='lat' dir='ltr'>Pater</span> <span class='ocrx_word' id='word_1_438' title='bbox 2833 2645 2888 2691; x_wconf 86' lang='lat' dir='ltr'>et</span> <span class='ocrx_word' id='word_1_439' title='bbox 2937 2637 3111 2691; x_wconf 89' lang='lat' dir='ltr'>Filius</span> <span class='ocrx_word' id='word_1_440' title='bbox 3161 2654 3264 2691; x_wconf 90' lang='lat' dir='ltr'>nec</span> <span class='ocrx_word' id='word_1_441' title='bbox 3311 2639 3586 2708; x_wconf 88' lang='lat' dir='ltr'>potentia,</span> 
     </span>
    </p>
   </div>
   <div class='ocr_carea' id='block_1_59' title="bbox 1897 2726 3589 2797">
    <p class='ocr_par' dir='ltr' id='par_1_59' title="bbox 1897 2726 3589 2797">
     <span class='ocr_line' id='line_1_59' title="bbox 1897 2726 3589 2797; baseline -0.001 -17"><span class='ocrx_word' id='word_1_442' title='bbox 1897 2743 2000 2780; x_wconf 85' lang='lat' dir='ltr'>nec</span> <span class='ocrx_word' id='word_1_443' title='bbox 2048 2733 2251 2779; x_wconf 87' lang='lat' dir='ltr'>natura</span> <span class='ocrx_word' id='word_1_444' title='bbox 2312 2732 2672 2795; x_wconf 85' lang='lat' dir='ltr'>separantur,</span> <span class='ocrx_word' id='word_1_445' title='bbox 2727 2726 2805 2780; x_wconf 89' lang='lat' dir='ltr'>sic</span> <span class='ocrx_word' id='word_1_446' title='bbox 2865 2726 2925 2779; x_wconf 89' lang='lat' dir='ltr'>in</span> <span class='ocrx_word' id='word_1_447' title='bbox 2981 2726 3280 2779; x_wconf 89' lang='lat' dir='ltr'>existentia</span> <span class='ocrx_word' id='word_1_448' title='bbox 3344 2727 3589 2797; x_wconf 90' lang='lat' dir='ltr'>Spiritus</span> 
     </span>
    </p>
   </div>
   <div class='ocr_carea' id='block_1_60' title="bbox 1896 2814 3587 2885">
    <p class='ocr_par' dir='ltr' id='par_1_60' title="bbox 1896 2814 3587 2885">
     <span class='ocr_line' id='line_1_60' title="bbox 1896 2814 3587 2885; baseline 0 -17"><span class='ocrx_word' id='word_1_449' title='bbox 1896 2831 2014 2868; x_wconf 89' lang='lat' dir='ltr'>non</span> <span class='ocrx_word' id='word_1_450' title='bbox 2045 2821 2450 2881; x_wconf 87' lang='lat' dir='ltr'>secernuntur;</span> <span class='ocrx_word' id='word_1_451' title='bbox 2487 2814 2764 2884; x_wconf 86' lang='lat' dir='ltr'>quoniam</span> <span class='ocrx_word' id='word_1_452' title='bbox 2793 2831 2923 2868; x_wconf 91' lang='lat' dir='ltr'>cum</span> <span class='ocrx_word' id='word_1_453' title='bbox 2955 2815 3026 2868; x_wconf 88' lang='lat' dir='ltr'>sit</span> <span class='ocrx_word' id='word_1_454' title='bbox 3065 2815 3360 2885; x_wconf 85' lang='lat' dir='ltr'>utriusque</span> <span class='ocrx_word' id='word_1_455' title='bbox 3407 2815 3587 2885; x_wconf 90' lang='lat' dir='ltr'>Spiri-</span> 
     </span>
    </p>
   </div>
   <div class='ocr_carea' id='block_1_61' title="bbox 1897 2902 3586 2973">
    <p class='ocr_par' dir='ltr' id='par_1_61' title="bbox 1897 2902 3586 2973">
     <span class='ocr_line' id='line_1_61' title="bbox 1897 2902 3586 2973; baseline 0.001 -18"><span class='ocrx_word' id='word_1_456' title='bbox 1897 2906 2009 2968; x_wconf 89' lang='lat' dir='ltr'>tus,</span> <span class='ocrx_word' id='word_1_457' title='bbox 2046 2902 2303 2973; x_wconf 89' lang='lat' dir='ltr'>procedit</span> <span class='ocrx_word' id='word_1_458' title='bbox 2332 2903 2401 2956; x_wconf 86' lang='lat' dir='ltr'>ab</span> <span class='ocrx_word' id='word_1_459' title='bbox 2435 2909 2708 2973; x_wconf 90' lang='lat' dir='ltr'>utroque;</span> <span class='ocrx_word' id='word_1_460' title='bbox 2743 2909 2799 2955; x_wconf 89' lang='lat' dir='ltr'>et</span> <span class='ocrx_word' id='word_1_461' title='bbox 2830 2919 2974 2972; x_wconf 88' lang='lat' dir='ltr'>quos</span> <span class='ocrx_word' id='word_1_462' title='bbox 3001 2907 3194 2972; x_wconf 66' lang='lat' dir='ltr'>aequat</span> <span class='ocrx_word' id='word_1_463' title='bbox 3237 2909 3444 2956; x_wconf 89' lang='lat' dir='ltr'>natura</span> <span class='ocrx_word' id='word_1_464' title='bbox 3478 2919 3586 2973; x_wconf 91' lang='lat' dir='ltr'>po-</span> 
     </span>
    </p>
   </div>
   <div class='ocr_carea' id='block_1_62' title="bbox 103 2990 3019 3072">
    <p class='ocr_par' dir='ltr' id='par_1_62' title="bbox 103 2990 3019 3072">
     <span class='ocr_line' id='line_1_62' title="bbox 103 2990 3019 3072; baseline 0 -30"><span class='ocrx_word' id='word_1_465' title='bbox 103 2991 253 3043; x_wconf 73' lang='lat' dir='ltr'>Pater</span> <span class='ocrx_word' id='word_1_466' title='bbox 274 2990 554 3060; x_wconf 88' lang='lat' dir='ltr'>Spiritum</span> <span class='ocrx_word' id='word_1_467' title='bbox 585 2995 862 3057; x_wconf 88' lang='lat' dir='ltr'>sanctum,</span> <span class='ocrx_word' id='word_1_468' title='bbox 897 2990 1173 3060; x_wconf 88' lang='lat' dir='ltr'>quoniam</span> <span class='ocrx_word' id='word_1_469' title='bbox 1219 2991 1470 3044; x_wconf 86' lang='lat' dir='ltr'>mittitur</span> <span class='ocrx_word' id='word_1_470' title='bbox 1509 3009 1540 3044; x_wconf 91' lang='lat' dir='ltr'>a</span> <span class='ocrx_word' id='word_1_471' title='bbox 1589 2992 1783 3057; x_wconf 83' lang='lat' dir='ltr'>Patre;</span> <span class='ocrx_word' id='word_1_472' title='bbox 1826 3014 1866 3072; x_wconf 67' lang='grc' dir='ltr'><strong>ρ</strong></span> <span class='ocrx_word' id='word_1_473' title='bbox 1898 2991 2211 3061; x_wconf 88' lang='lat' dir='ltr'>tentiaque,</span> <span class='ocrx_word' id='word_1_474' title='bbox 2237 2991 2599 3060; x_wconf 89' lang='lat' dir='ltr'>processione</span> <span class='ocrx_word' id='word_1_475' title='bbox 2628 3006 2745 3043; x_wconf 92' lang='lat' dir='ltr'>non</span> <span class='ocrx_word' id='word_1_476' title='bbox 2775 2997 3019 3060; x_wconf 88' lang='lat' dir='ltr'>separat.</span> 
     </span>
    </p>
   </div>
   <div class='ocr_carea' id='block_1_63' title="bbox 107 3077 1787 3149">
    <p class='ocr_par' dir='ltr' id='par_1_63' title="bbox 107 3077 1787 3149">
     <span class='ocr_line' id='line_1_63' title="bbox 107 3077 1787 3149; baseline 0 -18"><span class='ocrx_word' id='word_1_477' title='bbox 107 3078 471 3148; x_wconf 86' lang='lat' dir='ltr'>etl&#39;unditper</span> <span class='ocrx_word' id='word_1_478' title='bbox 521 3080 715 3132; x_wconf 88' lang='lat' dir='ltr'>Jesum</span> <span class='ocrx_word' id='word_1_479' title='bbox 759 3078 1068 3145; x_wconf 88' lang='lat' dir='ltr'>Christum,</span> <span class='ocrx_word' id='word_1_480' title='bbox 1113 3077 1400 3149; x_wconf 69' lang='lat' dir='ltr'>jquoniam</span> <span class='ocrx_word' id='word_1_481' title='bbox 1447 3086 1787 3148; x_wconf 88' lang='lat' dir='ltr'>cooperator</span> 
     </span>
    </p>
   </div>
   <div class='ocr_carea' id='block_1_64' title="bbox 107 3166 1787 3237">
    <p class='ocr_par' dir='ltr' id='par_1_64' title="bbox 107 3166 1787 3237">
     <span class='ocr_line' id='line_1_64' title="bbox 107 3166 1787 3237; baseline 0.002 -19"><span class='ocrx_word' id='word_1_482' title='bbox 107 3169 239 3220; x_wconf 71' lang='lat' dir='ltr'>Patri</span> <span class='ocrx_word' id='word_1_483' title='bbox 273 3167 451 3221; x_wconf 89' lang='lat' dir='ltr'>simul</span> <span class='ocrx_word' id='word_1_484' title='bbox 491 3167 834 3221; x_wconf 70' lang='lat' dir='ltr'>effundenda</span> <span class='ocrx_word' id='word_1_485' title='bbox 883 3166 1158 3237; x_wconf 87' lang='lat' dir='ltr'>Spiritum</span> <span class='ocrx_word' id='word_1_486' title='bbox 1189 3186 1205 3219; x_wconf 91' lang='lat'>:</span> <span class='ocrx_word' id='word_1_487' title='bbox 1253 3184 1355 3222; x_wconf 90' lang='lat' dir='ltr'>nec</span> <span class='ocrx_word' id='word_1_488' title='bbox 1385 3168 1538 3221; x_wconf 87' lang='lat' dir='ltr'>enim</span> <span class='ocrx_word' id='word_1_489' title='bbox 1591 3168 1670 3220; x_wconf 84' lang='lat' dir='ltr'>sic</span> <span class='ocrx_word' id='word_1_490' title='bbox 1707 3168 1787 3221; x_wconf 88' lang='lat' dir='ltr'>ait</span> 
     </span>
    </p>
   </div>
   <div class='ocr_carea' id='block_1_65' title="bbox 105 3256 1785 3326">
    <p class='ocr_par' dir='ltr' id='par_1_65' title="bbox 105 3256 1785 3326">
     <span class='ocr_line' id='line_1_65' title="bbox 105 3256 1785 3326; baseline 0.001 -18"><span class='ocrx_word' id='word_1_491' title='bbox 105 3256 388 3310; x_wconf 75' lang='lat' dir='ltr'>etiandere</span> <span class='ocrx_word' id='word_1_492' title='bbox 434 3256 660 3309; x_wconf 88' lang='lat' dir='ltr'>Patrem</span> <span class='ocrx_word' id='word_1_493' title='bbox 720 3271 825 3324; x_wconf 88' lang='lat' dir='ltr'>per</span> <span class='ocrx_word' id='word_1_494' title='bbox 894 3257 1086 3309; x_wconf 83' lang='lat' dir='ltr'>Jesuin</span> <span class='ocrx_word' id='word_1_495' title='bbox 1143 3256 1452 3322; x_wconf 90' lang='lat' dir='ltr'>Christum,</span> <span class='ocrx_word' id='word_1_496' title='bbox 1511 3263 1785 3326; x_wconf 89' lang='lat' dir='ltr'>tanquam</span> 
     </span>
    </p>
   </div>
   <div class='ocr_carea' id='block_1_66' title="bbox 107 3344 1785 3413">
    <p class='ocr_par' dir='ltr' id='par_1_66' title="bbox 107 3344 1785 3413">
     <span class='ocr_line' id='line_1_66' title="bbox 107 3344 1785 3413; baseline 0.001 -17"><span class='ocrx_word' id='word_1_497' title='bbox 107 3344 349 3398; x_wconf 84' lang='lat' dir='ltr'>Christus</span> <span class='ocrx_word' id='word_1_498' title='bbox 389 3360 506 3398; x_wconf 91' lang='lat' dir='ltr'>non</span> <span class='ocrx_word' id='word_1_499' title='bbox 532 3344 816 3409; x_wconf 75' lang='lat' dir='ltr'>effundat;</span> <span class='ocrx_word' id='word_1_500' title='bbox 868 3361 980 3398; x_wconf 91' lang='lat' dir='ltr'>non</span> <span class='ocrx_word' id='word_1_501' title='bbox 1025 3345 1182 3398; x_wconf 89' lang='lat' dir='ltr'>enim</span> <span class='ocrx_word' id='word_1_502' title='bbox 1232 3351 1574 3413; x_wconf 87' lang='lat' dir='ltr'>separantur</span> <span class='ocrx_word' id='word_1_503' title='bbox 1618 3345 1785 3398; x_wconf 89' lang='lat' dir='ltr'>Pater</span> 
     </span>
    </p>
   </div>
   <div class='ocr_carea' id='block_1_67' title="bbox 111 3433 1786 3503">
    <p class='ocr_par' dir='ltr' id='par_1_67' title="bbox 111 3433 1786 3503">
     <span class='ocr_line' id='line_1_67' title="bbox 111 3433 1786 3503; baseline 0.001 -19"><span class='ocrx_word' id='word_1_504' title='bbox 111 3439 156 3486; x_wconf 86' lang='lat' dir='ltr'>et</span> <span class='ocrx_word' id='word_1_505' title='bbox 177 3433 348 3486; x_wconf 86' lang='lat' dir='ltr'>Filius</span> <span class='ocrx_word' id='word_1_506' title='bbox 376 3433 749 3503; x_wconf 83' lang='lat' dir='ltr'>operatione;</span> <span class='ocrx_word' id='word_1_507' title='bbox 793 3433 890 3486; x_wconf 89' lang='lat' dir='ltr'>sed</span> <span class='ocrx_word' id='word_1_508' title='bbox 950 3433 1191 3487; x_wconf 75' lang='lat' dir='ltr'>effundit</span> <span class='ocrx_word' id='word_1_509' title='bbox 1243 3450 1345 3502; x_wconf 91' lang='lat' dir='ltr'>per</span> <span class='ocrx_word' id='word_1_510' title='bbox 1373 3434 1568 3487; x_wconf 83' lang='lat' dir='ltr'>.lesum</span> <span class='ocrx_word' id='word_1_511' title='bbox 1625 3433 1786 3487; x_wconf 89' lang='lat' dir='ltr'>Chri-</span> 
     </span>
    </p>
   </div>
   <div class='ocr_carea' id='block_1_68' title="bbox 112 3522 1790 3592">
    <p class='ocr_par' dir='ltr' id='par_1_68' title="bbox 112 3522 1790 3592">
     <span class='ocr_line' id='line_1_68' title="bbox 112 3522 1790 3592; baseline 0.001 -20"><span class='ocrx_word' id='word_1_512' title='bbox 112 3528 267 3589; x_wconf 83' lang='lat' dir='ltr'>stum,</span> <span class='ocrx_word' id='word_1_513' title='bbox 299 3523 442 3592; x_wconf 88' lang='lat' dir='ltr'>quia</span> <span class='ocrx_word' id='word_1_514' title='bbox 475 3538 606 3574; x_wconf 89' lang='lat' dir='ltr'>cum</span> <span class='ocrx_word' id='word_1_515' title='bbox 660 3523 826 3575; x_wconf 89' lang='lat' dir='ltr'>Pater</span> <span class='ocrx_word' id='word_1_516' title='bbox 881 3522 1144 3588; x_wconf 79' lang='lat' dir='ltr'>effundit,</span> <span class='ocrx_word' id='word_1_517' title='bbox 1205 3527 1260 3575; x_wconf 90' lang='lat' dir='ltr'>et</span> <span class='ocrx_word' id='word_1_518' title='bbox 1309 3523 1474 3575; x_wconf 79' lang='lat' dir='ltr'>Jesus</span> <span class='ocrx_word' id='word_1_519' title='bbox 1535 3522 1790 3575; x_wconf 88' lang='lat' dir='ltr'>Christus</span> 
     </span>
    </p>
   </div>
   <div class='ocr_carea' id='block_1_69' title="bbox 115 3609 1789 3680">
    <p class='ocr_par' dir='ltr' id='par_1_69' title="bbox 115 3609 1789 3680">
     <span class='ocr_line' id='line_1_69' title="bbox 115 3609 1789 3680; baseline 0.002 -19"><span class='ocrx_word' id='word_1_520' title='bbox 115 3609 366 3678; x_wconf 76' lang='lat' dir='ltr'>effundit,</span> <span class='ocrx_word' id='word_1_521' title='bbox 419 3610 558 3680; x_wconf 90' lang='lat' dir='ltr'>quia</span> <span class='ocrx_word' id='word_1_522' title='bbox 588 3609 937 3664; x_wconf 88' lang='lat' dir='ltr'>mittiturab</span> <span class='ocrx_word' id='word_1_523' title='bbox 995 3615 1275 3680; x_wconf 82' lang='lat' dir='ltr'>utroque;</span> <span class='ocrx_word' id='word_1_524' title='bbox 1330 3609 1602 3680; x_wconf 91' lang='lat' dir='ltr'>quoniam</span> <span class='ocrx_word' id='word_1_525' title='bbox 1655 3626 1789 3680; x_wconf 90' lang='lat' dir='ltr'>pro-</span> 
     </span>
    </p>
   </div>
   <div class='ocr_carea' id='block_1_70' title="bbox 113 3698 1792 3768">
    <p class='ocr_par' dir='ltr' id='par_1_70' title="bbox 113 3698 1792 3768">
     <span class='ocr_line' id='line_1_70' title="bbox 113 3698 1792 3768; baseline 0.001 -18"><span class='ocrx_word' id='word_1_526' title='bbox 113 3698 245 3751; x_wconf 87' lang='lat' dir='ltr'>cedit</span> <span class='ocrx_word' id='word_1_527' title='bbox 273 3704 395 3751; x_wconf 87' lang='lat' dir='ltr'>tam</span> <span class='ocrx_word' id='word_1_528' title='bbox 447 3715 478 3750; x_wconf 88' lang='lat' dir='ltr'>a</span> <span class='ocrx_word' id='word_1_529' title='bbox 517 3699 682 3751; x_wconf 88' lang='lat' dir='ltr'>Patre</span> <span class='ocrx_word' id='word_1_530' title='bbox 736 3713 910 3768; x_wconf 89' lang='lat' dir='ltr'>quam</span> <span class='ocrx_word' id='word_1_531' title='bbox 970 3715 1000 3751; x_wconf 91' lang='lat' dir='ltr'>a</span> <span class='ocrx_word' id='word_1_532' title='bbox 1049 3698 1206 3752; x_wconf 87' lang='lat' dir='ltr'>Filio.</span> <span class='ocrx_word' id='word_1_533' title='bbox 1272 3698 1590 3752; x_wconf 88' lang='lat' dir='ltr'>Potentiam</span> <span class='ocrx_word' id='word_1_534' title='bbox 1659 3715 1792 3752; x_wconf 91' lang='lat' dir='ltr'>vero</span> 
     </span>
    </p>
   </div>
   <div class='ocr_carea' id='block_1_71' title="bbox 116 3786 1793 3858">
    <p class='ocr_par' dir='ltr' id='par_1_71' title="bbox 116 3786 1793 3858">
     <span class='ocr_line' id='line_1_71' title="bbox 116 3786 1793 3858; baseline 0.001 -18"><span class='ocrx_word' id='word_1_535' title='bbox 116 3786 344 3856; x_wconf 86' lang='lat' dir='ltr'>Spiritus</span> <span class='ocrx_word' id='word_1_536' title='bbox 387 3787 570 3840; x_wconf 86' lang='lat' dir='ltr'>sancti</span> <span class='ocrx_word' id='word_1_537' title='bbox 629 3791 866 3840; x_wconf 88' lang='lat' dir='ltr'>testatur</span> <span class='ocrx_word' id='word_1_538' title='bbox 924 3791 1121 3842; x_wconf 91' lang='lat' dir='ltr'>auctor</span> <span class='ocrx_word' id='word_1_539' title='bbox 1161 3787 1266 3842; x_wconf 92' lang='lat' dir='ltr'>iste</span> <span class='ocrx_word' id='word_1_540' title='bbox 1315 3787 1496 3842; x_wconf 87' lang='lat' dir='ltr'>Patris</span> <span class='ocrx_word' id='word_1_541' title='bbox 1552 3787 1793 3858; x_wconf 87' lang='lat' dir='ltr'>Filiique</span> 
     </span>
    </p>
   </div>
   <div class='ocr_carea' id='block_1_72' title="bbox 115 3875 1794 3946">
    <p class='ocr_par' dir='ltr' id='par_1_72' title="bbox 115 3875 1794 3946">
     <span class='ocr_line' id='line_1_72' title="bbox 115 3875 1794 3946; baseline 0 -17"><span class='ocrx_word' id='word_1_542' title='bbox 115 3891 416 3946; x_wconf 73' lang='lat' dir='ltr'>coasquam,</span> <span class='ocrx_word' id='word_1_543' title='bbox 447 3875 588 3929; x_wconf 89' lang='lat' dir='ltr'>dum</span> <span class='ocrx_word' id='word_1_544' title='bbox 629 3876 764 3929; x_wconf 90' lang='lat' dir='ltr'>dicit</span> <span class='ocrx_word' id='word_1_545' title='bbox 811 3875 1016 3929; x_wconf 88' lang='lat' dir='ltr'>ascribi</span> <span class='ocrx_word' id='word_1_546' title='bbox 1057 3875 1296 3946; x_wconf 90' lang='lat' dir='ltr'>Spiritui</span> <span class='ocrx_word' id='word_1_547' title='bbox 1351 3881 1547 3929; x_wconf 89' lang='lat' dir='ltr'>sancto</span> <span class='ocrx_word' id='word_1_548' title='bbox 1597 3880 1794 3946; x_wconf 86' lang='lat' dir='ltr'>poten-</span> 
     </span>
    </p>
   </div>
   <div class='ocr_carea' id='block_1_73' title="bbox 117 3963 1796 4035">
    <p class='ocr_par' dir='ltr' id='par_1_73' title="bbox 117 3963 1796 4035">
     <span class='ocr_line' id='line_1_73' title="bbox 117 3963 1796 4035; baseline 0.001 -18"><span class='ocrx_word' id='word_1_549' title='bbox 117 3965 237 4018; x_wconf 85' lang='lat' dir='ltr'>tiam</span> <span class='ocrx_word' id='word_1_550' title='bbox 265 3963 723 4034; x_wconf 84' lang='lat' dir='ltr'>regenerationis</span> <span class='ocrx_word' id='word_1_551' title='bbox 745 3969 800 4016; x_wconf 90' lang='lat' dir='ltr'>et</span> <span class='ocrx_word' id='word_1_552' title='bbox 826 3964 1230 4028; x_wconf 85' lang='lat' dir='ltr'>renovationis,</span> <span class='ocrx_word' id='word_1_553' title='bbox 1260 3969 1320 4018; x_wconf 90' lang='lat' dir='ltr'>ut</span> <span class='ocrx_word' id='word_1_554' title='bbox 1351 3965 1613 4018; x_wconf 89' lang='lat' dir='ltr'>ostendat</span> <span class='ocrx_word' id='word_1_555' title='bbox 1649 3966 1796 4035; x_wconf 90' lang='lat' dir='ltr'>ejus-</span> 
     </span>
    </p>
   </div>
   <div class='ocr_carea' id='block_1_74' title="bbox 119 4052 1795 4121">
    <p class='ocr_par' dir='ltr' id='par_1_74' title="bbox 119 4052 1795 4121">
     <span class='ocr_line' id='line_1_74' title="bbox 119 4052 1795 4121; baseline 0.001 -16"><span class='ocrx_word' id='word_1_556' title='bbox 119 4053 232 4106; x_wconf 89' lang='lat' dir='ltr'>dem</span> <span class='ocrx_word' id='word_1_557' title='bbox 260 4070 396 4106; x_wconf 90' lang='lat' dir='ltr'>eum</span> <span class='ocrx_word' id='word_1_558' title='bbox 425 4068 549 4106; x_wconf 89' lang='lat' dir='ltr'>esse</span> <span class='ocrx_word' id='word_1_559' title='bbox 584 4052 810 4105; x_wconf 81' lang='lat' dir='ltr'>virtutis</span> <span class='ocrx_word' id='word_1_560' title='bbox 849 4053 1012 4121; x_wconf 89' lang='lat' dir='ltr'>cujus</span> <span class='ocrx_word' id='word_1_561' title='bbox 1061 4056 1145 4105; x_wconf 91' lang='lat' dir='ltr'>est</span> <span class='ocrx_word' id='word_1_562' title='bbox 1188 4053 1354 4106; x_wconf 84' lang='lat' dir='ltr'>Pater</span> <span class='ocrx_word' id='word_1_563' title='bbox 1384 4059 1440 4106; x_wconf 94' lang='lat' dir='ltr'>et</span> <span class='ocrx_word' id='word_1_564' title='bbox 1473 4052 1679 4118; x_wconf 83' lang='lat' dir='ltr'>Filius;</span> <span class='ocrx_word' id='word_1_565' title='bbox 1732 4069 1795 4106; x_wconf 88' lang='lat' dir='ltr'>ac</span> 
     </span>
    </p>
   </div>
   <div class='ocr_carea' id='block_1_75' title="bbox 120 4141 1796 4210">
    <p class='ocr_par' dir='ltr' id='par_1_75' title="bbox 120 4141 1796 4210">
     <span class='ocr_line' id='line_1_75' title="bbox 120 4141 1796 4210; baseline -0.001 -16"><span class='ocrx_word' id='word_1_566' title='bbox 120 4158 204 4210; x_wconf 89' lang='lat' dir='ltr'>per</span> <span class='ocrx_word' id='word_1_567' title='bbox 237 4142 341 4195; x_wconf 89' lang='lat' dir='ltr'>hoc</span> <span class='ocrx_word' id='word_1_568' title='bbox 370 4147 432 4195; x_wconf 87' lang='lat' dir='ltr'>et</span> <span class='ocrx_word' id='word_1_569' title='bbox 458 4141 958 4195; x_wconf 73' lang='lat' dir='ltr'>consubstantialis</span> <span class='ocrx_word' id='word_1_570' title='bbox 989 4146 1046 4193; x_wconf 91' lang='lat' dir='ltr'>et</span> <span class='ocrx_word' id='word_1_571' title='bbox 1078 4141 1147 4194; x_wconf 89' lang='lat' dir='ltr'>de</span> <span class='ocrx_word' id='word_1_572' title='bbox 1192 4147 1438 4210; x_wconf 86' lang='lat' dir='ltr'>utroque</span> <span class='ocrx_word' id='word_1_573' title='bbox 1483 4143 1796 4210; x_wconf 87' lang='lat' dir='ltr'>procedens</span> 
     </span>
    </p>
   </div>
   <div class='ocr_carea' id='block_1_76' title="bbox 122 4231 444 4285">
    <p class='ocr_par' dir='ltr' id='par_1_76' title="bbox 122 4231 444 4285">
     <span class='ocr_line' id='line_1_76' title="bbox 122 4231 444 4285; baseline 0.003 -2"><span class='ocrx_word' id='word_1_574' title='bbox 122 4231 444 4285; x_wconf 77' lang='lat' dir='ltr'>afﬁrmatur.</span> 
     </span>
    </p>
   </div>
   <div class='ocr_carea' id='block_1_77' title="bbox 178 4317 1795 4390">
    <p class='ocr_par' dir='ltr' id='par_1_77' title="bbox 178 4317 1795 4390">
     <span class='ocr_line' id='line_1_77' title="bbox 178 4317 1795 4390; baseline -0.002 -17"><span class='ocrx_word' id='word_1_575' title='bbox 178 4321 311 4373; x_wconf 86' lang='lat' dir='ltr'>Item</span> <span class='ocrx_word' id='word_1_576' title='bbox 338 4318 628 4390; x_wconf 86' lang='lat' dir='ltr'>posterius</span> <span class='ocrx_word' id='word_1_577' title='bbox 659 4319 800 4388; x_wconf 86' lang='lat' dir='ltr'>(cap.</span> <span class='ocrx_word' id='word_1_578' title='bbox 830 4320 912 4382; x_wconf 77' lang='lat' dir='ltr'>l2)</span> <span class='ocrx_word' id='word_1_579' title='bbox 948 4335 960 4370; x_wconf 90' lang='lat'>:</span> <span class='ocrx_word' id='word_1_580' title='bbox 992 4317 1304 4375; x_wconf 69' lang='lat' dir='ltr'>Psalmistae</span> <span class='ocrx_word' id='word_1_581' title='bbox 1363 4333 1584 4387; x_wconf 82' lang='lat' dir='ltr'>Ponens</span> <span class='ocrx_word' id='word_1_582' title='bbox 1631 4317 1795 4371; x_wconf 89' lang='lat' dir='ltr'>testi-</span> 
     </span>
    </p>
   </div>
   <div class='ocr_carea' id='block_1_78' title="bbox 124 4407 1790 4476">
    <p class='ocr_par' dir='ltr' id='par_1_78' title="bbox 124 4407 1790 4476">
     <span class='ocr_line' id='line_1_78' title="bbox 124 4407 1790 4476; baseline -0.002 -15"><span class='ocrx_word' id='word_1_583' title='bbox 124 4409 380 4476; x_wconf 89' lang='lat' dir='ltr'>monium,</span> <span class='ocrx_word' id='word_1_584' title='bbox 425 4407 710 4461; x_wconf 89' lang='lat' dir='ltr'>dicentis:</span> <span class='ocrx_word' id='word_1_585' title='bbox 752 4428 775 4456; x_wconf 74' lang='grc' dir='ltr'>ι</span> <span class='ocrx_word' id='word_1_586' title='bbox 812 4409 924 4472; x_wconf 83' lang='lat' dir='ltr'>Quo</span> <span class='ocrx_word' id='word_1_587' title='bbox 971 4407 1058 4460; x_wconf 80' lang='lat' dir='ltr'>ibo</span> <span class='ocrx_word' id='word_1_588' title='bbox 1107 4424 1140 4459; x_wconf 91' lang='lat' dir='ltr'>a</span> <span class='ocrx_word' id='word_1_589' title='bbox 1187 4407 1401 4475; x_wconf 77' lang='lat' dir='ltr'>Spiritu</span> <span class='ocrx_word' id='word_1_590' title='bbox 1451 4410 1580 4460; x_wconf 82' lang='lat' dir='ltr'>tuo?</span> <span class='ocrx_word' id='word_1_591' title='bbox 1623 4407 1790 4472; x_wconf 89' lang='lat' dir='ltr'>(Psal.</span> 
     </span>
    </p>
   </div>
   <div class='ocr_carea' id='block_1_79' title="bbox 125 4495 1796 4566">
    <p class='ocr_par' dir='ltr' id='par_1_79' title="bbox 125 4495 1796 4566">
     <span class='ocr_line' id='line_1_79' title="bbox 125 4495 1796 4566; baseline -0.001 -18"><span class='ocrx_word' id='word_1_592' title='bbox 125 4513 360 4564; x_wconf 73' lang='lat' dir='ltr'>cxnvm,</span> <span class='ocrx_word' id='word_1_593' title='bbox 426 4497 504 4566; x_wconf 83' lang='lat'>7.)</span> <span class='ocrx_word' id='word_1_594' title='bbox 567 4497 681 4549; x_wconf 79' lang='lat' dir='ltr'>Hoc</span> <span class='ocrx_word' id='word_1_595' title='bbox 741 4500 849 4564; x_wconf 90' lang='lat' dir='ltr'>est,</span> <span class='ocrx_word' id='word_1_596' title='bbox 916 4495 1013 4548; x_wconf 91' lang='lat' dir='ltr'>ubi</span> <span class='ocrx_word' id='word_1_597' title='bbox 1070 4510 1162 4548; x_wconf 90' lang='lat' dir='ltr'>me</span> <span class='ocrx_word' id='word_1_598' title='bbox 1219 4512 1252 4547; x_wconf 92' lang='lat' dir='ltr'>a</span> <span class='ocrx_word' id='word_1_599' title='bbox 1312 4499 1616 4560; x_wconf 89' lang='lat' dir='ltr'>conspectu</span> <span class='ocrx_word' id='word_1_600' title='bbox 1673 4496 1796 4564; x_wconf 87' lang='lat' dir='ltr'>ejus</span> 
     </span>
    </p>
   </div>
   <div class='ocr_carea' id='block_1_80' title="bbox 126 4582 1799 4654">
    <p class='ocr_par' dir='ltr' id='par_1_80' title="bbox 126 4582 1799 4654">
     <span class='ocr_line' id='line_1_80' title="bbox 126 4582 1799 4654; baseline -0.001 -17"><span class='ocrx_word' id='word_1_601' title='bbox 126 4584 472 4650; x_wconf 76' lang='lat' dir='ltr'>abscondam,</span> <span class='ocrx_word' id='word_1_602' title='bbox 537 4599 708 4654; x_wconf 88' lang='lat' dir='ltr'>quem</span> <span class='ocrx_word' id='word_1_603' title='bbox 763 4590 970 4653; x_wconf 77' lang='lat' dir='ltr'>praesto</span> <span class='ocrx_word' id='word_1_604' title='bbox 1018 4599 1140 4636; x_wconf 90' lang='lat' dir='ltr'>esse</span> <span class='ocrx_word' id='word_1_605' title='bbox 1203 4599 1308 4652; x_wconf 89' lang='lat' dir='ltr'>per</span> <span class='ocrx_word' id='word_1_606' title='bbox 1351 4583 1564 4650; x_wconf 90' lang='lat' dir='ltr'>omnia,</span> <span class='ocrx_word' id='word_1_607' title='bbox 1619 4582 1679 4636; x_wconf 94' lang='lat' dir='ltr'>id</span> <span class='ocrx_word' id='word_1_608' title='bbox 1716 4587 1799 4636; x_wconf 88' lang='lat' dir='ltr'>est</span> 
     </span>
    </p>
   </div>
   <div class='ocr_carea' id='block_1_81' title="bbox 129 4671 1797 4743">
    <p class='ocr_par' dir='ltr' id='par_1_81' title="bbox 129 4671 1797 4743">
     <span class='ocr_line' id='line_1_81' title="bbox 129 4671 1797 4743; baseline 0 -19"><span class='ocrx_word' id='word_1_609' title='bbox 129 4673 254 4726; x_wconf 83' lang='lat' dir='ltr'>intra</span> <span class='ocrx_word' id='word_1_610' title='bbox 291 4681 572 4743; x_wconf 81' lang='lat' dir='ltr'>extraque</span> <span class='ocrx_word' id='word_1_611' title='bbox 621 4689 736 4725; x_wconf 90' lang='lat' dir='ltr'>non</span> <span class='ocrx_word' id='word_1_612' title='bbox 783 4671 1058 4741; x_wconf 79' lang='lat' dir='ltr'>ambigo?</span> <span class='ocrx_word' id='word_1_613' title='bbox 1098 4690 1123 4720; x_wconf 77' lang='grc' dir='ltr'>ι)</span> <span class='ocrx_word' id='word_1_614' title='bbox 1179 4672 1242 4725; x_wconf 89' lang='lat' dir='ltr'>Et</span> <span class='ocrx_word' id='word_1_615' title='bbox 1271 4672 1419 4725; x_wconf 84' lang='lat' dir='ltr'>infra</span> <span class='ocrx_word' id='word_1_616' title='bbox 1451 4687 1465 4724; x_wconf 91' lang='lat'>:</span> <span class='ocrx_word' id='word_1_617' title='bbox 1497 4691 1524 4721; x_wconf 74' lang='grc' dir='ltr'><strong>(ι</strong></span> <span class='ocrx_word' id='word_1_618' title='bbox 1575 4673 1652 4724; x_wconf 91' lang='lat' dir='ltr'>De</span> <span class='ocrx_word' id='word_1_619' title='bbox 1683 4687 1797 4741; x_wconf 90' lang='lat' dir='ltr'>quo</span> 
     </span>
    </p>
   </div>
   <div class='ocr_carea' id='block_1_82' title="bbox 126 4759 1802 4830">
    <p class='ocr_par' dir='ltr' id='par_1_82' title="bbox 126 4759 1802 4830">
     <span class='ocr_line' id='line_1_82' title="bbox 126 4759 1802 4830; baseline -0.001 -16"><span class='ocrx_word' id='word_1_620' title='bbox 126 4762 314 4816; x_wconf 86' lang='lat' dir='ltr'>dictum</span> <span class='ocrx_word' id='word_1_621' title='bbox 348 4762 645 4816; x_wconf 82' lang='lat' dir='ltr'>evidenter</span> <span class='ocrx_word' id='word_1_622' title='bbox 675 4759 1019 4830; x_wconf 88' lang='lat' dir='ltr'>intelligitur</span> <span class='ocrx_word' id='word_1_623' title='bbox 1061 4776 1074 4813; x_wconf 92' lang='lat'>:</span> <span class='ocrx_word' id='word_1_624' title='bbox 1125 4761 1226 4816; x_wconf 87' lang='lat' dir='ltr'>Nec</span> <span class='ocrx_word' id='word_1_625' title='bbox 1257 4765 1335 4814; x_wconf 83' lang='lat' dir='ltr'>est</span> <span class='ocrx_word' id='word_1_626' title='bbox 1376 4762 1471 4828; x_wconf 87' lang='lat' dir='ltr'>qui</span> <span class='ocrx_word' id='word_1_627' title='bbox 1498 4775 1553 4813; x_wconf 76' lang='lat' dir='ltr'>se</span> <span class='ocrx_word' id='word_1_628' title='bbox 1584 4760 1802 4813; x_wconf 86' lang='lat' dir='ltr'>abscon-</span> 
     </span>
    </p>
   </div>
   <div class='ocr_carea' id='block_1_83' title="bbox 128 4848 1803 4918">
    <p class='ocr_par' dir='ltr' id='par_1_83' title="bbox 128 4848 1803 4918">
     <span class='ocr_line' id='line_1_83' title="bbox 128 4848 1803 4918; baseline -0.002 -16"><span class='ocrx_word' id='word_1_629' title='bbox 128 4851 206 4904; x_wconf 77' lang='lat' dir='ltr'>dat</span> <span class='ocrx_word' id='word_1_630' title='bbox 255 4869 288 4904; x_wconf 89' lang='lat' dir='ltr'>a</span> <span class='ocrx_word' id='word_1_631' title='bbox 339 4852 519 4904; x_wconf 78' lang='lat' dir='ltr'>calore</span> <span class='ocrx_word' id='word_1_632' title='bbox 569 4850 686 4916; x_wconf 75' lang='lat' dir='ltr'>eius</span> <span class='ocrx_word' id='word_1_633' title='bbox 717 4849 885 4918; x_wconf 84' lang='lat' dir='ltr'>(Psal.</span> <span class='ocrx_word' id='word_1_634' title='bbox 937 4864 1091 4909; x_wconf 78' lang='lat' dir='ltr'>xvnl,</span> <span class='ocrx_word' id='word_1_635' title='bbox 1145 4848 1219 4918; x_wconf 72' lang='grc' dir='ltr'>Ἰ).</span> <span class='ocrx_word' id='word_1_636' title='bbox 1279 4849 1457 4918; x_wconf 90' lang='lat' dir='ltr'>Cujus</span> <span class='ocrx_word' id='word_1_637' title='bbox 1497 4848 1803 4902; x_wconf 81' lang='lat' dir='ltr'>inelfabilis</span> 
     </span>
    </p>
   </div>
   <div class='ocr_carea' id='block_1_84' title="bbox 129 4936 1799 5009">
    <p class='ocr_par' dir='ltr' id='par_1_84' title="bbox 129 4936 1799 5009">
     <span class='ocr_line' id='line_1_84' title="bbox 129 4936 1799 5009; baseline -0.002 -18"><span class='ocrx_word' id='word_1_638' title='bbox 129 4940 443 5009; x_wconf 80' lang='lat' dir='ltr'>magnitudo</span> <span class='ocrx_word' id='word_1_639' title='bbox 493 4937 782 5008; x_wconf 82' lang='lat' dir='ltr'>profunda</span> <span class='ocrx_word' id='word_1_640' title='bbox 835 4936 1175 5001; x_wconf 88' lang='lat' dir='ltr'>inferorum,</span> <span class='ocrx_word' id='word_1_641' title='bbox 1235 4937 1440 4990; x_wconf 75' lang='lat' dir='ltr'>diffusa</span> <span class='ocrx_word' id='word_1_642' title='bbox 1499 4936 1799 5003; x_wconf 87' lang='lat' dir='ltr'>fluctuum,</span> 
     </span>
    </p>
   </div>
   <div class='ocr_carea' id='block_1_85' title="bbox 128 5024 1801 5094">
    <p class='ocr_par' dir='ltr' id='par_1_85' title="bbox 128 5024 1801 5094">
     <span class='ocr_line' id='line_1_85' title="bbox 128 5024 1801 5094; baseline -0.001 -16"><span class='ocrx_word' id='word_1_643' title='bbox 128 5033 331 5081; x_wconf 79' lang='lat' dir='ltr'>extenta</span> <span class='ocrx_word' id='word_1_644' title='bbox 360 5033 671 5086; x_wconf 88' lang='lat' dir='ltr'>terrarum,</span> <span class='ocrx_word' id='word_1_645' title='bbox 724 5025 943 5079; x_wconf 82' lang='lat' dir='ltr'>excelsa</span> <span class='ocrx_word' id='word_1_646' title='bbox 993 5025 1268 5078; x_wconf 73' lang='lat' dir='ltr'>caelorum</span> <span class='ocrx_word' id='word_1_647' title='bbox 1324 5024 1521 5087; x_wconf 81' lang='lat' dir='ltr'>intrat,</span> <span class='ocrx_word' id='word_1_648' title='bbox 1577 5025 1801 5094; x_wconf 88' lang='lat' dir='ltr'>implet,</span> 
     </span>
    </p>
   </div>
   <div class='ocr_carea' id='block_1_86' title="bbox 129 5112 1804 5183">
    <p class='ocr_par' dir='ltr' id='par_1_86' title="bbox 129 5112 1804 5183">
     <span class='ocr_line' id='line_1_86' title="bbox 129 5112 1804 5183; baseline -0.001 -17"><span class='ocrx_word' id='word_1_649' title='bbox 129 5117 332 5183; x_wconf 81' lang='lat' dir='ltr'>excidit,</span> <span class='ocrx_word' id='word_1_650' title='bbox 367 5116 574 5169; x_wconf 85' lang='lat' dir='ltr'>mittia</span> <span class='ocrx_word' id='word_1_651' title='bbox 602 5115 766 5167; x_wconf 87' lang='lat' dir='ltr'>Patre</span> <span class='ocrx_word' id='word_1_652' title='bbox 806 5118 863 5167; x_wconf 90' lang='lat' dir='ltr'>et</span> <span class='ocrx_word' id='word_1_653' title='bbox 895 5114 1035 5167; x_wconf 83' lang='lat' dir='ltr'>Filio</span> <span class='ocrx_word' id='word_1_654' title='bbox 1077 5112 1306 5177; x_wconf 88' lang='lat' dir='ltr'>dicitur,</span> <span class='ocrx_word' id='word_1_655' title='bbox 1354 5119 1409 5166; x_wconf 89' lang='lat' dir='ltr'>et</span> <span class='ocrx_word' id='word_1_656' title='bbox 1437 5113 1506 5166; x_wconf 89' lang='lat' dir='ltr'>de</span> <span class='ocrx_word' id='word_1_657' title='bbox 1549 5114 1804 5182; x_wconf 88' lang='lat' dir='ltr'>ipsorum</span> 
     </span>
    </p>
   </div>
   <div class='ocr_carea' id='block_1_87' title="bbox 131 5201 1806 5273">
    <p class='ocr_par' dir='ltr' id='par_1_87' title="bbox 131 5201 1806 5273">
     <span class='ocr_line' id='line_1_87' title="bbox 131 5201 1806 5273; baseline -0.001 -18"><span class='ocrx_word' id='word_1_658' title='bbox 131 5206 428 5259; x_wconf 82' lang='lat' dir='ltr'>substantia</span> <span class='ocrx_word' id='word_1_659' title='bbox 468 5203 800 5273; x_wconf 89' lang='lat' dir='ltr'>procedere,</span> <span class='ocrx_word' id='word_1_660' title='bbox 847 5207 902 5256; x_wconf 92' lang='lat' dir='ltr'>et</span> <span class='ocrx_word' id='word_1_661' title='bbox 931 5218 1108 5255; x_wconf 91' lang='lat' dir='ltr'>unum</span> <span class='ocrx_word' id='word_1_662' title='bbox 1139 5218 1271 5256; x_wconf 91' lang='lat' dir='ltr'>cum</span> <span class='ocrx_word' id='word_1_663' title='bbox 1325 5201 1407 5254; x_wconf 90' lang='lat' dir='ltr'>eis</span> <span class='ocrx_word' id='word_1_664' title='bbox 1449 5218 1593 5272; x_wconf 92' lang='lat' dir='ltr'>opus</span> <span class='ocrx_word' id='word_1_665' title='bbox 1637 5217 1806 5270; x_wconf 87' lang='lat' dir='ltr'>agere</span> 
     </span>
    </p>
   </div>
   <div class='ocr_carea' id='block_1_88' title="bbox 133 5288 1809 5360">
    <p class='ocr_par' dir='ltr' id='par_1_88' title="bbox 133 5288 1809 5360">
     <span class='ocr_line' id='line_1_88' title="bbox 133 5288 1809 5360; baseline -0.001 -18"><span class='ocrx_word' id='word_1_666' title='bbox 133 5291 486 5360; x_wconf 77' lang='lat' dir='ltr'>dignoscitur.</span> <span class='ocrx_word' id='word_1_667' title='bbox 548 5313 570 5338; x_wconf 74' lang='grc' dir='ltr'><strong>ι</strong></span> <span class='ocrx_word' id='word_1_668' title='bbox 634 5291 731 5344; x_wconf 79' lang='lat' dir='ltr'>His</span> <span class='ocrx_word' id='word_1_669' title='bbox 807 5290 1075 5344; x_wconf 91' lang='lat' dir='ltr'>omnibus</span> <span class='ocrx_word' id='word_1_670' title='bbox 1134 5289 1311 5342; x_wconf 90' lang='lat' dir='ltr'>sancti</span> <span class='ocrx_word' id='word_1_671' title='bbox 1377 5288 1622 5358; x_wconf 89' lang='lat' dir='ltr'>Spiritus</span> <span class='ocrx_word' id='word_1_672' title='bbox 1692 5305 1809 5342; x_wconf 87' lang='lat' dir='ltr'>ma-</span> 
     </span>
    </p>
   </div>
   <div class='ocr_carea' id='block_1_89' title="bbox 135 5379 1812 5448">
    <p class='ocr_par' dir='ltr' id='par_1_89' title="bbox 135 5379 1812 5448">
     <span class='ocr_line' id='line_1_89' title="bbox 135 5379 1812 5448; baseline -0.001 -18"><span class='ocrx_word' id='word_1_673' title='bbox 135 5380 325 5445; x_wconf 75' lang='lat' dir='ltr'>]estatis</span> <span class='ocrx_word' id='word_1_674' title='bbox 353 5379 680 5434; x_wconf 87' lang='lat' dir='ltr'>ostenditur</span> <span class='ocrx_word' id='word_1_675' title='bbox 709 5384 766 5433; x_wconf 88' lang='lat' dir='ltr'>et</span> <span class='ocrx_word' id='word_1_676' title='bbox 809 5379 1095 5448; x_wconf 87' lang='lat' dir='ltr'>processio</span> <span class='ocrx_word' id='word_1_677' title='bbox 1132 5395 1144 5432; x_wconf 89' lang='lat'>:</span> <span class='ocrx_word' id='word_1_678' title='bbox 1199 5394 1328 5432; x_wconf 91' lang='lat' dir='ltr'>cum</span> <span class='ocrx_word' id='word_1_679' title='bbox 1369 5379 1524 5431; x_wconf 90' lang='lat' dir='ltr'>enim</span> <span class='ocrx_word' id='word_1_680' title='bbox 1573 5382 1812 5431; x_wconf 85' lang='lat' dir='ltr'>testetur</span> 
     </span>
    </p>
   </div>
   <div class='ocr_carea' id='block_1_90' title="bbox 139 5467 1812 5539">
    <p class='ocr_par' dir='ltr' id='par_1_90' title="bbox 139 5467 1812 5539">
     <span class='ocr_line' id='line_1_90' title="bbox 139 5467 1812 5539; baseline -0.001 -19"><span class='ocrx_word' id='word_1_681' title='bbox 139 5472 337 5522; x_wconf 81' lang='lat' dir='ltr'>nullum</span> <span class='ocrx_word' id='word_1_682' title='bbox 369 5486 497 5523; x_wconf 88' lang='lat' dir='ltr'>esse</span> <span class='ocrx_word' id='word_1_683' title='bbox 529 5470 716 5522; x_wconf 88' lang='lat' dir='ltr'>locum</span> <span class='ocrx_word' id='word_1_684' title='bbox 747 5469 1040 5539; x_wconf 89' lang='lat' dir='ltr'>aSpiritus</span> <span class='ocrx_word' id='word_1_685' title='bbox 1069 5468 1250 5522; x_wconf 90' lang='lat' dir='ltr'>sancti</span> <span class='ocrx_word' id='word_1_686' title='bbox 1275 5467 1581 5537; x_wconf 64' lang='lat' dir='ltr'>praesentia</span> <span class='ocrx_word' id='word_1_687' title='bbox 1619 5482 1812 5520; x_wconf 88' lang='lat' dir='ltr'>remo-</span> 
     </span>
    </p>
   </div>
   <div class='ocr_carea' id='block_1_91' title="bbox 143 5554 1814 5627">
    <p class='ocr_par' dir='ltr' id='par_1_91' title="bbox 143 5554 1814 5627">
     <span class='ocr_line' id='line_1_91' title="bbox 143 5554 1814 5627; baseline -0.002 -18"><span class='ocrx_word' id='word_1_688' title='bbox 143 5563 264 5622; x_wconf 87' lang='lat' dir='ltr'>tum,</span> <span class='ocrx_word' id='word_1_689' title='bbox 294 5559 479 5612; x_wconf 88' lang='lat' dir='ltr'>Patris</span> <span class='ocrx_word' id='word_1_690' title='bbox 513 5557 748 5627; x_wconf 78' lang='lat' dir='ltr'>Filiique</span> <span class='ocrx_word' id='word_1_691' title='bbox 782 5556 1063 5610; x_wconf 87' lang='lat' dir='ltr'>divinitati</span> <span class='ocrx_word' id='word_1_692' title='bbox 1084 5562 1286 5610; x_wconf 88' lang='lat' dir='ltr'>cuncta</span> <span class='ocrx_word' id='word_1_693' title='bbox 1320 5555 1662 5626; x_wconf 86' lang='lat' dir='ltr'>penetranti,</span> <span class='ocrx_word' id='word_1_694' title='bbox 1700 5554 1814 5606; x_wconf 85' lang='lat' dir='ltr'>sive</span> 
     </span>
    </p>
   </div>
   <div class='ocr_carea' id='block_1_92' title="bbox 1968 3078 3586 3148">
    <p class='ocr_par' dir='ltr' id='par_1_92' title="bbox 1968 3078 3586 3148">
     <span class='ocr_line' id='line_1_92' title="bbox 1968 3078 3586 3148; baseline -0.001 -15"><span class='ocrx_word' id='word_1_695' title='bbox 1968 3080 2114 3133; x_wconf 85' lang='lat' dir='ltr'>Dicit</span> <span class='ocrx_word' id='word_1_696' title='bbox 2152 3079 2430 3132; x_wconf 81' lang='lat' dir='ltr'>inferius:</span> <span class='ocrx_word' id='word_1_697' title='bbox 2485 3098 2512 3128; x_wconf 84' lang='lat'>«</span> <span class='ocrx_word' id='word_1_698' title='bbox 2571 3078 2717 3142; x_wconf 88' lang='lat' dir='ltr'>Quid</span> <span class='ocrx_word' id='word_1_699' title='bbox 2775 3085 2861 3132; x_wconf 87' lang='lat' dir='ltr'>est</span> <span class='ocrx_word' id='word_1_700' title='bbox 2915 3085 3107 3132; x_wconf 87' lang='lat' dir='ltr'>autem</span> <span class='ocrx_word' id='word_1_701' title='bbox 3163 3079 3313 3148; x_wconf 93' lang='lat' dir='ltr'>quod</span> <span class='ocrx_word' id='word_1_702' title='bbox 3366 3095 3430 3132; x_wconf 87' lang='lat' dir='ltr'>ex</span> <span class='ocrx_word' id='word_1_703' title='bbox 3472 3081 3586 3134; x_wconf 89' lang='lat' dir='ltr'>Deo</span> 
     </span>
    </p>
   </div>
   <div class='ocr_carea' id='block_1_93' title="bbox 1896 3166 3588 3237">
    <p class='ocr_par' dir='ltr' id='par_1_93' title="bbox 1896 3166 3588 3237">
     <span class='ocr_line' id='line_1_93' title="bbox 1896 3166 3588 3237; baseline -0.001 -14"><span class='ocrx_word' id='word_1_704' title='bbox 1896 3171 2058 3223; x_wconf 87' lang='lat' dir='ltr'>Patre</span> <span class='ocrx_word' id='word_1_705' title='bbox 2091 3167 2264 3222; x_wconf 86' lang='lat' dir='ltr'>Filius</span> <span class='ocrx_word' id='word_1_706' title='bbox 2311 3167 2461 3220; x_wconf 89' lang='lat' dir='ltr'>nasci</span> <span class='ocrx_word' id='word_1_707' title='bbox 2514 3167 2746 3233; x_wconf 89' lang='lat' dir='ltr'>dicitur,</span> <span class='ocrx_word' id='word_1_708' title='bbox 2797 3172 2854 3220; x_wconf 91' lang='lat' dir='ltr'>et</span> <span class='ocrx_word' id='word_1_709' title='bbox 2900 3166 3150 3236; x_wconf 90' lang='lat' dir='ltr'>Spiritus</span> <span class='ocrx_word' id='word_1_710' title='bbox 3195 3173 3422 3221; x_wconf 89' lang='lat' dir='ltr'>sanctus</span> <span class='ocrx_word' id='word_1_711' title='bbox 3464 3184 3588 3237; x_wconf 83' lang='lat' dir='ltr'>pro-</span> 
     </span>
    </p>
   </div>
   <div class='ocr_carea' id='block_1_94' title="bbox 1897 3253 3588 3325">
    <p class='ocr_par' dir='ltr' id='par_1_94' title="bbox 1897 3253 3588 3325">
     <span class='ocr_line' id='line_1_94' title="bbox 1897 3253 3588 3325; baseline 0 -16"><span class='ocrx_word' id='word_1_712' title='bbox 1897 3256 2097 3310; x_wconf 86' lang='lat' dir='ltr'>cedere</span> <span class='ocrx_word' id='word_1_713' title='bbox 2154 3253 2547 3325; x_wconf 82' lang='lat' dir='ltr'>signiﬁcatur?</span> <span class='ocrx_word' id='word_1_714' title='bbox 2610 3254 2669 3308; x_wconf 91' lang='lat' dir='ltr'>Si</span> <span class='ocrx_word' id='word_1_715' title='bbox 2739 3255 2997 3324; x_wconf 87' lang='lat' dir='ltr'>requiras</span> <span class='ocrx_word' id='word_1_716' title='bbox 3053 3255 3193 3324; x_wconf 88' lang='lat' dir='ltr'>quid</span> <span class='ocrx_word' id='word_1_717' title='bbox 3263 3255 3414 3309; x_wconf 88' lang='lat' dir='ltr'>inter</span> <span class='ocrx_word' id='word_1_718' title='bbox 3489 3272 3588 3309; x_wconf 87' lang='lat' dir='ltr'>na-</span> 
     </span>
    </p>
   </div>
   <div class='ocr_carea' id='block_1_95' title="bbox 1895 3342 3590 3413">
    <p class='ocr_par' dir='ltr' id='par_1_95' title="bbox 1895 3342 3590 3413">
     <span class='ocr_line' id='line_1_95' title="bbox 1895 3342 3590 3413; baseline -0.002 -15"><span class='ocrx_word' id='word_1_719' title='bbox 1895 3349 2148 3398; x_wconf 91' lang='lat' dir='ltr'>scentem</span> <span class='ocrx_word' id='word_1_720' title='bbox 2193 3350 2250 3396; x_wconf 88' lang='lat' dir='ltr'>et</span> <span class='ocrx_word' id='word_1_721' title='bbox 2291 3343 2695 3413; x_wconf 88' lang='lat' dir='ltr'>procedentem</span> <span class='ocrx_word' id='word_1_722' title='bbox 2732 3343 2922 3408; x_wconf 87' lang='lat' dir='ltr'>distet,</span> <span class='ocrx_word' id='word_1_723' title='bbox 2957 3343 3251 3396; x_wconf 84' lang='lat' dir='ltr'>evidenter</span> <span class='ocrx_word' id='word_1_724' title='bbox 3279 3343 3387 3397; x_wconf 90' lang='lat' dir='ltr'>hoc</span> <span class='ocrx_word' id='word_1_725' title='bbox 3417 3342 3590 3397; x_wconf 90' lang='lat' dir='ltr'>inter-</span> 
     </span>
    </p>
   </div>
   <div class='ocr_carea' id='block_1_96' title="bbox 1898 3431 3591 3503">
    <p class='ocr_par' dir='ltr' id='par_1_96' title="bbox 1898 3431 3591 3503">
     <span class='ocr_line' id='line_1_96' title="bbox 1898 3431 3591 3503; baseline 0 -17"><span class='ocrx_word' id='word_1_726' title='bbox 1898 3438 2000 3500; x_wconf 90' lang='lat' dir='ltr'>est,</span> <span class='ocrx_word' id='word_1_727' title='bbox 2043 3431 2177 3502; x_wconf 89' lang='lat' dir='ltr'>quia</span> <span class='ocrx_word' id='word_1_728' title='bbox 2204 3431 2308 3484; x_wconf 90' lang='lat' dir='ltr'>iste</span> <span class='ocrx_word' id='word_1_729' title='bbox 2339 3447 2401 3484; x_wconf 83' lang='lat' dir='ltr'>ex</span> <span class='ocrx_word' id='word_1_730' title='bbox 2443 3448 2557 3485; x_wconf 89' lang='lat' dir='ltr'>uno</span> <span class='ocrx_word' id='word_1_731' title='bbox 2588 3432 2861 3495; x_wconf 89' lang='lat' dir='ltr'>nascitur,</span> <span class='ocrx_word' id='word_1_732' title='bbox 2903 3432 2998 3485; x_wconf 91' lang='lat' dir='ltr'>ille</span> <span class='ocrx_word' id='word_1_733' title='bbox 3048 3448 3115 3485; x_wconf 83' lang='lat' dir='ltr'>ex</span> <span class='ocrx_word' id='word_1_734' title='bbox 3179 3437 3424 3503; x_wconf 89' lang='lat' dir='ltr'>utroque</span> <span class='ocrx_word' id='word_1_735' title='bbox 3463 3448 3591 3503; x_wconf 86' lang='lat' dir='ltr'>pro-</span> 
     </span>
    </p>
   </div>
   <div class='ocr_carea' id='block_1_97' title="bbox 1898 3520 3590 3592">
    <p class='ocr_par' dir='ltr' id='par_1_97' title="bbox 1898 3520 3590 3592">
     <span class='ocr_line' id='line_1_97' title="bbox 1898 3520 3590 3592; baseline 0.001 -18"><span class='ocrx_word' id='word_1_736' title='bbox 1898 3522 2174 3590; x_wconf 85' lang='lat' dir='ltr'>greditur.</span> <span class='ocrx_word' id='word_1_737' title='bbox 2229 3540 2256 3570; x_wconf 85' lang='lat'><strong>»</strong></span> <span class='ocrx_word' id='word_1_738' title='bbox 2303 3520 2519 3584; x_wconf 84' lang='lat' dir='ltr'>Quibus</span> <span class='ocrx_word' id='word_1_739' title='bbox 2563 3527 2618 3574; x_wconf 90' lang='lat' dir='ltr'>et</span> <span class='ocrx_word' id='word_1_740' title='bbox 2646 3537 3011 3590; x_wconf 79' lang='lat' dir='ltr'>progressum</span> <span class='ocrx_word' id='word_1_741' title='bbox 3063 3537 3097 3574; x_wconf 91' lang='lat' dir='ltr'>a</span> <span class='ocrx_word' id='word_1_742' title='bbox 3139 3523 3303 3575; x_wconf 88' lang='lat' dir='ltr'>Patre</span> <span class='ocrx_word' id='word_1_743' title='bbox 3334 3522 3590 3592; x_wconf 88' lang='lat' dir='ltr'>Filioque</span> 
     </span>
    </p>
   </div>
   <div class='ocr_carea' id='block_1_98' title="bbox 1901 3609 3593 3681">
    <p class='ocr_par' dir='ltr' id='par_1_98' title="bbox 1901 3609 3593 3681">
     <span class='ocr_line' id='line_1_98' title="bbox 1901 3609 3593 3681; baseline -0.001 -17"><span class='ocrx_word' id='word_1_744' title='bbox 1901 3610 2180 3681; x_wconf 88' lang='lat' dir='ltr'>Spiritum</span> <span class='ocrx_word' id='word_1_745' title='bbox 2230 3610 2551 3680; x_wconf 89' lang='lat' dir='ltr'>profitetur.</span> <span class='ocrx_word' id='word_1_746' title='bbox 2590 3610 2653 3662; x_wconf 86' lang='lat' dir='ltr'>Et</span> <span class='ocrx_word' id='word_1_747' title='bbox 2681 3609 2822 3662; x_wconf 87' lang='lat' dir='ltr'>ratio</span> <span class='ocrx_word' id='word_1_748' title='bbox 2865 3609 3121 3662; x_wconf 89' lang='lat' dir='ltr'>redditur</span> <span class='ocrx_word' id='word_1_749' title='bbox 3153 3626 3255 3663; x_wconf 89' lang='lat' dir='ltr'>cur</span> <span class='ocrx_word' id='word_1_750' title='bbox 3283 3616 3340 3664; x_wconf 90' lang='lat' dir='ltr'>et</span> <span class='ocrx_word' id='word_1_751' title='bbox 3368 3627 3401 3664; x_wconf 88' lang='lat' dir='ltr'>a</span> <span class='ocrx_word' id='word_1_752' title='bbox 3451 3611 3593 3663; x_wconf 80' lang='lat' dir='ltr'>Filio</span> 
     </span>
    </p>
   </div>
   <div class='ocr_carea' id='block_1_99' title="bbox 1900 3697 3593 3770">
    <p class='ocr_par' dir='ltr' id='par_1_99' title="bbox 1900 3697 3593 3770">
     <span class='ocr_line' id='line_1_99' title="bbox 1900 3697 3593 3770; baseline 0 -18"><span class='ocrx_word' id='word_1_753' title='bbox 1900 3699 2268 3770; x_wconf 89' lang='lat' dir='ltr'>progreditur</span> <span class='ocrx_word' id='word_1_754' title='bbox 2301 3715 2314 3751; x_wconf 90' lang='lat'>:</span> <span class='ocrx_word' id='word_1_755' title='bbox 2348 3714 2482 3751; x_wconf 88' lang='lat' dir='ltr'>nam</span> <span class='ocrx_word' id='word_1_756' title='bbox 2514 3698 2559 3750; x_wconf 93' lang='lat' dir='ltr'>si</span> <span class='ocrx_word' id='word_1_757' title='bbox 2605 3698 2859 3750; x_wconf 89' lang='lat' dir='ltr'>dicamus</span> <span class='ocrx_word' id='word_1_758' title='bbox 2893 3697 3045 3767; x_wconf 89' lang='lat' dir='ltr'>quod</span> <span class='ocrx_word' id='word_1_759' title='bbox 3077 3714 3110 3750; x_wconf 89' lang='lat' dir='ltr'>a</span> <span class='ocrx_word' id='word_1_760' title='bbox 3157 3699 3321 3751; x_wconf 89' lang='lat' dir='ltr'>Patre</span> <span class='ocrx_word' id='word_1_761' title='bbox 3369 3703 3593 3752; x_wconf 89' lang='lat' dir='ltr'>tantum</span> 
     </span>
    </p>
   </div>
   <div class='ocr_carea' id='block_1_100' title="bbox 1901 3787 3595 3858">
    <p class='ocr_par' dir='ltr' id='par_1_100' title="bbox 1901 3787 3595 3858">
     <span class='ocr_line' id='line_1_100' title="bbox 1901 3787 3595 3858; baseline -0.001 -16"><span class='ocrx_word' id='word_1_762' title='bbox 1901 3788 2192 3858; x_wconf 88' lang='lat' dir='ltr'>procedat,</span> <span class='ocrx_word' id='word_1_763' title='bbox 2227 3787 2361 3841; x_wconf 87' lang='lat' dir='ltr'>fidei</span> <span class='ocrx_word' id='word_1_764' title='bbox 2412 3787 2733 3855; x_wconf 88' lang='lat' dir='ltr'>periculum</span> <span class='ocrx_word' id='word_1_765' title='bbox 2788 3803 2902 3840; x_wconf 91' lang='lat' dir='ltr'>non</span> <span class='ocrx_word' id='word_1_766' title='bbox 2958 3787 3286 3840; x_wconf 83' lang='lat' dir='ltr'>evitamus:</span> <span class='ocrx_word' id='word_1_767' title='bbox 3345 3787 3595 3857; x_wconf 89' lang='lat' dir='ltr'>qualiter</span> 
     </span>
    </p>
   </div>
   <div class='ocr_carea' id='block_1_101' title="bbox 1903 3873 3592 3940">
    <p class='ocr_par' dir='ltr' id='par_1_101' title="bbox 1903 3873 3592 3940">
     <span class='ocr_line' id='line_1_101' title="bbox 1903 3873 3592 3940; baseline -0.001 -10"><span class='ocrx_word' id='word_1_768' title='bbox 1903 3879 2059 3931; x_wconf 89' lang='lat' dir='ltr'>enim</span> <span class='ocrx_word' id='word_1_769' title='bbox 2089 3874 2262 3929; x_wconf 84' lang='lat' dir='ltr'>Filius</span> <span class='ocrx_word' id='word_1_770' title='bbox 2308 3875 2510 3929; x_wconf 90' lang='lat' dir='ltr'>unicus</span> <span class='ocrx_word' id='word_1_771' title='bbox 2555 3891 2675 3928; x_wconf 88' lang='lat' dir='ltr'>esse</span> <span class='ocrx_word' id='word_1_772' title='bbox 2724 3875 2903 3928; x_wconf 89' lang='lat' dir='ltr'>Patris</span> <span class='ocrx_word' id='word_1_773' title='bbox 2951 3873 3193 3940; x_wconf 90' lang='lat' dir='ltr'>dicatur,</span> <span class='ocrx_word' id='word_1_774' title='bbox 3243 3891 3374 3929; x_wconf 92' lang='lat' dir='ltr'>cum</span> <span class='ocrx_word' id='word_1_775' title='bbox 3421 3875 3592 3929; x_wconf 88' lang='lat' dir='ltr'>etiam</span> 
     </span>
    </p>
   </div>
   <div class='ocr_carea' id='block_1_102' title="bbox 1903 3963 3594 4035">
    <p class='ocr_par' dir='ltr' id='par_1_102' title="bbox 1903 3963 3594 4035">
     <span class='ocr_line' id='line_1_102' title="bbox 1903 3963 3594 4035; baseline -0.001 -15"><span class='ocrx_word' id='word_1_776' title='bbox 1903 3973 1958 4020; x_wconf 90' lang='lat' dir='ltr'>et</span> <span class='ocrx_word' id='word_1_777' title='bbox 1989 3965 2235 4035; x_wconf 89' lang='lat' dir='ltr'>Spiritus</span> <span class='ocrx_word' id='word_1_778' title='bbox 2269 3964 2524 4034; x_wconf 89' lang='lat' dir='ltr'>ejusdem</span> <span class='ocrx_word' id='word_1_779' title='bbox 2557 3979 2678 4016; x_wconf 90' lang='lat' dir='ltr'>esse</span> <span class='ocrx_word' id='word_1_780' title='bbox 2712 3980 2830 4016; x_wconf 90' lang='lat' dir='ltr'>non</span> <span class='ocrx_word' id='word_1_781' title='bbox 2857 3963 3152 4017; x_wconf 85' lang='lat' dir='ltr'>taceatur?</span> <span class='ocrx_word' id='word_1_782' title='bbox 3209 3965 3274 4017; x_wconf 88' lang='lat' dir='ltr'>Et</span> <span class='ocrx_word' id='word_1_783' title='bbox 3303 3965 3594 4034; x_wconf 91' lang='lat' dir='ltr'>quomodo</span> 
     </span>
    </p>
   </div>
   <div class='ocr_carea' id='block_1_103' title="bbox 1904 4051 3594 4124">
    <p class='ocr_par' dir='ltr' id='par_1_103' title="bbox 1904 4051 3594 4124">
     <span class='ocr_line' id='line_1_103' title="bbox 1904 4051 3594 4124; baseline -0.002 -16"><span class='ocrx_word' id='word_1_784' title='bbox 1904 4053 2310 4124; x_wconf 90' lang='lat' dir='ltr'>comprobetur</span> <span class='ocrx_word' id='word_1_785' title='bbox 2338 4068 2450 4105; x_wconf 89' lang='lat' dir='ltr'>non</span> <span class='ocrx_word' id='word_1_786' title='bbox 2483 4068 2603 4104; x_wconf 89' lang='lat' dir='ltr'>esse</span> <span class='ocrx_word' id='word_1_787' title='bbox 2638 4051 2833 4118; x_wconf 84' lang='lat' dir='ltr'>Filius,</span> <span class='ocrx_word' id='word_1_788' title='bbox 2865 4052 2964 4122; x_wconf 91' lang='lat' dir='ltr'>qui</span> <span class='ocrx_word' id='word_1_789' title='bbox 3013 4052 3167 4105; x_wconf 90' lang='lat' dir='ltr'>velut</span> <span class='ocrx_word' id='word_1_790' title='bbox 3216 4051 3388 4106; x_wconf 87' lang='lat' dir='ltr'>Filius</span> <span class='ocrx_word' id='word_1_791' title='bbox 3423 4069 3454 4105; x_wconf 91' lang='lat' dir='ltr'>a</span> <span class='ocrx_word' id='word_1_792' title='bbox 3483 4054 3594 4106; x_wconf 90' lang='lat' dir='ltr'>Pa-</span> 
     </span>
    </p>
   </div>
   <div class='ocr_carea' id='block_1_104' title="bbox 1903 4138 3599 4208">
    <p class='ocr_par' dir='ltr' id='par_1_104' title="bbox 1903 4138 3599 4208">
     <span class='ocr_line' id='line_1_104' title="bbox 1903 4138 3599 4208; baseline -0.001 -13"><span class='ocrx_word' id='word_1_793' title='bbox 1903 4147 1991 4196; x_wconf 88' lang='lat' dir='ltr'>tre</span> <span class='ocrx_word' id='word_1_794' title='bbox 2047 4139 2360 4194; x_wconf 82' lang='lat' dir='ltr'>consistat?</span> <span class='ocrx_word' id='word_1_795' title='bbox 2412 4138 2689 4208; x_wconf 87' lang='lat' dir='ltr'>fugienda</span> <span class='ocrx_word' id='word_1_796' title='bbox 2758 4145 2861 4206; x_wconf 91' lang='lat' dir='ltr'>est,</span> <span class='ocrx_word' id='word_1_797' title='bbox 2920 4140 3035 4192; x_wconf 89' lang='lat' dir='ltr'>imo</span> <span class='ocrx_word' id='word_1_798' title='bbox 3092 4139 3420 4194; x_wconf 88' lang='lat' dir='ltr'>subruenda</span> <span class='ocrx_word' id='word_1_799' title='bbox 3471 4141 3599 4194; x_wconf 88' lang='lat' dir='ltr'>talis</span> 
     </span>
    </p>
   </div>
   <div class='ocr_carea' id='block_1_105' title="bbox 1904 4227 3596 4299">
    <p class='ocr_par' dir='ltr' id='par_1_105' title="bbox 1904 4227 3596 4299">
     <span class='ocr_line' id='line_1_105' title="bbox 1904 4227 3596 4299; baseline 0 -16"><span class='ocrx_word' id='word_1_800' title='bbox 1904 4228 2283 4299; x_wconf 88' lang='lat' dir='ltr'>blasphemia,</span> <span class='ocrx_word' id='word_1_801' title='bbox 2331 4232 2390 4280; x_wconf 92' lang='lat' dir='ltr'>ut</span> <span class='ocrx_word' id='word_1_802' title='bbox 2445 4227 2586 4281; x_wconf 85' lang='lat' dir='ltr'>fides</span> <span class='ocrx_word' id='word_1_803' title='bbox 2636 4227 2917 4281; x_wconf 91' lang='lat' dir='ltr'>catholica</span> <span class='ocrx_word' id='word_1_804' title='bbox 2962 4227 3170 4298; x_wconf 89' lang='lat' dir='ltr'>jaculis</span> <span class='ocrx_word' id='word_1_805' title='bbox 3232 4229 3596 4283; x_wconf 91' lang='lat' dir='ltr'>inimicorum</span> 
     </span>
    </p>
   </div>
   <div class='ocr_carea' id='block_1_106' title="bbox 1837 4313 3599 4386">
    <p class='ocr_par' dir='ltr' id='par_1_106' title="bbox 1837 4313 3599 4386">
     <span class='ocr_line' id='line_1_106' title="bbox 1837 4313 3599 4386; baseline 0.003 -20"><span class='ocrx_word' id='word_1_806' title='bbox 1837 4313 1880 4366; x_wconf 93' lang='lat' dir='ltr'>D</span> <span class='ocrx_word' id='word_1_807' title='bbox 1912 4334 2026 4371; x_wconf 89' lang='lat' dir='ltr'>non</span> <span class='ocrx_word' id='word_1_808' title='bbox 2050 4319 2145 4370; x_wconf 81' lang='lat' dir='ltr'>fiat</span> <span class='ocrx_word' id='word_1_809' title='bbox 2173 4316 2444 4385; x_wconf 84' lang='lat' dir='ltr'>exposita.</span> <span class='ocrx_word' id='word_1_810' title='bbox 2482 4316 2710 4368; x_wconf 89' lang='lat' dir='ltr'>Dicatur</span> <span class='ocrx_word' id='word_1_811' title='bbox 2740 4316 2932 4386; x_wconf 87' lang='lat' dir='ltr'>itaque</span> <span class='ocrx_word' id='word_1_812' title='bbox 2970 4317 3124 4386; x_wconf 88' lang='lat' dir='ltr'>quod</span> <span class='ocrx_word' id='word_1_813' title='bbox 3176 4317 3355 4370; x_wconf 90' lang='lat' dir='ltr'>nostri</span> <span class='ocrx_word' id='word_1_814' title='bbox 3407 4318 3599 4371; x_wconf 79' lang='lat' dir='ltr'>dixere</span> 
     </span>
    </p>
   </div>
   <div class='ocr_carea' id='block_1_107' title="bbox 1907 4405 3602 4475">
    <p class='ocr_par' dir='ltr' id='par_1_107' title="bbox 1907 4405 3602 4475">
     <span class='ocr_line' id='line_1_107' title="bbox 1907 4405 3602 4475; baseline 0.001 -16"><span class='ocrx_word' id='word_1_815' title='bbox 1907 4407 2189 4475; x_wconf 88' lang='lat' dir='ltr'>majores:</span> <span class='ocrx_word' id='word_1_816' title='bbox 2235 4405 2408 4458; x_wconf 90' lang='lat' dir='ltr'>Filius</span> <span class='ocrx_word' id='word_1_817' title='bbox 2441 4421 2507 4458; x_wconf 82' lang='lat' dir='ltr'>ex</span> <span class='ocrx_word' id='word_1_818' title='bbox 2555 4405 2719 4458; x_wconf 89' lang='lat' dir='ltr'>Patre</span> <span class='ocrx_word' id='word_1_819' title='bbox 2748 4412 2934 4474; x_wconf 90' lang='lat' dir='ltr'>natus,</span> <span class='ocrx_word' id='word_1_820' title='bbox 2997 4406 3150 4458; x_wconf 90' lang='lat' dir='ltr'>solus</span> <span class='ocrx_word' id='word_1_821' title='bbox 3209 4406 3278 4459; x_wconf 90' lang='lat' dir='ltr'>de</span> <span class='ocrx_word' id='word_1_822' title='bbox 3339 4406 3481 4474; x_wconf 89' lang='lat' dir='ltr'>solo,</span> <span class='ocrx_word' id='word_1_823' title='bbox 3539 4423 3602 4461; x_wconf 89' lang='lat' dir='ltr'>ac</span> 
     </span>
    </p>
   </div>
   <div class='ocr_carea' id='block_1_108' title="bbox 1907 4493 3601 4566">
    <p class='ocr_par' dir='ltr' id='par_1_108' title="bbox 1907 4493 3601 4566">
     <span class='ocr_line' id='line_1_108' title="bbox 1907 4493 3601 4566; baseline -0.001 -18"><span class='ocrx_word' id='word_1_824' title='bbox 1907 4512 2008 4566; x_wconf 87' lang='lat' dir='ltr'>per</span> <span class='ocrx_word' id='word_1_825' title='bbox 2035 4496 2142 4549; x_wconf 90' lang='lat' dir='ltr'>hoc</span> <span class='ocrx_word' id='word_1_826' title='bbox 2174 4494 2543 4564; x_wconf 89' lang='lat' dir='ltr'>unigenitus:</span> <span class='ocrx_word' id='word_1_827' title='bbox 2582 4493 2830 4563; x_wconf 90' lang='lat' dir='ltr'>Spiritus</span> <span class='ocrx_word' id='word_1_828' title='bbox 2874 4510 3008 4546; x_wconf 82' lang='lat' dir='ltr'>vero</span> <span class='ocrx_word' id='word_1_829' title='bbox 3052 4499 3279 4547; x_wconf 87' lang='lat' dir='ltr'>sanctus</span> <span class='ocrx_word' id='word_1_830' title='bbox 3326 4495 3394 4548; x_wconf 91' lang='lat' dir='ltr'>de</span> <span class='ocrx_word' id='word_1_831' title='bbox 3437 4497 3601 4549; x_wconf 89' lang='lat' dir='ltr'>Patre</span> 
     </span>
    </p>
   </div>
   <div class='ocr_carea' id='block_1_109' title="bbox 1908 4581 3601 4654">
    <p class='ocr_par' dir='ltr' id='par_1_109' title="bbox 1908 4581 3601 4654">
     <span class='ocr_line' id='line_1_109' title="bbox 1908 4581 3601 4654; baseline -0.001 -18"><span class='ocrx_word' id='word_1_832' title='bbox 1908 4583 2140 4654; x_wconf 72' lang='lat' dir='ltr'>quidem</span> <span class='ocrx_word' id='word_1_833' title='bbox 2168 4582 2502 4653; x_wconf 89' lang='lat' dir='ltr'>procedens,</span> <span class='ocrx_word' id='word_1_834' title='bbox 2537 4582 2633 4635; x_wconf 91' lang='lat' dir='ltr'>sed</span> <span class='ocrx_word' id='word_1_835' title='bbox 2667 4597 2783 4634; x_wconf 91' lang='lat' dir='ltr'>non</span> <span class='ocrx_word' id='word_1_836' title='bbox 2831 4581 2900 4634; x_wconf 91' lang='lat' dir='ltr'>de</span> <span class='ocrx_word' id='word_1_837' title='bbox 2933 4581 3051 4633; x_wconf 90' lang='lat' dir='ltr'>solo</span> <span class='ocrx_word' id='word_1_838' title='bbox 3095 4581 3282 4646; x_wconf 87' lang='lat' dir='ltr'>solus;</span> <span class='ocrx_word' id='word_1_839' title='bbox 3329 4582 3601 4652; x_wconf 87' lang='lat' dir='ltr'>quoniam</span> 
     </span>
    </p>
   </div>
   <div class='ocr_carea' id='block_1_110' title="bbox 1907 4667 3602 4742">
    <p class='ocr_par' dir='ltr' id='par_1_110' title="bbox 1907 4667 3602 4742">
     <span class='ocr_line' id='line_1_110' title="bbox 1907 4667 3602 4742; baseline -0.002 -17"><span class='ocrx_word' id='word_1_840' title='bbox 1907 4671 2181 4742; x_wconf 89' lang='lat' dir='ltr'>procedat</span> <span class='ocrx_word' id='word_1_841' title='bbox 2209 4676 2318 4724; x_wconf 90' lang='lat' dir='ltr'>eta</span> <span class='ocrx_word' id='word_1_842' title='bbox 2358 4671 2521 4738; x_wconf 85' lang='lat' dir='ltr'>Filio,</span> <span class='ocrx_word' id='word_1_843' title='bbox 2555 4687 2626 4723; x_wconf 89' lang='lat' dir='ltr'>ne</span> <span class='ocrx_word' id='word_1_844' title='bbox 2667 4669 2812 4723; x_wconf 91' lang='lat' dir='ltr'>duos</span> <span class='ocrx_word' id='word_1_845' title='bbox 2849 4669 3014 4721; x_wconf 87' lang='lat' dir='ltr'>Filios</span> <span class='ocrx_word' id='word_1_846' title='bbox 3047 4667 3340 4722; x_wconf 88' lang='lat' dir='ltr'>videamur</span> <span class='ocrx_word' id='word_1_847' title='bbox 3395 4670 3602 4738; x_wconf 77' lang='lat' dir='ltr'>praedi-</span> 
     </span>
    </p>
   </div>
   <div class='ocr_carea' id='block_1_111' title="bbox 1911 4757 3602 4830">
    <p class='ocr_par' dir='ltr' id='par_1_111' title="bbox 1911 4757 3602 4830">
     <span class='ocr_line' id='line_1_111' title="bbox 1911 4757 3602 4830; baseline -0.002 -16"><span class='ocrx_word' id='word_1_848' title='bbox 1911 4777 2058 4827; x_wconf 89' lang='lat' dir='ltr'>care,</span> <span class='ocrx_word' id='word_1_849' title='bbox 2105 4759 2529 4830; x_wconf 87' lang='lat' dir='ltr'>processionem</span> <span class='ocrx_word' id='word_1_850' title='bbox 2566 4758 2810 4828; x_wconf 89' lang='lat' dir='ltr'>Spiritus</span> <span class='ocrx_word' id='word_1_851' title='bbox 2842 4757 2887 4809; x_wconf 94' lang='lat' dir='ltr'>si</span> <span class='ocrx_word' id='word_1_852' title='bbox 2935 4757 3004 4810; x_wconf 90' lang='lat' dir='ltr'>de</span> <span class='ocrx_word' id='word_1_853' title='bbox 3029 4757 3192 4810; x_wconf 90' lang='lat' dir='ltr'>Patre</span> <span class='ocrx_word' id='word_1_854' title='bbox 3237 4757 3602 4810; x_wconf 90' lang='lat' dir='ltr'>solummodo</span> 
     </span>
    </p>
   </div>
   <div class='ocr_carea' id='block_1_112' title="bbox 1912 4845 3602 4917">
    <p class='ocr_par' dir='ltr' id='par_1_112' title="bbox 1912 4845 3602 4917">
     <span class='ocr_line' id='line_1_112' title="bbox 1912 4845 3602 4917; baseline -0.002 -15"><span class='ocrx_word' id='word_1_855' title='bbox 1912 4850 2305 4902; x_wconf 83' lang='lat' dir='ltr'>confiteamur.</span> <span class='ocrx_word' id='word_1_856' title='bbox 2375 4848 2554 4917; x_wconf 90' lang='lat' dir='ltr'>lgitur</span> <span class='ocrx_word' id='word_1_857' title='bbox 2609 4847 2805 4900; x_wconf 88' lang='lat' dir='ltr'>doctor</span> <span class='ocrx_word' id='word_1_858' title='bbox 2869 4845 2973 4899; x_wconf 91' lang='lat' dir='ltr'>iste</span> <span class='ocrx_word' id='word_1_859' title='bbox 3030 4845 3310 4914; x_wconf 89' lang='lat' dir='ltr'>majorum</span> <span class='ocrx_word' id='word_1_860' title='bbox 3389 4845 3602 4899; x_wconf 86' lang='lat' dir='ltr'>doctri-</span> 
     </span>
    </p>
   </div>
   <div class='ocr_carea' id='block_1_113' title="bbox 1912 4933 3606 5003">
    <p class='ocr_par' dir='ltr' id='par_1_113' title="bbox 1912 4933 3606 5003">
     <span class='ocr_line' id='line_1_113' title="bbox 1912 4933 3606 5003; baseline -0.003 -11"><span class='ocrx_word' id='word_1_861' title='bbox 1912 4954 2048 4992; x_wconf 88' lang='lat' dir='ltr'>nam</span> <span class='ocrx_word' id='word_1_862' title='bbox 2115 4943 2341 4989; x_wconf 89' lang='lat' dir='ltr'>secutus</span> <span class='ocrx_word' id='word_1_863' title='bbox 2415 4951 2672 4999; x_wconf 88' lang='lat' dir='ltr'>suorum,</span> <span class='ocrx_word' id='word_1_864' title='bbox 2733 4935 2849 4987; x_wconf 87' lang='lat' dir='ltr'>suis</span> <span class='ocrx_word' id='word_1_865' title='bbox 2923 4933 3165 5003; x_wconf 87' lang='lat' dir='ltr'>posteris</span> <span class='ocrx_word' id='word_1_866' title='bbox 3252 4933 3606 5003; x_wconf 88' lang='lat' dir='ltr'>transcripsit</span> 
     </span>
    </p>
   </div>
   <div class='ocr_carea' id='block_1_114' title="bbox 1915 5020 3604 5097">
    <p class='ocr_par' dir='ltr' id='par_1_114' title="bbox 1915 5020 3604 5097">
     <span class='ocr_line' id='line_1_114' title="bbox 1915 5020 3604 5097; baseline -0.004 -17"><span class='ocrx_word' id='word_1_867' title='bbox 1915 5026 2069 5097; x_wconf 88' lang='lat' dir='ltr'>quod</span> <span class='ocrx_word' id='word_1_868' title='bbox 2099 5043 2131 5078; x_wconf 90' lang='lat' dir='ltr'>a</span> <span class='ocrx_word' id='word_1_869' title='bbox 2160 5024 2276 5077; x_wconf 89' lang='lat' dir='ltr'>suis</span> <span class='ocrx_word' id='word_1_870' title='bbox 2307 5023 2592 5092; x_wconf 89' lang='lat' dir='ltr'>prioribus</span> <span class='ocrx_word' id='word_1_871' title='bbox 2650 5022 2870 5092; x_wconf 89' lang='lat' dir='ltr'>accepit</span> <span class='ocrx_word' id='word_1_872' title='bbox 2900 5040 2913 5075; x_wconf 90' lang='lat'>:</span> <span class='ocrx_word' id='word_1_873' title='bbox 2968 5037 3212 5092; x_wconf 88' lang='lat' dir='ltr'>cumque</span> <span class='ocrx_word' id='word_1_874' title='bbox 3256 5021 3326 5075; x_wconf 89' lang='lat' dir='ltr'>de</span> <span class='ocrx_word' id='word_1_875' title='bbox 3384 5020 3604 5092; x_wconf 90' lang='lat' dir='ltr'>Spiritu</span> 
     </span>
    </p>
   </div>
   <div class='ocr_carea' id='block_1_115' title="bbox 1917 5109 3607 5180">
    <p class='ocr_par' dir='ltr' id='par_1_115' title="bbox 1917 5109 3607 5180">
     <span class='ocr_line' id='line_1_115' title="bbox 1917 5109 3607 5180; baseline -0.003 -13"><span class='ocrx_word' id='word_1_876' title='bbox 1917 5118 2109 5167; x_wconf 89' lang='lat' dir='ltr'>sancto</span> <span class='ocrx_word' id='word_1_877' title='bbox 2134 5114 2448 5166; x_wconf 78' lang='lat' dir='ltr'>Romanam</span> <span class='ocrx_word' id='word_1_878' title='bbox 2478 5109 2708 5174; x_wconf 82' lang='lat' dir='ltr'>sentire,</span> <span class='ocrx_word' id='word_1_879' title='bbox 2747 5110 2894 5162; x_wconf 87' lang='lat' dir='ltr'>sicut</span> <span class='ocrx_word' id='word_1_880' title='bbox 2934 5109 3105 5163; x_wconf 90' lang='lat' dir='ltr'>hodie</span> <span class='ocrx_word' id='word_1_881' title='bbox 3157 5109 3349 5176; x_wconf 90' lang='lat' dir='ltr'>sentit,</span> <span class='ocrx_word' id='word_1_882' title='bbox 3389 5111 3607 5180; x_wconf 88' lang='lat' dir='ltr'>proba-</span> 
     </span>
    </p>
   </div>
   <div class='ocr_carea' id='block_1_116' title="bbox 1918 5197 3609 5264">
    <p class='ocr_par' dir='ltr' id='par_1_116' title="bbox 1918 5197 3609 5264">
     <span class='ocr_line' id='line_1_116' title="bbox 1918 5197 3609 5264; baseline -0.001 -10"><span class='ocrx_word' id='word_1_883' title='bbox 1918 5202 1992 5254; x_wconf 90' lang='lat' dir='ltr'>rit</span> <span class='ocrx_word' id='word_1_884' title='bbox 2013 5199 2336 5262; x_wconf 88' lang='lat' dir='ltr'>Ecclesiam,</span> <span class='ocrx_word' id='word_1_885' title='bbox 2369 5197 2704 5252; x_wconf 89' lang='lat' dir='ltr'>nullomodo</span> <span class='ocrx_word' id='word_1_886' title='bbox 2734 5203 2926 5250; x_wconf 91' lang='lat' dir='ltr'>tamen</span> <span class='ocrx_word' id='word_1_887' title='bbox 2957 5198 3224 5264; x_wconf 90' lang='lat' dir='ltr'>ostendit,</span> <span class='ocrx_word' id='word_1_888' title='bbox 3271 5197 3330 5252; x_wconf 88' lang='lat' dir='ltr'>in</span> <span class='ocrx_word' id='word_1_889' title='bbox 3362 5199 3464 5252; x_wconf 91' lang='lat' dir='ltr'>tali</span> <span class='ocrx_word' id='word_1_890' title='bbox 3495 5199 3609 5252; x_wconf 84' lang='lat' dir='ltr'>fide</span> 
     </span>
    </p>
   </div>
   <div class='ocr_carea' id='block_1_117' title="bbox 1917 5283 3612 5358">
    <p class='ocr_par' dir='ltr' id='par_1_117' title="bbox 1917 5283 3612 5358">
     <span class='ocr_line' id='line_1_117' title="bbox 1917 5283 3612 5358; baseline -0.001 -17"><span class='ocrx_word' id='word_1_891' title='bbox 1917 5291 2351 5358; x_wconf 85' lang='lat' dir='ltr'>permanentem</span> <span class='ocrx_word' id='word_1_892' title='bbox 2429 5285 2500 5338; x_wconf 89' lang='lat' dir='ltr'>ab</span> <span class='ocrx_word' id='word_1_893' title='bbox 2555 5283 2938 5338; x_wconf 87' lang='lat' dir='ltr'>Orientalibus</span> <span class='ocrx_word' id='word_1_894' title='bbox 3013 5286 3269 5340; x_wconf 86' lang='lat' dir='ltr'>Ecclesiis</span> <span class='ocrx_word' id='word_1_895' title='bbox 3337 5287 3426 5340; x_wconf 88' lang='lat' dir='ltr'>vel</span> <span class='ocrx_word' id='word_1_896' title='bbox 3501 5287 3612 5340; x_wconf 88' lang='lat' dir='ltr'>ali-</span> 
     </span>
    </p>
   </div>
   <div class='ocr_carea' id='block_1_118' title="bbox 1920 5373 3611 5446">
    <p class='ocr_par' dir='ltr' id='par_1_118' title="bbox 1920 5373 3611 5446">
     <span class='ocr_line' id='line_1_118' title="bbox 1920 5373 3611 5446; baseline 0.001 -18"><span class='ocrx_word' id='word_1_897' title='bbox 1920 5373 2148 5446; x_wconf 88' lang='lat' dir='ltr'>quando</span> <span class='ocrx_word' id='word_1_898' title='bbox 2188 5373 2361 5427; x_wconf 79' lang='lat' dir='ltr'>fuisse</span> <span class='ocrx_word' id='word_1_899' title='bbox 2388 5373 2646 5438; x_wconf 82' lang='lat' dir='ltr'>divisam,</span> <span class='ocrx_word' id='word_1_900' title='bbox 2681 5373 2767 5426; x_wconf 91' lang='lat' dir='ltr'>vel</span> <span class='ocrx_word' id='word_1_901' title='bbox 2813 5389 3068 5442; x_wconf 90' lang='lat' dir='ltr'>unquam</span> <span class='ocrx_word' id='word_1_902' title='bbox 3101 5373 3324 5428; x_wconf 89' lang='lat' dir='ltr'>diversa</span> <span class='ocrx_word' id='word_1_903' title='bbox 3378 5375 3448 5428; x_wconf 90' lang='lat' dir='ltr'>de</span> <span class='ocrx_word' id='word_1_904' title='bbox 3485 5375 3611 5446; x_wconf 86' lang='lat' dir='ltr'>Spi-</span> 
     </span>
    </p>
   </div>
   <div class='ocr_carea' id='block_1_119' title="bbox 1921 5460 3616 5518">
    <p class='ocr_par' dir='ltr' id='par_1_119' title="bbox 1921 5460 3616 5518">
     <span class='ocr_line' id='line_1_119' title="bbox 1921 5460 3616 5518; baseline 0 0"><span class='ocrx_word' id='word_1_905' title='bbox 1921 5464 2030 5518; x_wconf 89' lang='lat' dir='ltr'>ritu</span> <span class='ocrx_word' id='word_1_906' title='bbox 2061 5467 2256 5515; x_wconf 89' lang='lat' dir='ltr'>sancto</span> <span class='ocrx_word' id='word_1_907' title='bbox 2292 5463 2378 5515; x_wconf 91' lang='lat' dir='ltr'>vel</span> <span class='ocrx_word' id='word_1_908' title='bbox 2437 5460 2678 5514; x_wconf 89' lang='lat' dir='ltr'>sensisse</span> <span class='ocrx_word' id='word_1_909' title='bbox 2719 5461 2804 5514; x_wconf 89' lang='lat' dir='ltr'>vel</span> <span class='ocrx_word' id='word_1_910' title='bbox 2860 5461 3141 5516; x_wconf 87' lang='lat' dir='ltr'>docuisse.</span> <span class='ocrx_word' id='word_1_911' title='bbox 3173 5465 3274 5517; x_wconf 84' lang='lat' dir='ltr'>Ast</span> <span class='ocrx_word' id='word_1_912' title='bbox 3305 5480 3454 5517; x_wconf 89' lang='lat' dir='ltr'>nunc</span> <span class='ocrx_word' id='word_1_913' title='bbox 3501 5464 3616 5518; x_wconf 89' lang='lat' dir='ltr'>mi—</span> 
     </span>
    </p>
   </div>
   <div class='ocr_carea' id='block_1_120' title="bbox 1924 5548 3618 5621">
    <p class='ocr_par' dir='ltr' id='par_1_120' title="bbox 1924 5548 3618 5621">
     <span class='ocr_line' id='line_1_120' title="bbox 1924 5548 3618 5621; baseline -0.001 -16"><span class='ocrx_word' id='word_1_914' title='bbox 1924 5549 2168 5605; x_wconf 88' lang='lat' dir='ltr'>randum</span> <span class='ocrx_word' id='word_1_915' title='bbox 2198 5551 2335 5619; x_wconf 89' lang='lat' dir='ltr'>quid</span> <span class='ocrx_word' id='word_1_916' title='bbox 2364 5555 2609 5621; x_wconf 85' lang='lat' dir='ltr'>arguant</span> <span class='ocrx_word' id='word_1_917' title='bbox 2638 5548 2770 5602; x_wconf 86' lang='lat' dir='ltr'>novi</span> <span class='ocrx_word' id='word_1_918' title='bbox 2801 5549 3088 5620; x_wconf 89' lang='lat' dir='ltr'>dogmatis</span> <span class='ocrx_word' id='word_1_919' title='bbox 3121 5557 3474 5620; x_wconf 86' lang='lat' dir='ltr'>repertores;</span> <span class='ocrx_word' id='word_1_920' title='bbox 3517 5567 3618 5604; x_wconf 91' lang='lat' dir='ltr'>cur</span> 
     </span>
    </p>
   </div>
  </div>
