3890 6230
264 316 357 368 27l
1399 310 1767 366 RATRAMNI
1809 311 2265 369 CORBEIENSIS
2304 312 2606 369 MONACHI
3665 318 3754 367 εὶῖὲ

267 469 294 504 a
353 449 760 505 communione
807 465 866 503 se
920 447 1174 503 dividant
1223 464 1397 518 quam
1446 464 1672 518 semper
1716 453 1949 502 tenuere
1991 451 2037 504 A
2068 451 2353 504 Romanos
2382 467 2481 504 sua
2533 449 2775 519 cupiunt
2805 449 3212 502 communione
3253 448 3506 518 privare,
3541 467 3597 503 se
3663 467 3757 520 pa-

265 539 544 609 majores?
577 540 688 593 Cur
718 544 851 592 ante
881 537 1270 608 cognitionem
1297 538 1576 607 judicium
1622 538 1954 608 proferunt?

266 630 377 681 Cur
416 633 679 682 accusant
726 629 885 698 prius
938 643 1112 697 quam
1162 625 1436 680 audiant?
1499 627 1617 679 Non
1686 632 1771 678 est
1854 626 1960 678 hoc

265 717 548 786 aequitatis
607 717 914 786 judicium,
999 715 1099 768 sed
1143 715 1467 784 iniquitatis
1533 715 1954 784 praajudicium.

265 805 424 868 Quod
455 806 501 858 si
532 806 665 858 satis
705 810 910 874 putant
959 820 1082 858 esse
1129 805 1282 873 quod
1336 820 1440 873 pro
1473 809 1624 856 certo
1676 809 1962 856 noverunt

268 896 582 948 Romanam
629 894 932 947 Ecclesiam
988 892 1300 962 praedicare
1342 892 1410 945 de
1467 892 1684 961 Spiritu
1745 898 1961 949 sancto.

271 983 422 1052 quod
477 1000 508 1036 a
564 983 729 1036 Patre
782 981 1038 1050 Filioque
1086 981 1385 1050 procedat;
1434 985 1489 1032 et
1545 980 1760 1034 idcirco
1811 981 1964 1034 nolle

271 1071 488 1141 requiri
516 1072 666 1141 quod
700 1071 991 1124 evidenter
1024 1085 1231 1123 novere
1258 1069 1387 1131 dici,
1433 1068 1614 1120 sciant
1659 1069 1796 1138 quia
1835 1084 1964 1120 cum

274 1159 545 1212 Romanis
598 1175 727 1211 suos
786 1174 1015 1228 quoque
1063 1158 1318 1226 judicent
1382 1158 1642 1224 majores.
1705 1158 1766 1210 Et
1829 1157 1964 1208 dum

2064 540 2202 592 riter
2233 539 2730 592 excommunicent
2762 555 2794 590 a
2844 554 3081 591 suorum
3115 537 3386 592 societate
3445 541 3760 608 majorum:

2068 633 2124 681 et
2169 629 2310 681 nulli
2368 629 2680 697 probentur
2752 627 3010 679 Ecclesiae
3075 627 3488 680 communione
3569 628 3756 680 catho-

2069 717 2211 780 licae,
2245 717 2383 769 dum
2416 717 2668 770 Romana
2699 716 3102 768 communione
3125 732 3245 768 sese
3280 716 3503 768 faciunt
3534 716 3761 769 alienos.

2073 807 2186 859 lloc
2230 806 2437 857 factum
2485 805 2648 872 cujus
2705 804 2778 856 sit
2823 804 2956 856 mali
3006 804 3116 856 cito
3171 805 3562 870 considerent,
3611 821 3763 858 erro-

2072 909 2190 946 rem
2224 893 2509 962 corrigere
2543 909 2709 945 suum
2760 909 2875 944 non
2929 893 3225 960 differant;
3271 909 3343 946 ne
3395 893 3442 945 si
3503 894 3769 947 Romanis

2071 981 2496 1034 communicare
2547 980 2859 1047 noluerint,
2894 981 2962 1034 ab
3018 982 3282 1034 universa
3343 982 3628 1035 catholica
3678 983 3770 1036 Ec-

2073 1070 2242 1122 clesia
2275 1085 2331 1122 se
2363 1074 2602 1138 paveant
2636 1069 3241 1122 excommunicandos.

2189 1335 2496 1342 -—___—

1591 1481 1900 1554 LIBER
1975 1479 2461 1551 TERTIUS.

838 1768 1061 1821 CAPUT
1105 1767 1395 1828 PRIMUM,

267 1860 339 1910 De
366 1859 703 1928 processione
753 1858 992 1924 Spiritus
1051 1859 1246 1928 sancti.
1309 1885 1376 1892 ——
1431 1853 1588 1928 Quod
1636 1852 1963 1905 universalis

550 1929 790 1982 Ecclesia
831 1933 992 1980 totum
1020 1927 1197 1979 orbem
1235 1924 1667 1994 comprehendat.

336 2033 628 2101 Scriptura
657 2031 793 2085 dicit
826 2033 929 2086 :Ne
961 2032 1264 2094 transferas
1293 2033 1547 2083 terminos
1572 2043 1702 2095 quos
1741 2042 1964 2095 posuere

263 2127 448 2190 patres
472 2123 554 2174 tui
575 2122 754 2191 (Prov.
782 2136 919 2185 xxn,
943 2121 1052 2187 28).
1079 2118 1136 2173 Si
1168 2117 1480 2171 voluissent
1500 2118 1608 2170 hoc
1639 2118 1962 2170 Graecorum

265 2211 556 2280 principes
587 2209 870 2262 custodire
903 2213 1276 2278 praeceptum,
1309 2223 1412 2260 nec
1441 2207 1698 2260 Romana
1727 2205 1796 2258 de
1835 2205 1960 2273 Spi-

268 2299 378 2352 ritu
428 2303 624 2352 sancto
674 2302 966 2366 pateretur
1011 2297 1252 2350 Ecclesia
1312 2310 1714 2366 quamcunque
1770 2308 1960 2362 repre-

265 2388 623 2452 hensionem,
658 2403 760 2439 nec
794 2386 877 2438 illi
909 2401 1051 2438 nova
1102 2389 1450 2438 conarentur
1501 2382 1708 2442 moliri,
1761 2397 1958 2433 verum

263 2477 514 2528 contenti
550 2476 739 2528 forent
779 2475 912 2527 fidei
957 2473 1224 2526 terminis
1275 2489 1417 2543 quos
1457 2469 1720 2524 catholici
1766 2471 1960 2522 Patres

264 2564 584 2629 instituere,
627 2578 888 2632 quosque
937 2562 1247 2630 Scriptura:
1305 2577 1478 2613 sacrm
1529 2576 1630 2629 per
1679 2558 1959 2626 Spiritum

265 2659 523 2704 sanctum
573 2652 740 2704 editas
803 2650 1134 2718 disposuere
1189 2649 1335 2702 :sed
1391 2648 1716 2701 cenudoxiae
1759 2646 1959 2698 morbo

263 2741 605 2805 laborantes,
655 2741 743 2792 vel
795 2739 1024 2792 invidiae
1065 2743 1220 2808 peste
1265 2738 1622 2805 languentes,
1684 2735 1957 2805 quoniam

265 2828 476 2881 tinihus
524 2829 812 2896 majorum
874 2831 1167 2896 nequeunt
1223 2842 1342 2878 esse
1403 2825 1649 2877 contenti
1699 2840 1957 2887 suorum,

264 2917 503 2985 gloriam
548 2916 842 2986 propriam
874 2920 1218 2984 quaerentes.
1269 2913 1769 2982 transgrediuntur
1817 2928 1960 2980 quos

265 3005 352 3056 sui
392 3006 611 3074 priores
661 3004 939 3056 terminos
988 3004 1181 3057 fixere.
1235 3002 1343 3055 Sed
1389 3001 1524 3054 dum
1571 3001 1809 3069 gloriam
1857 3015 1956 3069 pa-

266 3098 494 3145 rentum
526 3097 791 3162 quaerunt
811 3092 1072 3156 obruere,
1104 3091 1368 3144 incidunt
1403 3090 1457 3141 in
1484 3089 1723 3152 foveam,
1761 3105 1956 3158 quam,

261 3181 427 3249 juxta
477 3181 786 3233 Psalmistze
844 3196 1038 3232 vocem
1094 3180 1261 3248 (Psal.
1313 3195 1410 3242 vn,
1466 3181 1570 3242 to),
1624 3177 1891 3230 foderunt
1942 3192 1955 3228 :

267 3282 382 3318 non
413 3267 568 3319 enim
597 3266 666 3319 de
700 3267 1064 3336 processione
1111 3266 1357 3335 Spiritus
1405 3264 1584 3316 sancti
1635 3264 1961 3316 debuissent

267 3355 443 3407 ullam
465 3354 678 3408 nostris
715 3354 1076 3424 temporibus
1108 3369 1331 3406 movere
1355 3353 1754 3423 quaestionem,
1781 3353 1826 3404 si
1874 3352 1958 3404 vel

267 3442 539 3496 doctrinis
590 3443 870 3512 majorum
913 3441 1231 3506 intendere,
1264 3443 1351 3494 vel
1411 3442 1721 3510 scripturas
1775 3456 1960 3492 sacras

267 3533 360 3602 pio
391 3537 699 3586 certassent
719 3531 908 3585 studio
941 3547 1297 3600 percensere.
1333 3529 1475 3594 Quid
1510 3530 1663 3582 enim
1712 3529 1781 3582 de
1826 3528 1957 3597 Spi-

267 3621 383 3674 ritu
451 3628 643 3674 sancto
691 3621 901 3674 sentire
958 3620 1290 3684 debeamus,
1369 3619 1633 3672 catholici
1701 3618 1961 3671 doctores

267 3709 484 3780 liquido
529 3709 948 3772 demonstrant,
1000 3709 1098 3779 qui
1132 3716 1249 3762 tam
1300 3707 1684 3778 disputatione
1735 3707 1959 3760 creber-

266 3799 430 3866 rima,
493 3815 666 3869 quam
720 3797 944 3869 scriptis
1013 3797 1495 3868 frequentissimis
1562 3796 1959 3849 haereticorum

266 3905 440 3956 prava
469 3893 791 3941 commenta
817 3888 884 3940 de
917 3903 1142 3940 summa
1190 3887 1488 3949 Trinitate,
1521 3885 1615 3937 ubi
1659 3885 1829 3937 etiam
1891 3883 1960 3936 de

267 3976 513 4045 Spiritus
544 3976 724 4028 sancti
764 3976 981 4045 pariter
1010 3976 1394 4044 processioue,
1426 3991 1542 4026 non
1593 3974 1779 4026 solum
1811 3988 1964 4025 com-

266 4063 645 4133 prehendere,
731 4079 926 4116 verum
1028 4062 1464 4116 evidentissimis
1549 4060 1961 4114 assertionibus

270 4157 768 4221 expugnaverunt;
809 4166 1057 4220 quorum
1100 4151 1494 4203 auctoritatem
1539 4148 1802 4218 superius
1837 4149 1958 4217 jam

272 4255 385 4292 non
435 4238 671 4292 minima
742 4245 898 4307 parte
961 4238 1349 4308 protulimusf:
1397 4238 1604 4307 quibus
1671 4237 1962 4289 evidenter

2004 1761 2045 1815 Β
2151 1763 2423 1815 Fortassis
2493 1764 2813 1816 Graecorum
2879 1769 3076 1817 tumor
3125 1769 3382 1834 opponet
3446 1766 3779 1819 Latinorum

2074 1851 2468 1904 auctoritatem
2503 1870 2560 1904 su
2587 1853 2840 1921 recipere
2889 1855 3068 1915 nolle;
3109 1869 3303 1906 verum
3347 1854 3486 1923 quid
3531 1855 3608 1907 de
3671 1854 3782 1906 suis

2072 1939 2221 1993 dicet
2249 1956 2390 2009 quos
2423 1957 2595 2009 supra
2637 1943 2930 2010 posuimus
2953 1941 3320 1994 auctoribus?
3346 1942 3492 2004 Quid
3535 1959 3611 1995 ne
3661 1959 3784 1995 san-

2072 2031 2290 2081 ctarum
2367 2029 2786 2098 scripturarum
2850 2030 3279 2084 conditoribus?
3336 2033 3425 2085 An
3481 2031 3677 2084 nolint
3731 2036 3782 2083 et

2074 2116 2226 2185 ipsos
2257 2117 2527 2186 recipere,
2561 2118 2832 2186 quoniam
2866 2119 3074 2170 erroris
3102 2119 3190 2170 sui
3236 2135 3459 2172 severos
3532 2125 3782 2172 cernunt

2074 2205 2352 2270 inimicos,
2407 2211 2463 2259 et
2493 2211 2915 2274 expugnatores
2971 2207 3286 2275 impietatis
3324 2223 3527 2260 eorum
3575 2210 3780 2260 acerri-

2074 2309 2225 2358 mos;
2281 2295 2410 2346 licet
2442 2294 2842 2347 stultissimum
2876 2295 2944 2347 sit
2977 2295 3165 2347 dicere
3231 2297 3565 2349 Latinorum
3627 2296 3780 2347 nolle

2070 2383 2470 2436 auctoritatem
2508 2383 2781 2452 recipere,
2813 2383 3008 2452 eisque
3035 2400 3148 2436 non
3180 2384 3596 2436 consentieudo
3631 2384 3779 2436 schi-

2071 2473 2265 2524 smatis
2287 2472 2597 2525 novitatem
2629 2476 2980 2538 construere,
3026 2473 3357 2542 alienasque
3411 2473 3479 2525 ab
3525 2473 3779 2526 Ecclesia

2071 2561 2346 2613 catholica
2377 2576 2496 2614 sese
2543 2560 2798 2613 reddere.
2853 2561 3014 2613 Absit
3063 2567 3256 2613 autem
3289 2567 3353 2613 ut
3401 2561 3509 2613 ista
3555 2562 3651 2613 vel
3702 2561 3782 2613 di-

2069 2654 2200 2701 cant
2237 2650 2319 2700 vel
2357 2649 2622 2714 sentiant,
2674 2665 2953 2719 suamque
2995 2649 3173 2701 velint
3223 2649 3636 2701 tantummodo
3689 2650 3778 2701 vel

2070 2737 2430 2804 sententiam,
2467 2738 2550 2790 vel
2572 2738 3044 2791 consuetudinem
3079 2737 3252 2790 totius
3287 2737 3553 2790 Ecclesiae
3588 2754 3775 2807 gene-

2069 2827 2280 2879 ralitati
2312 2826 2598 2896 praeferre.
2653 2827 2747 2879 Est
2805 2826 2959 2878 enim
2997 2825 3287 2892 jactantiaa
3344 2827 3561 2878 malum
3627 2825 3785 2878 istud

2070 2916 2156 2967 vel
2184 2914 2430 2984 opinari,
2481 2914 2565 2966 vel
2614 2914 2942 2976 decernere,
2992 2919 3107 2965 tam
3160 2913 3493 2977 nefandum,
3545 2921 3609 2966 nt
3664 2930 3783 2966 non

2072 3003 2142 3054 sit
2173 3003 2490 3066 tolerabile,
2525 3019 2722 3056 verum
2754 3003 3002 3071 generali
3050 3002 3228 3055 totius
3273 3002 3536 3054 Ecclesiae
3587 3004 3786 3056 catho-

2071 3093 2192 3145 licae
2226 3092 2544 3144 feriendum
2579 3092 2951 3144 auctoritate:
3004 3091 3230 3143 dicente
3267 3107 3516 3160 namque
3568 3091 3785 3144 Salva-

2068 3185 2187 3232 tore
2217 3179 2331 3231 suis
2369 3178 2697 3247 Apostolis:
2750 3180 2826 3232 Ite
2869 3181 2925 3230 in
2959 3180 3266 3231 universum
3305 3179 3482 3230 orbem
3531 3185 3583 3230 et
3624 3195 3782 3248 prae-

2068 3268 2245 3320 dicate
2300 3268 2654 3333 anngelium
2704 3269 2850 3319 omni
2907 3271 3168 3320 creaturae
3227 3267 3418 3334 (Marc,
3480 3283 3594 3329 xw,
3667 3270 3783 3326 tisi,

2067 3372 2185 3409 non
2219 3357 2440 3408 Graecos
2470 3360 2695 3408 tantum
2745 3353 3188 3420 commendavit,
3238 3355 3332 3407 sed
3383 3356 3566 3407 totius
3617 3357 3786 3408 orbis

2069 3444 2487 3514 plenitudinem
2510 3443 2998 3507 commemoravit,
3023 3445 3114 3495 cui
3137 3443 3572 3512 prmdicaudum
3596 3444 3788 3496 Evan-

2067 3533 2284 3602 gelium
2316 3531 2605 3602 praecepit.
2644 3532 2708 3584 Et
2738 3531 3210 3601 superbissimum
3233 3536 3316 3583 est
3346 3530 3454 3583 sibi
3485 3535 3782 3600 tanquam

2067 3621 2309 3692 speciale
2339 3621 2481 3673 velle
2512 3619 2816 3683 vindicare,
2865 3619 3017 3689 quod
3063 3624 3284 3672 constat
3314 3619 3586 3672 omnibus
3628 3636 3781 3689 gen-

2067 3709 2240 3774 tibus,
2273 3709 2500 3779 populis
2547 3714 2604 3760 et
2650 3708 2862 3776 linguis
2911 3708 3255 3777 generaliter
3303 3723 3425 3759 esse
3463 3708 3778 3761 collatum.

2069 3797 2214 3852 Dicit
2243 3797 2394 3850 enim
2448 3812 2553 3866 per
2592 3797 2930 3866 prephetam
2959 3795 3202 3864 Spiritus
3250 3801 3480 3848 sanctus
3520 3797 3785 3866 loquens

2067 3887 2134 3940 ad
2161 3886 2515 3940 Hierusalem
2553 3901 2565 3938 :
2598 3887 2681 3938 Ab
2713 3886 2930 3938 Oriente
2975 3884 3245 3936 adducam
3274 3900 3447 3937 semen
3497 3890 3682 3950 tuum,
3734 3894 3787 3939 et

2068 3976 2135 4028 ab
2162 3975 2442 4030 Occidente
2471 3975 2800 4040 congregabo
2833 3979 2897 4025 te.
2950 3974 3134 4025 Dicam
3184 3974 3450 4039 Aquiloni
3483 3991 3495 4026 :
3557 3977 3684 4039 Da;
3734 3982 3788 4028 et

2068 4066 2311 4117 Austro:
2345 4063 2471 4117 Noli
2496 4061 2779 4130 prohibere
2817 4063 2948 4125 (Isa.
2983 4076 3135 4123 mu,
3198 4061 3270 4130 ὕ).
3311 4061 3458 4113 Num
3509 4062 3583 4115 de
3635 4065 3791 4116 solis

2068 4150 2274 4205 Graecis
2302 4149 2411 4202 ista
2432 4149 2736 4203 dicuntur?
2763 4150 2848 4202 vel
2882 4149 2950 4201 de
2983 4149 3481 4218 Constantinopoli
3513 4155 3792 4206 tantum-

2067 4239 2238 4293 modo
2302 4239 2613 4291 Jerusalem
2663 4239 2911 4306 populus
2967 4237 3307 4290 vaticinatur
3366 4238 3794 4308 colligendus?

270 4333 565 4381 ostensum
614 4325 922 4389 credimus,
983 4325 1119 4394 quid
1169 4325 1237 4378 de
1295 4325 1650 4394 processione
1709 4323 1955 4393 Spiritus
1996 4350 2038 4402 ι)
2073 4327 2473 4382 Universalitas
2504 4325 2764 4394 gentium
2795 4331 2916 4379 toto
2966 4324 3102 4378 orbe
3126 4324 3331 4378 diffusa
3378 4327 3719 4388 nuntiatur.
3758 4348 3792 4382 e

269 4415 447 4470 sancti
489 4415 698 4468 sentire
727 4413 1034 4466 debeamus
1075 4430 1089 4466 :
1124 4413 1331 4483 quibus
1382 4412 1788 4475 contradicere,
1838 4412 1954 4466 imo

269 4523 383 4560 non
450 4505 810 4574 acquiescere
872 4502 1107 4554 molitus
1150 4501 1279 4572 quis
1347 4500 1540 4563 fuerit,
1597 4501 1955 4570 apertissime

271 4584 622 4645 monstratur
658 4590 793 4644 ﬁdei
841 4590 1131 4642 catholica:
1186 4588 1570 4641 contradictor
1609 4594 1665 4641 et
1712 4589 1956 4658 Spiritus

267 4681 444 4735 sancti
481 4681 926 4750 blasphemator.
959 4677 1124 4742 Quali
1175 4693 1340 4748 pinna
1386 4692 1520 4730 vero
1576 4677 1704 4730 talis
1761 4677 1833 4730 sit
1879 4677 1955 4731 fe-

265 4769 522 4832 riendus,
558 4768 822 4822 Veritatis
862 4783 960 4820 ore
1001 4765 1307 4820 didicimus
1357 4764 1664 4834 loquentis,
1710 4765 1955 4833 Spiritus

266 4857 444 4910 sancti
473 4857 892 4926 blasphemiam
933 4870 1119 4924 neque
1148 4855 1208 4907 in
1253 4854 1360 4907 hoc
1411 4854 1640 4917 saeculo,
1685 4854 1952 4924 neqnein

263 4946 457 4999 futuro
494 4946 902 5000 remittendam
942 4944 1160 5009 (Matth.
1214 4959 1315 5006 xu,
1353 4945 1460 5009 32).
1515 4942 1728 4996 Placuit
1780 4943 1954 4996 etiam

263 5034 652 5103 superioribus
705 5032 888 5087 Patris
935 5030 1243 5101 Augustini
1282 5031 1493 5100 scripta
1519 5031 1808 5098 copulare,
1857 5031 1953 5085 do-

263 5122 432 5175 ctoris
461 5122 701 5192 egregii,
734 5127 791 5175 et
829 5121 980 5174 inter
1026 5119 1433 5174 ecclesiasticos
1483 5121 1784 5190 magistros
1828 5121 1946 5174 ele-

260 5210 607 5280 gantissimi;
659 5210 751 5263 cui
793 5210 934 5280 juge
992 5215 1282 5263 certamen
1339 5210 1605 5264 adversus
1655 5209 1951 5263 haereticos

259 5299 494 5364 mansit;
554 5300 714 5368 cujus
775 5299 1045 5353 doctrina:
1103 5299 1272 5352 simul
1314 5303 1370 5352 et
1427 5298 1774 5369 eloquentia!
1831 5314 1948 5352 non

256 5387 444 5440 solum
468 5387 679 5441 Ariana
711 5387 993 5457 subjacuit
1035 5388 1326 5458 impietas,
1353 5404 1550 5442 verum
1593 5387 1946 5458 reliquorum

253 5474 678 5544 haereticorum,
708 5477 1242 5532 Macedonianorum
1293 5474 1576 5541 videlicet,
1605 5475 1943 5529 Manichaeo—

252 5579 406 5632 rum,
438 5565 875 5635 Pelagianorum
909 5565 1076 5620 cessit
1103 5565 1446 5619 immanitas.

2067 4417 2276 4488 quibus
2313 4413 2627 4468 Jerusalem
2668 4414 2906 4468 caelestis
2963 4413 3364 4482 congreganda
3395 4415 3783 4484 perdocetur.

2067 4507 2187 4560 Non
2233 4519 2370 4573 ergo
2400 4503 2504 4556 sibi
2538 4503 2794 4555 tribuant
2837 4503 2991 4572 quod
3039 4501 3313 4555 omnibus
3361 4503 3640 4571 gentibus
3693 4513 3792 4561 est

2065 4595 2366 4657 collatum;
2401 4609 2504 4645 nec
2543 4607 2661 4644 sum
2691 4590 3042 4660 praelationis
3091 4591 3441 4660 specialitate
3478 4603 3791 4664 usurpant

2064 4699 2295 4749 munus,
2338 4682 2488 4752 quod
2513 4681 2955 4734 universalitatis
3002 4695 3123 4732 esse
3181 4684 3421 4734 constat.
3467 4683 3793 4752 Aspiciant

2063 4772 2401 4826 catholicam
2423 4769 2636 4824 Christi
2673 4769 2980 4822 Ecclesium
3004 4768 3181 4822 totius
3214 4769 3414 4822 mundi
3455 4770 3791 4827 latitudine

2063 4861 2347 4926 diffusam,
2381 4864 2436 4912 et
2466 4859 2536 4912 ab
2558 4858 2788 4913 Oriente
2817 4873 2998 4928 usque
3024 4857 3080 4910 in
3117 4857 3412 4921 Occasum,
3448 4875 3478 4911 a
3517 4859 3789 4929 Septen-

2061 4949 2250 5003 trione
2272 4963 2452 5016 usque
2480 4947 2538 4999 in
2569 4950 2839 4999 Austrum
2871 4945 3186 5000 dilatatam.
3221 4945 3521 5000 Gaudeant
3549 4947 3613 5000 in
3643 4952 3791 5004 toto

2063 5036 2200 5090 orbe
2231 5035 2519 5089 Christum
2543 5033 2961 5101 dominantem,
2986 5034 3224 5103 impleto
3255 5033 3529 5087 vaticinio
3563 5036 3784 5099 David,

2066 5139 2176 5195 quo
2201 5125 2426 5176 Patrem
2458 5121 2678 5175 inducit
2710 5121 2850 5175 Filio
2901 5122 3229 5192 loquentem
3263 5137 3276 5173 :
3320 5121 3545 5174 Postula
3577 5138 3614 5174 a
3660 5139 3792 5188 me,

2059 5211 2262 5265 etdabo
2294 5211 2395 5264 tibi
2429 5215 2610 5278 gentes
2656 5209 3022 5263 hereditatem
3051 5213 3218 5272 tuam,
3277 5214 3327 5262 et
3368 5213 3793 5278 possessionem

2059 5304 2206 5352 tuam
2239 5300 2487 5351 terminos
2519 5301 2671 5350 terra
2703 5297 2867 5360 (Psat.
2905 5313 2962 5360 ιι,
3000 5297 3074 5365 8).
3122 5298 3185 5351 Et
3215 5296 3369 5366 quod
3413 5296 3563 5349 alius
3614 5302 3786 5367 psal-

2060 5402 2186 5440 mus
2243 5386 2303 5438 in
2352 5401 2594 5454 persona
2633 5385 2846 5440 Christi
2890 5385 3195 5455 loquitur:
3248 5386 3326 5438 Et
3376 5384 3791 5442 dominabitur

2058 5473 2344 5544 inquiens,
2380 5489 2415 5526 a
2450 5476 2594 5526 mari
2623 5488 2791 5541 usque
2821 5473 2894 5525 ad
2943 5489 3109 5540 mare,
3161 5478 3212 5527 et
3241 5490 3274 5526 a
3318 5476 3544 5541 ﬂumine
3591 5491 3791 5544 usque

2057 5561 2132 5614 ad
2171 5564 2424 5615 terminos
2453 5563 2599 5615 orbis
2639 5567 2908 5616 terran
2932 5563 3092 5628 (Psal.
3123 5562 3274 5632 ξιπχι,
3328 5561 3405 5628 8).
3457 5563 3786 5634 Nusquam
