3890 6230
132 356 213 405 2ἷ3
1110 349 1386 404 CONTRA
1425 348 1823 406 GRASCORUM
1864 351 2220 406 OPPOSITA.
2250 381 2305 390 —-
2345 351 2470 405 LIB.
2517 352 2611 404 lli.

3500 358 3604 409 27's

126 483 262 537 isthic
310 482 390 533 vel
450 482 679 536 Grecos
727 480 815 535 vel
872 481 1427 552 Constantinopolim
1480 482 1788 537 meminit:
1831 484 1963 538 Ain
2012 484 2159 537 vobis
2210 485 2425 551 (Matth.
2477 501 2507 537 x
2566 486 2675 551 20).
2728 485 2790 538 Et
2839 486 2991 556 quod
3039 485 3192 541 idem
3242 491 3295 541 et
3347 487 3473 541 Filii
3526 488 3600 541 sit

126 588 209 623 nec
236 575 414 622 tamen
461 585 883 641 usquequaque
926 570 1201 639 praeterit,
1258 570 1529 640 quoniam
1580 588 1676 624 eos
1732 572 1791 625 in

120 658 513 712 universalitate
546 658 838 711 concludit
871 675 883 711 :
936 658 1301 727 specialitatis
1349 660 1788 728 praerogativam

118 748 335 813 sustulit,
369 763 435 799 ne
484 745 796 811 intlentur;
832 748 891 800 in
921 747 1296 816 generalitate
1337 748 1501 817 ponit
1549 764 1665 814 eos,
1725 755 1788 803 ut

117 834 461 889 humilientur
487 851 498 886 :
529 841 819 905 quatenus
870 835 1135 888 noverint
1164 852 1277 888 non
1310 836 1486 889 totius
1529 838 1785 906 corporis

121 924 341 977 Ecclesiae
372 940 428 975 se
490 924 616 975 fore
656 924 1058 993 quantitatem,
1100 923 1193 975 sed
1230 923 1573 993 portionem,
1608 932 1665 979 et
1699 942 1783 978 ve-

117 1020 360 1067 nerentur
384 1021 631 1066 matrem
665 1032 694 1065 a
726 1014 863 1068 solis
894 1018 1023 1065 ortu
1056 1013 1113 1065 in
1139 1030 1402 1067 occasum
1430 1015 1612 1081 regali
1655 1033 1780 1069 ma-

116 1102 409 1172 gnificentia
449 1102 783 1165 sublimem,
821 1102 982 1171 cujus
1017 1118 1073 1154 se
1129 1103 1415 1170 gaudeant
1442 1120 1562 1156 esse
1608 1104 1780 1169 filios,

117 1208 211 1244 non
236 1192 545 1260 glorientur
576 1191 692 1244 fore
730 1196 935 1260 patres.
995 1190 1139 1243 Dicit
1168 1192 1320 1243 enim
1369 1191 1623 1245 Salvator
1656 1210 1667 1246 :
1704 1194 1783 1247 Et

116 1283 297 1334 Patrem
346 1281 508 1332 nolite
565 1295 757 1333 vocare
793 1280 941 1332 vobis
990 1295 1152 1347 super
1213 1285 1458 1333 terram:
1511 1296 1649 1335 unus
1702 1288 1781 1335 est

113 1372 230 1420 enim
256 1370 406 1422 Pater
446 1374 623 1421 vester
660 1371 756 1436 qui
804 1370 859 1421 in
897 1368 1039 1421 catlis
1084 1372 1162 1421 est
1214 1369 1438 1437 (Matth.
1496 1386 1649 1437 xxni,
1704 1371 1777 1439 9).

113 1458 332 1509 Salvator
406 1456 584 1509 etiam
665 1457 835 1509 ccelos
892 1472 1229 1509 ascensurus
1297 1457 1414 1510 suis
1494 1458 1781 1526 promittit

112 1546 367 1614 discipulis
399 1561 412 1597 :
447 1548 581 1599 Ecce
627 1562 721 1611 ego
766 1546 1035 1599 vobiscum
1060 1561 1178 1599 sum
1210 1561 1377 1613 usque
1423 1546 1497 1598 ad
1534 1562 1777 1600 consum-

110 1637 361 1687 mationem
390 1634 577 1686 saeculi
627 1632 851 1702 (Matth.
886 1650 1077 1698 xxviii,
1106 1636 1217 1701 20).
1251 1634 1531 1687 Audimus
1575 1634 1775 1689 Christi

108 1722 417 1790 promissum
446 1722 720 1775 omnibus
750 1721 1131 1788 credentibus,
1182 1722 1461 1775 universae
1514 1722 1776 1776 videlicet

108 1810 353 1873 Ecclesiie,
379 1826 493 1863 non
524 1814 716 1864 autem
747 1810 1069 1879 specialiter
1115 1811 1202 1863 vel
1236 1810 1443 1865 Graecis
1484 1812 1568 1863 vel
1628 1812 1774 1865 Con-

103 1898 621 1968 stantinopolitanis.
678 1899 795 1961 Qua
845 1899 913 1952 de
946 1915 1006 1951 re
1066 1915 1408 1968 quacunque
1448 1900 1665 1968 lingua,
1717 1899 1775 1953 in

105 2004 407 2057 quacunque
430 1992 608 2057 gente
636 1988 888 2042 Christus
922 1988 1205 2058 loquatur,
1228 1989 1555 2041 Graecorum
1599 1989 1777 2059 impe-

107 2082 285 2129 ratores
313 2076 598 2145 accipiant
631 2082 977 2141 reverenter,
1010 2093 1078 2129 ne
1111 2076 1156 2129 si
1184 2076 1656 2146 contempserint,
1681 2093 1773 2130 ve-

106 2165 297 2217 ritatem
330 2170 705 2217 contemnere
728 2164 1085 2232 judicentur,
1122 2169 1177 2217 et
1220 2164 1354 2217 inde
1385 2166 1524 2217 tiant
1580 2165 1773 2217 salutis

107 2260 343 2320 extorres,
368 2253 524 2305 unde
571 2252 869 2305 veritatem
926 2252 1215 2306 Christum
1266 2252 1585 2322 spreverint
1632 2254 1772 2306 allo-

104 2347 333 2410 queutem
366 2358 379 2393 :
418 2357 538 2394 non
575 2342 731 2394 enim
769 2340 1012 2410 Spiritus
1043 2346 1271 2394 sanctus
1318 2341 1377 2394 in
1427 2340 1611 2410 igneis
1662 2342 1770 2395 lin-

106 2430 208 2497 guis
236 2446 398 2498 super
427 2431 722 2499 apostolos
770 2430 1116 2483 descendens
1180 2431 1504 2483 Greecorum
1548 2436 1767 2483 tantum

104 2518 323 2585 linguam
355 2519 606 2585 edocuit,
629 2534 827 2571 verum
859 2518 1116 2572 omnium
1143 2518 1398 2588 gentium
1440 2519 1769 2588 linguarum

102 2607 360 2660 scientiam
391 2608 671 2671 contulit;
698 2613 758 2659 ut
782 2612 1129 2660 monstraret
1163 2607 1466 2661 Ecclesiam
1500 2608 1769 2661 omnibus

105 2696 281 2764 linguis
311 2695 578 2748 omnium
630 2695 978 2765 populorum
1029 2696 1373 2763 locuturum,
1425 2701 1481 2749 et
1525 2696 1768 2764 Spiritus

104 2784 252 2836 sancti
314 2784 785 2837 distributionem
856 2784 1071 2837 cunctis
1121 2784 1447 2837 nationibus
1498 2784 1768 2837 divinitus

101 2872 439 2941 largiendam.
477 2872 773 2942 Accipiant
802 2872 979 2941 igitur
1028 2872 1266 2941 gloriosi
1318 2873 1606 2943 principes
1641 2873 1765 2943 Spi—

101 2961 242 3013 ritum
272 2967 532 3014 sanctum
577 2978 683 3031 per
717 2963 983 3016 Doctores
1016 2961 1296 3027 Ecclesiae,
1358 2961 1426 3015 de
1459 2962 1765 3031 semetipso

103 3048 852 3119 Latinalingualoquentem,
883 3054 1163 3118 quatenus
1196 3049 1515 3103 humilitate
1549 3051 1763 3104 discant
1806 3075 1845 3132 ρ

102 3135 221 3187 unde
262 3137 581 3205 proﬁciant,
639 3153 711 3189 ne
756 3136 1000 3190 tumoris
1053 3136 1347 3190 inflatione
1394 3137 1765 3207 despicientes

102 3224 316 3277 veritatis
342 3227 567 3293 lumen,
601 3227 811 3278 erroris
836 3226 1100 3279 tenebras
1128 3226 1441 3279 incurrant.

758 3349 981 3403 CAPUT
1020 3349 1090 3401 ll.

244 3465 586 3517 Auctoritate
606 3464 907 3531 Augustini
935 3465 1173 3517 heretici
1210 3464 1580 3529 confutantur.

151 3575 479 3644 Augustinus
524 3575 832 3646 episcopus
881 3576 1279 3645 Hipponensis,
1340 3578 1603 3646 egregius
1650 3578 1757 3630 do-

97 3670 205 3725 ctor,
267 3670 319 3717 et
378 3665 681 3718 catholica:
740 3664 873 3717 lidei
928 3669 1324 3734 propugnator
1380 3666 1645 3734 eximius,
1702 3666 1758 3720 in

98 3751 210 3804 libro
246 3753 662 3819 Quaestionum,
714 3769 884 3823 quem
933 3754 1000 3806 ad
1047 3753 1310 3807 Orosium
1361 3755 1757 3825 presbyterum

99 3840 273 3903 scribit,
346 3841 502 3894 inter
581 3848 787 3894 caetera
862 3842 930 3894 de
997 3841 1214 3911 Spiritu
1271 3847 1462 3894 sancto
1537 3842 1615 3895 sic
1681 3844 1759 3895 ait

101 3930 265 3994 {quast
285 3933 337 3996 2)
371 3947 383 3983 :
421 3950 449 3981 α
484 3930 768 3999 Spiritum
792 3935 1049 3983 sanctum
1084 3946 1269 3998 neque
1297 3929 1638 3999 ingenitum,
1664 3948 1760 3985 ne-

100 4032 181 4082 que
207 4019 458 4085 genitum
507 4019 657 4072 tides
705 4024 859 4071 certa
916 4018 1181 4072 declarat.
1243 4018 1387 4082 Quia
1434 4019 1480 4072 si
1550 4020 1758 4073 dixeri-

100 4120 193 4157 mus
223 4106 570 4176 ingenitum,
616 4107 759 4160 duos
804 4112 997 4175 patres
1047 4106 1335 4159 afﬁrmare
1390 4107 1752 4161 videbimur:

100 4194 162 4244 sin
190 4202 366 4249 autem
394 4195 689 4265 genitum,
723 4195 865 4248 duos
897 4194 1065 4248 Filios
1096 4194 1326 4248 credere
1356 4195 1754 4265 culpabimur:

98 4282 326 4353 sedquod
360 4285 508 4338 ﬁdes
539 4290 696 4336 certa
726 4288 901 4347 tenet,
932 4299 1035 4336 nec
1086 4282 1396 4351 ingenitus,
1448 4300 1551 4337 nec
1605 4284 1758 4355 geni-

98 4376 179 4425 tus.
208 4373 295 4425 sed
331 4373 401 4426 ab
432 4372 739 4442 utriusque
762 4372 1096 4440 procedens,
1120 4370 1177 4425 id
1200 4377 1282 4425 est
1316 4376 1372 4425 et
1407 4389 1435 4424 a
1460 4373 1623 4426 Patre
1648 4376 1703 4425 et
1725 4390 1756 4425 a

103 4455 223 4510 Filio.
253 4460 316 4511 Et
339 4464 401 4512 ut
431 4460 565 4513 haec
618 4458 963 4512 testimoniis
1014 4460 1348 4529 approbem,
1406 4460 1595 4530 ipsum
1647 4462 1757 4515 Do-

98 4548 272 4601 minum
320 4554 597 4601 nostrum
646 4548 840 4601 Iesum
888 4546 1180 4601 Christum
1252 4548 1559 4618 discipulos
1628 4567 1759 4603 suos

101 4634 199 4686 audi
246 4636 603 4690 docentem:
669 4638 801 4691 Cum
849 4642 1047 4701 autem,
1096 4636 1285 4705 inquit
1337 4641 1539 4690 venerit
1593 4640 1759 4692 Para-

99 4725 215 4777 clitus
257 4742 411 4794 quem
452 4742 555 4793 ego
599 4725 750 4778 vobis
804 4727 1019 4777 mittam
1063 4741 1095 4777 a
1134 4726 1293 4778 Patre
1349 4726 1617 4793 Spiritum
1669 4743 1757 4780 ve-

104 4813 260 4879 ritatis,
304 4818 463 4881 quia
524 4815 697 4869 Patre
747 4813 989 4882 procedit
1030 4814 1120 4866 ille
1154 4816 1515 4867 testimonium
1565 4817 1758 4884 perhi-

103 4899 205 4954 tstit
249 4902 419 4957 deme
476 4905 660 4967 (Joan.
693 4917 783 4967 xv,
834 4903 943 4970 26).
983 4902 1044 4954 Et
1104 4918 1330 4955 rursum
1393 4903 1514 4972 ipse
1575 4904 1761 4957 Domi-

103 5003 179 5040 nus
242 4998 431 5045 noster
508 4990 677 5044 Jesus
762 4989 1014 5043 Christus
1084 4995 1215 5060 post
1282 4992 1757 5047 resurrectionem

102 5092 240 5145 suam,
270 5085 330 5133 ut
377 5080 723 5134 ostenderet
755 5096 784 5131 a
834 5095 890 5131 se
937 5079 1244 5149 procedere
1300 5079 1573 5149 Spiritum
1633 5098 1757 5135 san-

102 5171 234 5233 ctum,
282 5170 427 5222 sicut
459 5186 496 5221 a
559 5169 748 5229 Patre.
803 5167 1102 5221 insufﬂans
1147 5167 1207 5221 in
1254 5168 1563 5238 discipulos
1622 5170 1702 5223 ait
1745 5186 1757 5223 :

114 5256 295 5325 tan’pite
320 5258 603 5328 Spiritum
629 5262 875 5309 sanctum
908 5258 1083 5326 (Joan.
1134 5272 1222 5322 xx,
1274 5258 1385 5326 22).
1440 5259 1592 5312 Unus
1624 5274 1760 5327 ergo

104 5343 293 5411 Spiritus
321 5353 407 5401 est
445 5344 643 5400 Patris
676 5350 732 5398 et
762 5345 909 5411 Filii,
944 5362 1092 5398 unus
1138 5346 1435 5399 amborum
1496 5346 1759 5415 Spiritus.

108 5430 237 5499 igitur
262 5436 410 5506 quod
444 5433 642 5489 Patris
663 5433 735 5486 sit
763 5433 1028 5502 Spiritus,
1057 5433 1179 5503 ipse
1215 5435 1491 5487 Dominus
1540 5440 1596 5488 et
1640 5434 1759 5489 Sal-

107 5529 220 5575 vator
240 5531 427 5578 noster
458 5522 765 5592 discipulis
808 5522 923 5575 suis
968 5522 1091 5576 ait:
1149 5524 1266 5577 Non
1311 5526 1453 5576 enim
1493 5538 1583 5576 vos
1636 5524 1762 5576 estis

110 5611 174 5675 qui
199 5611 497 5682 loquimini,
534 5610 637 5665 sed
666 5612 911 5679 Spiritus
948 5612 1131 5665 Patris
1172 5613 1341 5664 vestri
1381 5612 1479 5680 qui
1524 5612 1764 5677 loquitur

1902 572 2171 641 Spiritus,
2206 572 2415 625 Paulus
2447 573 2736 641 apostolus
2773 575 2928 627 testis
2971 581 3053 628 est
3088 593 3099 629 :
3135 578 3186 630 si
3232 578 3353 644 quis
3394 584 3594 641 autem,

1898 659 2106 730 inquit,
2136 662 2406 729 Spiritum
2439 662 2643 717 Christi
2698 678 2801 715 non
2844 664 3021 728 habet,
3070 665 3155 717 hic
3212 681 3318 719 non
3348 672 3427 720 est
3480 667 3596 733 ejus

1898 749 2073 820 (Rom.
2112 766 2229 817 vm,
2281 750 2353 817 9).
2392 771 2419 796 ››

1966 838 2111 901 Quid
2150 837 2335 902 isthic,
2388 855 2420 891 o
2469 840 2790 892 Graecorum
2847 839 3155 910 principes,
3209 841 3449 910 dignum
3502 859 3591 897 rc-

1893 926 2274 997 prebensione
2299 927 2611 996 judicatis?
2636 927 2783 981 Dicit
2812 928 3087 997 Spiritum
3135 946 3165 983 a
3208 931 3367 983 Patre
3427 932 3590 984 Filio-

1894 1032 2003 1085 que
2050 1016 2377 1085 procedere.
2431 1016 2644 1070 Probat
2702 1018 2806 1070 lioc
2870 1016 3159 1087 Evangelii
3235 1019 3586 1073 testimonio.

1894 1104 2038 1157 Dicit
2072 1109 2124 1157 et
2154 1105 2333 1158 Patris
2366 1110 2423 1159 et
2463 1105 2585 1158 Filii
2625 1122 2746 1158 esse
2795 1105 3102 1175 Spiritum;
3154 1105 3403 1159 aftirmat
3475 1112 3590 1160 tam

1890 1210 1959 1247 ex
1982 1194 2287 1263 Evangelio
2318 1210 2488 1263 quam
2522 1209 2589 1247 ex
2619 1194 2913 1263 Apostolo.
2949 1194 3007 1247 Si
3057 1210 3174 1248 non
3216 1195 3386 1248 vultis
3446 1195 3589 1247 Lati-

1892 1284 1997 1348 nis,
2044 1282 2348 1351 Evangelio
2398 1282 2631 1336 credite.
2689 1282 2744 1336 Si
2799 1282 2981 1335 verbis
3031 1283 3339 1353 Augustini
3392 1300 3589 1336 aurem

1890 1372 2144 1440 praebere
2176 1388 2288 1424 non
2330 1370 2516 1436 vultis,
2552 1371 2802 1441 praebete
2853 1371 3094 1437 Christo,
3127 1372 3379 1441 praebete
3432 1374 3586 1441 Apo-

1890 1460 2057 1511 stolo.
2092 1459 2255 1522 Quod
2296 1459 2341 1511 si
2374 1458 2744 1512 contemnitis
2784 1459 3071 1513 Christum
3112 1463 3169 1512 et
3228 1460 3582 1528 Apostolum,

1886 1548 2073 1600 videte
2100 1564 2168 1599 ne
2194 1547 2662 1599 contemnamini.
2712 1548 2925 1600 Horum
2976 1547 3129 1599 enim
3187 1547 3285 1618 qui
3334 1564 3449 1601 non
3503 1566 3585 1602 se-

1888 1635 2084 1705 quitur
2112 1634 2449 1698 doctrinam,
2508 1635 2836 1687 societatem
2887 1652 2919 1688 a
2963 1651 3019 1688 se
3074 1635 3308 1705 quidem
3358 1637 3582 1705 repellit

1890 1723 2095 1777 Christi
2142 1722 2579 1792 discipulorum;
2634 1739 2733 1775 nec
2796 1723 2903 1776 erit
2956 1723 3238 1793 particeps
3300 1724 3581 1793 Ecclesite,

1889 1812 1983 1882 qui
2046 1810 2363 1865 doctrinam
2442 1811 2669 1880 repellit
2739 1812 3203 1879 ecclesiasticam;
3281 1828 3383 1865 nec
3451 1829 3578 1866 cum

1889 1900 2109 1955 Christo
2164 1900 2485 1969 portionem
2539 1905 2622 1952 est
2679 1900 2979 1953 habiturus
3052 1900 3257 1953 Christi
3309 1900 3579 1969 magiste-

1886 1991 2034 2044 rium
2067 1991 2166 2060 qui
2188 2006 2300 2043 non
2323 1990 2703 2061 amplectitur.

1956 2079 2281 2148 Gregorius,
2363 2080 2635 2132 Romanze
2714 2077 2861 2131 sedis
2941 2077 3262 2149 episc0pus,
3364 2079 3576 2133 Tiberii

1884 2166 2240 2221 Constantini
2291 2166 2647 2236 temporibus
2688 2166 3113 2235 apocrisiarius,
3159 2172 3295 2220 tunc
3341 2168 3575 2237 quidem

1884 2255 2180 2320 diaconus,
2229 2260 2427 2325 postea
2450 2271 2581 2307 vero
2638 2254 2842 2324 praesul
2895 2254 3156 2321 eximius,
3211 2256 3574 2324 imperatori-

1882 2342 1986 2396 bus
2029 2343 2255 2396 'l‘iberio
2313 2342 2716 2412 Mauricioque,
2776 2358 2999 2395 necnon
3048 2343 3247 2395 Phocea
3302 2344 3575 2395 charissi-

1882 2448 2009 2486 mus
2048 2437 2218 2501 atque
2271 2431 2797 2485 familiarissimus:
2853 2432 2952 2501 qui
3011 2446 3142 2483 cum
3192 2431 3467 2484 diaconus
3518 2437 3575 2485 et

1880 2521 2151 2573 Romanae
2205 2520 2352 2572 sedis
2422 2519 2640 2589 legatus
2727 2518 3221 2588 Constantinopoli
3312 2520 3565 2587 degeret,

1882 2609 2193 2677 Eutychen,
2227 2607 2802 2675 Constantinopoleos
2841 2607 3196 2675 episcopum,
3247 2608 3317 2660 de
3358 2608 3571 2661 Resur-

1880 2698 2127 2749 rectione
2161 2698 2348 2749 carnis
2391 2696 2638 2765 pessime
2687 2695 3191 2765 dogmatizantem,
3260 2696 3570 2765 imperato-

1878 2784 1956 2837 ris
1996 2785 2055 2837 in
2114 2784 2434 2854 prresentia,
2489 2784 2814 2837 divinorum
2860 2784 3199 2837 auctoritate
3264 2784 3569 2851 librorum,

1877 2872 2172 2943 ipsiusque
2221 2874 2303 2925 rei
2366 2873 2603 2926 veritate
2648 2872 2927 2925 catholica
2980 2873 3161 2938 evicit,
3216 2874 3565 2939 confutavit;

1878 2961 1947 3015 de
1979 2962 2219 3030 Spiritus
2249 2960 2425 3014 sancti
2460 2960 2820 3028 processione
2853 2961 2933 3013 sic
2977 2961 3231 3030 loquitur
3270 2961 3329 3014 in
3376 2963 3569 3015 homi-

1876 3049 1951 3103 lia
1980 3050 2173 3103 habita
2205 3050 2271 3103 ad
2306 3050 2584 3119 populum
2629 3049 2841 3102 octavis
2896 3050 3121 3102 Paschte
3154 3051 3363 3115 (homit.
3394 3054 3461 3104 26
3503 3054 3560 3105 in

1876 3138 2108 3207 Evang).
2160 3156 2171 3191 :
2223 3160 2248 3185 ‹‹
2312 3139 2450 3191 Nam
2508 3143 2765 3191 sanctum
2816 3154 3048 3208 quoque
3105 3138 3406 3207 Spiritum,
3468 3141 3566 3210 qui

1874 3244 2004 3280 cum
2030 3230 2101 3279 sit
2129 3226 2437 3296 cozequalis
2480 3226 2632 3280 Patri
2683 3232 2738 3279 et
2779 3227 2936 3292 Filio,
2988 3243 3101 3280 non
3152 3233 3343 3281 tamen
3386 3228 3567 3281 incar-

1874 3322 2042 3370 natus
2065 3322 2167 3379 est,
2200 3333 2231 3369 a
2262 3318 2425 3369 Patre
2478 3316 2705 3386 quidem
2762 3316 2934 3369 Filius
2981 3316 3203 3369 mittere
3252 3334 3309 3370 se
3366 3318 3565 3386 perhi-

1872 3405 1985 3471 bet,
2011 3405 2201 3459 dicens
2237 3421 2249 3457 :
2283 3406 2413 3460 Cum
2449 3407 2652 3457 venerit
2702 3405 3010 3457 Paraclitus
3069 3420 3225 3471 quem
3282 3420 3375 3471 ego
3438 3407 3564 3457 mit-

1873 3499 1983 3548 tam
2028 3494 2419 3547 vobisaPatre
2475 3493 2650 3561 (Joan.
2698 3508 2789 3557 xv,
2833 3496 2939 3558 26).
3007 3514 3034 3540 ››
3091 3492 3146 3546 Si
3200 3492 3355 3545 enim
3416 3493 3564 3546 mitti

1869 3582 2228 3636 solummodo
2260 3580 2544 3633 incarnari
2574 3580 2805 3634 deberet
2838 3580 3102 3649 intelligi,
3157 3587 3382 3633 sanctus
3429 3597 3563 3651 pro-

1870 3670 1956 3722 cul
1994 3668 2167 3721 dubio
2198 3666 2443 3736 Spiritus
2486 3668 2644 3719 nullo
2691 3667 2861 3720 modo
2908 3666 3192 3719 diceretur
3244 3667 3415 3729 mitti,
3463 3668 3563 3736 qui

1869 3772 2232 3826 nequaquam
2286 3756 2613 3807 incarnatus
2656 3759 2772 3820 est;
2824 3754 2921 3807 sed
2983 3755 3105 3822 ejus
3166 3753 3361 3807 missio
3438 3755 3564 3823 ipsa

1867 3844 2153 3915 processio
2187 3849 2290 3908 est,
2327 3859 2438 3913 qua
2467 3845 2535 3896 de
2583 3844 2746 3896 Patre
2793 3842 3049 3912 procedit
3085 3848 3139 3895 et
3190 3842 3352 3896 Filio.
3406 3843 3562 3897 Sicut

1868 3934 2061 4003 itaque
2087 3932 2330 4001 Spiritus
2378 3931 2525 3983 mitti
2574 3931 2781 3984 dicitur
2832 3930 2966 4000 quia
3026 3931 3305 3999 procedit,
3376 3930 3454 3983 ita
3505 3940 3561 3986 et

1870 4021 2043 4075 Filius
2070 4036 2186 4073 non
2244 4020 2556 4088 incongrue
2606 4018 2751 4071 mitti
2792 4018 2997 4072 dicitur
3042 4017 3179 4088 quia
3226 4026 3554 4089 generatur.

1869 4110 2036 4165 lstius
2097 4108 2491 4162 auctoritatem
2550 4106 2813 4176 praesulis
2868 4106 2914 4159 si
2981 4112 3347 4160 contemnere
3405 4108 3562 4160 moli-

1868 4198 2032 4262 mini,
2065 4198 2247 4250 videte
2279 4212 2393 4267 quo
2422 4195 2702 4264 superbire
2731 4210 2910 4248 cornu
2940 4211 3036 4247 vos
3076 4195 3313 4264 erigitis.
3350 4195 3559 4249 Vestris

1867 4286 2157 4356 prioribus
2206 4290 2323 4338 tam
2362 4283 2677 4337 sanctitatis
2726 4299 2897 4353 quam
2948 4284 3243 4353 sapientiae
3299 4300 3560 4337 reveren-

1799 4376 1838 4429 D
1866 4376 2118 4429 tissimus
2144 4374 2355 4427 exstitit
2379 4373 2825 4443 magniﬁcentia,
2857 4372 2956 4442 qui
2998 4388 3128 4426 cum
3163 4372 3309 4426 foret
3340 4374 3559 4443 legatus

1866 4464 2034 4531 sedis,
2057 4470 2112 4518 et
2166 4464 2495 4517 diaconatus
2541 4462 2726 4515 otticio
2778 4461 3040 4530 fungens,
3095 4466 3250 4513 tanta
3296 4461 3561 4515 contrivit

1865 4553 2202 4607 auctoritate
2246 4556 2447 4605 vestrm
2506 4548 3026 4617 Constantinopolis
3072 4548 3329 4617 episcopi
3383 4565 3555 4618 prava

1868 4642 2158 4713 dogmata,
2207 4656 2320 4710 quo
2360 4655 2473 4692 non
2513 4638 2700 4691 solum
2758 4638 2947 4708 ipsum
3005 4635 3310 4700 evinceret,
3359 4652 3558 4689 verum

1865 4730 2147 4799 dogmatis
2176 4728 2329 4782 illius
2360 4727 2504 4780 vires
2540 4742 2718 4795 usque
2755 4725 2899 4778 adeo
2949 4724 3340 4794 prostraverit,
3385 4728 3446 4776 ut
3485 4740 3557 4777 ne

1867 4818 2146 4888 respirare
2205 4821 2399 4887 postea
2438 4815 2707 4867 virtutem
2764 4812 3098 4867 obtinuerit.
3158 4811 3316 4874 Quod
3365 4816 3557 4864 autem

1867 4906 2003 4960 dicit
2054 4906 2122 4959 de
2189 4904 2368 4958 sancti
2434 4900 2678 4970 Spiritus
2734 4898 3114 4969 processione,
3168 4898 3404 4951 rationis
3464 4914 3557 4967 ap-

1869 4994 2071 5064 probat
2102 4992 2328 5057 virtute,
2363 4990 2555 5043 dicens
2585 5001 2699 5039 non
2738 4984 2893 5038 aliud
2944 4990 3073 5037 esse‘
3116 4985 3268 5038 mitti
3318 4987 3557 5056 paracli-

1868 5088 1987 5137 tum
2019 5098 2051 5134 a
2082 5080 2238 5139 Filio,
2275 5092 2447 5148 quam
2476 5072 2808 5143 procedere;
2841 5070 2986 5123 sicut
3019 5073 3193 5126 Filius
3223 5089 3354 5127 cum
3412 5074 3559 5127 mitti

1868 5170 2072 5225 dicitur
2103 5184 2135 5220 a
2174 5168 2355 5230 Patre,
2390 5162 2511 5231 ejus
2543 5158 2806 5211 nativitas
2826 5158 3173 5214 insinuatur.

1940 5254 2288 5324 Augustinus
2319 5251 2612 5321 episcopus
2636 5246 2695 5298 in
2726 5246 3014 5315 Evangelii
3049 5250 3311 5303 Tractatu
3361 5267 3559 5305 secun-

1870 5347 2005 5401 dum
2036 5344 2317 5395 Joannem
2346 5340 2456 5406 (Tr.
2483 5334 2650 5401 XCIX),
2677 5332 2755 5386 sic
2785 5333 2865 5386 ait
2898 5350 2910 5386 :
2952 5356 2978 5381 «
3016 5336 3118 5389 Hic
3157 5339 3365 5409 aliquis
3395 5339 3560 5392 forsi-

1868 5440 1964 5487 tan
1986 5432 2203 5500 quzerat
2222 5432 2416 5479 utrum
2438 5427 2496 5476 et
2518 5436 2548 5472 a
2571 5419 2712 5473 Filio
2735 5421 3006 5489 procedat
3028 5423 3273 5494 Spiritus
3294 5431 3517 5479 sanctus
3546 5441 3558 5476 :

1872 5519 2045 5574 Filius
2074 5513 2227 5566 enim
2259 5513 2432 5566 solius
2465 5506 2649 5563 Patris
2694 5514 2778 5561 est
2820 5509 3017 5576 Filius,
3066 5517 3125 5564 et
3172 5514 3342 5566 Pater
3389 5512 3560 5566 solius

1871 5605 1997 5662 Filii
2022 5606 2103 5656 est
2139 5603 2337 5668 Pater;
2365 5597 2611 5671 Spiritus
2636 5600 2826 5650 autem
2858 5603 3088 5651 sanctus
3119 5616 3239 5653 non
3269 5604 3353 5653 est
3390 5600 3561 5652 unius
