3890 6230
112 331 196 380 '27?
1111 331 1390 388 CONTRA
1431 331 1828 388 Gtt/ECORUM
1874 330 2228 389 OI’POSITA.
2262 362 2334 376 —
2375 332 2498 388 Lllt.
2546 334 2640 390 ιιι.

3517 341 3618 392 ‘278

105 462 168 516 de
199 463 368 517 Patre
399 464 517 520 vita
562 466 844 537 capiendo
877 466 1079 536 vitam;
1129 468 1245 522 vita
1292 467 1536 538 Spiritus
1581 474 1810 522 sanctus
1849 471 1890 522 A
1922 473 1975 522 et
2009 469 2181 524 Filius
2203 470 2466 540 Spiritus,
2502 472 2647 526 Patri
2681 479 2737 526 et
2766 473 2904 528 Filio
2937 475 3110 529 etiam
3137 474 3258 545 ipse
3290 477 3617 546 comqualis,

105 552 170 605 de
221 554 388 606 Patre
447 554 712 626 Filioque
766 555 881 608 vita
932 557 1269 626 prodeundo
1321 573 1553 610 sumens
1613 559 1806 610 vitam.

105 642 217 693 Non
274 642 439 696 enim
499 644 713 698 deitate
767 645 980 714 poterit
1036 661 1156 698 esse
1233 646 1478 698 Trinitas
1546 646 1808 716 perfectas

101 730 740 794 consubstantialitatis,
807 733 855 785 si
927 749 1045 786 non
1109 732 1354 804 Spiritus
1419 740 1646 788 sanctus
1703 736 1811 788 hoc

101 818 268 870 tuerit
299 819 460 888 quod
498 825 554 873 et
587 822 752 873 Pater
781 827 838 874 et
872 821 1060 874 Filius.

171 907 233 958 Et
283 908 525 977 quidem
578 909 730 980 quod
778 910 848 964 de
901 911 1061 962 Patre
1103 910 1391 979 procedat,
1443 912 1600 965 nulla
1658 928 1810 965 nunc

101 998 339 1049 vertitur
362 999 643 1067 quaestio;
694 999 844 1069 quod
876 1005 1067 1052 autem
1097 1015 1130 1051 a
1160 1000 1300 1053 Filio
1352 1001 1643 1070 procedat,
1685 1001 1808 1071 ipse

102 1085 273 1138 Filius
314 1089 483 1139 testis
522 1087 734 1150 existit,
775 1087 874 1156 qui
918 1087 1214 1157 loquitur:
1272 1091 1344 1142 De
1389 1104 1499 1142 meo
1555 1091 1806 1157 accipiet,

97 1179 145 1224 et
177 1177 541 1228 annuntiabit
593 1176 744 1228 vobis
792 1175 965 1241 (Joan.
1015 1192 1130 1238 xw,
1191 1177 1287 1241 li).
1341 1177 1445 1230 Sed
1502 1177 1635 1230 hinc
1684 1178 1807 1231 has-

99 1261 257 1312 retici
311 1262 532 1331 gradus
589 1264 650 1316 in
708 1262 1003 1316 divinitate
1076 1269 1406 1318 construere
1485 1267 1804 1330 voluerunt,

99 1349 353 1402 dicentes
409 1367 422 1402 :
485 1351 541 1404 Si
601 1352 771 1405 Filius
836 1351 1043 1421 accipit
1098 1370 1130 1405 a
1193 1355 1374 1418 Patre,
1445 1358 1493 1406 et
1565 1353 1808 1422 Spiritus

101 1445 326 1490 sanctus
389 1459 423 1492 a
503 1439 665 1506 Filio,
753 1441 943 1493 minor
995 1448 1080 1495 est
1151 1441 1398 1510 Spiritus
1459 1448 1684 1496 sanctus
1776 1461 1808 1496 a

103 1525 260 1580 Filio.
347 1528 490 1581 Huic
549 1544 826 1597 perversae
887 1529 1271 1597 propositioni
1334 1529 1527 1583 obviat
1609 1531 1808 1584 beatus

98 1615 470 1684 Augustinus,
523 1617 786 1686 superius
838 1618 1087 1685 positum
1160 1623 1410 1671 tractans
1490 1620 1804 1687 capitulum

95 1703 299 1769 (Tract.
344 1722 373 1756 c
431 1711 563 1758 ante
621 1705 815 1770 ﬁnem)
853 1723 865 1760 :
930 1725 957 1756 (ι
991 1706 1149 1769 Quod
1185 1712 1374 1760 autem
1411 1707 1489 1759 ait
1526 1724 1538 1760 :
1571 1710 1643 1760 De
1692 1724 1804 1762 meo

98 1795 346 1862 accipiet,
397 1799 449 1846 et
505 1795 855 1848 annuntiabit
895 1795 1066 1861 vobis,
1118 1795 1411 1848 catholicis
1457 1795 1650 1850 audite
1708 1812 1803 1850 au-

99 1878 274 1943 ribus,
309 1880 610 1934 catholicis
650 1881 924 1951 percipite
957 1882 1264 1935 mentibus.
1317 1883 1438 1936 Non
1471 1883 1621 1936 enim
1670 1901 1800 1954 pro-

98 1974 314 2035 pterea,
350 1969 496 2024 sicut
520 1969 756 2040 quidam
799 1970 1052 2024 haeretici
1090 1977 1453 2040 putaverunt,
1493 1972 1680 2025 minor
1717 1977 1800 2025 est

101 2056 237 2109 Filio
270 2057 520 2127 Spiritus
540 2064 804 2124 sanctus;
835 2059 970 2128 quia
1019 2058 1191 2112 Filius
1247 2059 1485 2128 accipiat
1527 2077 1560 2113 a
1614 2062 1797 2122 Patre,

101 2151 151 2197 et
205 2145 455 2215 Spiritus
509 2152 737 2200 sanctus
797 2163 830 2199 a
895 2147 1055 2214 Filio,
1117 2148 1461 2217 quibusdam
1532 2151 1800 2219 gradibus

101 2241 458 2287 naturarum.
514 2235 677 2288 Absit
726 2235 832 2288 hoc
895 2237 1147 2303 credere,
1209 2237 1357 2290 absit
1415 2238 1522 2291 hoc
1586 2238 1794 2304 dicere,

101 2322 242 2374 absit
273 2340 307 2374 a
341 2323 680 2376 Christianis
713 2323 979 2376 cordibus
1026 2324 1300 2392 cogitare.
1357 2325 1613 2396 Denique
1660 2344 1796 2380 con-

101 2411 255 2462 tinuo
288 2411 464 2464 solvit
501 2411 905 2480 quaestionem,
957 2417 1014 2464 et
1061 2427 1162 2464 cur
1207 2411 1315 2465 hoc
1363 2413 1570 2465 dixerit
1603 2413 1795 2482 expla-

102 2498 295 2551 navit:
337 2500 554 2565 Omnia,
611 2499 822 2569 inquit,
871 2516 1200 2568 quaecunque
1249 2501 1408 2554 habet
1452 2503 1629 2564 Pater,
1679 2517 1797 2554 mea

100 2594 218 2640 sunt
252 2604 264 2639 :
298 2594 589 2656 propterea
635 2588 778 2654 dimi,
814 2593 952 2656 quia
981 2589 1046 2642 de
1083 2605 1194 2642 meo
1219 2593 1470 2657 accipiet,
1499 2596 1548 2644 et
1584 2605 1795 2643 annun-

100 2679 254 2729 tiabit
301 2677 456 2730 vobis
521 2680 676 2745 (Joan
733 2693 844 2742 xw,
913 2677 1015 2748 15).
1076 2677 1225 2741 Quid
1283 2679 1452 2731 vultis
1509 2677 1796 2748 amplius?

98 2766 242 2833 Ergo
275 2766 348 2818 de
384 2769 550 2819 Patre
604 2765 808 2834 accipit
852 2766 1099 2834 Spiritus
1155 2772 1403 2832 sanctus,
1442 2767 1593 2821 unde
1643 2767 1789 2820 acci-

97 2855 174 2922 pit
209 2854 392 2907 Filius
425 2871 437 2907 :
469 2853 603 2924 quia
630 2854 692 2906 in
725 2854 831 2908 hac
864 2853 1139 2908 Trinitate
1177 2855 1246 2908 de
1286 2856 1451 2908 Patre
1500 2861 1666 2908 natus
1712 2859 1796 2908 est

102 2943 294 3007 Filius,
355 2943 426 2995 de
483 2945 642 2996 Patre
722 2943 974 3012 procedit
1049 2943 1297 3011 Spiritus
1362 2948 1608 2996 sanctus.
1685 2943 1792 3006 Qui

1918 563 1973 611 et
2041 561 2107 612 ad
2165 561 2458 613 Trinitatis
2514 561 2810 630 pertinens
2867 563 3196 617 unitatem:
3262 581 3374 617 non
3427 571 3620 618 tamen

1920 647 2180 701 eamdem
2214 649 2548 702 Trinitatem
2582 657 2773 703 natam
2806 651 2872 703 de
2914 651 3146 721 Virgine
3181 653 3373 720 Maria,
3420 657 3474 705 et
3513 654 3618 706 sub

1919 736 2121 788 Pontio
2160 738 2334 790 Pilato
2367 738 2713 803 cruciﬁxum,
2757 745 2812 790 et
2841 740 3142 808 sepultam,
3180 742 3344 794 tertia
3387 742 3478 795 die
3526 758 3615 794 re-

1915 826 2245 891 surrexisse,
2270 832 2326 878 et
2361 828 2418 879 in
2441 829 2646 879 cretum
2686 827 3025 892 ascendisse,
3077 829 3170 880 sed
3219 833 3615 883 tantummodo

1919 913 2144 967 Filium.
2186 935 2207 959 ι
2259 914 2525 968 Distincte
2572 915 2929 984 singularum
2981 915 3039 968 in
3103 923 3292 970 sancta
3341 919 3614 971 Trinitate

1917 1017 2290 1070 personarum
2333 1003 2712 1073 proprietates
2761 1003 3035 1066 insinuat,
3074 1009 3131 1055 et
3167 1005 3236 1057 ad
3286 998 3614 1059 solum—Fi-

1915 1089 2056 1142 lium
2108 1091 2563 1144 lncarnationem
2634 1091 2940 1161 pertinere.
2997 1092 3215 1146 Etenim
3281 1094 3442 1146 Pater
3500 1111 3612 1146 non

1915 1182 1999 1230 est
2057 1177 2206 1231 idem
2250 1179 2345 1248 qui
2407 1180 2598 1245 Filius,
2657 1180 2932 1249 quoniam
2991 1180 3191 1249 genuit
3250 1182 3494 1238 Filium:
3559 1188 3614 1233 et

1918 1265 2091 1318 Filius
2127 1283 2240 1318 non
2282 1267 2435 1320 idem
2481 1267 2579 1336 qui
2611 1269 2796 1332 Pater,
2831 1268 2926 1319 sed
2987 1268 3385 1320 tantummodo
3437 1270 3610 1322 Filius

1916 1354 2014 1422 qui
2068 1355 2140 1406 sit
2191 1374 2223 1407 a
2282 1357 2441 1408 Patre
2496 1355 2757 1424 genitus;
2805 1357 3052 1425 Spiritus
3111 1373 3341 1426 quoque
3386 1363 3612 1410 sanctus

1915 1458 2018 1493 nec
2051 1444 2214 1495 Pater
2239 1449 2328 1507 sit,
2367 1460 2465 1496 nec
2513 1444 2706 1508 Filius,
2745 1444 2840 1497 sed
2893 1449 3118 1497 tantum
3173 1446 3350 1497 Patris
3395 1449 3450 1497 et
3487 1446 3610 1499 Filii

1913 1529 2175 1599 Spiritus.
2233 1531 2299 1582 Et
2359 1531 2631 1599 quoniam
2696 1533 2995 1600 utriusque
3059 1531 3268 1585 dicitur
3339 1532 3605 1600 Spiritus,

1915 1626 2330 1688 consequenter
2359 1621 2428 1672 ab
2464 1628 2706 1690 utroque
2738 1622 3044 1688 procedere
3085 1621 3457 1673 conlitendus.
3492 1620 3609 1673 Sic-

1917 1711 1976 1759 ut
2005 1707 2161 1759 euim
2208 1708 2388 1760 Patris
2435 1708 2643 1760 dicitur
2686 1723 2826 1775 esse,
2879 1708 3012 1777 quia
3062 1708 3314 1776 procedit
3344 1725 3376 1761 a
3418 1710 3604 1774 Patre,

1913 1794 1992 1848 sic
2048 1795 2172 1849 Filii
2229 1812 2460 1865 quoque
2516 1796 2817 1863 proﬁtetur
2877 1811 3014 1861 esse,
3078 1796 3212 1865 quia
3268 1795 3519 1865 procedit
3575 1812 3608 1846 a

1913 1886 2068 1939 Filio.
2104 1885 2318 1939 Similis
2359 1885 2567 1939 etenim
2610 1902 2776 1938 causa
2820 1902 2919 1938 cur
2969 1887 3040 1938 sit
3083 1885 3402 1953 utriusque.
3457 1887 3609 1938 simi-

1909 1972 2040 2026 liter
2090 1973 2396 2027 contitetur
2442 1973 2510 2025 ab
2562 1979 2805 2043 utroque
2865 1974 3210 2044 procedere;
3261 1979 3316 2026 et
3355 1989 3485 2026 cum
3535 1974 3607 2026 sit

1909 2061 2058 2115 Patri
2085 2062 2337 2132 Filioque
2380 2060 2706 2130 cozeqnalis,
2766 2068 2823 2114 et
2871 2062 2941 2115 ad
2972 2062 3266 2115 Trinitatis
3321 2061 3606 2130 pertineat

1907 2152 2210 2215 unitatem,
2248 2150 2567 2202 lncarnatio
2595 2153 2787 2201 tamen
2822 2149 2944 2202 Filii
2975 2165 3078 2202 nec
3103 2148 3174 2202 ad
3202 2151 3450 2213 Patrem,
3501 2165 3602 2200 nec

1905 2238 1977 2292 ad
2035 2237 2313 2307 Spiritum
2362 2235 2620 2290 sanctum
2652 2236 2948 2307 pertinet:
2999 2238 3249 2306 pertinet
3278 2243 3470 2288 autem
3531 2238 3600 2288 ad

1905 2327 2091 2380 solum
2145 2328 2364 2379 Patrem
2411 2325 2676 2394 genuisse
2713 2325 2952 2390 Filium;
3003 2325 3072 2378 ad
3141 2325 3343 2378 Filium
3406 2331 3599 2377 autem

1905 2415 2198 2468 hominem
2243 2414 2551 2484 suscepisse
2595 2413 2908 2482 perfectum
2952 2429 2965 2465 ε
3018 2413 3086 2466 ad
3131 2413 3408 2480 Spiritum
3453 2429 3593 2481 quo-

1905 2520 2016 2574 que
2048 2511 2304 2556 sanctum
2334 2519 2398 2555 ex
2433 2504 2595 2556 Patre
2642 2502 2896 2570 Filioque
2943 2501 3302 2570 processisse.
3359 2502 3496 2553 Item
3540 2500 3596 2552 in

1903 2591 2384 2662 consequentibus
2418 2593 2560 2659 (cap.
2618 2593 2712 2656 5):
2777 2613 2802 2635 «
2857 2590 3041 2643 Movet
3089 2589 3258 2641 etiam
3309 2589 3598 2658 quomodo

1903 2682 2146 2751 Spiritus
2184 2687 2412 2733 sanctus
2457 2679 2516 2731 in
2567 2679 2843 2732 Trinitate
2895 2680 2987 2738 sit,
3036 2693 3206 2746 quem
3261 2693 3363 2729 nec
3412 2679 3592 2741 Pater,

1904 2786 2007 2823 nec
2037 2769 2226 2825 Filius.
2263 2785 2364 2821 nec
2395 2768 2560 2820 ambo
2591 2767 2916 2835 genuerint,
2969 2782 3096 2818 cum
3145 2766 3216 2818 sit
3247 2765 3489 2834 Spiritus
3543 2770 3598 2817 et

1904 2859 2084 2912 Patris
2105 2864 2158 2911 et
2190 2858 2332 2921 Filii,
2370 2879 2390 2904 ι
2430 2858 2524 2909 His
2576 2856 2756 2908 verbis
2788 2856 3216 2923 generationem
3277 2857 3526 2905 removet
3566 2870 3595 2904 a

1902 2946 2116 3016 Spiritu
2162 2953 2372 3011 sancto,
2424 2961 2595 3015 quem
2657 2961 2758 2997 nec
2806 2946 2971 2996 Pater
3024 2943 3192 3004 solus,
3249 2958 3350 2994 nec
3422 2941 3594 2994 Filius

99 3036 283 3084 autem
319 3032 391 3084 de
422 3031 580 3084 nullo
624 3036 793 3084 natus
823 3030 914 3097 sit,
970 3031 1039 3084 de
1091 3031 1248 3084 nullo
1287 3031 1574 3100 procedat,
1628 3032 1793 3085 Pater
1830 3063 1868 3118 Ο
1900 3035 2073 3094 solus,
2103 3051 2204 3088 nec
2234 3035 2401 3086 ambo
2442 3033 2733 3102 genuissse
2785 3032 3075 3090 dicantur;
3112 3037 3360 3082 attamen
3411 3029 3483 3081 sit
3540 3034 3595 3080 et

99 3119 246 3169 solus
293 3126 400 3172 est.
459 3141 482 3165 ι
539 3119 661 3171 Non
713 3124 798 3171 est
852 3118 1201 3172 contrarium
1261 3119 1418 3188 quod
1466 3135 1616 3171 nunc
1673 3125 1791 3188 agit

98 3207 370 3271 Spiritum
397 3213 657 3259 sanctum
682 3206 751 3259 de
784 3209 945 3260 Patre
991 3209 1322 3276 procedere,
1374 3207 1788 3277 superioribus,

100 3295 188 3347 ubi
218 3295 364 3348 dixit
393 3296 664 3349 eumdem
707 3295 983 3365 Spiritum
1030 3302 1290 3350 sanctum
1334 3312 1367 3349 a
1401 3295 1539 3350 Filio
1587 3312 1788 3365 proce-

98 3384 246 3450 dere,
280 3384 381 3438 sed
412 3385 603 3438 aufert
646 3384 1090 3438 minorationem
1141 3401 1314 3454 quam
1358 3383 1610 3438 haeretici
1658 3400 1786 3454 gar-

98 3474 335 3537 riebant,
369 3478 426 3525 et
469 3472 840 3526 commendat
882 3473 1290 3542 aequalitatem,
1325 3489 1494 3542 quam
1529 3472 1788 3526 catholici

96 3561 348 3613 credunt.
411 3561 554 3614 Nam
603 3560 649 3612 si
705 3564 926 3614 tantum
985 3562 1230 3631 Spiritus
1283 3567 1509 3615 sanctus
1562 3579 1594 3614 a
1651 3561 1788 3615 Filio

97 3652 376 3702 diceretur
417 3649 695 3717 accipere,
753 3665 871 3702 non
928 3650 1100 3712 etiam
1135 3667 1165 3703 a
1210 3652 1392 3717 Patre,
1435 3649 1790 3719 praeberetur

95 3737 238 3788 locus
283 3737 515 3790 Arianis
551 3737 807 3805 fingendi
859 3738 1068 3806 gradus
1113 3739 1173 3790 in
1225 3739 1520 3791 divinitate
1557 3755 1568 3791 :
1637 3755 1788 3790 nunc

94 3833 273 3878 autem
319 3825 522 3879 dicens
554 3825 626 3879 de
683 3827 848 3879 Patre
883 3827 1036 3895 quod
1077 3827 1349 3895 procedat
1381 3827 1625 3896 Spiritus
1656 3843 1784 3878 san-

94 3926 225 3976 ctus,
263 3931 378 3967 non
408 3922 495 3967 est
531 3914 685 3968 unde
716 3915 940 3984 ﬁngant
989 3916 1463 3982 minorationem;
1513 3915 1785 3984 quoniam

96 4002 212 4056 inde
263 4003 474 4072 accipit
545 4003 721 4056 etiam
783 4003 1027 4072 Spiritus
1070 4009 1298 4057 sanctus
1357 4011 1418 4056 ut
1495 4004 1784 4072 procedat,

95 4092 232 4144 unde
274 4092 486 4159 accipit
514 4091 686 4144 Filius
715 4096 778 4144 ut
807 4097 1070 4145 nascatur
1102 4109 1115 4145 ε
1161 4097 1218 4144 et
1271 4092 1408 4146 dum
1439 4091 1608 4145 ambo
1658 4107 1786 4160 per-

93 4180 303 4239 ςιςνίιιιιι
332 4196 367 4231 a
399 4180 587 4240 Patre,
633 4180 804 4231 Filius
855 4180 1230 4244 nativitatem,
1284 4180 1528 4249 Spiritus
1558 4185 1787 4232 sanctus

95 4269 537 4334 processionem,
573 4284 684 4320 non
719 4275 803 4320 est
847 4270 994 4321 unde
1033 4271 1175 4320 alter
1218 4269 1378 4321 alteri
1427 4269 1782 4338 praeferatur.

1900 3123 2080 3176 Patris
2113 3128 2168 3176 et
2194 3122 2318 3176 Filii
2346 3121 2590 3190 Spiritus
2624 3136 2635 3172 :
2674 3119 2946 3172 nimirum
2981 3117 3274 3170 insinuans
3308 3116 3444 3185 quia
3489 3116 3589 3185 qui

1898 3211 2181 3264 nascendo
2224 3227 2335 3263 non
2387 3211 2460 3262 sit
2512 3209 2702 3274 Filius,
2747 3209 3105 3278 procedendo
3164 3206 3236 3260 sit
3291 3206 3591 3260 amborum

1897 3299 2141 3367 Spiritus
2177 3316 2189 3352 :
2238 3299 2335 3352 ubi
2380 3299 2530 3351 enim
2588 3297 2854 3350 nativitas
2893 3296 3132 3358 tollitur,
3185 3302 3242 3347 et
3280 3295 3582 3347 amborum

1898 3405 2020 3440 esse
2053 3388 2280 3452 dicitur,
2325 3387 2604 3456 processio
2639 3387 2757 3438 sine
2787 3385 2960 3437 dubio
2996 3384 3371 3453 signiﬁcatur.
3407 3389 3591 3436 etnon

1898 3478 1968 3530 ab
2023 3493 2135 3529 uno
2190 3475 2614 3542 tantummodo,
2676 3475 2780 3527 hoc
2834 3479 2917 3527 est
2974 3474 3057 3526 vel
3115 3489 3146 3524 a
3196 3473 3361 3524 Patre
3421 3471 3504 3522 vel
3563 3487 3593 3523 a

1902 3565 2060 3630 Filio,
2098 3564 2196 3616 sed
2231 3564 2301 3616 ab
2352 3569 2613 3632 utroque,
2648 3562 2922 3629 quoniam
2972 3577 3088 3612 non
3134 3558 3306 3611 unius
3365 3563 3588 3610 tantum

1895 3653 2138 3722 Spiritus
2173 3694 2184 3717 ,
2218 3651 2314 3704 sed
2344 3652 2644 3719 utriusque
2679 3653 2797 3702 fore
2832 3649 3260 3717 comprobatur.

1972 3744 2108 3793 Item
2141 3740 2290 3792 infra
2321 3743 2464 3806 (cap.
2510 3741 2636 3804 1‘2):
2697 3761 2715 3781 σι
2767 3737 2886 3789 Jan)
2927 3737 3080 3789 enim
3127 3736 3481 3786 ostendimus
3533 3732 3589 3785 in

1897 3830 2002 3883 hac
2030 3828 2303 3881 Trinitate
2337 3843 2438 3895 per
2470 3827 2682 3879 multos
2714 3824 3069 3876 locutionum
3101 3822 3425 3876 divinarum
3470 3837 3582 3872 uio-

1897 3917 1997 3971 dos
2027 3917 2197 3970 etiam
2229 3915 2295 3967 de
2322 3914 2562 3982 singulis
2592 3913 2702 3965 dici
2727 3911 2878 3982 quod
2901 3911 3161 3964 omnium
3190 3914 3292 3976 est,
3352 3914 3590 3978 propter

1894 4003 2336 4074 inseparabilem
2379 4002 2765 4071 operationem
2818 4000 2986 4054 unius
3037 3999 3409 4069 ejusdemque
3457 3998 3588 4049 sub-

1897 4093 2138 4147 stantias.
2184 4091 2336 4144 Sicut
2376 4094 2432 4143 et
2472 4090 2540 4142 de
2579 4089 2790 4158 Spiritu
2843 4093 3035 4141 sancto
3082 4087 3262 4140 dicit:
3312 4087 3442 4140 Cum
3498 4100 3591 4150 ego

1894 4185 2023 4242 iero,
2072 4183 2285 4234 mittam
2331 4180 2482 4232 illum
2515 4178 2588 4231 ad
2618 4193 2709 4230 vos
2769 4178 2942 4244 (Joa-n.
2987 4192 3098 4240 xw,
3143 4177 3216 4244 7).
3260 4175 3384 4228 Non
3450 4174 3594 4226 dixit

1898 4272 2209 4333 mittemus,
2235 4271 2329 4320 sed
2358 4269 2435 4320 ita
2463 4267 2625 4336 quasi
2659 4274 2880 4319 tantum
2919 4265 3092 4318 Filius
3142 4280 3274 4317 eum
3317 4263 3594 4316 missurus

99 4358 198 4409 Nec
227 4367 426 4410 tamen
477 4357 690 4409 idcirco
737 4358 1067 4426 negandum
1099 4357 1247 4426 quod
1281 4359 1348 4410 de
1383 4358 1522 4410 Filio
1553 4373 1783 4426 quoque
1828 4359 1867 4411 D
1896 4364 2062 4424 esset,
2111 4373 2226 4410 non
2278 4358 2458 4410 Pater.
2513 4355 2655 4409 Cum
2705 4355 2816 4407 alio
2866 4355 2987 4407 loco
3034 4353 3228 4406 dicat:
3282 4355 3403 4406 Hec
3443 4354 3594 4405 locu-

96 4451 405 4512 procedat:
465 4446 548 4498 ait
609 4461 857 4514 namque
920 4446 1092 4498 Filius
1145 4461 1157 4498 :
1215 4446 1409 4499 Omnia
1463 4461 1789 4513 quaecunque

100 4535 243 4587 habet
274 4536 460 4597 Pater,
502 4549 621 4586 mea
651 4538 793 4586 sunt.
843 4535 1132 4601 Proliterea
1184 4534 1326 4600 dimi,
1375 4537 1506 4602 quia
1558 4535 1622 4586 de
1679 4551 1789 4586 meo

100 4625 334 4689 accipiet,
363 4630 417 4674 et
465 4622 821 4674 annuntiabit
873 4623 1025 4674 vobis
1080 4623 1250 4688 (Joan.
1300 4639 1409 4687 xw,
1451 4624 1550 4682 15).
1615 4623 1793 4675 Habet

102 4718 280 4762 autem
319 4711 492 4763 Pater
545 4716 606 4761 ut
659 4711 729 4762 de
780 4711 876 4762 illo
935 4711 1203 4778 procedat
1253 4711 1497 4778 Spiritus
1543 4717 1789 4777 sanctus,

101 4805 514 4868 consequenter
553 4803 609 4850 et
640 4798 811 4851 Filius
842 4798 1013 4851 habet
1039 4803 1100 4852 ut
1148 4799 1217 4851 de
1247 4799 1343 4851 illo
1386 4815 1614 4868 quoque
1664 4815 1794 4868 pro-

101 4889 277 4952 cedat;
328 4904 470 4956 ergo
511 4886 775 4957 procedit
812 4889 882 4940 ab
944 4893 1188 4957 utroque
1245 4888 1489 4958 Spiritus
1543 4895 1792 4941 sanctus.

769 5011 991 5064 CAPUT
1031 5011 1122 5064 Ill.

492 5116 633 5170 Item
669 5119 968 5170 testimonia
990 5133 1056 5170 ca:
1078 5120 1406 5186 Augustino.

165 5240 221 5292 In
274 5239 429 5292 libro
485 5240 560 5291 de
608 5245 803 5291 sancta
858 5239 1131 5293 Trinitate
1171 5240 1359 5309 primo
1407 5243 1549 5308 (cap.
1607 5242 1661 5310 4)
1721 5242 1799 5294 sic

110 5327 217 5380 ait:
285 5349 308 5374 α
373 5325 660 5390 Quamvis
713 5325 880 5378 Pater
939 5326 1142 5379 Filium
1210 5329 1496 5396 genuerit,
1559 5335 1616 5380 et
1671 5327 1800 5380 ideo

113 5416 267 5468 Filius
305 5432 423 5468 non
477 5415 557 5467 sit
607 5412 711 5482 qui
764 5415 928 5467 Pater
958 5422 1076 5481 est;
1128 5416 1412 5485 Filiusque
1445 5432 1476 5467 a
1517 5417 1676 5468 Patre
1731 5415 1802 5468 sit

113 5505 340 5571 genitus,
377 5510 431 5556 et
463 5503 601 5556 ideo
635 5517 752 5552 non
783 5503 853 5554 sit
879 5503 1040 5555 Pater
1071 5504 1169 5573 qui
1199 5504 1370 5556 Filius
1402 5511 1513 5568 est;
1557 5504 1801 5572 Spiritus

117 5599 320 5645 sanctus
353 5608 457 5645 nec
493 5592 677 5644 Pater
706 5588 795 5653 sit,
828 5607 928 5643 nec
975 5592 1167 5657 Filius,
1210 5593 1308 5645 sed
1358 5597 1580 5645 tantum
1625 5592 1802 5644 Patris

1898 4454 1983 4501 ius
2012 4463 2129 4500 sum
2153 4447 2302 4499 vobis
2323 4445 2474 4513 apud
2507 4460 2596 4498 vos
2635 4459 2891 4504 manens;
2945 4443 3240 4496 advocatus
3272 4446 3449 4494 autem
3483 4441 3592 4503 ille,

1898 4538 2145 4604 Spiritus
2188 4540 2406 4588 sanctus
2454 4549 2610 4602 quem
2655 4535 2826 4585 mittet
2875 4531 3041 4584 Pater
3079 4533 3138 4582 in
3193 4532 3406 4582 nomine
3460 4543 3589 4592 meo,

1898 4627 1989 4678 ille
2035 4625 2184 4677 vobis
2233 4623 2533 4677 declarabit
2563 4624 2743 4675 omnia
2765 4623 2944 4685 (Joan.
2992 4634 3103 4680 xrv,
3157 4621 3268 4675 25).
3321 4616 3416 4668 Hic
3467 4630 3596 4666 rur-

1902 4730 1998 4766 sus
2029 4713 2104 4764 ita
2136 4713 2347 4765 dictum
2381 4717 2482 4776 est,
2525 4709 2687 4780 quasi
2719 4725 2835 4762 non
2867 4723 2996 4761 eum
3028 4706 3302 4759 missurus
3351 4707 3495 4756 esset
3542 4707 3598 4753 et

1903 4801 2098 4865 Filius,
2126 4801 2222 4854 sed
2253 4805 2475 4852 tantum
2529 4800 2708 4851 Pater.
2764 4817 2790 4846 υ
2843 4797 3191 4864 Frequenter
3242 4791 3456 4843 dictum
3513 4793 3597 4841 est

1907 4890 2235 4943 missionem
2268 4888 2540 4957 Spiritum
2586 4884 3010 4955 processionem
3057 4896 3206 4945 esse;
3248 4885 3599 4948 quapropter

1903 4993 2033 5031 cum
2058 4982 2296 5030 testatur
2325 4976 2528 5027 Filium
2563 4988 2694 5025 eum
2729 4971 3034 5024 missurum
3096 4983 3239 5028 esse,
3290 4965 3599 5036 processio-

1907 5039 2038 5117 nem
2074 5064 2195 5131 ejus
2222 5079 2254 5114 a
2281 5062 2418 5115 Filio
2451 5059 2734 5128 signiﬁcat
2767 5072 2780 5108 :
2815 5056 2951 5108 item
3001 5069 3131 5107 cum
3179 5054 3329 5106 dicat
3378 5053 3598 5104 Patrem

1905 5154 2216 5205 missurum
2260 5147 2506 5217 Spiritus
2539 5150 2797 5197 sanctum
2848 5142 2906 5194 in
2941 5143 3172 5194 nomine
3206 5140 3352 5206 Filii,
3375 5147 3377 5150 '
3404 5151 3602 5192 rursus

1906 5237 2329 5310 processionem
2361 5235 2485 5304 ejus
2511 5234 2578 5284 de
2615 5233 2774 5284 Patre
2805 5228 3013 5297 signat.
3044 5229 3110 5282 Et
3142 5229 3278 5282 dum
3327 5227 3396 5280 ab
3442 5233 3600 5279 utro-

1905 5344 2015 5398 que
2040 5325 2185 5378 mitti
2212 5322 2439 5387 dicitur,
2457 5321 2525 5374 ab
2545 5325 2789 5387 utroque
2809 5318 3120 5386 procedere
3175 5315 3597 5386 comprobatur.

1912 5417 1973 5469 Et
2003 5413 2098 5467 dat
2123 5413 2447 5479 generalem
2483 5411 2690 5461 sancta:
2722 5405 3019 5459 Trinitatis
3067 5406 3348 5475 regulam,
3413 5403 3606 5456 dicens

1908 5505 1976 5556 de
2009 5500 2248 5567 singulis
2274 5498 2383 5552 dici
2415 5496 2572 5568 quod
2601 5493 2859 5547 omnium
2891 5498 2996 5558 est,
3025 5513 3052 5541 ‹‹
3103 5497 3338 5562 propter
3375 5492 3605 5558 insepa-

1913 5589 2144 5642 rabilem
2170 5586 2560 5657 operationem
2592 5581 2762 5634 unius
2785 5579 3164 5650 ejusdemque
3201 5577 3552 5631 substantiae.
3580 5596 3604 5620 ιι
