3890 6230
261 254 364 305 279

1413 247 1773 303 RATRAMNI
1813 247 2274 304 COBBEIENSIS
2314 249 2619 305 MONACHI
3680 251 3770 302 280

264 382 387 446 Quo
418 381 567 437 dicto
598 381 896 436 manifeste
923 381 1219 446 docemur,
1245 380 1397 450 quod
1426 396 1556 433 cum
1586 380 1806 434 dicatur
1831 380 1956 450 Spi-
1998 382 2045 436 A
2071 384 2157 433 ter
2186 380 2362 434 solus.
2386 380 2450 433 Et
2480 379 2615 449 quia
2644 378 2818 433 Filius
2850 395 3084 450 quoque
3116 379 3403 450 sapientia
3444 388 3534 433 est
3588 378 3768 449 genita

266 470 411 525 ritus
440 486 473 523 a
502 472 664 523 Patre
692 471 1020 539 procedere,
1069 470 1516 540 intelligendum
1564 471 1779 539 pariter
1822 471 1970 539 quod

268 566 384 613 eta
429 560 569 613 Filio
621 561 909 628 procedat.
968 561 1230 629 Itemque
1290 575 1422 612 cum
1471 559 1675 612 dicitur
1728 577 1760 612 a
1828 560 1969 612 Filio

272 647 442 707 mitti,
475 648 646 701 simul
679 648 1120 717 intelligendum
1152 649 1304 718 quod
1337 654 1394 701 et
1425 665 1457 701 a
1484 650 1646 702 Patre
1679 649 1967 714 mittatur;

273 736 545 808 quoniam
576 739 744 791 Pater
772 742 830 791 et
857 737 1029 790 Filius
1051 738 1196 790 sicut
1221 737 1394 790 unius
1425 737 1793 808 ejusdemque
1840 746 1975 791 sunt

273 825 621 891 substantia,
670 823 751 877 sic
786 825 957 878 unius
1003 825 1375 895 ejusdemque
1423 832 1555 878 sunt
1599 826 1969 896 operationis.

275 914 399 977 Qua
423 913 491 967 de
516 928 574 966 re
605 913 705 983 qui
735 919 901 982 negat
938 913 1211 982 Spiritum
1235 929 1264 965 a
1292 912 1431 966 Filio
1456 913 1622 980 mitti,
1647 929 1774 966 cum
1806 914 1976 967 fatea-

276 1008 562 1056 tureuma
579 1003 741 1055 Patre
766 1001 937 1066 mitti,
972 1002 1354 1071 negatprocul
1389 1001 1563 1055 dubio
1592 1003 1798 1055 Filium
1822 1003 1977 1055 Patri

280 1091 611 1160 cooperari;
639 1108 703 1144 ac
735 1106 836 1160 per
882 1090 991 1144 hoc
1014 1091 1135 1159 jam
1175 1092 1400 1145 Patrem
1460 1096 1516 1143 et
1564 1091 1772 1144 Filium
1841 1091 1975 1145 dicit

280 1195 403 1233 non
450 1178 618 1232 unius
662 1179 1035 1249 ejusdemque
1089 1180 1439 1249 operationis
1483 1196 1496 1233 :
1547 1181 1698 1250 quod
1758 1181 1975 1245 dicens,

281 1273 696 1338 consequenter
727 1272 895 1335 negat
916 1270 1143 1322 Patrem
1165 1273 1221 1322 et
1242 1268 1448 1322 Filium
1484 1270 1652 1322 unius
1691 1270 1977 1340 ejusdem-

284 1371 394 1426 que
445 1357 564 1410 fore
623 1357 975 1411 substantia.
1021 1358 1152 1411 Tale
1196 1363 1281 1411 est
1331 1365 1386 1412 et
1432 1359 1575 1412 illud
1602 1360 1757 1429 quod
1806 1360 1980 1413 Filius

281 1450 542 1511 testatur,
575 1446 849 1516 Spiritum
883 1464 915 1500 a
964 1449 1130 1502 Patre
1182 1450 1511 1518 procedere.
1559 1449 1825 1519 Quisquis
1876 1466 1981 1502 ne-

283 1550 415 1603 gare
449 1535 717 1588 maluerit
763 1552 880 1588 non
915 1553 1048 1590 eum
1099 1553 1327 1608 quoque
1370 1556 1402 1591 a
1454 1539 1593 1592 Filio
1650 1539 1979 1607 procedere,

283 1626 455 1693 negat
476 1623 689 1691 pariter
742 1624 951 1677 Filium
1002 1642 1120 1678 non
1166 1627 1419 1696 ejusdem
1474 1643 1593 1681 esse
1634 1628 1983 1695 operationis

284 1727 414 1765 cum
437 1712 602 1765 Patre
634 1727 738 1766 :ac
766 1729 868 1781 per
900 1713 1006 1766 hoc
1054 1716 1279 1768 Patrem
1312 1715 1634 1786 Filiumque
1664 1733 1772 1768 non
1814 1717 1981 1770 unius

286 1800 384 1852 sed
422 1798 663 1852 diversa
694 1800 816 1853 fore
850 1800 1210 1856 substantia.
1253 1803 1413 1866 Quod
1455 1803 1726 1871 quoniam
1756 1804 1981 1857 Arianae

286 1887 547 1941 videmus
599 1887 914 1958 impietatis
976 1888 1044 1942 de
1092 1892 1246 1943 lente
1300 1907 1552 1956 manare,
1608 1892 1984 1961 profiteamur

286 1992 418 2030 cum
463 1976 759 2029 catholicis
806 1982 985 2030 totam
1026 1978 1135 2031 sibi
1178 1980 1517 2033 Trinitatem
1566 1981 1886 2050 cooperari,
1929 1987 1984 2034 et

288 2062 356 2115 de
380 2061 647 2115 omnibus
681 2062 1123 2131 intelligendum
1156 2064 1224 2117 de
1256 2065 1499 2135 singulis
1531 2067 1682 2136 quod
1737 2067 1980 2120 dicitur:

289 2150 564 2219 quoniam
611 2166 740 2203 cum
793 2152 868 2203 sit
914 2155 1031 2205 tota
1084 2151 1328 2206 Trinitas
1384 2154 1552 2207 unius
1609 2155 1983 2226 ejusdemque

288 2238 641 2304 substantia,
692 2240 943 2309 separari
988 2256 1360 2311 nequaquam
1394 2248 1580 2310 potest
1626 2244 1979 2312 operatione.

288 2327 411 2390 Qua
440 2327 511 2380 de
540 2343 600 2380 re
629 2344 760 2381 cum
794 2328 1001 2382 dicitur
1029 2330 1274 2400 Spiritus
1300 2348 1332 2384 a
1371 2332 1535 2385 Patre
1560 2332 1868 2401 procedere
1892 2349 1983 2401 pa-

289 2416 427 2470 riter
451 2433 680 2487 quoque
702 2417 1067 2472 sentiendum
1090 2419 1372 2489 dici_‘quod
1393 2420 1666 2487 procedat
1688 2424 1743 2473 et
1764 2438 1794 2473 a
1820 2420 1981 2475 Filio.

362 2506 502 2557 Item
535 2504 596 2558 in
622 2505 723 2559 lib.
754 2522 823 2559 xv
845 2509 986 2576 (cap.
1021 2509 1069 2577 6)
1099 2514 1303 2561 sancta
1332 2509 1624 2562 Trinitatis
1658 2526 1669 2562 :
1711 2529 1739 2559 ι(
1772 2510 1989 2563 Dicitur

293 2593 531 2661 quidem
555 2593 616 2647 in
645 2594 950 2664 Scripturis
1002 2597 1211 2649 sanctis
1242 2598 1485 2652 Christus
1537 2599 1641 2651 Dei
1692 2600 1889 2664 virtus,
1940 2605 1990 2652 et

296 2684 388 2737 Dei
417 2685 706 2751 sapientia.
736 2683 843 2737 Sed
875 2685 1362 2754 quemadmodum
1404 2687 1475 2739 sit
1524 2686 1984 2757 intelligendum,

292 2787 396 2824 nec
428 2772 654 2824 Patrem
694 2771 867 2825 Filius
890 2772 1145 2826 videatur
1174 2774 1356 2827 facere
1392 2775 1729 2845 sapientem,
1761 2777 1821 2830 in
1841 2776 1989 2829 libro

294 2859 538 2929 septimo
560 2859 912 2929 disputatum
939 2868 1039 2915 est.
1059 2862 1330 2916 Etadhoc
1347 2863 1490 2916 ratio
1514 2863 1789 2933 pervenit,
1819 2869 1881 2918 ut
1914 2864 1993 2916 sic

2079 470 2149 523 de
2199 469 2499 539 sapientia,
2550 468 2697 522 sicut
2738 484 2843 522 nec
2884 470 3052 522 Pater
3090 468 3161 536 ei,
3202 484 3308 521 nec
3355 468 3604 537 Spiritus
3658 484 3764 521 san-

2078 563 2200 611 ctus
2231 558 2283 611 ei
2330 557 2619 627 intelligit,
2653 557 2749 610 sed
2786 558 2905 627 ipse
2949 557 3077 623 sibi,
3108 557 3185 610 ita
3218 573 3323 610 nec
3364 558 3529 610 Pater
3574 556 3627 609 ei
3669 573 3765 609 me-

2083 647 2268 711 minit,
2294 662 2398 699 nec
2429 647 2670 717 Spiritus
2701 654 2927 698 sanctus
2959 646 3011 698 ei
3064 645 3273 715 diligit,
3322 645 3421 699 sed
3468 645 3594 714 ipse
3630 645 3725 697 sibi
3757 662 3767 697 :

2082 753 2180 789 sua
2214 736 2367 789 enim
2403 742 2488 789 est
2516 742 2574 789 et
2604 736 2724 805 ipse
2754 735 3051 798 mem-uia,
3086 751 3189 787 sua
3234 734 3649 803 intelligentia,
3683 750 3770 785 sua

2079 824 2344 889 dilectio;
2377 825 2471 878 scd
2523 825 2602 877 ita
2646 840 2703 877 se
2749 824 2980 889 habere,
3014 825 3082 876 de
3112 824 3274 876 Patre
3320 823 3405 875 illi
3430 828 3541 887 est,
3576 822 3645 876 de
3675 839 3770 891 quo

2084 920 2247 968 natus
2271 920 2374 967 est.
2403 914 2646 983 Spiritus
2697 913 2871 966 etiam
2900 918 3127 965 sanctus
3169 912 3305 982 quia
3342 911 3651 980 sapientia,
3702 917 3772 963 est

2082 1004 2394 1073 procedens
2423 1004 2492 1056 de
2524 1003 2825 1072 sapientia,
2882 1018 2999 1054 non
3052 1002 3275 1054 Patrem
3336 1000 3511 1053 habet
3560 1015 3773 1053 memo-

2085 1093 2331 1158 riam,et
2364 1092 2564 1145 Filium
2620 1089 3083 1159 intelligentiam,
3141 1094 3197 1142 et
3247 1105 3306 1141 se
3366 1089 3771 1142 dilectionem:

2086 1195 2273 1248 neque
2304 1180 2457 1231 enim
2513 1179 2795 1247 sapientia
2840 1184 3005 1245 esset,
3040 1179 3086 1231 si
3117 1178 3263 1231 alius
3293 1180 3345 1230 ei
3404 1176 3773 1239 meminisset,

2085 1268 2252 1338 eique
2285 1267 2429 1320 alius
2459 1268 2827 1337 intelligeret,
2864 1284 2926 1320 ac
2955 1267 3354 1320 tantummodo
3385 1265 3495 1319 sibi
3530 1267 3654 1335 ipse
3702 1264 3774 1318 di-

2087 1357 2319 1425 ligeret;
2350 1357 2446 1409 sed
2477 1357 2597 1427 ipse
2620 1356 2791 1409 habet
2838 1358 2958 1409 hac
2998 1357 3141 1421 tria;
3176 1363 3231 1409 et
3281 1373 3344 1407 ea
3379 1356 3460 1408 sic
3512 1355 3777 1421 habet,ut

2088 1447 2209 1498 hac
2239 1446 2358 1516 ipsa
2406 1446 2525 1514 ipse
2565 1446 2679 1499 sit:
2716 1449 3110 1497 verumtamen
3154 1451 3215 1497 ut
3255 1446 3331 1496 ita
3373 1443 3464 1508 sit,
3498 1444 3659 1496 unde
3706 1442 3776 1494 illi

2090 1539 2173 1587 est
2206 1535 2354 1587 unde
2399 1534 2672 1604 procedit.
2714 1554 2755 1597 si
2812 1533 3110 1587 Subtiliter
3156 1532 3328 1586 nimis
3377 1539 3554 1602 atque
3606 1530 3779 1585 divine

2091 1639 2463 1693 personarum
2521 1622 2816 1676 Trinitatis
2873 1622 3268 1675 distinctiones
3318 1621 3648 1681 insinuans,
3700 1636 3777 1671 sa-

2092 1713 2367 1782 pientiam
2398 1712 2536 1766 dicit
2566 1728 2685 1765 esse
2736 1714 2984 1777 Patrem,
3040 1711 3497 1781 sapientiamque
3562 1709 3779 1774 Filium,

2089 1801 2427 1871 sapientiam
2476 1816 2705 1870 quoque
2753 1800 3030 1870 Spiritum
3083 1804 3371 1863 sanctum;
3426 1798 3525 1851 sed
3589 1797 3781 1850 Filium

2088 1890 2369 1960 genitum,
2400 1889 2497 1959 qui
2524 1894 2608 1941 est
2646 1888 2922 1958 sapientia
2946 1888 3013 1941 de
3049 1889 3230 1950 Patre,
3269 1887 3369 1957 qui
3399 1886 3675 1943 similiter
3711 1890 3784 1937 est

2092 1976 2397 2046 sapientia;
2442 1982 2498 2029 et
2552 1976 2829 2045 Spiritum
2879 1975 3310 2045 procedentem,
3360 1975 3459 2044 qui
3504 1974 3586 2027 sit
3624 1974 3780 2026 etiam

2092 2065 2396 2135 sapientia,
2428 2070 2524 2118 sed
2561 2064 2630 2117 de
2689 2064 2853 2117 Patre
2905 2063 3004 2133 qui
3054 2063 3337 2132 sapientia
3384 2068 3487 2127 est,
3541 2060 3782 2130 Filioque

2092 2155 2191 2225 qui
2220 2153 2487 2207 similiter
2531 2153 2813 2222 sapientia
2843 2158 2944 2205 est.
2994 2152 3058 2205 Et
3110 2157 3171 2205 ut
3216 2152 3538 2205 evidentius
3585 2152 3784 2204 clareat

2092 2244 2243 2311 quod
2277 2243 2429 2310 dicit,
2454 2258 2738 2312 ponamus
2770 2240 3035 2311 superius
3057 2240 3303 2310 positam
3324 2240 3781 2293 similitudinem.

2090 2333 2221 2386 Tria
2278 2331 2436 2385 enim
2482 2330 2796 2397 constituit,
2852 2329 3113 2383 videlicet
3157 2329 3524 2394 memoriam,
3578 2327 3782 2381 intelli-

2093 2421 2367 2491 gentiam,
2420 2419 2808 2485 dilectionem,
2868 2424 3145 2489 tanquam
3194 2417 3491 2471 Trinitatis
3529 2418 3786 2470 similitu-

2096 2510 2289 2564 dinem
2320 2510 2379 2562 in
2418 2507 2684 2562 interiori
2724 2507 2958 2560 homine
2984 2507 3248 2577 positam,
3286 2506 3355 2559 de
3388 2506 3604 2576 quibus
3644 2506 3787 2558 mul-

2095 2604 2217 2651 tum
2252 2598 2526 2667 disputat,
2574 2602 2692 2649 tam
2720 2595 2781 2648 in
2830 2594 3048 2649 decimo
3075 2595 3275 2665 quinto
3304 2595 3471 2659 libro,
3525 2611 3704 2664 quam
3740 2600 3789 2647 et

2097 2685 2157 2737 in
2186 2685 2310 2737 aliis
2349 2684 2605 2755 ejusdem
2638 2684 2847 2752 operis,
2889 2684 3217 2753 approbans
3249 2683 3309 2735 in
3334 2683 3619 2736 memoria
3659 2698 3785 2735 con-

2098 2773 2271 2826 tineri
2300 2776 2419 2826 tam
2475 2771 2913 2841 intelligentiam
2973 2787 3148 2841 quam
3190 2770 3585 2835 dilectionem,
3638 2775 3692 2823 et
3732 2770 3789 2822 de

2099 2862 2380 2915 memoria
2438 2861 2877 2930 intelligentiam
2938 2859 3093 2913 nasci
3140 2876 3153 2925 ;
3216 2859 3286 2913 de
3341 2863 3590 2930 utraque
3646 2875 3788 2920 vero,

293 2948 550 3002 sitFilius
569 2948 930 3018 sapientiade
946 2951 1249 3019 sapientia,
1282 2952 1770 3021 quemadmodum
1794 2953 1992 3005 lumen
2032 2979 2071 3035 Ο
2102 2950 2382 3003 memoria
2402 2950 2614 3002 scilicet
2646 2954 2701 3001 et
2728 2948 3135 3017 intelligentia,
3190 2948 3560 3001 dilectionem
3606 2964 3790 3017 proce-

301 3037 369 3090 de
400 3036 641 3103 lumine,
681 3038 827 3089 Deus
848 3037 916 3090 de
939 3039 1075 3091 Deo.
1107 3039 1220 3092 Nec
1237 3039 1389 3093 aliud
1415 3040 1710 3109 potuimus
1732 3040 1989 3094 invenire

298 3124 576 3195 Spiritum
607 3130 898 3191 sanctum;
934 3125 1045 3179 nisi
1066 3132 1122 3180 et
1153 3128 1342 3197 ipsum
1372 3144 1495 3181 esse
1540 3128 1902 3197 sapientiam,
1936 3136 1990 3183 et

301 3213 470 3266 simul
504 3228 703 3266 omnes
731 3230 903 3268 unam
941 3215 1312 3283 sapientiam;
1355 3217 1500 3270 sicut
1553 3233 1735 3270 unum
1790 3219 1986 3283 Deum,

302 3317 475 3355 unam
509 3302 835 3356 essentiam.
877 3302 1023 3366 Quid
1054 3303 1264 3358 isthinc
1312 3303 1642 3371 edocemur,
1688 3305 1795 3357 nisi
1854 3321 1990 3375 pro-

302 3390 620 3444 cessionem
650 3390 893 3459 Spiritus
934 3397 1050 3445 tam
1080 3391 1150 3445 de
1196 3394 1357 3446 Patre
1408 3409 1580 3463 quam
1611 3393 1678 3447 de
1728 3393 1895 3458 Filio;
1939 3398 1995 3447 et

303 3480 449 3535 hanc
481 3480 817 3534 Trinitatem
844 3481 1011 3535 unius
1062 3483 1431 3537 substantia?
1462 3483 1605 3537 Dicit
1652 3484 1992 3554 sapientiam

304 3586 424 3623 esse
466 3571 711 3637 Patrem,
753 3568 1095 3637 sapientiam
1132 3570 1356 3635 Filium,
1391 3571 1728 3642 sapientiam
1761 3588 1993 3643 quoque

305 3653 583 3723 Spiritum
610 3662 867 3709 sanctum
904 3674 915 3710 :
947 3658 1045 3710 sed
1079 3660 1247 3712 Pater
1276 3660 1553 3729 sapientia
1590 3661 1658 3714 de
1706 3662 1861 3714 nulla
1905 3679 1990 3715 sa-

303 3744 542 3813 pientia.
567 3746 691 3798 Non
705 3746 859 3798 enim
876 3763 908 3798 a
922 3747 1062 3800 Filio
1079 3764 1139 3800 su
1152 3749 1319 3818 mpsit
1334 3755 1395 3802 ut
1411 3753 1559 3803 esset
1572 3750 1828 3819 sapiens;
1850 3767 1994 3821 quo-

305 3830 462 3885 niam
491 3850 620 3886 cum
650 3834 723 3887 sit
759 3835 879 3905 ipse
899 3836 1024 3889 fons
1055 3844 1111 3890 et
1142 3838 1489 3906 principium
1520 3839 1993 3908 juniversalitatis,

305 3937 337 3973 a
367 3922 672 3991 semetipso
713 3925 939 3992 sapiens
970 3930 1074 3991 est,
1114 3942 1229 3978 non
1255 3927 1495 3996 alicujus
1537 3928 1993 3996 participatione.

305 4009 618 4063 SicutDeus
645 4026 758 4063 non
780 4014 850 4065 ab
873 4012 1087 4082 aliquo,
1116 4013 1212 4066 sed
1245 4030 1277 4066 a
1297 4015 1601 4084 semetipso
1622 4016 1850 4068 lumen:
1882 4032 1997 4068 non

308 4098 464 4151 enim
496 4098 667 4153 habet
698 4100 912 4169 aliquid
944 4102 1228 4170 superius,
1249 4104 1331 4154 vel
1356 4103 1706 4172 praccdens,
1741 4104 1998 4171 alioquin

308 4202 423 4238 non
449 4187 555 4239 erit
587 4188 965 4241 universitatis
993 4190 1371 4257 principium;
1431 4192 1528 4244 sed
1577 4207 1680 4244 nec
1728 4192 1995 4261 imperfe-

309 4280 449 4340 ctus,
483 4290 586 4327 nec
614 4274 878 4344 indigens
907 4277 1141 4346 alicujus
1178 4279 1341 4341 Deus,
1381 4279 1477 4330 sed
1529 4280 1749 4348 plenus,
1801 4284 1858 4332 et
1906 4295 1998 4333 ve-

310 4377 426 4428 rus,
459 4366 516 4415 et
542 4364 825 4432 perfectus
858 4366 1004 4419 Deus
1039 4382 1051 4418 :
1111 4365 1288 4435 igitur
1312 4384 1345 4419 a
1391 4367 1698 4436 semetipso
1746 4368 1993 4437 sapiens.

314 4450 485 4504 Filius
513 4466 644 4504 vero
691 4452 990 4523 sapientia,
1044 4454 1140 4508 sed
1168 4454 1236 4507 de
1303 4456 1467 4508 Patre
1509 4455 1817 4524 sapientia;
1864 4472 1999 4526 quo-

309 4539 465 4593 niam
521 4539 629 4593 hoc
671 4542 873 4611 genuit
918 4544 1086 4597 Pater
1133 4544 1289 4613 quod
1333 4548 1435 4598 est.
1484 4544 1731 4613 Spiritus
1770 4561 1999 4614 quoque

310 4629 610 4700 sapientia,
646 4630 744 4685 sed
775 4646 891 4683 non
950 4632 1019 4684 de
1067 4633 1225 4685 nulla
1274 4632 1597 4701 sapientia:
1645 4633 1800 4686 solus
1844 4634 1999 4686 enim

310 4719 477 4773 Pater
505 4719 575 4773 de
598 4720 776 4773 nullo.
810 4720 967 4772 Unde
998 4720 1193 4790 igitur,
1239 4721 1347 4773 nisi
1379 4721 1447 4774 de
1487 4721 1805 4791 sapientia?
1840 4724 2002 4776 Pater

248 4801 257 4810 ’
311 4811 502 4860 autem
534 4807 835 4876 sapientia,
874 4808 1046 4861 Filius
1078 4824 1307 4877 quoque
1348 4809 1627 4879 sapientia
1662 4825 1837 4879 :ergo
1875 4811 2001 4878 Spi-

310 4893 454 4947 ritus
504 4894 801 4963 sapientia,
861 4895 930 4948 de
986 4896 1151 4948 Patre
1200 4896 1452 4965 Filioque
1508 4896 1806 4967 sapientia.
1878 4898 2003 4957 Non

311 4980 465 5035 enim
496 4983 972 5053 Patersapientia,
1004 4983 1290 5054 Filiusque
1330 4984 1634 5054 sapientia,
1681 4986 2004 5039 diversitate

312 5075 670 5139 separantur,
690 5071 789 5124 sed
821 5072 1039 5126 unitate
1062 5073 1425 5142 copulantur.
1461 5074 1627 5128 Mittit
1658 5075 1836 5145 igitur
1865 5079 2009 5127 uter-

313 5172 424 5227 que
455 5158 733 5228 Spiritum
763 5160 1105 5229 sapientiam
1135 5164 1537 5232 procedentem
1567 5164 1635 5217 ab
1678 5170 1937 5234 utroque.
1975 5184 2003 5213 »

384 5247 525 5301 Item
554 5248 838 5316 posterius
878 5248 1018 5318 (cap.
1071 5250 1213 5321 vn):
1271 5274 1291 5299 ι
1348 5252 1487 5305 Ecce
1515 5252 1669 5321 {ergo
1725 5252 1834 5305 tria
1885 5252 2002 5319 illa,

311 5333 371 5389 id
412 5340 498 5388 est
542 5337 841 5403 memoria,
868 5337 1269 5408 intelligentia,
1310 5340 1538 5395 dilectio
1581 5357 1679 5394 seu
1722 5342 2005 5407 voluntas,

310 5422 371 5477 in
402 5423 500 5477 illa
522 5439 746 5479 summa
775 5432 831 5481 et
860 5426 1204 5482 immutabili
1252 5430 1499 5483 essentia
1518 5430 1680 5501 'quod
1710 5436 1797 5484 est
1838 5432 2004 5497 Deus,

321 5527 442 5569 non
471 5513 638 5569 Pater
658 5519 714 5569 et
743 5516 914 5571 Filius
936 5521 993 5571 et
1009 5516 1256 5588 Spiritus
1302 5524 1528 5573 sanctus
1558 5524 1710 5586 sunt,
1758 5518 1854 5573 sed
1904 5520 2008 5573 Pa-

2098 3040 2261 3103 dere;
2299 3045 2352 3091 et
2384 3039 2502 3091 hac
2536 3040 2647 3091 tria
2675 3038 2844 3091 simul
2877 3053 2995 3091 esse
3035 3043 3204 3107 atque
3229 3038 3397 3089 unius
3427 3037 3777 3089 substantia.

2098 3129 2174 3181 Ea
2207 3128 2358 3181 enim
2400 3126 2767 3180 meminimus
2798 3143 2923 3196 qua
2948 3126 3343 3193 intelligimus,
3379 3130 3434 3177 et
3470 3141 3608 3178 cum
3650 3126 3791 3177 volu-

2102 3232 2226 3269 mus
2265 3216 2711 3285 intelligentiam
2770 3221 3023 3268 nostram
3075 3215 3305 3280 intueri,
3361 3230 3477 3267 non
3537 3215 3791 3267 valemus

2102 3305 2211 3357 nisi
2249 3305 2315 3358 de
2348 3305 2644 3357 memoria
2671 3304 2918 3373 quodam
2942 3310 3156 3356 secreto
3189 3303 3481 3372 procedat,
3518 3308 3787 3373 tanquam

2102 3399 2453 3462 generetur:
2499 3398 2555 3445 et
2595 3409 2723 3445 cum
2776 3392 3159 3461 approbamus
3207 3390 3657 3459 intelligentiam
3700 3406 3789 3443 no-

2102 3488 2275 3535 stram
2338 3484 2408 3535 de
2454 3482 2732 3534 memoria
2775 3480 3157 3551 progenitam,
3231 3481 3296 3533 tit
3345 3497 3509 3533 amor
3570 3480 3793 3550 quidam

2102 3572 2486 3640 complectens
2526 3577 2580 3623 et
2628 3570 3067 3639 intelligentiam
3118 3575 3173 3623 et
3233 3568 3610 3633 memoriam;
3676 3584 3793 3622 nam

2103 3660 2416 3714 delectatur
2452 3664 2507 3713 et
2554 3658 2954 3728 intelligentia,
3006 3673 3180 3728 quam
3221 3658 3521 3727 approbat,
3576 3663 3636 3711 et
3697 3672 3799 3710 me-

2106 3747 2287 3801 moria
2313 3748 2382 3801 de
2424 3764 2537 3817 qua
2567 3748 2723 3801 novit
2770 3753 2964 3800 natam
3010 3746 3470 3816 intelligentiam,
3505 3762 3687 3816 quam
3732 3746 3799 3798 di-

2105 3836 2231 3906 ligit
2265 3853 2277 3890 :
2313 3836 2462 3889 unde
2514 3836 2597 3900 ﬁt,
2652 3842 2717 3889 ut
2774 3836 2896 3888 hac
2947 3835 3175 3888 dilectio
3231 3841 3345 3887 tam
3408 3836 3477 3888 de
3523 3835 3801 3889 memoria

2107 3942 2280 3996 quam
2329 3926 2398 3979 de
2432 3924 2810 3994 intelligentia
2869 3927 3159 3977 nascatur.
3229 3924 3287 3977 Si
3347 3924 3505 3976 nulla
3556 3939 3801 3993 namque

2105 4016 2249 4067 foret
2275 4012 2655 4082 intelligentia
2687 4014 2844 4065 nulla
2882 4017 3071 4081 posset
3096 4027 3217 4065 esse
3261 4011 3384 4081 ejus
3434 4012 3701 4081 dilectio;
3753 4018 3805 4063 et

2106 4102 2153 4155 si
2192 4102 2348 4154 nulla
2393 4100 2540 4153 foret
2577 4100 2877 4165 memoria,
2916 4115 3033 4151 non
3081 4105 3228 4152 esset
3268 4099 3420 4152 unde
3462 4100 3801 4152 consisteret

2108 4191 2507 4261 intelligentia.
2562 4190 2713 4242 Nihil
2746 4189 2901 4241 enim
2951 4188 3331 4258 intelligimus
3376 4190 3537 4259 cujus
3598 4205 3804 4243 memo-

2041 4280 2082 4332 D
2109 4282 2252 4334 riam
2287 4297 2401 4333 non
2432 4280 2708 4334 habemus
2739 4296 2751 4332 :
2798 4278 3235 4348 distinguuntur
3264 4284 3456 4331 tamen
3507 4279 3621 4332 ista
3668 4296 3802 4350 pro-

2107 4369 2247 4436 priis
2274 4370 2593 4422 intellectus
2636 4367 2722 4421 sui
2770 4368 3002 4420 finibus.
3061 4367 3333 4420 Memoria
3383 4384 3639 4439 namque
3695 4385 3799 4420 non

2106 4473 2209 4527 per
2239 4473 2298 4509 se
2337 4457 2627 4526 intelligit,
2671 4456 2769 4509 sed
2798 4472 2901 4526 per
2941 4455 3414 4527 intelligentiam;
3451 4473 3557 4509 nec
3596 4457 3801 4509 intelli-

2108 4545 2302 4615 gentia
2334 4560 2435 4614 per
2458 4561 2517 4596 se
2546 4544 2632 4597 sui
2666 4544 2948 4610 meminit,
2998 4544 3095 4597 sed
3146 4560 3245 4614 per
3294 4544 3641 4598 memoriam
3678 4562 3693 4599 :
3729 4545 3801 4596 sic

2109 4639 2166 4686 et
2192 4633 2417 4686 dilectio
2442 4632 2563 4685 sine
2596 4632 2876 4687 memoria
2907 4634 2992 4685 vel
3017 4632 3404 4702 intelligentia
3436 4649 3554 4686 non
3578 4633 3797 4702 diligit;

2109 4721 2332 4774 sublato
2371 4736 2620 4790 namque
2672 4722 2969 4774 intellectu
3023 4737 3140 4774 non
3188 4725 3273 4773 est
3339 4721 3810 4791 quod'memoria

2108 4810 2382 4875 retineat;
2435 4817 2491 4863 et
2547 4811 2771 4863 sublata
2814 4812 3092 4863 memoria
3131 4810 3361 4864 dilectio
3409 4810 3556 4863 nihil
3609 4810 3807 4863 memi-

2112 4898 2231 4964 nit;
2264 4914 2376 4968 qua
2397 4899 2465 4952 de
2497 4915 2557 4952 re
2588 4898 2816 4953 dilectio
2851 4900 2971 4968 jam
3029 4915 3146 4952 non
3206 4899 3331 4963 erit,
3385 4914 3516 4951 cum
3580 4915 3695 4951 non
3747 4899 3812 4949 sit

2114 4986 2273 5056 quod
2306 4986 2529 5057 diligat,
2570 4987 2658 5040 vel
2685 5002 2801 5041 non
2853 4986 3181 5040 meminerit
3234 5003 3348 5056 quo
3401 5003 3460 5038 se
3514 4987 3807 5040 ditfundat.

2113 5075 2207 5129 Sic’
2226 5074 2403 5145 igitur
2462 5075 2569 5129 ista
2620 5075 2729 5129 tria
2772 5080 2828 5129 et
2890 5076 3060 5129 simul
3120 5080 3271 5140 sunt,
3305 5080 3359 5127 et
3409 5091 3478 5127 ex
3541 5077 3810 5128 alterutro

2119 5168 2449 5229 nascuntur,
2480 5169 2535 5218 et
2583 5165 2701 5217 suis
2740 5164 2952 5218 finibus
2997 5164 3451 5233 distinguuntur,
3514 5170 3572 5217 et
3621 5170 3810 5217 mutuo

2115 5253 2324 5307 suimet
2352 5252 2731 5323 indigentiam
2758 5254 2987 5308 habent.
3034 5273 3061 5304 »

2186 5342 2294 5395 Sed
2326 5358 2441 5395 non
2482 5342 2683 5395 eodem
2725 5342 2896 5395 modo
2942 5347 3138 5395 sancta
3183 5340 3427 5395 Trinitas
3480 5342 3807 5403 astimatur,

2116 5431 2259 5484 sicut
2277 5432 2476 5485 doctor
2507 5431 2613 5485 iste
2652 5431 2994 5485 venerabilis
3042 5431 3314 5484 insinuat.
3378 5432 3473 5483 Est
3513 5431 3674 5484 enim
3715 5432 3809 5484 Pa-

2115 5523 2202 5572 ter
2232 5524 2287 5572 et
2326 5519 2499 5574 Filius
2541 5525 2596 5574 et
2634 5520 2878 5590 Spiritus
2935 5526 3164 5574 sanctus
3212 5522 3332 5573 tota
3380 5519 3653 5586 Trinitas,
3702 5524 3808 5572 tan-
