  <div class='ocr_page' id='page_1' title='image "/cluster/home/n/w/nwhite01/storage/ocr_20150623/121/uva.x000827051/148.png"; bbox 0 0 3890 6230; ppageno 0'>
   <div class='ocr_carea' id='block_1_1' title="bbox 113 350 2631 409">
    <p class='ocr_par' dir='ltr' id='par_1_1' title="bbox 113 350 2631 409">
     <span class='ocr_line' id='line_1_1' title="bbox 113 350 2631 409; baseline 0.002 -6"><span class='ocrx_word' id='word_1_1' title='bbox 113 352 185 403; x_wconf 73' lang='grc'>281</span> <span class='ocrx_word' id='word_1_2' title='bbox 1089 350 1363 407; x_wconf 78' lang='lat' dir='ltr'>CONTRA</span> <span class='ocrx_word' id='word_1_3' title='bbox 1403 352 1793 408; x_wconf 68' lang='lat' dir='ltr'>GBJSCOBUM</span> <span class='ocrx_word' id='word_1_4' title='bbox 1838 354 2194 409; x_wconf 84' lang='lat' dir='ltr'>OPPOSITA.</span> <span class='ocrx_word' id='word_1_5' title='bbox 2244 384 2312 393; x_wconf 92' lang='lat'><strong>—</strong></span> <span class='ocrx_word' id='word_1_6' title='bbox 2364 353 2491 407; x_wconf 86' lang='lat' dir='ltr'>LIB.</span> <span class='ocrx_word' id='word_1_7' title='bbox 2536 354 2631 407; x_wconf 87' lang='lat' dir='ltr'>Ill.</span> 
     </span>
    </p>
   </div>
   <div class='ocr_carea' id='block_1_2' title="bbox 3488 356 3589 407">
    <p class='ocr_par' dir='ltr' id='par_1_2' title="bbox 3488 356 3589 407">
     <span class='ocr_line' id='line_1_2' title="bbox 3488 356 3589 407; baseline 0.01 -1"><span class='ocrx_word' id='word_1_8' title='bbox 3488 356 3589 407; x_wconf 76' lang='lat'><strong>282</strong></span> 
     </span>
    </p>
   </div>
   <div class='ocr_carea' id='block_1_3' title="bbox 103 483 3581 556">
    <p class='ocr_par' dir='ltr' id='par_1_3' title="bbox 103 483 3581 556">
     <span class='ocr_line' id='line_1_3' title="bbox 103 483 3581 556; baseline 0 -21"><span class='ocrx_word' id='word_1_9' title='bbox 103 498 251 551; x_wconf 86' lang='lat' dir='ltr'>quam</span> <span class='ocrx_word' id='word_1_10' title='bbox 276 484 586 553; x_wconf 79' lang='lat' dir='ltr'>memoria,</span> <span class='ocrx_word' id='word_1_11' title='bbox 612 485 1008 555; x_wconf 76' lang='lat' dir='ltr'>intelligentia,</span> <span class='ocrx_word' id='word_1_12' title='bbox 1038 484 1287 538; x_wconf 77' lang='lat' dir='ltr'>dilectio.</span> <span class='ocrx_word' id='word_1_13' title='bbox 1330 486 1395 539; x_wconf 86' lang='lat' dir='ltr'>Et</span> <span class='ocrx_word' id='word_1_14' title='bbox 1446 487 1610 539; x_wconf 85' lang='lat' dir='ltr'>Pater</span> <span class='ocrx_word' id='word_1_15' title='bbox 1651 484 1776 555; x_wconf 90' lang='lat' dir='ltr'>qui-</span> <span class='ocrx_word' id='word_1_16' title='bbox 1816 488 1857 539; x_wconf 88' lang='lat' dir='ltr'><strong>A</strong></span> <span class='ocrx_word' id='word_1_17' title='bbox 1894 501 1951 538; x_wconf 90' lang='lat' dir='ltr'>se</span> <span class='ocrx_word' id='word_1_18' title='bbox 1979 485 2229 556; x_wconf 89' lang='lat' dir='ltr'>diligunt</span> <span class='ocrx_word' id='word_1_19' title='bbox 2260 485 2501 539; x_wconf 82' lang='lat' dir='ltr'>invicem</span> <span class='ocrx_word' id='word_1_20' title='bbox 2534 486 2698 538; x_wconf 74' lang='lat' dir='ltr'>Pater</span> <span class='ocrx_word' id='word_1_21' title='bbox 2729 489 2785 538; x_wconf 88' lang='lat' dir='ltr'>et</span> <span class='ocrx_word' id='word_1_22' title='bbox 2833 483 3024 552; x_wconf 85' lang='lat' dir='ltr'>Filius,</span> <span class='ocrx_word' id='word_1_23' title='bbox 3077 488 3384 555; x_wconf 89' lang='lat' dir='ltr'>utrumque</span> <span class='ocrx_word' id='word_1_24' title='bbox 3445 501 3581 538; x_wconf 90' lang='lat' dir='ltr'>con-</span> 
     </span>
    </p>
   </div>
   <div class='ocr_carea' id='block_1_4' title="bbox 102 572 1781 645">
    <p class='ocr_par' dir='ltr' id='par_1_4' title="bbox 102 572 1781 645">
     <span class='ocr_line' id='line_1_4' title="bbox 102 572 1781 645; baseline 0.002 -22"><span class='ocrx_word' id='word_1_25' title='bbox 102 572 214 625; x_wconf 72' lang='lat' dir='ltr'>dem</span> <span class='ocrx_word' id='word_1_26' title='bbox 242 573 414 626; x_wconf 81' lang='lat' dir='ltr'>veluti</span> <span class='ocrx_word' id='word_1_27' title='bbox 452 575 584 627; x_wconf 85' lang='lat' dir='ltr'>fons</span> <span class='ocrx_word' id='word_1_28' title='bbox 616 574 686 629; x_wconf 91' lang='lat' dir='ltr'>de</span> <span class='ocrx_word' id='word_1_29' title='bbox 718 591 831 645; x_wconf 87' lang='lat' dir='ltr'>quo</span> <span class='ocrx_word' id='word_1_30' title='bbox 862 574 1034 629; x_wconf 87' lang='lat' dir='ltr'>Filius</span> <span class='ocrx_word' id='word_1_31' title='bbox 1072 575 1340 641; x_wconf 82' lang='lat' dir='ltr'>nascitur,</span> <span class='ocrx_word' id='word_1_32' title='bbox 1392 575 1537 627; x_wconf 80' lang='lat' dir='ltr'>sicut</span> <span class='ocrx_word' id='word_1_33' title='bbox 1568 590 1781 627; x_wconf 85' lang='lat' dir='ltr'>memo-</span> 
     </span>
    </p>
   </div>
   <div class='ocr_carea' id='block_1_5' title="bbox 102 662 1784 734">
    <p class='ocr_par' dir='ltr' id='par_1_5' title="bbox 102 662 1784 734">
     <span class='ocr_line' id='line_1_5' title="bbox 102 662 1784 734; baseline 0.002 -23"><span class='ocrx_word' id='word_1_34' title='bbox 102 664 174 713; x_wconf 89' lang='lat' dir='ltr'>ria</span> <span class='ocrx_word' id='word_1_35' title='bbox 216 662 567 732; x_wconf 79' lang='lat' dir='ltr'>principium</span> <span class='ocrx_word' id='word_1_36' title='bbox 612 663 897 734; x_wconf 81' lang='lat' dir='ltr'>quoddam</span> <span class='ocrx_word' id='word_1_37' title='bbox 960 664 1165 729; x_wconf 81' lang='lat' dir='ltr'>existit,</span> <span class='ocrx_word' id='word_1_38' title='bbox 1215 680 1277 716; x_wconf 86' lang='lat' dir='ltr'>ex</span> <span class='ocrx_word' id='word_1_39' title='bbox 1331 681 1444 734; x_wconf 90' lang='lat' dir='ltr'>quo</span> <span class='ocrx_word' id='word_1_40' title='bbox 1503 664 1784 717; x_wconf 82' lang='lat' dir='ltr'>formatur</span> 
     </span>
    </p>
   </div>
   <div class='ocr_carea' id='block_1_6' title="bbox 99 748 1783 823">
    <p class='ocr_par' dir='ltr' id='par_1_6' title="bbox 99 748 1783 823">
     <span class='ocr_line' id='line_1_6' title="bbox 99 748 1783 823; baseline 0.002 -22"><span class='ocrx_word' id='word_1_41' title='bbox 99 748 484 821; x_wconf 78' lang='lat' dir='ltr'>intelligentia.</span> <span class='ocrx_word' id='word_1_42' title='bbox 542 753 717 806; x_wconf 85' lang='lat' dir='ltr'>Filius</span> <span class='ocrx_word' id='word_1_43' title='bbox 770 768 997 822; x_wconf 90' lang='lat' dir='ltr'>quoque</span> <span class='ocrx_word' id='word_1_44' title='bbox 1045 769 1175 805; x_wconf 88' lang='lat' dir='ltr'>cum</span> <span class='ocrx_word' id='word_1_45' title='bbox 1222 752 1293 806; x_wconf 87' lang='lat' dir='ltr'>sit</span> <span class='ocrx_word' id='word_1_46' title='bbox 1348 752 1644 823; x_wconf 82' lang='lat' dir='ltr'>sapientia,</span> <span class='ocrx_word' id='word_1_47' title='bbox 1714 752 1783 805; x_wconf 89' lang='lat' dir='ltr'>de</span> 
     </span>
    </p>
   </div>
   <div class='ocr_carea' id='block_1_7' title="bbox 102 839 1781 910">
    <p class='ocr_par' dir='ltr' id='par_1_7' title="bbox 102 839 1781 910">
     <span class='ocr_line' id='line_1_7' title="bbox 102 839 1781 910; baseline 0.001 -19"><span class='ocrx_word' id='word_1_48' title='bbox 102 839 245 891; x_wconf 71' lang='lat' dir='ltr'>Patre</span> <span class='ocrx_word' id='word_1_49' title='bbox 278 842 551 903; x_wconf 77' lang='lat' dir='ltr'>nascitur,</span> <span class='ocrx_word' id='word_1_50' title='bbox 603 842 757 893; x_wconf 90' lang='lat' dir='ltr'>velut</span> <span class='ocrx_word' id='word_1_51' title='bbox 794 841 1172 910; x_wconf 76' lang='lat' dir='ltr'>intelligentia</span> <span class='ocrx_word' id='word_1_52' title='bbox 1222 842 1291 894; x_wconf 91' lang='lat' dir='ltr'>de</span> <span class='ocrx_word' id='word_1_53' title='bbox 1340 840 1619 894; x_wconf 84' lang='lat' dir='ltr'>memoria</span> <span class='ocrx_word' id='word_1_54' title='bbox 1678 858 1781 909; x_wconf 87' lang='lat' dir='ltr'>ge-</span> 
     </span>
    </p>
   </div>
   <div class='ocr_carea' id='block_1_8' title="bbox 100 929 1783 1000">
    <p class='ocr_par' dir='ltr' id='par_1_8' title="bbox 100 929 1783 1000">
     <span class='ocr_line' id='line_1_8' title="bbox 100 929 1783 1000; baseline 0.001 -21"><span class='ocrx_word' id='word_1_55' title='bbox 100 935 345 989; x_wconf 84' lang='lat' dir='ltr'>neratur;</span> <span class='ocrx_word' id='word_1_56' title='bbox 400 929 653 997; x_wconf 81' lang='lat' dir='ltr'>Spiritus</span> <span class='ocrx_word' id='word_1_57' title='bbox 705 946 932 1000; x_wconf 88' lang='lat' dir='ltr'>quoque</span> <span class='ocrx_word' id='word_1_58' title='bbox 974 938 1221 996; x_wconf 84' lang='lat' dir='ltr'>sanctus,</span> <span class='ocrx_word' id='word_1_59' title='bbox 1275 935 1328 983; x_wconf 90' lang='lat' dir='ltr'>et</span> <span class='ocrx_word' id='word_1_60' title='bbox 1374 930 1493 999; x_wconf 87' lang='lat' dir='ltr'>ipse</span> <span class='ocrx_word' id='word_1_61' title='bbox 1556 929 1783 999; x_wconf 85' lang='lat' dir='ltr'>sapien-</span> 
     </span>
    </p>
   </div>
   <div class='ocr_carea' id='block_1_9' title="bbox 100 1017 1786 1087">
    <p class='ocr_par' dir='ltr' id='par_1_9' title="bbox 100 1017 1786 1087">
     <span class='ocr_line' id='line_1_9' title="bbox 100 1017 1786 1087; baseline 0.002 -20"><span class='ocrx_word' id='word_1_62' title='bbox 100 1017 191 1079; x_wconf 83' lang='lat' dir='ltr'>tia,</span> <span class='ocrx_word' id='word_1_63' title='bbox 234 1017 327 1086; x_wconf 86' lang='lat' dir='ltr'>qui</span> <span class='ocrx_word' id='word_1_64' title='bbox 360 1022 560 1070; x_wconf 89' lang='lat' dir='ltr'>tamen</span> <span class='ocrx_word' id='word_1_65' title='bbox 598 1024 682 1070; x_wconf 90' lang='lat' dir='ltr'>est</span> <span class='ocrx_word' id='word_1_66' title='bbox 733 1018 981 1083; x_wconf 80' lang='lat' dir='ltr'>dilectio,</span> <span class='ocrx_word' id='word_1_67' title='bbox 1043 1018 1301 1087; x_wconf 82' lang='lat' dir='ltr'>procedit</span> <span class='ocrx_word' id='word_1_68' title='bbox 1350 1035 1382 1071; x_wconf 90' lang='lat' dir='ltr'>a</span> <span class='ocrx_word' id='word_1_69' title='bbox 1446 1018 1584 1071; x_wconf 88' lang='lat' dir='ltr'>Filio</span> <span class='ocrx_word' id='word_1_70' title='bbox 1642 1022 1696 1070; x_wconf 90' lang='lat' dir='ltr'>et</span> <span class='ocrx_word' id='word_1_71' title='bbox 1754 1035 1786 1071; x_wconf 92' lang='lat' dir='ltr'>a</span> 
     </span>
    </p>
   </div>
   <div class='ocr_carea' id='block_1_10' title="bbox 102 1105 1783 1178">
    <p class='ocr_par' dir='ltr' id='par_1_10' title="bbox 102 1105 1783 1178">
     <span class='ocr_line' id='line_1_10' title="bbox 102 1105 1783 1178; baseline 0.002 -22"><span class='ocrx_word' id='word_1_72' title='bbox 102 1105 273 1169; x_wconf 70' lang='lat' dir='ltr'>Patre,</span> <span class='ocrx_word' id='word_1_73' title='bbox 304 1105 464 1159; x_wconf 82' lang='lat' dir='ltr'>velut</span> <span class='ocrx_word' id='word_1_74' title='bbox 498 1106 724 1159; x_wconf 88' lang='lat' dir='ltr'>dilectio</span> <span class='ocrx_word' id='word_1_75' title='bbox 757 1106 826 1160; x_wconf 87' lang='lat' dir='ltr'>de</span> <span class='ocrx_word' id='word_1_76' title='bbox 854 1107 1233 1176; x_wconf 75' lang='lat' dir='ltr'>intelligentia</span> <span class='ocrx_word' id='word_1_77' title='bbox 1265 1112 1317 1159; x_wconf 91' lang='lat' dir='ltr'>et</span> <span class='ocrx_word' id='word_1_78' title='bbox 1344 1107 1617 1160; x_wconf 78' lang='lat' dir='ltr'>memoria</span> <span class='ocrx_word' id='word_1_79' title='bbox 1655 1124 1783 1178; x_wconf 85' lang='lat' dir='ltr'>pro-</span> 
     </span>
    </p>
   </div>
   <div class='ocr_carea' id='block_1_11' title="bbox 101 1193 1783 1265">
    <p class='ocr_par' dir='ltr' id='par_1_11' title="bbox 101 1193 1783 1265">
     <span class='ocr_line' id='line_1_11' title="bbox 101 1193 1783 1265; baseline 0.002 -21"><span class='ocrx_word' id='word_1_80' title='bbox 101 1193 253 1245; x_wconf 81' lang='lat' dir='ltr'>cedit.</span> <span class='ocrx_word' id='word_1_81' title='bbox 286 1194 497 1247; x_wconf 87' lang='lat' dir='ltr'>Verum</span> <span class='ocrx_word' id='word_1_82' title='bbox 528 1211 658 1247; x_wconf 88' lang='lat' dir='ltr'>cum</span> <span class='ocrx_word' id='word_1_83' title='bbox 689 1198 767 1248; x_wconf 88' lang='lat' dir='ltr'>ita</span> <span class='ocrx_word' id='word_1_84' title='bbox 798 1195 890 1261; x_wconf 89' lang='lat' dir='ltr'>sit,</span> <span class='ocrx_word' id='word_1_85' title='bbox 945 1212 1062 1248; x_wconf 86' lang='lat' dir='ltr'>non</span> <span class='ocrx_word' id='word_1_86' title='bbox 1101 1201 1183 1247; x_wconf 85' lang='lat' dir='ltr'>est</span> <span class='ocrx_word' id='word_1_87' title='bbox 1230 1211 1611 1265; x_wconf 86' lang='lat' dir='ltr'>personarum</span> <span class='ocrx_word' id='word_1_88' title='bbox 1659 1196 1783 1249; x_wconf 86' lang='lat' dir='ltr'>talis</span> 
     </span>
    </p>
   </div>
   <div class='ocr_carea' id='block_1_12' title="bbox 100 1281 1783 1354">
    <p class='ocr_par' dir='ltr' id='par_1_12' title="bbox 100 1281 1783 1354">
     <span class='ocr_line' id='line_1_12' title="bbox 100 1281 1783 1354; baseline 0.002 -21"><span class='ocrx_word' id='word_1_89' title='bbox 100 1281 393 1349; x_wconf 84' lang='lat' dir='ltr'>distinctio,</span> <span class='ocrx_word' id='word_1_90' title='bbox 431 1290 492 1336; x_wconf 90' lang='lat' dir='ltr'>ut</span> <span class='ocrx_word' id='word_1_91' title='bbox 518 1285 685 1337; x_wconf 87' lang='lat' dir='ltr'>Pater</span> <span class='ocrx_word' id='word_1_92' title='bbox 736 1301 848 1337; x_wconf 87' lang='lat' dir='ltr'>non</span> <span class='ocrx_word' id='word_1_93' title='bbox 878 1284 949 1336; x_wconf 88' lang='lat' dir='ltr'>sit</span> <span class='ocrx_word' id='word_1_94' title='bbox 975 1285 1203 1353; x_wconf 87' lang='lat' dir='ltr'>sapiens</span> <span class='ocrx_word' id='word_1_95' title='bbox 1252 1286 1362 1337; x_wconf 85' lang='lat' dir='ltr'>nisi</span> <span class='ocrx_word' id='word_1_96' title='bbox 1397 1302 1498 1354; x_wconf 91' lang='lat' dir='ltr'>per</span> <span class='ocrx_word' id='word_1_97' title='bbox 1557 1285 1783 1353; x_wconf 88' lang='lat' dir='ltr'>Filium,</span> 
     </span>
    </p>
   </div>
   <div class='ocr_carea' id='block_1_13' title="bbox 102 1372 1785 1443">
    <p class='ocr_par' dir='ltr' id='par_1_13' title="bbox 102 1372 1785 1443">
     <span class='ocr_line' id='line_1_13' title="bbox 102 1372 1785 1443; baseline 0.003 -21"><span class='ocrx_word' id='word_1_98' title='bbox 102 1376 153 1423; x_wconf 88' lang='lat' dir='ltr'>et</span> <span class='ocrx_word' id='word_1_99' title='bbox 182 1372 342 1423; x_wconf 87' lang='lat' dir='ltr'>Filius</span> <span class='ocrx_word' id='word_1_100' title='bbox 376 1388 494 1424; x_wconf 90' lang='lat' dir='ltr'>non</span> <span class='ocrx_word' id='word_1_101' title='bbox 526 1373 729 1442; x_wconf 83' lang='lat' dir='ltr'>diligat</span> <span class='ocrx_word' id='word_1_102' title='bbox 759 1373 867 1425; x_wconf 90' lang='lat' dir='ltr'>nisi</span> <span class='ocrx_word' id='word_1_103' title='bbox 900 1390 1001 1443; x_wconf 91' lang='lat' dir='ltr'>per</span> <span class='ocrx_word' id='word_1_104' title='bbox 1044 1374 1319 1442; x_wconf 88' lang='lat' dir='ltr'>Spiritum</span> <span class='ocrx_word' id='word_1_105' title='bbox 1366 1380 1647 1439; x_wconf 85' lang='lat' dir='ltr'>sanctum,</span> <span class='ocrx_word' id='word_1_106' title='bbox 1693 1391 1785 1427; x_wconf 89' lang='lat' dir='ltr'>ve-</span> 
     </span>
    </p>
   </div>
   <div class='ocr_carea' id='block_1_14' title="bbox 104 1460 1783 1525">
    <p class='ocr_par' dir='ltr' id='par_1_14' title="bbox 104 1460 1783 1525">
     <span class='ocr_line' id='line_1_14' title="bbox 104 1460 1783 1525; baseline 0 -12"><span class='ocrx_word' id='word_1_107' title='bbox 104 1461 179 1513; x_wconf 86' lang='lat' dir='ltr'>lut</span> <span class='ocrx_word' id='word_1_108' title='bbox 205 1460 260 1513; x_wconf 87' lang='lat' dir='ltr'>in</span> <span class='ocrx_word' id='word_1_109' title='bbox 293 1460 546 1513; x_wconf 87' lang='lat' dir='ltr'>hominis</span> <span class='ocrx_word' id='word_1_110' title='bbox 588 1460 844 1515; x_wconf 84' lang='lat' dir='ltr'>trinitate</span> <span class='ocrx_word' id='word_1_111' title='bbox 900 1463 1160 1515; x_wconf 85' lang='lat' dir='ltr'>videmus</span> <span class='ocrx_word' id='word_1_112' title='bbox 1207 1462 1518 1525; x_wconf 90' lang='lat' dir='ltr'>interioris,</span> <span class='ocrx_word' id='word_1_113' title='bbox 1568 1479 1783 1514; x_wconf 87' lang='lat' dir='ltr'>memo-</span> 
     </span>
    </p>
   </div>
   <div class='ocr_carea' id='block_1_15' title="bbox 106 1548 1781 1619">
    <p class='ocr_par' dir='ltr' id='par_1_15' title="bbox 106 1548 1781 1619">
     <span class='ocr_line' id='line_1_15' title="bbox 106 1548 1781 1619; baseline 0.002 -20"><span class='ocrx_word' id='word_1_114' title='bbox 106 1548 232 1599; x_wconf 84' lang='lat' dir='ltr'>riam</span> <span class='ocrx_word' id='word_1_115' title='bbox 264 1564 379 1601; x_wconf 89' lang='lat' dir='ltr'>non</span> <span class='ocrx_word' id='word_1_116' title='bbox 413 1565 514 1619; x_wconf 90' lang='lat' dir='ltr'>per</span> <span class='ocrx_word' id='word_1_117' title='bbox 560 1565 640 1615; x_wconf 86' lang='lat' dir='ltr'>se,</span> <span class='ocrx_word' id='word_1_118' title='bbox 684 1550 781 1603; x_wconf 90' lang='lat' dir='ltr'>sed</span> <span class='ocrx_word' id='word_1_119' title='bbox 812 1566 913 1619; x_wconf 92' lang='lat' dir='ltr'>per</span> <span class='ocrx_word' id='word_1_120' title='bbox 946 1550 1387 1619; x_wconf 79' lang='lat' dir='ltr'>intelligentiam</span> <span class='ocrx_word' id='word_1_121' title='bbox 1445 1550 1781 1619; x_wconf 67' lang='lat' dir='ltr'>intelligere,</span> 
     </span>
    </p>
   </div>
   <div class='ocr_carea' id='block_1_16' title="bbox 104 1636 1785 1710">
    <p class='ocr_par' dir='ltr' id='par_1_16' title="bbox 104 1636 1785 1710">
     <span class='ocr_line' id='line_1_16' title="bbox 104 1636 1785 1710; baseline 0.004 -22"><span class='ocrx_word' id='word_1_122' title='bbox 104 1642 153 1688; x_wconf 85' lang='lat' dir='ltr'>et</span> <span class='ocrx_word' id='word_1_123' title='bbox 181 1636 619 1707; x_wconf 84' lang='lat' dir='ltr'>intelligentiam</span> <span class='ocrx_word' id='word_1_124' title='bbox 653 1655 767 1693; x_wconf 91' lang='lat' dir='ltr'>non</span> <span class='ocrx_word' id='word_1_125' title='bbox 796 1656 898 1710; x_wconf 90' lang='lat' dir='ltr'>per</span> <span class='ocrx_word' id='word_1_126' title='bbox 932 1656 1011 1705; x_wconf 89' lang='lat' dir='ltr'>se,</span> <span class='ocrx_word' id='word_1_127' title='bbox 1035 1640 1131 1693; x_wconf 90' lang='lat' dir='ltr'>sed</span> <span class='ocrx_word' id='word_1_128' title='bbox 1162 1656 1265 1709; x_wconf 91' lang='lat' dir='ltr'>per</span> <span class='ocrx_word' id='word_1_129' title='bbox 1293 1640 1631 1693; x_wconf 81' lang='lat' dir='ltr'>memoriam</span> <span class='ocrx_word' id='word_1_130' title='bbox 1665 1657 1785 1694; x_wconf 89' lang='lat' dir='ltr'>nie-</span> 
     </span>
    </p>
   </div>
   <div class='ocr_carea' id='block_1_17' title="bbox 102 1724 1786 1799">
    <p class='ocr_par' dir='ltr' id='par_1_17' title="bbox 102 1724 1786 1799">
     <span class='ocr_line' id='line_1_17' title="bbox 102 1724 1786 1799; baseline 0.002 -23"><span class='ocrx_word' id='word_1_131' title='bbox 102 1724 323 1778; x_wconf 86' lang='lat' dir='ltr'>minisse</span> <span class='ocrx_word' id='word_1_132' title='bbox 352 1743 366 1779; x_wconf 88' lang='lat'><strong>:</strong></span> <span class='ocrx_word' id='word_1_133' title='bbox 404 1727 850 1797; x_wconf 84' lang='lat' dir='ltr'>intelligentiam</span> <span class='ocrx_word' id='word_1_134' title='bbox 881 1745 1113 1799; x_wconf 90' lang='lat' dir='ltr'>quoque</span> <span class='ocrx_word' id='word_1_135' title='bbox 1145 1745 1261 1781; x_wconf 89' lang='lat' dir='ltr'>non</span> <span class='ocrx_word' id='word_1_136' title='bbox 1301 1744 1402 1798; x_wconf 90' lang='lat' dir='ltr'>per</span> <span class='ocrx_word' id='word_1_137' title='bbox 1432 1745 1511 1792; x_wconf 89' lang='lat' dir='ltr'>se,</span> <span class='ocrx_word' id='word_1_138' title='bbox 1557 1730 1653 1783; x_wconf 90' lang='lat' dir='ltr'>sed</span> <span class='ocrx_word' id='word_1_139' title='bbox 1682 1745 1786 1798; x_wconf 90' lang='lat' dir='ltr'>per</span> 
     </span>
    </p>
   </div>
   <div class='ocr_carea' id='block_1_18' title="bbox 102 1813 1783 1887">
    <p class='ocr_par' dir='ltr' id='par_1_18' title="bbox 102 1813 1783 1887">
     <span class='ocr_line' id='line_1_18' title="bbox 102 1813 1783 1887; baseline 0.004 -22"><span class='ocrx_word' id='word_1_140' title='bbox 102 1813 454 1868; x_wconf 82' lang='lat' dir='ltr'>dilectionem</span> <span class='ocrx_word' id='word_1_141' title='bbox 479 1816 719 1886; x_wconf 85' lang='lat' dir='ltr'>diligere</span> <span class='ocrx_word' id='word_1_142' title='bbox 750 1837 765 1870; x_wconf 90' lang='lat'><em>:</em></span> <span class='ocrx_word' id='word_1_143' title='bbox 800 1818 1162 1871; x_wconf 83' lang='lat' dir='ltr'>dilectionem</span> <span class='ocrx_word' id='word_1_144' title='bbox 1196 1834 1425 1887; x_wconf 89' lang='lat' dir='ltr'>quoque</span> <span class='ocrx_word' id='word_1_145' title='bbox 1454 1834 1571 1870; x_wconf 91' lang='lat' dir='ltr'>non</span> <span class='ocrx_word' id='word_1_146' title='bbox 1601 1836 1700 1887; x_wconf 92' lang='lat' dir='ltr'>per</span> <span class='ocrx_word' id='word_1_147' title='bbox 1727 1835 1783 1871; x_wconf 90' lang='lat' dir='ltr'>se</span> 
     </span>
    </p>
   </div>
   <div class='ocr_carea' id='block_1_19' title="bbox 102 1902 1786 1975">
    <p class='ocr_par' dir='ltr' id='par_1_19' title="bbox 102 1902 1786 1975">
     <span class='ocr_line' id='line_1_19' title="bbox 102 1902 1786 1975; baseline 0.004 -21"><span class='ocrx_word' id='word_1_148' title='bbox 102 1902 433 1973; x_wconf 89' lang='lat' dir='ltr'>intelligere,</span> <span class='ocrx_word' id='word_1_149' title='bbox 462 1920 564 1957; x_wconf 90' lang='lat' dir='ltr'>nec</span> <span class='ocrx_word' id='word_1_150' title='bbox 594 1921 696 1975; x_wconf 90' lang='lat' dir='ltr'>per</span> <span class='ocrx_word' id='word_1_151' title='bbox 725 1922 783 1959; x_wconf 88' lang='lat' dir='ltr'>se</span> <span class='ocrx_word' id='word_1_152' title='bbox 814 1906 1163 1970; x_wconf 89' lang='lat' dir='ltr'>meminisse,</span> <span class='ocrx_word' id='word_1_153' title='bbox 1200 1905 1297 1959; x_wconf 90' lang='lat' dir='ltr'>sed</span> <span class='ocrx_word' id='word_1_154' title='bbox 1323 1922 1426 1973; x_wconf 90' lang='lat' dir='ltr'>per</span> <span class='ocrx_word' id='word_1_155' title='bbox 1448 1907 1786 1960; x_wconf 84' lang='lat' dir='ltr'>memoriam</span> 
     </span>
    </p>
   </div>
   <div class='ocr_carea' id='block_1_20' title="bbox 104 1992 1791 2063">
    <p class='ocr_par' dir='ltr' id='par_1_20' title="bbox 104 1992 1791 2063">
     <span class='ocr_line' id='line_1_20' title="bbox 104 1992 1791 2063; baseline 0.004 -21"><span class='ocrx_word' id='word_1_156' title='bbox 104 1992 444 2057; x_wconf 82' lang='lat' dir='ltr'>meminisse,</span> <span class='ocrx_word' id='word_1_157' title='bbox 478 1999 533 2046; x_wconf 91' lang='lat' dir='ltr'>et</span> <span class='ocrx_word' id='word_1_158' title='bbox 564 2010 667 2063; x_wconf 90' lang='lat' dir='ltr'>per</span> <span class='ocrx_word' id='word_1_159' title='bbox 696 1993 1137 2063; x_wconf 84' lang='lat' dir='ltr'>intelligentiam</span> <span class='ocrx_word' id='word_1_160' title='bbox 1168 1994 1506 2063; x_wconf 86' lang='lat' dir='ltr'>intelligere.</span> <span class='ocrx_word' id='word_1_161' title='bbox 1553 1997 1674 2048; x_wconf 74' lang='lat' dir='ltr'>Non</span> <span class='ocrx_word' id='word_1_162' title='bbox 1706 2001 1791 2049; x_wconf 88' lang='lat' dir='ltr'>est</span> 
     </span>
    </p>
   </div>
   <div class='ocr_carea' id='block_1_21' title="bbox 105 2081 1787 2152">
    <p class='ocr_par' dir='ltr' id='par_1_21' title="bbox 105 2081 1787 2152">
     <span class='ocr_line' id='line_1_21' title="bbox 105 2081 1787 2152; baseline 0.003 -20"><span class='ocrx_word' id='word_1_163' title='bbox 105 2081 246 2132; x_wconf 88' lang='lat' dir='ltr'>enim</span> <span class='ocrx_word' id='word_1_164' title='bbox 272 2081 369 2133; x_wconf 87' lang='lat' dir='ltr'>illa</span> <span class='ocrx_word' id='word_1_165' title='bbox 394 2081 661 2145; x_wconf 87' lang='lat' dir='ltr'>Trinitas,</span> <span class='ocrx_word' id='word_1_166' title='bbox 699 2099 827 2152; x_wconf 71' lang='lat' dir='ltr'>qua:</span> <span class='ocrx_word' id='word_1_167' title='bbox 858 2087 941 2135; x_wconf 91' lang='lat' dir='ltr'>est</span> <span class='ocrx_word' id='word_1_168' title='bbox 966 2100 1191 2137; x_wconf 90' lang='lat' dir='ltr'>summa</span> <span class='ocrx_word' id='word_1_169' title='bbox 1217 2089 1272 2136; x_wconf 92' lang='lat' dir='ltr'>et</span> <span class='ocrx_word' id='word_1_170' title='bbox 1330 2086 1642 2138; x_wconf 89' lang='lat' dir='ltr'>immobilis</span> <span class='ocrx_word' id='word_1_171' title='bbox 1700 2102 1787 2139; x_wconf 91' lang='lat' dir='ltr'>es-</span> 
     </span>
    </p>
   </div>
   <div class='ocr_carea' id='block_1_22' title="bbox 107 2170 1787 2244">
    <p class='ocr_par' dir='ltr' id='par_1_22' title="bbox 107 2170 1787 2244">
     <span class='ocr_line' id='line_1_22' title="bbox 107 2170 1787 2244; baseline 0.004 -23"><span class='ocrx_word' id='word_1_172' title='bbox 107 2170 295 2231; x_wconf 84' lang='lat' dir='ltr'>sentia,</span> <span class='ocrx_word' id='word_1_173' title='bbox 328 2170 383 2223; x_wconf 91' lang='lat' dir='ltr'>id</span> <span class='ocrx_word' id='word_1_174' title='bbox 413 2179 497 2223; x_wconf 88' lang='lat' dir='ltr'>est</span> <span class='ocrx_word' id='word_1_175' title='bbox 536 2171 709 2239; x_wconf 90' lang='lat' dir='ltr'>Deus,</span> <span class='ocrx_word' id='word_1_176' title='bbox 742 2172 1035 2238; x_wconf 85' lang='lat' dir='ltr'>memoria,</span> <span class='ocrx_word' id='word_1_177' title='bbox 1080 2173 1478 2244; x_wconf 87' lang='lat' dir='ltr'>intelligentia,</span> <span class='ocrx_word' id='word_1_178' title='bbox 1541 2174 1787 2243; x_wconf 89' lang='lat' dir='ltr'>dilectio,</span> 
     </span>
    </p>
   </div>
   <div class='ocr_carea' id='block_1_23' title="bbox 111 2258 1788 2333">
    <p class='ocr_par' dir='ltr' id='par_1_23' title="bbox 111 2258 1788 2333">
     <span class='ocr_line' id='line_1_23' title="bbox 111 2258 1788 2333; baseline 0.004 -25"><span class='ocrx_word' id='word_1_179' title='bbox 111 2264 163 2309; x_wconf 93' lang='lat' dir='ltr'>ut</span> <span class='ocrx_word' id='word_1_180' title='bbox 194 2258 306 2309; x_wconf 71' lang='lat' dir='ltr'>hmo</span> <span class='ocrx_word' id='word_1_181' title='bbox 328 2258 442 2310; x_wconf 82' lang='lat' dir='ltr'>tria</span> <span class='ocrx_word' id='word_1_182' title='bbox 479 2258 592 2311; x_wconf 89' lang='lat' dir='ltr'>sint</span> <span class='ocrx_word' id='word_1_183' title='bbox 615 2260 781 2312; x_wconf 85' lang='lat' dir='ltr'>Pater</span> <span class='ocrx_word' id='word_1_184' title='bbox 818 2266 873 2313; x_wconf 91' lang='lat' dir='ltr'>et</span> <span class='ocrx_word' id='word_1_185' title='bbox 922 2261 1095 2315; x_wconf 89' lang='lat' dir='ltr'>Filius</span> <span class='ocrx_word' id='word_1_186' title='bbox 1143 2269 1199 2316; x_wconf 91' lang='lat' dir='ltr'>et</span> <span class='ocrx_word' id='word_1_187' title='bbox 1255 2263 1501 2333; x_wconf 88' lang='lat' dir='ltr'>Spiritus</span> <span class='ocrx_word' id='word_1_188' title='bbox 1544 2270 1788 2330; x_wconf 87' lang='lat' dir='ltr'>sanctus,</span> 
     </span>
    </p>
   </div>
   <div class='ocr_carea' id='block_1_24' title="bbox 109 2348 1791 2421">
    <p class='ocr_par' dir='ltr' id='par_1_24' title="bbox 109 2348 1791 2421">
     <span class='ocr_line' id='line_1_24' title="bbox 109 2348 1791 2421; baseline 0.005 -24"><span class='ocrx_word' id='word_1_189' title='bbox 109 2350 368 2415; x_wconf 72' lang='lat' dir='ltr'>tinquam</span> <span class='ocrx_word' id='word_1_190' title='bbox 402 2348 567 2400; x_wconf 87' lang='lat' dir='ltr'>Pater</span> <span class='ocrx_word' id='word_1_191' title='bbox 601 2350 897 2413; x_wconf 87' lang='lat' dir='ltr'>memoria,</span> <span class='ocrx_word' id='word_1_192' title='bbox 942 2350 1112 2403; x_wconf 86' lang='lat' dir='ltr'>Filius</span> <span class='ocrx_word' id='word_1_193' title='bbox 1148 2351 1552 2421; x_wconf 89' lang='lat' dir='ltr'>intelligentia,</span> <span class='ocrx_word' id='word_1_194' title='bbox 1576 2359 1633 2405; x_wconf 92' lang='lat' dir='ltr'>et</span> <span class='ocrx_word' id='word_1_195' title='bbox 1658 2353 1791 2421; x_wconf 87' lang='lat' dir='ltr'>Spi-</span> 
     </span>
    </p>
   </div>
   <div class='ocr_carea' id='block_1_25' title="bbox 108 2434 1787 2508">
    <p class='ocr_par' dir='ltr' id='par_1_25' title="bbox 108 2434 1787 2508">
     <span class='ocr_line' id='line_1_25' title="bbox 108 2434 1787 2508; baseline 0.006 -23"><span class='ocrx_word' id='word_1_196' title='bbox 108 2434 236 2485; x_wconf 83' lang='lat' dir='ltr'>ritus</span> <span class='ocrx_word' id='word_1_197' title='bbox 263 2440 490 2488; x_wconf 86' lang='lat' dir='ltr'>sanctus</span> <span class='ocrx_word' id='word_1_198' title='bbox 522 2436 780 2503; x_wconf 90' lang='lat' dir='ltr'>dilectio;</span> <span class='ocrx_word' id='word_1_199' title='bbox 815 2439 913 2492; x_wconf 90' lang='lat' dir='ltr'>sed</span> <span class='ocrx_word' id='word_1_200' title='bbox 960 2440 1113 2491; x_wconf 88' lang='lat' dir='ltr'>solus</span> <span class='ocrx_word' id='word_1_201' title='bbox 1144 2442 1308 2493; x_wconf 83' lang='lat' dir='ltr'>Pater</span> <span class='ocrx_word' id='word_1_202' title='bbox 1357 2442 1477 2494; x_wconf 69' lang='lat' dir='ltr'>lizec</span> <span class='ocrx_word' id='word_1_203' title='bbox 1534 2442 1641 2494; x_wconf 87' lang='lat' dir='ltr'>tria</span> <span class='ocrx_word' id='word_1_204' title='bbox 1697 2442 1787 2508; x_wconf 89' lang='lat' dir='ltr'>sit,</span> 
     </span>
    </p>
   </div>
   <div class='ocr_carea' id='block_1_26' title="bbox 109 2524 1793 2599">
    <p class='ocr_par' dir='ltr' id='par_1_26' title="bbox 109 2524 1793 2599">
     <span class='ocr_line' id='line_1_26' title="bbox 109 2524 1793 2599; baseline 0.005 -24"><span class='ocrx_word' id='word_1_205' title='bbox 109 2530 157 2575; x_wconf 85' lang='lat' dir='ltr'>et</span> <span class='ocrx_word' id='word_1_206' title='bbox 188 2524 356 2576; x_wconf 83' lang='lat' dir='ltr'>Filius</span> <span class='ocrx_word' id='word_1_207' title='bbox 386 2524 652 2578; x_wconf 88' lang='lat' dir='ltr'>similiter</span> <span class='ocrx_word' id='word_1_208' title='bbox 682 2527 803 2579; x_wconf 82' lang='lat' dir='ltr'>haec</span> <span class='ocrx_word' id='word_1_209' title='bbox 832 2527 962 2594; x_wconf 90' lang='lat' dir='ltr'>tria,</span> <span class='ocrx_word' id='word_1_210' title='bbox 1003 2528 1247 2596; x_wconf 87' lang='lat' dir='ltr'>Spiritus</span> <span class='ocrx_word' id='word_1_211' title='bbox 1293 2546 1523 2599; x_wconf 85' lang='lat' dir='ltr'>quoque</span> <span class='ocrx_word' id='word_1_212' title='bbox 1566 2538 1793 2584; x_wconf 89' lang='lat' dir='ltr'>sanctus</span> 
     </span>
    </p>
   </div>
   <div class='ocr_carea' id='block_1_27' title="bbox 107 2613 1789 2683">
    <p class='ocr_par' dir='ltr' id='par_1_27' title="bbox 107 2613 1789 2683">
     <span class='ocr_line' id='line_1_27' title="bbox 107 2613 1789 2683; baseline 0.004 -18"><span class='ocrx_word' id='word_1_213' title='bbox 107 2614 215 2665; x_wconf 60' lang='lat' dir='ltr'>ham</span> <span class='ocrx_word' id='word_1_214' title='bbox 242 2613 350 2664; x_wconf 84' lang='lat' dir='ltr'>tria</span> <span class='ocrx_word' id='word_1_215' title='bbox 380 2614 615 2683; x_wconf 87' lang='lat' dir='ltr'>pariter.</span> <span class='ocrx_word' id='word_1_216' title='bbox 653 2615 817 2667; x_wconf 85' lang='lat' dir='ltr'>Pater</span> <span class='ocrx_word' id='word_1_217' title='bbox 848 2617 1003 2669; x_wconf 92' lang='lat' dir='ltr'>enim</span> <span class='ocrx_word' id='word_1_218' title='bbox 1029 2634 1092 2669; x_wconf 81' lang='lat' dir='ltr'>ex</span> <span class='ocrx_word' id='word_1_219' title='bbox 1129 2634 1186 2669; x_wconf 89' lang='lat' dir='ltr'>se</span> <span class='ocrx_word' id='word_1_220' title='bbox 1224 2623 1279 2671; x_wconf 90' lang='lat' dir='ltr'>et</span> <span class='ocrx_word' id='word_1_221' title='bbox 1310 2619 1573 2672; x_wconf 86' lang='lat' dir='ltr'>meminit</span> <span class='ocrx_word' id='word_1_222' title='bbox 1612 2626 1666 2671; x_wconf 91' lang='lat' dir='ltr'>et</span> <span class='ocrx_word' id='word_1_223' title='bbox 1702 2620 1789 2671; x_wconf 92' lang='lat' dir='ltr'>in-</span> 
     </span>
    </p>
   </div>
   <div class='ocr_carea' id='block_1_28' title="bbox 108 2702 1791 2776">
    <p class='ocr_par' dir='ltr' id='par_1_28' title="bbox 108 2702 1791 2776">
     <span class='ocr_line' id='line_1_28' title="bbox 108 2702 1791 2776; baseline 0.004 -23"><span class='ocrx_word' id='word_1_224' title='bbox 108 2702 301 2769; x_wconf 61' lang='lat' dir='ltr'>telligil.</span> <span class='ocrx_word' id='word_1_225' title='bbox 358 2708 415 2754; x_wconf 89' lang='lat' dir='ltr'>et</span> <span class='ocrx_word' id='word_1_226' title='bbox 470 2702 713 2771; x_wconf 87' lang='lat' dir='ltr'>diligit:</span> <span class='ocrx_word' id='word_1_227' title='bbox 768 2720 885 2757; x_wconf 92' lang='lat' dir='ltr'>non</span> <span class='ocrx_word' id='word_1_228' title='bbox 932 2705 1087 2759; x_wconf 90' lang='lat' dir='ltr'>enim</span> <span class='ocrx_word' id='word_1_229' title='bbox 1149 2707 1363 2776; x_wconf 90' lang='lat' dir='ltr'>accepit</span> <span class='ocrx_word' id='word_1_230' title='bbox 1421 2726 1453 2761; x_wconf 89' lang='lat' dir='ltr'>a</span> <span class='ocrx_word' id='word_1_231' title='bbox 1507 2708 1643 2761; x_wconf 87' lang='lat' dir='ltr'>Filio</span> <span class='ocrx_word' id='word_1_232' title='bbox 1703 2709 1791 2760; x_wconf 87' lang='lat' dir='ltr'>in-</span> 
     </span>
    </p>
   </div>
   <div class='ocr_carea' id='block_1_29' title="bbox 108 2789 1793 2866">
    <p class='ocr_par' dir='ltr' id='par_1_29' title="bbox 108 2789 1793 2866">
     <span class='ocr_line' id='line_1_29' title="bbox 108 2789 1793 2866; baseline 0.005 -25"><span class='ocrx_word' id='word_1_233' title='bbox 108 2789 434 2857; x_wconf 65' lang='lat' dir='ltr'>telligentia,</span> <span class='ocrx_word' id='word_1_234' title='bbox 492 2791 752 2861; x_wconf 87' lang='lat' dir='ltr'>alioquin</span> <span class='ocrx_word' id='word_1_235' title='bbox 803 2794 953 2845; x_wconf 86' lang='lat' dir='ltr'>nasci</span> <span class='ocrx_word' id='word_1_236' title='bbox 1006 2794 1290 2848; x_wconf 87' lang='lat' dir='ltr'>diceretur</span> <span class='ocrx_word' id='word_1_237' title='bbox 1338 2812 1369 2848; x_wconf 87' lang='lat' dir='ltr'>a</span> <span class='ocrx_word' id='word_1_238' title='bbox 1416 2796 1577 2862; x_wconf 82' lang='lat' dir='ltr'>Filio,</span> <span class='ocrx_word' id='word_1_239' title='bbox 1639 2797 1793 2866; x_wconf 88' lang='lat' dir='ltr'>quod</span> 
     </span>
    </p>
   </div>
   <div class='ocr_carea' id='block_1_30' title="bbox 108 2879 1793 2947">
    <p class='ocr_par' dir='ltr' id='par_1_30' title="bbox 108 2879 1793 2947">
     <span class='ocr_line' id='line_1_30' title="bbox 108 2879 1793 2947; baseline 0.006 -19"><span class='ocrx_word' id='word_1_240' title='bbox 108 2893 210 2929; x_wconf 86' lang='lat' dir='ltr'>non</span> <span class='ocrx_word' id='word_1_241' title='bbox 245 2884 328 2930; x_wconf 85' lang='lat' dir='ltr'>est</span> <span class='ocrx_word' id='word_1_242' title='bbox 360 2879 594 2947; x_wconf 90' lang='lat' dir='ltr'>quidem</span> <span class='ocrx_word' id='word_1_243' title='bbox 651 2880 1026 2947; x_wconf 85' lang='lat' dir='ltr'>catholicum;</span> <span class='ocrx_word' id='word_1_244' title='bbox 1064 2898 1165 2936; x_wconf 90' lang='lat' dir='ltr'>nec</span> <span class='ocrx_word' id='word_1_245' title='bbox 1218 2884 1577 2937; x_wconf 87' lang='lat' dir='ltr'>dilectionem</span> <span class='ocrx_word' id='word_1_246' title='bbox 1637 2902 1793 2938; x_wconf 88' lang='lat' dir='ltr'>acce-</span> 
     </span>
    </p>
   </div>
   <div class='ocr_carea' id='block_1_31' title="bbox 108 2965 1793 3042">
    <p class='ocr_par' dir='ltr' id='par_1_31' title="bbox 108 2965 1793 3042">
     <span class='ocr_line' id='line_1_31' title="bbox 108 2965 1793 3042; baseline 0.007 -28"><span class='ocrx_word' id='word_1_247' title='bbox 108 2965 479 3034; x_wconf 89' lang='lat' dir='ltr'>pitaSpiritu</span> <span class='ocrx_word' id='word_1_248' title='bbox 514 2974 730 3033; x_wconf 88' lang='lat' dir='ltr'>sancto,</span> <span class='ocrx_word' id='word_1_249' title='bbox 790 2968 1079 3023; x_wconf 70' lang='lat' dir='ltr'>videretur</span> <span class='ocrx_word' id='word_1_250' title='bbox 1109 2971 1261 3025; x_wconf 91' lang='lat' dir='ltr'>enim</span> <span class='ocrx_word' id='word_1_251' title='bbox 1320 2973 1389 3025; x_wconf 92' lang='lat' dir='ltr'>de</span> <span class='ocrx_word' id='word_1_252' title='bbox 1443 2973 1539 3025; x_wconf 92' lang='lat' dir='ltr'>illo</span> <span class='ocrx_word' id='word_1_253' title='bbox 1597 2989 1793 3042; x_wconf 84' lang='lat' dir='ltr'>proce-</span> 
     </span>
    </p>
   </div>
   <div class='ocr_carea' id='block_1_32' title="bbox 1890 574 3583 644">
    <p class='ocr_par' dir='ltr' id='par_1_32' title="bbox 1890 574 3583 644">
     <span class='ocr_line' id='line_1_32' title="bbox 1890 574 3583 644; baseline -0.001 -17"><span class='ocrx_word' id='word_1_254' title='bbox 1890 574 2160 643; x_wconf 87' lang='lat' dir='ltr'>jungens,</span> <span class='ocrx_word' id='word_1_255' title='bbox 2212 575 2367 628; x_wconf 88' lang='lat' dir='ltr'>velut</span> <span class='ocrx_word' id='word_1_256' title='bbox 2420 591 2484 628; x_wconf 84' lang='lat' dir='ltr'>ex</span> <span class='ocrx_word' id='word_1_257' title='bbox 2527 579 2771 644; x_wconf 89' lang='lat' dir='ltr'>utroque</span> <span class='ocrx_word' id='word_1_258' title='bbox 2820 574 3178 643; x_wconf 88' lang='lat' dir='ltr'>procedens:</span> <span class='ocrx_word' id='word_1_259' title='bbox 3240 590 3354 627; x_wconf 90' lang='lat' dir='ltr'>non</span> <span class='ocrx_word' id='word_1_260' title='bbox 3421 574 3583 644; x_wconf 78' lang='lat' dir='ltr'>quasi</span> 
     </span>
    </p>
   </div>
   <div class='ocr_carea' id='block_1_33' title="bbox 1895 662 3587 733">
    <p class='ocr_par' dir='ltr' id='par_1_33' title="bbox 1895 662 3587 733">
     <span class='ocr_line' id='line_1_33' title="bbox 1895 662 3587 733; baseline -0.001 -17"><span class='ocrx_word' id='word_1_261' title='bbox 1895 664 2137 733; x_wconf 87' lang='lat' dir='ltr'>qualitas</span> <span class='ocrx_word' id='word_1_262' title='bbox 2166 664 2491 727; x_wconf 89' lang='lat' dir='ltr'>amborum,</span> <span class='ocrx_word' id='word_1_263' title='bbox 2543 663 2639 715; x_wconf 88' lang='lat' dir='ltr'>sed</span> <span class='ocrx_word' id='word_1_264' title='bbox 2673 668 2734 715; x_wconf 91' lang='lat' dir='ltr'>ut</span> <span class='ocrx_word' id='word_1_265' title='bbox 2769 662 3010 716; x_wconf 79' lang='lat' dir='ltr'>existens</span> <span class='ocrx_word' id='word_1_266' title='bbox 3055 663 3116 715; x_wconf 91' lang='lat' dir='ltr'>iu</span> <span class='ocrx_word' id='word_1_267' title='bbox 3155 662 3429 716; x_wconf 87' lang='lat' dir='ltr'>Trinitate</span> <span class='ocrx_word' id='word_1_268' title='bbox 3476 668 3587 715; x_wconf 84' lang='lat' dir='ltr'>ter-</span> 
     </span>
    </p>
   </div>
   <div class='ocr_carea' id='block_1_34' title="bbox 1894 752 3580 822">
    <p class='ocr_par' dir='ltr' id='par_1_34' title="bbox 1894 752 3580 822">
     <span class='ocr_line' id='line_1_34' title="bbox 1894 752 3580 822; baseline -0.001 -16"><span class='ocrx_word' id='word_1_269' title='bbox 1894 752 1970 807; x_wconf 90' lang='lat' dir='ltr'>tia</span> <span class='ocrx_word' id='word_1_270' title='bbox 2001 769 2247 822; x_wconf 88' lang='lat' dir='ltr'>persona</span> <span class='ocrx_word' id='word_1_271' title='bbox 2274 752 2767 805; x_wconf 88' lang='lat' dir='ltr'>consubstantialis</span> <span class='ocrx_word' id='word_1_272' title='bbox 2808 757 2864 804; x_wconf 92' lang='lat' dir='ltr'>et</span> <span class='ocrx_word' id='word_1_273' title='bbox 2909 752 3234 822; x_wconf 65' lang='lat' dir='ltr'>coaequalis.</span> <span class='ocrx_word' id='word_1_274' title='bbox 3288 754 3425 804; x_wconf 90' lang='lat' dir='ltr'>Item</span> <span class='ocrx_word' id='word_1_275' title='bbox 3481 768 3580 821; x_wconf 88' lang='lat' dir='ltr'>po-</span> 
     </span>
    </p>
   </div>
   <div class='ocr_carea' id='block_1_35' title="bbox 1894 840 3581 907">
    <p class='ocr_par' dir='ltr' id='par_1_35' title="bbox 1894 840 3581 907">
     <span class='ocr_line' id='line_1_35' title="bbox 1894 840 3581 907; baseline -0.001 -14"><span class='ocrx_word' id='word_1_276' title='bbox 1894 843 2096 894; x_wconf 86' lang='lat' dir='ltr'>sterius</span> <span class='ocrx_word' id='word_1_277' title='bbox 2126 858 2139 895; x_wconf 90' lang='lat'>:</span> <span class='ocrx_word' id='word_1_278' title='bbox 2174 861 2199 891; x_wconf 80' lang='grc' dir='ltr'>α</span> <span class='ocrx_word' id='word_1_279' title='bbox 2232 842 2323 894; x_wconf 85' lang='lat' dir='ltr'>Est</span> <span class='ocrx_word' id='word_1_280' title='bbox 2352 840 2506 894; x_wconf 91' lang='lat' dir='ltr'>enim</span> <span class='ocrx_word' id='word_1_281' title='bbox 2539 846 2593 894; x_wconf 88' lang='lat' dir='ltr'>et</span> <span class='ocrx_word' id='word_1_282' title='bbox 2637 842 2803 894; x_wconf 91' lang='lat' dir='ltr'>Pater</span> <span class='ocrx_word' id='word_1_283' title='bbox 2855 842 3023 905; x_wconf 90' lang='lat' dir='ltr'>Deus,</span> <span class='ocrx_word' id='word_1_284' title='bbox 3074 846 3129 892; x_wconf 90' lang='lat' dir='ltr'>et</span> <span class='ocrx_word' id='word_1_285' title='bbox 3181 840 3349 892; x_wconf 84' lang='lat' dir='ltr'>Filius</span> <span class='ocrx_word' id='word_1_286' title='bbox 3412 841 3581 907; x_wconf 88' lang='lat' dir='ltr'>Deus,</span> 
     </span>
    </p>
   </div>
   <div class='ocr_carea' id='block_1_36' title="bbox 1895 929 3582 1000">
    <p class='ocr_par' dir='ltr' id='par_1_36' title="bbox 1895 929 3582 1000">
     <span class='ocr_line' id='line_1_36' title="bbox 1895 929 3582 1000; baseline -0.002 -16"><span class='ocrx_word' id='word_1_287' title='bbox 1895 936 1950 985; x_wconf 88' lang='lat' dir='ltr'>et</span> <span class='ocrx_word' id='word_1_288' title='bbox 1980 930 2222 1000; x_wconf 84' lang='lat' dir='ltr'>Spiritus</span> <span class='ocrx_word' id='word_1_289' title='bbox 2253 936 2479 983; x_wconf 86' lang='lat' dir='ltr'>sanctus</span> <span class='ocrx_word' id='word_1_290' title='bbox 2512 931 2679 996; x_wconf 89' lang='lat' dir='ltr'>Deus,</span> <span class='ocrx_word' id='word_1_291' title='bbox 2712 934 2767 982; x_wconf 92' lang='lat' dir='ltr'>et</span> <span class='ocrx_word' id='word_1_292' title='bbox 2798 929 2964 981; x_wconf 91' lang='lat' dir='ltr'>simul</span> <span class='ocrx_word' id='word_1_293' title='bbox 2999 944 3199 981; x_wconf 90' lang='lat' dir='ltr'>omnes</span> <span class='ocrx_word' id='word_1_294' title='bbox 3235 943 3380 981; x_wconf 90' lang='lat' dir='ltr'>unus</span> <span class='ocrx_word' id='word_1_295' title='bbox 3411 929 3582 981; x_wconf 89' lang='lat' dir='ltr'>Deus.</span> 
     </span>
    </p>
   </div>
   <div class='ocr_carea' id='block_1_37' title="bbox 1896 1016 3588 1074">
    <p class='ocr_par' dir='ltr' id='par_1_37' title="bbox 1896 1016 3588 1074">
     <span class='ocr_line' id='line_1_37' title="bbox 1896 1016 3588 1074; baseline -0.002 -1"><span class='ocrx_word' id='word_1_296' title='bbox 1896 1021 1957 1073; x_wconf 86' lang='lat' dir='ltr'>Et</span> <span class='ocrx_word' id='word_1_297' title='bbox 1998 1028 2188 1073; x_wconf 88' lang='lat' dir='ltr'>tamen</span> <span class='ocrx_word' id='word_1_298' title='bbox 2238 1035 2353 1072; x_wconf 92' lang='lat' dir='ltr'>non</span> <span class='ocrx_word' id='word_1_299' title='bbox 2401 1019 2611 1071; x_wconf 80' lang='lat' dir='ltr'>frustra</span> <span class='ocrx_word' id='word_1_300' title='bbox 2663 1019 2720 1074; x_wconf 88' lang='lat' dir='ltr'>in</span> <span class='ocrx_word' id='word_1_301' title='bbox 2754 1018 2857 1071; x_wconf 86' lang='lat' dir='ltr'>hac</span> <span class='ocrx_word' id='word_1_302' title='bbox 2906 1017 3181 1070; x_wconf 90' lang='lat' dir='ltr'>Trinitate</span> <span class='ocrx_word' id='word_1_303' title='bbox 3236 1032 3350 1070; x_wconf 88' lang='lat' dir='ltr'>non</span> <span class='ocrx_word' id='word_1_304' title='bbox 3381 1016 3588 1069; x_wconf 85' lang='lat' dir='ltr'>dicitur</span> 
     </span>
    </p>
   </div>
   <div class='ocr_carea' id='block_1_38' title="bbox 1898 1104 3588 1175">
    <p class='ocr_par' dir='ltr' id='par_1_38' title="bbox 1898 1104 3588 1175">
     <span class='ocr_line' id='line_1_38' title="bbox 1898 1104 3588 1175; baseline -0.002 -15"><span class='ocrx_word' id='word_1_305' title='bbox 1898 1109 2142 1162; x_wconf 88' lang='lat' dir='ltr'>Verbum</span> <span class='ocrx_word' id='word_1_306' title='bbox 2167 1109 2264 1162; x_wconf 89' lang='lat' dir='ltr'>Dei</span> <span class='ocrx_word' id='word_1_307' title='bbox 2293 1108 2401 1161; x_wconf 86' lang='lat' dir='ltr'>nisi</span> <span class='ocrx_word' id='word_1_308' title='bbox 2430 1108 2622 1171; x_wconf 84' lang='lat' dir='ltr'>Filius,</span> <span class='ocrx_word' id='word_1_309' title='bbox 2658 1124 2759 1160; x_wconf 89' lang='lat' dir='ltr'>nec</span> <span class='ocrx_word' id='word_1_310' title='bbox 2792 1108 3004 1160; x_wconf 89' lang='lat' dir='ltr'>donum</span> <span class='ocrx_word' id='word_1_311' title='bbox 3040 1106 3136 1159; x_wconf 86' lang='lat' dir='ltr'>Dei</span> <span class='ocrx_word' id='word_1_312' title='bbox 3190 1105 3297 1157; x_wconf 87' lang='lat' dir='ltr'>nisi</span> <span class='ocrx_word' id='word_1_313' title='bbox 3344 1104 3588 1175; x_wconf 89' lang='lat' dir='ltr'>Spiritus</span> 
     </span>
    </p>
   </div>
   <div class='ocr_carea' id='block_1_39' title="bbox 1896 1194 3586 1268">
    <p class='ocr_par' dir='ltr' id='par_1_39' title="bbox 1896 1194 3586 1268">
     <span class='ocr_line' id='line_1_39' title="bbox 1896 1194 3586 1268; baseline -0.003 -17"><span class='ocrx_word' id='word_1_314' title='bbox 1896 1203 2139 1262; x_wconf 87' lang='lat' dir='ltr'>sanctus,</span> <span class='ocrx_word' id='word_1_315' title='bbox 2173 1214 2276 1251; x_wconf 91' lang='lat' dir='ltr'>nec</span> <span class='ocrx_word' id='word_1_316' title='bbox 2303 1198 2370 1251; x_wconf 91' lang='lat' dir='ltr'>de</span> <span class='ocrx_word' id='word_1_317' title='bbox 2401 1214 2515 1268; x_wconf 90' lang='lat' dir='ltr'>quo</span> <span class='ocrx_word' id='word_1_318' title='bbox 2548 1196 2807 1266; x_wconf 89' lang='lat' dir='ltr'>genitum</span> <span class='ocrx_word' id='word_1_319' title='bbox 2840 1202 2927 1249; x_wconf 91' lang='lat' dir='ltr'>est</span> <span class='ocrx_word' id='word_1_320' title='bbox 2950 1195 3221 1260; x_wconf 90' lang='lat' dir='ltr'>Verbum,</span> <span class='ocrx_word' id='word_1_321' title='bbox 3251 1200 3308 1248; x_wconf 88' lang='lat' dir='ltr'>et</span> <span class='ocrx_word' id='word_1_322' title='bbox 3355 1194 3423 1247; x_wconf 90' lang='lat' dir='ltr'>de</span> <span class='ocrx_word' id='word_1_323' title='bbox 3472 1210 3586 1264; x_wconf 90' lang='lat' dir='ltr'>quo</span> 
     </span>
    </p>
   </div>
   <div class='ocr_carea' id='block_1_40' title="bbox 1896 1283 3589 1356">
    <p class='ocr_par' dir='ltr' id='par_1_40' title="bbox 1896 1283 3589 1356">
     <span class='ocr_line' id='line_1_40' title="bbox 1896 1283 3589 1356; baseline -0.003 -16"><span class='ocrx_word' id='word_1_324' title='bbox 1896 1288 2153 1355; x_wconf 87' lang='lat' dir='ltr'>procedit</span> <span class='ocrx_word' id='word_1_325' title='bbox 2211 1286 2605 1356; x_wconf 86' lang='lat' dir='ltr'>principaliter</span> <span class='ocrx_word' id='word_1_326' title='bbox 2662 1284 2907 1355; x_wconf 87' lang='lat' dir='ltr'>Spiritus</span> <span class='ocrx_word' id='word_1_327' title='bbox 2955 1290 3202 1351; x_wconf 86' lang='lat' dir='ltr'>sanctus,</span> <span class='ocrx_word' id='word_1_328' title='bbox 3261 1283 3369 1337; x_wconf 91' lang='lat' dir='ltr'>nisi</span> <span class='ocrx_word' id='word_1_329' title='bbox 3441 1284 3589 1336; x_wconf 88' lang='lat' dir='ltr'>Deus</span> 
     </span>
    </p>
   </div>
   <div class='ocr_carea' id='block_1_41' title="bbox 1896 1372 3588 1444">
    <p class='ocr_par' dir='ltr' id='par_1_41' title="bbox 1896 1372 3588 1444">
     <span class='ocr_line' id='line_1_41' title="bbox 1896 1372 3588 1444; baseline -0.003 -15"><span class='ocrx_word' id='word_1_330' title='bbox 1896 1378 2079 1430; x_wconf 89' lang='lat' dir='ltr'>Pater.</span> <span class='ocrx_word' id='word_1_331' title='bbox 2118 1376 2244 1429; x_wconf 90' lang='lat' dir='ltr'>Ideo</span> <span class='ocrx_word' id='word_1_332' title='bbox 2270 1382 2460 1428; x_wconf 90' lang='lat' dir='ltr'>autem</span> <span class='ocrx_word' id='word_1_333' title='bbox 2494 1374 2709 1440; x_wconf 85' lang='lat' dir='ltr'>addidi,</span> <span class='ocrx_word' id='word_1_334' title='bbox 2764 1374 3175 1444; x_wconf 87' lang='lat' dir='ltr'>principaliter,</span> <span class='ocrx_word' id='word_1_335' title='bbox 3227 1373 3361 1443; x_wconf 89' lang='lat' dir='ltr'>quia</span> <span class='ocrx_word' id='word_1_336' title='bbox 3409 1376 3464 1425; x_wconf 88' lang='lat' dir='ltr'>et</span> <span class='ocrx_word' id='word_1_337' title='bbox 3520 1372 3588 1424; x_wconf 93' lang='lat' dir='ltr'>de</span> 
     </span>
    </p>
   </div>
   <div class='ocr_carea' id='block_1_42' title="bbox 1897 1460 3589 1533">
    <p class='ocr_par' dir='ltr' id='par_1_42' title="bbox 1897 1460 3589 1533">
     <span class='ocr_line' id='line_1_42' title="bbox 1897 1460 3589 1533; baseline -0.003 -16"><span class='ocrx_word' id='word_1_338' title='bbox 1897 1464 2035 1518; x_wconf 92' lang='lat' dir='ltr'>Filio</span> <span class='ocrx_word' id='word_1_339' title='bbox 2065 1464 2309 1533; x_wconf 89' lang='lat' dir='ltr'>Spiritus</span> <span class='ocrx_word' id='word_1_340' title='bbox 2354 1468 2578 1517; x_wconf 89' lang='lat' dir='ltr'>sanctus</span> <span class='ocrx_word' id='word_1_341' title='bbox 2626 1465 2929 1533; x_wconf 81' lang='lat' dir='ltr'>procedere</span> <span class='ocrx_word' id='word_1_342' title='bbox 2978 1463 3283 1532; x_wconf 85' lang='lat' dir='ltr'>reperitur.</span> <span class='ocrx_word' id='word_1_343' title='bbox 3336 1460 3445 1515; x_wconf 90' lang='lat' dir='ltr'>Sed</span> <span class='ocrx_word' id='word_1_344' title='bbox 3483 1460 3589 1513; x_wconf 89' lang='lat' dir='ltr'>hoc</span> 
     </span>
    </p>
   </div>
   <div class='ocr_carea' id='block_1_43' title="bbox 1895 1551 3586 1624">
    <p class='ocr_par' dir='ltr' id='par_1_43' title="bbox 1895 1551 3586 1624">
     <span class='ocr_line' id='line_1_43' title="bbox 1895 1551 3586 1624; baseline -0.002 -19"><span class='ocrx_word' id='word_1_345' title='bbox 1895 1570 2122 1624; x_wconf 83' lang='lat' dir='ltr'>quoque</span> <span class='ocrx_word' id='word_1_346' title='bbox 2157 1553 2236 1604; x_wconf 92' lang='lat' dir='ltr'>illi</span> <span class='ocrx_word' id='word_1_347' title='bbox 2269 1555 2431 1605; x_wconf 88' lang='lat' dir='ltr'>Pater</span> <span class='ocrx_word' id='word_1_348' title='bbox 2478 1552 2654 1618; x_wconf 84' lang='lat' dir='ltr'>dedit,</span> <span class='ocrx_word' id='word_1_349' title='bbox 2685 1568 2797 1604; x_wconf 91' lang='lat' dir='ltr'>non</span> <span class='ocrx_word' id='word_1_350' title='bbox 2825 1552 2945 1620; x_wconf 80' lang='lat' dir='ltr'>jam</span> <span class='ocrx_word' id='word_1_351' title='bbox 3000 1551 3283 1615; x_wconf 80' lang='lat' dir='ltr'>existenti,</span> <span class='ocrx_word' id='word_1_352' title='bbox 3327 1555 3382 1603; x_wconf 91' lang='lat' dir='ltr'>et</span> <span class='ocrx_word' id='word_1_353' title='bbox 3442 1566 3586 1602; x_wconf 54' lang='lat' dir='ltr'>non-</span> 
     </span>
    </p>
   </div>
   <div class='ocr_carea' id='block_1_44' title="bbox 1896 1637 3584 1710">
    <p class='ocr_par' dir='ltr' id='par_1_44' title="bbox 1896 1637 3584 1710">
     <span class='ocr_line' id='line_1_44' title="bbox 1896 1637 3584 1710; baseline -0.004 -15"><span class='ocrx_word' id='word_1_354' title='bbox 1896 1643 2032 1695; x_wconf 91' lang='lat' dir='ltr'>dum</span> <span class='ocrx_word' id='word_1_355' title='bbox 2057 1642 2308 1705; x_wconf 75' lang='lat' dir='ltr'>habenti,</span> <span class='ocrx_word' id='word_1_356' title='bbox 2341 1641 2437 1693; x_wconf 89' lang='lat' dir='ltr'>sed</span> <span class='ocrx_word' id='word_1_357' title='bbox 2486 1640 2767 1710; x_wconf 87' lang='lat' dir='ltr'>quidquid</span> <span class='ocrx_word' id='word_1_358' title='bbox 2818 1641 3117 1710; x_wconf 87' lang='lat' dir='ltr'>unigenito</span> <span class='ocrx_word' id='word_1_359' title='bbox 3165 1639 3346 1692; x_wconf 85' lang='lat' dir='ltr'>Verbo</span> <span class='ocrx_word' id='word_1_360' title='bbox 3407 1637 3584 1702; x_wconf 88' lang='lat' dir='ltr'>dedit,</span> 
     </span>
    </p>
   </div>
   <div class='ocr_carea' id='block_1_45' title="bbox 1896 1727 3587 1800">
    <p class='ocr_par' dir='ltr' id='par_1_45' title="bbox 1896 1727 3587 1800">
     <span class='ocr_line' id='line_1_45' title="bbox 1896 1727 3587 1800; baseline -0.002 -17"><span class='ocrx_word' id='word_1_361' title='bbox 1896 1731 2185 1800; x_wconf 86' lang='lat' dir='ltr'>gignendo</span> <span class='ocrx_word' id='word_1_362' title='bbox 2216 1729 2389 1783; x_wconf 87' lang='lat' dir='ltr'>dedit.</span> <span class='ocrx_word' id='word_1_363' title='bbox 2424 1729 2513 1781; x_wconf 92' lang='lat' dir='ltr'>Sic</span> <span class='ocrx_word' id='word_1_364' title='bbox 2555 1744 2690 1797; x_wconf 90' lang='lat' dir='ltr'>ergo</span> <span class='ocrx_word' id='word_1_365' title='bbox 2730 1745 2861 1781; x_wconf 89' lang='lat' dir='ltr'>eum</span> <span class='ocrx_word' id='word_1_366' title='bbox 2907 1728 3126 1797; x_wconf 86' lang='lat' dir='ltr'>genuit,</span> <span class='ocrx_word' id='word_1_367' title='bbox 3180 1732 3242 1780; x_wconf 91' lang='lat' dir='ltr'>ut</span> <span class='ocrx_word' id='word_1_368' title='bbox 3284 1727 3457 1780; x_wconf 88' lang='lat' dir='ltr'>etiam</span> <span class='ocrx_word' id='word_1_369' title='bbox 3518 1727 3587 1779; x_wconf 91' lang='lat' dir='ltr'>de</span> 
     </span>
    </p>
   </div>
   <div class='ocr_carea' id='block_1_46' title="bbox 1896 1815 3587 1885">
    <p class='ocr_par' dir='ltr' id='par_1_46' title="bbox 1896 1815 3587 1885">
     <span class='ocr_line' id='line_1_46' title="bbox 1896 1815 3587 1885; baseline -0.002 -16"><span class='ocrx_word' id='word_1_370' title='bbox 1896 1819 1993 1871; x_wconf 91' lang='lat' dir='ltr'>illo</span> <span class='ocrx_word' id='word_1_371' title='bbox 2025 1818 2239 1870; x_wconf 91' lang='lat' dir='ltr'>donum</span> <span class='ocrx_word' id='word_1_372' title='bbox 2280 1833 2585 1870; x_wconf 89' lang='lat' dir='ltr'>commune</span> <span class='ocrx_word' id='word_1_373' title='bbox 2620 1817 2918 1885; x_wconf 82' lang='lat' dir='ltr'>pocedere,</span> <span class='ocrx_word' id='word_1_374' title='bbox 2950 1822 3006 1869; x_wconf 89' lang='lat' dir='ltr'>et</span> <span class='ocrx_word' id='word_1_375' title='bbox 3045 1815 3291 1884; x_wconf 79' lang='lat' dir='ltr'>Spiritus</span> <span class='ocrx_word' id='word_1_376' title='bbox 3341 1819 3587 1879; x_wconf 87' lang='lat' dir='ltr'>sanctus,</span> 
     </span>
    </p>
   </div>
   <div class='ocr_carea' id='block_1_47' title="bbox 1895 1902 3588 1976">
    <p class='ocr_par' dir='ltr' id='par_1_47' title="bbox 1895 1902 3588 1976">
     <span class='ocr_line' id='line_1_47' title="bbox 1895 1902 3588 1976; baseline -0.004 -16"><span class='ocrx_word' id='word_1_377' title='bbox 1895 1907 2137 1976; x_wconf 87' lang='lat' dir='ltr'>Spiritus</span> <span class='ocrx_word' id='word_1_378' title='bbox 2169 1912 2317 1959; x_wconf 89' lang='lat' dir='ltr'>esset</span> <span class='ocrx_word' id='word_1_379' title='bbox 2350 1906 2671 1959; x_wconf 88' lang='lat' dir='ltr'>amborum.</span> <span class='ocrx_word' id='word_1_380' title='bbox 2700 1924 2726 1954; x_wconf 74' lang='grc' dir='ltr'>ι)</span> <span class='ocrx_word' id='word_1_381' title='bbox 2779 1906 2846 1958; x_wconf 87' lang='lat' dir='ltr'>Et</span> <span class='ocrx_word' id='word_1_382' title='bbox 2892 1905 2997 1958; x_wconf 88' lang='lat' dir='ltr'>hoc</span> <span class='ocrx_word' id='word_1_383' title='bbox 3041 1902 3369 1957; x_wconf 89' lang='lat' dir='ltr'>testimonio</span> <span class='ocrx_word' id='word_1_384' title='bbox 3410 1902 3588 1971; x_wconf 90' lang='lat' dir='ltr'>Spiri-</span> 
     </span>
    </p>
   </div>
   <div class='ocr_carea' id='block_1_48' title="bbox 1896 1992 3588 2064">
    <p class='ocr_par' dir='ltr' id='par_1_48' title="bbox 1896 1992 3588 2064">
     <span class='ocr_line' id='line_1_48' title="bbox 1896 1992 3588 2064; baseline -0.004 -15"><span class='ocrx_word' id='word_1_385' title='bbox 1896 2002 2016 2050; x_wconf 88' lang='lat' dir='ltr'>tum</span> <span class='ocrx_word' id='word_1_386' title='bbox 2050 2002 2307 2049; x_wconf 88' lang='lat' dir='ltr'>sanctum</span> <span class='ocrx_word' id='word_1_387' title='bbox 2336 1995 2640 2064; x_wconf 88' lang='lat' dir='ltr'>procedere</span> <span class='ocrx_word' id='word_1_388' title='bbox 2664 2037 2676 2059; x_wconf 97' lang='lat'>,</span> <span class='ocrx_word' id='word_1_389' title='bbox 2711 1994 3097 2063; x_wconf 88' lang='lat' dir='ltr'>comprobata</span> <span class='ocrx_word' id='word_1_390' title='bbox 3132 1992 3305 2057; x_wconf 88' lang='lat' dir='ltr'>Filio;</span> <span class='ocrx_word' id='word_1_391' title='bbox 3339 1996 3588 2047; x_wconf 88' lang='lat' dir='ltr'>attamen</span> 
     </span>
    </p>
   </div>
   <div class='ocr_carea' id='block_1_49' title="bbox 1896 2079 3587 2155">
    <p class='ocr_par' dir='ltr' id='par_1_49' title="bbox 1896 2079 3587 2155">
     <span class='ocr_line' id='line_1_49' title="bbox 1896 2079 3587 2155; baseline -0.004 -18"><span class='ocrx_word' id='word_1_392' title='bbox 1896 2086 2136 2155; x_wconf 88' lang='lat' dir='ltr'>singulis</span> <span class='ocrx_word' id='word_1_393' title='bbox 2203 2094 2407 2137; x_wconf 58' lang='lat' dir='ltr'>sancta</span> <span class='ocrx_word' id='word_1_394' title='bbox 2485 2083 2776 2137; x_wconf 88' lang='lat' dir='ltr'>Trinitatis</span> <span class='ocrx_word' id='word_1_395' title='bbox 2830 2083 3091 2152; x_wconf 88' lang='lat' dir='ltr'>personis</span> <span class='ocrx_word' id='word_1_396' title='bbox 3155 2080 3318 2151; x_wconf 84' lang='lat' dir='ltr'>quasi</span> <span class='ocrx_word' id='word_1_397' title='bbox 3372 2079 3587 2150; x_wconf 90' lang='lat' dir='ltr'>aliquid</span> 
     </span>
    </p>
   </div>
   <div class='ocr_carea' id='block_1_50' title="bbox 1899 2169 3590 2244">
    <p class='ocr_par' dir='ltr' id='par_1_50' title="bbox 1899 2169 3590 2244">
     <span class='ocr_line' id='line_1_50' title="bbox 1899 2169 3590 2244; baseline -0.003 -18"><span class='ocrx_word' id='word_1_398' title='bbox 1899 2175 2197 2244; x_wconf 91' lang='lat' dir='ltr'>proprium</span> <span class='ocrx_word' id='word_1_399' title='bbox 2230 2175 2498 2242; x_wconf 82' lang='lat' dir='ltr'>assignat,</span> <span class='ocrx_word' id='word_1_400' title='bbox 2543 2188 2674 2226; x_wconf 92' lang='lat' dir='ltr'>cum</span> <span class='ocrx_word' id='word_1_401' title='bbox 2731 2178 2803 2225; x_wconf 78' lang='lat' dir='ltr'>Sit</span> <span class='ocrx_word' id='word_1_402' title='bbox 2862 2174 3024 2225; x_wconf 91' lang='lat' dir='ltr'>Pater</span> <span class='ocrx_word' id='word_1_403' title='bbox 3082 2172 3248 2238; x_wconf 90' lang='lat' dir='ltr'>Dens,</span> <span class='ocrx_word' id='word_1_404' title='bbox 3300 2176 3357 2223; x_wconf 89' lang='lat' dir='ltr'>et</span> <span class='ocrx_word' id='word_1_405' title='bbox 3418 2169 3590 2222; x_wconf 88' lang='lat' dir='ltr'>Filius</span> 
     </span>
    </p>
   </div>
   <div class='ocr_carea' id='block_1_51' title="bbox 1903 2260 3590 2331">
    <p class='ocr_par' dir='ltr' id='par_1_51' title="bbox 1903 2260 3590 2331">
     <span class='ocr_line' id='line_1_51' title="bbox 1903 2260 3590 2331; baseline -0.005 -15"><span class='ocrx_word' id='word_1_406' title='bbox 1903 2265 2069 2329; x_wconf 80' lang='lat' dir='ltr'>Deus,</span> <span class='ocrx_word' id='word_1_407' title='bbox 2104 2269 2161 2315; x_wconf 88' lang='lat' dir='ltr'>et</span> <span class='ocrx_word' id='word_1_408' title='bbox 2189 2262 2432 2331; x_wconf 86' lang='lat' dir='ltr'>Spiritus</span> <span class='ocrx_word' id='word_1_409' title='bbox 2463 2267 2690 2313; x_wconf 88' lang='lat' dir='ltr'>sanctus</span> <span class='ocrx_word' id='word_1_410' title='bbox 2717 2261 2880 2323; x_wconf 85' lang='lat' dir='ltr'>Deus,</span> <span class='ocrx_word' id='word_1_411' title='bbox 2918 2265 2974 2312; x_wconf 91' lang='lat' dir='ltr'>et</span> <span class='ocrx_word' id='word_1_412' title='bbox 3003 2260 3175 2311; x_wconf 89' lang='lat' dir='ltr'>simul</span> <span class='ocrx_word' id='word_1_413' title='bbox 3207 2274 3407 2311; x_wconf 90' lang='lat' dir='ltr'>omnes</span> <span class='ocrx_word' id='word_1_414' title='bbox 3440 2272 3590 2309; x_wconf 89' lang='lat' dir='ltr'>unus</span> 
     </span>
    </p>
   </div>
   <div class='ocr_carea' id='block_1_52' title="bbox 1902 2346 3585 2418">
    <p class='ocr_par' dir='ltr' id='par_1_52' title="bbox 1902 2346 3585 2418">
     <span class='ocr_line' id='line_1_52' title="bbox 1902 2346 3585 2418; baseline -0.004 -15"><span class='ocrx_word' id='word_1_415' title='bbox 1902 2352 2062 2403; x_wconf 84' lang='lat' dir='ltr'>Deus.</span> <span class='ocrx_word' id='word_1_416' title='bbox 2102 2352 2191 2403; x_wconf 85' lang='lat' dir='ltr'>Est</span> <span class='ocrx_word' id='word_1_417' title='bbox 2221 2354 2408 2403; x_wconf 90' lang='lat' dir='ltr'>autem</span> <span class='ocrx_word' id='word_1_418' title='bbox 2442 2350 2742 2418; x_wconf 86' lang='lat' dir='ltr'>proprium</span> <span class='ocrx_word' id='word_1_419' title='bbox 2776 2348 2938 2400; x_wconf 85' lang='lat' dir='ltr'>Verbi</span> <span class='ocrx_word' id='word_1_420' title='bbox 2973 2347 3073 2401; x_wconf 87' lang='lat' dir='ltr'>Dei</span> <span class='ocrx_word' id='word_1_421' title='bbox 3120 2352 3181 2399; x_wconf 93' lang='lat' dir='ltr'>ut</span> <span class='ocrx_word' id='word_1_422' title='bbox 3228 2346 3450 2399; x_wconf 88' lang='lat' dir='ltr'>dicatur</span> <span class='ocrx_word' id='word_1_423' title='bbox 3498 2360 3585 2397; x_wconf 88' lang='lat' dir='ltr'>so-</span> 
     </span>
    </p>
   </div>
   <div class='ocr_carea' id='block_1_53' title="bbox 1901 2433 3591 2508">
    <p class='ocr_par' dir='ltr' id='par_1_53' title="bbox 1901 2433 3591 2508">
     <span class='ocr_line' id='line_1_53' title="bbox 1901 2433 3591 2508; baseline -0.005 -15"><span class='ocrx_word' id='word_1_424' title='bbox 1901 2441 1985 2493; x_wconf 90' lang='lat' dir='ltr'>lus</span> <span class='ocrx_word' id='word_1_425' title='bbox 2051 2440 2243 2504; x_wconf 88' lang='lat' dir='ltr'>Filius,</span> <span class='ocrx_word' id='word_1_426' title='bbox 2278 2443 2334 2491; x_wconf 89' lang='lat' dir='ltr'>et</span> <span class='ocrx_word' id='word_1_427' title='bbox 2366 2438 2666 2508; x_wconf 89' lang='lat' dir='ltr'>proprium</span> <span class='ocrx_word' id='word_1_428' title='bbox 2724 2436 2859 2491; x_wconf 90' lang='lat' dir='ltr'>doni</span> <span class='ocrx_word' id='word_1_429' title='bbox 2894 2437 2989 2491; x_wconf 91' lang='lat' dir='ltr'>Dei</span> <span class='ocrx_word' id='word_1_430' title='bbox 3044 2441 3107 2489; x_wconf 91' lang='lat' dir='ltr'>ut</span> <span class='ocrx_word' id='word_1_431' title='bbox 3162 2436 3313 2488; x_wconf 90' lang='lat' dir='ltr'>solus</span> <span class='ocrx_word' id='word_1_432' title='bbox 3368 2433 3591 2486; x_wconf 85' lang='lat' dir='ltr'>dicatur</span> 
     </span>
    </p>
   </div>
   <div class='ocr_carea' id='block_1_54' title="bbox 1898 2523 3593 2598">
    <p class='ocr_par' dir='ltr' id='par_1_54' title="bbox 1898 2523 3593 2598">
     <span class='ocr_line' id='line_1_54' title="bbox 1898 2523 3593 2598; baseline -0.006 -16"><span class='ocrx_word' id='word_1_433' title='bbox 1898 2529 2139 2598; x_wconf 83' lang='lat' dir='ltr'>Spiritus</span> <span class='ocrx_word' id='word_1_434' title='bbox 2168 2533 2410 2591; x_wconf 87' lang='lat' dir='ltr'>sanctus,</span> <span class='ocrx_word' id='word_1_435' title='bbox 2446 2534 2504 2579; x_wconf 91' lang='lat' dir='ltr'>et</span> <span class='ocrx_word' id='word_1_436' title='bbox 2536 2528 2604 2579; x_wconf 92' lang='lat' dir='ltr'>de</span> <span class='ocrx_word' id='word_1_437' title='bbox 2634 2542 2747 2595; x_wconf 92' lang='lat' dir='ltr'>quo</span> <span class='ocrx_word' id='word_1_438' title='bbox 2779 2526 3038 2593; x_wconf 87' lang='lat' dir='ltr'>genitum</span> <span class='ocrx_word' id='word_1_439' title='bbox 3072 2529 3157 2576; x_wconf 87' lang='lat' dir='ltr'>est</span> <span class='ocrx_word' id='word_1_440' title='bbox 3202 2523 3471 2586; x_wconf 81' lang='lat' dir='ltr'>Verbum,</span> <span class='ocrx_word' id='word_1_441' title='bbox 3537 2528 3593 2573; x_wconf 88' lang='lat' dir='ltr'>et</span> 
     </span>
    </p>
   </div>
   <div class='ocr_carea' id='block_1_55' title="bbox 1901 2609 3592 2687">
    <p class='ocr_par' dir='ltr' id='par_1_55' title="bbox 1901 2609 3592 2687">
     <span class='ocr_line' id='line_1_55' title="bbox 1901 2609 3592 2687; baseline -0.006 -16"><span class='ocrx_word' id='word_1_442' title='bbox 1901 2618 1969 2671; x_wconf 85' lang='lat' dir='ltr'>dc</span> <span class='ocrx_word' id='word_1_443' title='bbox 2003 2634 2113 2687; x_wconf 85' lang='lat' dir='ltr'>quo</span> <span class='ocrx_word' id='word_1_444' title='bbox 2162 2616 2420 2686; x_wconf 83' lang='lat' dir='ltr'>procedit</span> <span class='ocrx_word' id='word_1_445' title='bbox 2472 2615 2863 2684; x_wconf 89' lang='lat' dir='ltr'>principaliter</span> <span class='ocrx_word' id='word_1_446' title='bbox 2909 2612 3175 2681; x_wconf 88' lang='lat' dir='ltr'>Spiritus,</span> <span class='ocrx_word' id='word_1_447' title='bbox 3224 2627 3337 2664; x_wconf 90' lang='lat' dir='ltr'>non</span> <span class='ocrx_word' id='word_1_448' title='bbox 3390 2609 3592 2662; x_wconf 85' lang='lat' dir='ltr'>vocite-</span> 
     </span>
    </p>
   </div>
   <div class='ocr_carea' id='block_1_56' title="bbox 1899 2696 3593 2758">
    <p class='ocr_par' dir='ltr' id='par_1_56' title="bbox 1899 2696 3593 2758">
     <span class='ocr_line' id='line_1_56' title="bbox 1899 2696 3593 2758; baseline -0.005 0"><span class='ocrx_word' id='word_1_449' title='bbox 1899 2712 1993 2758; x_wconf 91' lang='lat' dir='ltr'>tur</span> <span class='ocrx_word' id='word_1_450' title='bbox 2021 2706 2128 2758; x_wconf 90' lang='lat' dir='ltr'>nisi</span> <span class='ocrx_word' id='word_1_451' title='bbox 2162 2706 2309 2758; x_wconf 89' lang='lat' dir='ltr'>Deus</span> <span class='ocrx_word' id='word_1_452' title='bbox 2343 2706 2523 2757; x_wconf 84' lang='lat' dir='ltr'>Pater.</span> <span class='ocrx_word' id='word_1_453' title='bbox 2564 2704 2625 2756; x_wconf 85' lang='lat' dir='ltr'>Et</span> <span class='ocrx_word' id='word_1_454' title='bbox 2658 2705 2743 2755; x_wconf 68' lang='lat' dir='ltr'>liae</span> <span class='ocrx_word' id='word_1_455' title='bbox 2786 2708 2919 2755; x_wconf 89' lang='lat' dir='ltr'>sunt</span> <span class='ocrx_word' id='word_1_456' title='bbox 2956 2702 3015 2754; x_wconf 87' lang='lat' dir='ltr'>in</span> <span class='ocrx_word' id='word_1_457' title='bbox 3063 2706 3259 2754; x_wconf 87' lang='lat' dir='ltr'>sancta</span> <span class='ocrx_word' id='word_1_458' title='bbox 3317 2696 3593 2752; x_wconf 87' lang='lat' dir='ltr'>Trinitate</span> 
     </span>
    </p>
   </div>
   <div class='ocr_carea' id='block_1_57' title="bbox 1903 2786 3595 2863">
    <p class='ocr_par' dir='ltr' id='par_1_57' title="bbox 1903 2786 3595 2863">
     <span class='ocr_line' id='line_1_57' title="bbox 1903 2786 3595 2863; baseline -0.006 -17"><span class='ocrx_word' id='word_1_459' title='bbox 1903 2794 2256 2863; x_wconf 87' lang='lat' dir='ltr'>singularum</span> <span class='ocrx_word' id='word_1_460' title='bbox 2307 2793 2682 2862; x_wconf 87' lang='lat' dir='ltr'>proprietates</span> <span class='ocrx_word' id='word_1_461' title='bbox 2735 2806 3131 2860; x_wconf 88' lang='lat' dir='ltr'>personarum.</span> <span class='ocrx_word' id='word_1_462' title='bbox 3188 2786 3595 2857; x_wconf 49' lang='lat' dir='ltr'>.Principaliter</span> 
     </span>
    </p>
   </div>
   <div class='ocr_carea' id='block_1_58' title="bbox 1903 2874 3591 2951">
    <p class='ocr_par' dir='ltr' id='par_1_58' title="bbox 1903 2874 3591 2951">
     <span class='ocr_line' id='line_1_58' title="bbox 1903 2874 3591 2951; baseline -0.006 -16"><span class='ocrx_word' id='word_1_463' title='bbox 1903 2888 2092 2935; x_wconf 90' lang='lat' dir='ltr'>autem</span> <span class='ocrx_word' id='word_1_464' title='bbox 2125 2882 2397 2951; x_wconf 86' lang='lat' dir='ltr'>Spiritum</span> <span class='ocrx_word' id='word_1_465' title='bbox 2431 2881 2572 2933; x_wconf 78' lang='lat' dir='ltr'>dixit</span> <span class='ocrx_word' id='word_1_466' title='bbox 2602 2880 2669 2933; x_wconf 87' lang='lat' dir='ltr'>de</span> <span class='ocrx_word' id='word_1_467' title='bbox 2722 2883 2882 2933; x_wconf 81' lang='lat' dir='ltr'>Patre</span> <span class='ocrx_word' id='word_1_468' title='bbox 2932 2879 3256 2948; x_wconf 85' lang='lat' dir='ltr'>procedere,</span> <span class='ocrx_word' id='word_1_469' title='bbox 3320 2874 3591 2946; x_wconf 91' lang='lat' dir='ltr'>quoniam</span> 
     </span>
    </p>
   </div>
   <div class='ocr_carea' id='block_1_59' title="bbox 1906 2962 3597 3040">
    <p class='ocr_par' dir='ltr' id='par_1_59' title="bbox 1906 2962 3597 3040">
     <span class='ocr_line' id='line_1_59' title="bbox 1906 2962 3597 3040; baseline -0.005 -17"><span class='ocrx_word' id='word_1_470' title='bbox 1906 2972 2225 3040; x_wconf 88' lang='lat' dir='ltr'>reperiatur</span> <span class='ocrx_word' id='word_1_471' title='bbox 2255 2975 2311 3022; x_wconf 91' lang='lat' dir='ltr'>et</span> <span class='ocrx_word' id='word_1_472' title='bbox 2363 2970 2431 3023; x_wconf 87' lang='lat' dir='ltr'>de</span> <span class='ocrx_word' id='word_1_473' title='bbox 2470 2968 2607 3022; x_wconf 90' lang='lat' dir='ltr'>Filio</span> <span class='ocrx_word' id='word_1_474' title='bbox 2640 2968 2975 3038; x_wconf 87' lang='lat' dir='ltr'>procedere;</span> <span class='ocrx_word' id='word_1_475' title='bbox 3001 2972 3057 3020; x_wconf 92' lang='lat' dir='ltr'>et</span> <span class='ocrx_word' id='word_1_476' title='bbox 3086 2967 3190 3019; x_wconf 91' lang='lat' dir='ltr'>hoc</span> <span class='ocrx_word' id='word_1_477' title='bbox 3238 2979 3471 3034; x_wconf 92' lang='lat' dir='ltr'>quoque</span> <span class='ocrx_word' id='word_1_478' title='bbox 3510 2962 3597 3015; x_wconf 86' lang='lat' dir='ltr'>de-</span> 
     </span>
    </p>
   </div>
   <div class='ocr_carea' id='block_1_60' title="bbox 109 3050 3595 3134">
    <p class='ocr_par' dir='ltr' id='par_1_60' title="bbox 109 3050 3595 3134">
     <span class='ocr_line' id='line_1_60' title="bbox 109 3050 3595 3134; baseline -0.001 -29"><span class='ocrx_word' id='word_1_479' title='bbox 109 3054 253 3117; x_wconf 87' lang='lat' dir='ltr'>dere,</span> <span class='ocrx_word' id='word_1_480' title='bbox 277 3055 433 3125; x_wconf 89' lang='lat' dir='ltr'>quod</span> <span class='ocrx_word' id='word_1_481' title='bbox 470 3060 557 3108; x_wconf 88' lang='lat' dir='ltr'>est</span> <span class='ocrx_word' id='word_1_482' title='bbox 583 3072 952 3126; x_wconf 86' lang='lat' dir='ltr'>perversum;</span> <span class='ocrx_word' id='word_1_483' title='bbox 1015 3060 1112 3112; x_wconf 90' lang='lat' dir='ltr'>sed</span> <span class='ocrx_word' id='word_1_484' title='bbox 1162 3076 1194 3111; x_wconf 87' lang='lat' dir='ltr'>a</span> <span class='ocrx_word' id='word_1_485' title='bbox 1243 3063 1548 3131; x_wconf 88' lang='lat' dir='ltr'>semetipso</span> <span class='ocrx_word' id='word_1_486' title='bbox 1590 3062 1790 3115; x_wconf 90' lang='lat' dir='ltr'>memi-</span> <span class='ocrx_word' id='word_1_487' title='bbox 1831 3077 1871 3134; x_wconf 72' lang='grc' dir='ltr'><strong>ρ</strong></span> <span class='ocrx_word' id='word_1_488' title='bbox 1904 3060 2052 3113; x_wconf 89' lang='lat' dir='ltr'>derit</span> <span class='ocrx_word' id='word_1_489' title='bbox 2090 3059 2171 3111; x_wconf 90' lang='lat' dir='ltr'>illi</span> <span class='ocrx_word' id='word_1_490' title='bbox 2214 3060 2378 3112; x_wconf 87' lang='lat' dir='ltr'>Pater</span> <span class='ocrx_word' id='word_1_491' title='bbox 2426 3075 2539 3110; x_wconf 89' lang='lat' dir='ltr'>non</span> <span class='ocrx_word' id='word_1_492' title='bbox 2574 3064 2849 3126; x_wconf 87' lang='lat' dir='ltr'>tanquam</span> <span class='ocrx_word' id='word_1_493' title='bbox 2892 3056 3049 3125; x_wconf 88' lang='lat' dir='ltr'>prius</span> <span class='ocrx_word' id='word_1_494' title='bbox 3081 3053 3365 3113; x_wconf 80' lang='lat' dir='ltr'>existenti,</span> <span class='ocrx_word' id='word_1_495' title='bbox 3401 3056 3456 3104; x_wconf 92' lang='lat' dir='ltr'>et</span> <span class='ocrx_word' id='word_1_496' title='bbox 3490 3050 3595 3103; x_wconf 88' lang='lat' dir='ltr'>hoc</span> 
     </span>
    </p>
   </div>
   <div class='ocr_carea' id='block_1_61' title="bbox 110 3143 1793 3219">
    <p class='ocr_par' dir='ltr' id='par_1_61' title="bbox 110 3143 1793 3219">
     <span class='ocr_line' id='line_1_61' title="bbox 110 3143 1793 3219; baseline 0.006 -26"><span class='ocrx_word' id='word_1_497' title='bbox 110 3143 202 3206; x_wconf 89' lang='lat' dir='ltr'>nit,</span> <span class='ocrx_word' id='word_1_498' title='bbox 232 3143 402 3211; x_wconf 88' lang='lat' dir='ltr'>sapit,</span> <span class='ocrx_word' id='word_1_499' title='bbox 437 3143 652 3213; x_wconf 88' lang='lat' dir='ltr'>diligit.</span> <span class='ocrx_word' id='word_1_500' title='bbox 706 3146 881 3199; x_wconf 82' lang='lat' dir='ltr'>Filius</span> <span class='ocrx_word' id='word_1_501' title='bbox 912 3163 1142 3217; x_wconf 85' lang='lat' dir='ltr'>quoque</span> <span class='ocrx_word' id='word_1_502' title='bbox 1195 3165 1324 3202; x_wconf 91' lang='lat' dir='ltr'>cum</span> <span class='ocrx_word' id='word_1_503' title='bbox 1377 3150 1449 3203; x_wconf 86' lang='lat' dir='ltr'>sit</span> <span class='ocrx_word' id='word_1_504' title='bbox 1492 3150 1793 3219; x_wconf 85' lang='lat' dir='ltr'>sapientia,</span> 
     </span>
    </p>
   </div>
   <div class='ocr_carea' id='block_1_62' title="bbox 111 3232 1795 3308">
    <p class='ocr_par' dir='ltr' id='par_1_62' title="bbox 111 3232 1795 3308">
     <span class='ocr_line' id='line_1_62' title="bbox 111 3232 1795 3308; baseline 0.007 -27"><span class='ocrx_word' id='word_1_505' title='bbox 111 3232 327 3299; x_wconf 78' lang='lat' dir='ltr'>genitus</span> <span class='ocrx_word' id='word_1_506' title='bbox 359 3232 429 3284; x_wconf 90' lang='lat' dir='ltr'>de</span> <span class='ocrx_word' id='word_1_507' title='bbox 456 3232 755 3302; x_wconf 86' lang='lat' dir='ltr'>sapientia,</span> <span class='ocrx_word' id='word_1_508' title='bbox 791 3250 902 3287; x_wconf 90' lang='lat' dir='ltr'>non</span> <span class='ocrx_word' id='word_1_509' title='bbox 934 3236 982 3288; x_wconf 90' lang='lat' dir='ltr'>ei</span> <span class='ocrx_word' id='word_1_510' title='bbox 1021 3238 1183 3289; x_wconf 90' lang='lat' dir='ltr'>Pater</span> <span class='ocrx_word' id='word_1_511' title='bbox 1212 3238 1492 3305; x_wconf 87' lang='lat' dir='ltr'>meminit,</span> <span class='ocrx_word' id='word_1_512' title='bbox 1527 3239 1623 3292; x_wconf 89' lang='lat' dir='ltr'>sed</span> <span class='ocrx_word' id='word_1_513' title='bbox 1676 3240 1795 3308; x_wconf 85' lang='lat' dir='ltr'>ipse</span> 
     </span>
    </p>
   </div>
   <div class='ocr_carea' id='block_1_63' title="bbox 113 3320 1797 3396">
    <p class='ocr_par' dir='ltr' id='par_1_63' title="bbox 113 3320 1797 3396">
     <span class='ocr_line' id='line_1_63' title="bbox 113 3320 1797 3396; baseline 0.006 -25"><span class='ocrx_word' id='word_1_514' title='bbox 113 3320 237 3377; x_wconf 82' lang='lat' dir='ltr'>sibi:</span> <span class='ocrx_word' id='word_1_515' title='bbox 271 3321 418 3373; x_wconf 88' lang='lat' dir='ltr'>sicut</span> <span class='ocrx_word' id='word_1_516' title='bbox 461 3337 564 3375; x_wconf 88' lang='lat' dir='ltr'>nec</span> <span class='ocrx_word' id='word_1_517' title='bbox 581 3322 633 3375; x_wconf 92' lang='lat' dir='ltr'>ei</span> <span class='ocrx_word' id='word_1_518' title='bbox 677 3324 841 3375; x_wconf 90' lang='lat' dir='ltr'>Pater</span> <span class='ocrx_word' id='word_1_519' title='bbox 885 3324 1173 3395; x_wconf 89' lang='lat' dir='ltr'>intelligit,</span> <span class='ocrx_word' id='word_1_520' title='bbox 1212 3327 1306 3379; x_wconf 90' lang='lat' dir='ltr'>sed</span> <span class='ocrx_word' id='word_1_521' title='bbox 1346 3328 1464 3396; x_wconf 90' lang='lat' dir='ltr'>ipse</span> <span class='ocrx_word' id='word_1_522' title='bbox 1504 3328 1648 3381; x_wconf 88' lang='lat' dir='ltr'>sibi:</span> <span class='ocrx_word' id='word_1_523' title='bbox 1696 3346 1797 3381; x_wconf 89' lang='lat' dir='ltr'>nec</span> 
     </span>
    </p>
   </div>
   <div class='ocr_carea' id='block_1_64' title="bbox 114 3408 1797 3483">
    <p class='ocr_par' dir='ltr' id='par_1_64' title="bbox 114 3408 1797 3483">
     <span class='ocr_line' id='line_1_64' title="bbox 114 3408 1797 3483; baseline 0.006 -23"><span class='ocrx_word' id='word_1_524' title='bbox 114 3408 341 3477; x_wconf 83' lang='lat' dir='ltr'>Spiritus</span> <span class='ocrx_word' id='word_1_525' title='bbox 370 3416 601 3463; x_wconf 87' lang='lat' dir='ltr'>sanctus</span> <span class='ocrx_word' id='word_1_526' title='bbox 635 3411 689 3464; x_wconf 88' lang='lat' dir='ltr'>ei</span> <span class='ocrx_word' id='word_1_527' title='bbox 739 3412 945 3482; x_wconf 90' lang='lat' dir='ltr'>diligit,</span> <span class='ocrx_word' id='word_1_528' title='bbox 978 3414 1075 3467; x_wconf 89' lang='lat' dir='ltr'>sed</span> <span class='ocrx_word' id='word_1_529' title='bbox 1112 3415 1232 3483; x_wconf 89' lang='lat' dir='ltr'>ipse</span> <span class='ocrx_word' id='word_1_530' title='bbox 1274 3415 1416 3476; x_wconf 82' lang='lat' dir='ltr'>sibi;</span> <span class='ocrx_word' id='word_1_531' title='bbox 1451 3432 1587 3469; x_wconf 89' lang='lat' dir='ltr'>nam</span> <span class='ocrx_word' id='word_1_532' title='bbox 1619 3433 1685 3469; x_wconf 81' lang='lat' dir='ltr'>ex</span> <span class='ocrx_word' id='word_1_533' title='bbox 1739 3434 1797 3469; x_wconf 91' lang='lat' dir='ltr'>se</span> 
     </span>
    </p>
   </div>
   <div class='ocr_carea' id='block_1_65' title="bbox 114 3497 1796 3571">
    <p class='ocr_par' dir='ltr' id='par_1_65' title="bbox 114 3497 1796 3571">
     <span class='ocr_line' id='line_1_65' title="bbox 114 3497 1796 3571; baseline 0.006 -22"><span class='ocrx_word' id='word_1_534' title='bbox 114 3497 362 3551; x_wconf 84' lang='lat' dir='ltr'>meminit</span> <span class='ocrx_word' id='word_1_535' title='bbox 394 3504 450 3551; x_wconf 90' lang='lat' dir='ltr'>et</span> <span class='ocrx_word' id='word_1_536' title='bbox 481 3498 751 3569; x_wconf 88' lang='lat' dir='ltr'>intelligit</span> <span class='ocrx_word' id='word_1_537' title='bbox 794 3508 849 3553; x_wconf 86' lang='lat' dir='ltr'>et</span> <span class='ocrx_word' id='word_1_538' title='bbox 896 3502 1099 3569; x_wconf 88' lang='lat' dir='ltr'>diligit.</span> <span class='ocrx_word' id='word_1_539' title='bbox 1149 3504 1391 3571; x_wconf 88' lang='lat' dir='ltr'>Spiritus</span> <span class='ocrx_word' id='word_1_540' title='bbox 1439 3506 1608 3557; x_wconf 91' lang='lat' dir='ltr'>etiam</span> <span class='ocrx_word' id='word_1_541' title='bbox 1668 3522 1796 3559; x_wconf 90' lang='lat' dir='ltr'>san-</span> 
     </span>
    </p>
   </div>
   <div class='ocr_carea' id='block_1_66' title="bbox 114 3586 1793 3662">
    <p class='ocr_par' dir='ltr' id='par_1_66' title="bbox 114 3586 1793 3662">
     <span class='ocr_line' id='line_1_66' title="bbox 114 3586 1793 3662; baseline 0.007 -27"><span class='ocrx_word' id='word_1_542' title='bbox 114 3586 366 3656; x_wconf 81' lang='lat' dir='ltr'>clus,qui</span> <span class='ocrx_word' id='word_1_543' title='bbox 407 3591 493 3639; x_wconf 87' lang='lat' dir='ltr'>est</span> <span class='ocrx_word' id='word_1_544' title='bbox 545 3592 600 3640; x_wconf 85' lang='lat' dir='ltr'>et</span> <span class='ocrx_word' id='word_1_545' title='bbox 656 3588 934 3658; x_wconf 87' lang='lat' dir='ltr'>sapientia</span> <span class='ocrx_word' id='word_1_546' title='bbox 991 3592 1306 3659; x_wconf 89' lang='lat' dir='ltr'>procedens</span> <span class='ocrx_word' id='word_1_547' title='bbox 1367 3593 1434 3645; x_wconf 91' lang='lat' dir='ltr'>de</span> <span class='ocrx_word' id='word_1_548' title='bbox 1496 3593 1793 3662; x_wconf 87' lang='lat' dir='ltr'>sapientia,</span> 
     </span>
    </p>
   </div>
   <div class='ocr_carea' id='block_1_67' title="bbox 111 3674 1799 3743">
    <p class='ocr_par' dir='ltr' id='par_1_67' title="bbox 111 3674 1799 3743">
     <span class='ocr_line' id='line_1_67' title="bbox 111 3674 1799 3743; baseline 0.007 -20"><span class='ocrx_word' id='word_1_549' title='bbox 111 3687 214 3723; x_wconf 90' lang='lat' dir='ltr'>non</span> <span class='ocrx_word' id='word_1_550' title='bbox 243 3674 421 3726; x_wconf 81' lang='lat' dir='ltr'>habet</span> <span class='ocrx_word' id='word_1_551' title='bbox 448 3676 676 3728; x_wconf 85' lang='lat' dir='ltr'>Patrem</span> <span class='ocrx_word' id='word_1_552' title='bbox 708 3676 817 3729; x_wconf 82' lang='lat' dir='ltr'>sibi</span> <span class='ocrx_word' id='word_1_553' title='bbox 849 3678 1210 3743; x_wconf 84' lang='lat' dir='ltr'>memoriam,</span> <span class='ocrx_word' id='word_1_554' title='bbox 1246 3684 1303 3731; x_wconf 89' lang='lat' dir='ltr'>et</span> <span class='ocrx_word' id='word_1_555' title='bbox 1346 3680 1549 3732; x_wconf 82' lang='lat' dir='ltr'>Filium</span> <span class='ocrx_word' id='word_1_556' title='bbox 1593 3681 1799 3734; x_wconf 89' lang='lat' dir='ltr'>intelli-</span> 
     </span>
    </p>
   </div>
   <div class='ocr_carea' id='block_1_68' title="bbox 111 3762 1800 3834">
    <p class='ocr_par' dir='ltr' id='par_1_68' title="bbox 111 3762 1800 3834">
     <span class='ocr_line' id='line_1_68' title="bbox 111 3762 1800 3834; baseline 0.008 -23"><span class='ocrx_word' id='word_1_557' title='bbox 111 3762 370 3828; x_wconf 82' lang='lat' dir='ltr'>gentiam,</span> <span class='ocrx_word' id='word_1_558' title='bbox 411 3769 467 3815; x_wconf 89' lang='lat' dir='ltr'>et</span> <span class='ocrx_word' id='word_1_559' title='bbox 500 3762 609 3816; x_wconf 88' lang='lat' dir='ltr'>sibi</span> <span class='ocrx_word' id='word_1_560' title='bbox 640 3765 995 3819; x_wconf 87' lang='lat' dir='ltr'>solummodo</span> <span class='ocrx_word' id='word_1_561' title='bbox 1040 3767 1426 3834; x_wconf 80' lang='lat' dir='ltr'>dilectionem,</span> <span class='ocrx_word' id='word_1_562' title='bbox 1478 3769 1573 3822; x_wconf 90' lang='lat' dir='ltr'>sed</span> <span class='ocrx_word' id='word_1_563' title='bbox 1627 3770 1800 3825; x_wconf 87' lang='lat' dir='ltr'>habet</span> 
     </span>
    </p>
   </div>
   <div class='ocr_carea' id='block_1_69' title="bbox 111 3847 1798 3923">
    <p class='ocr_par' dir='ltr' id='par_1_69' title="bbox 111 3847 1798 3923">
     <span class='ocr_line' id='line_1_69' title="bbox 111 3847 1798 3923; baseline 0.008 -26"><span class='ocrx_word' id='word_1_564' title='bbox 111 3847 264 3902; x_wconf 81' lang='lat' dir='ltr'>simul</span> <span class='ocrx_word' id='word_1_565' title='bbox 296 3850 422 3903; x_wconf 66' lang='lat' dir='ltr'>haec</span> <span class='ocrx_word' id='word_1_566' title='bbox 455 3852 586 3917; x_wconf 88' lang='lat' dir='ltr'>tria,</span> <span class='ocrx_word' id='word_1_567' title='bbox 617 3852 977 3915; x_wconf 89' lang='lat' dir='ltr'>memoriam,</span> <span class='ocrx_word' id='word_1_568' title='bbox 1027 3853 1489 3923; x_wconf 90' lang='lat' dir='ltr'>intelligentiam,</span> <span class='ocrx_word' id='word_1_569' title='bbox 1532 3856 1798 3910; x_wconf 87' lang='lat' dir='ltr'>dilectio-</span> 
     </span>
    </p>
   </div>
   <div class='ocr_carea' id='block_1_70' title="bbox 115 3942 1799 4012">
    <p class='ocr_par' dir='ltr' id='par_1_70' title="bbox 115 3942 1799 4012">
     <span class='ocr_line' id='line_1_70' title="bbox 115 3942 1799 4012; baseline 0.007 -25"><span class='ocrx_word' id='word_1_570' title='bbox 115 3950 272 3989; x_wconf 90' lang='lat' dir='ltr'>nem:</span> <span class='ocrx_word' id='word_1_571' title='bbox 304 3954 411 4007; x_wconf 89' lang='lat' dir='ltr'>per</span> <span class='ocrx_word' id='word_1_572' title='bbox 450 3956 510 3991; x_wconf 89' lang='lat' dir='ltr'>se</span> <span class='ocrx_word' id='word_1_573' title='bbox 565 3956 811 4010; x_wconf 89' lang='lat' dir='ltr'>namque</span> <span class='ocrx_word' id='word_1_574' title='bbox 852 3942 1134 4009; x_wconf 88' lang='lat' dir='ltr'>meminit,</span> <span class='ocrx_word' id='word_1_575' title='bbox 1177 3960 1280 4012; x_wconf 81' lang='lat' dir='ltr'>per</span> <span class='ocrx_word' id='word_1_576' title='bbox 1308 3960 1366 3996; x_wconf 90' lang='lat' dir='ltr'>se</span> <span class='ocrx_word' id='word_1_577' title='bbox 1420 3944 1708 4012; x_wconf 83' lang='lat' dir='ltr'>intelligit,</span> <span class='ocrx_word' id='word_1_578' title='bbox 1743 3952 1799 3999; x_wconf 90' lang='lat' dir='ltr'>et</span> 
     </span>
    </p>
   </div>
   <div class='ocr_carea' id='block_1_71' title="bbox 114 4026 1800 4097">
    <p class='ocr_par' dir='ltr' id='par_1_71' title="bbox 114 4026 1800 4097">
     <span class='ocr_line' id='line_1_71' title="bbox 114 4026 1800 4097; baseline 0.007 -21"><span class='ocrx_word' id='word_1_579' title='bbox 114 4039 201 4090; x_wconf 57' lang='lat' dir='ltr'>per</span> <span class='ocrx_word' id='word_1_580' title='bbox 227 4043 284 4077; x_wconf 90' lang='lat' dir='ltr'>se</span> <span class='ocrx_word' id='word_1_581' title='bbox 336 4026 561 4096; x_wconf 87' lang='lat' dir='ltr'>diligit;</span> <span class='ocrx_word' id='word_1_582' title='bbox 619 4034 681 4080; x_wconf 87' lang='lat' dir='ltr'>ut</span> <span class='ocrx_word' id='word_1_583' title='bbox 716 4034 905 4082; x_wconf 89' lang='lat' dir='ltr'>tamen</span> <span class='ocrx_word' id='word_1_584' title='bbox 965 4030 1085 4083; x_wconf 78' lang='lat' dir='ltr'>haec</span> <span class='ocrx_word' id='word_1_585' title='bbox 1138 4032 1247 4084; x_wconf 90' lang='lat' dir='ltr'>tria</span> <span class='ocrx_word' id='word_1_586' title='bbox 1293 4032 1383 4097; x_wconf 91' lang='lat' dir='ltr'>sit,</span> <span class='ocrx_word' id='word_1_587' title='bbox 1444 4032 1575 4086; x_wconf 90' lang='lat' dir='ltr'>inde</span> <span class='ocrx_word' id='word_1_588' title='bbox 1627 4034 1800 4087; x_wconf 87' lang='lat' dir='ltr'>habet</span> 
     </span>
    </p>
   </div>
   <div class='ocr_carea' id='block_1_72' title="bbox 116 4114 1792 4189">
    <p class='ocr_par' dir='ltr' id='par_1_72' title="bbox 116 4114 1792 4189">
     <span class='ocr_line' id='line_1_72' title="bbox 116 4114 1792 4189; baseline 0.008 -27"><span class='ocrx_word' id='word_1_589' title='bbox 116 4114 250 4166; x_wconf 85' lang='lat' dir='ltr'>unde</span> <span class='ocrx_word' id='word_1_590' title='bbox 283 4115 567 4181; x_wconf 90' lang='lat' dir='ltr'>procedit,</span> <span class='ocrx_word' id='word_1_591' title='bbox 602 4116 661 4169; x_wconf 91' lang='lat' dir='ltr'>id</span> <span class='ocrx_word' id='word_1_592' title='bbox 693 4123 775 4169; x_wconf 87' lang='lat' dir='ltr'>est</span> <span class='ocrx_word' id='word_1_593' title='bbox 822 4123 937 4171; x_wconf 88' lang='lat' dir='ltr'>tam</span> <span class='ocrx_word' id='word_1_594' title='bbox 996 4135 1028 4171; x_wconf 88' lang='lat' dir='ltr'>a</span> <span class='ocrx_word' id='word_1_595' title='bbox 1087 4121 1251 4173; x_wconf 87' lang='lat' dir='ltr'>Patre</span> <span class='ocrx_word' id='word_1_596' title='bbox 1305 4137 1475 4189; x_wconf 91' lang='lat' dir='ltr'>quam</span> <span class='ocrx_word' id='word_1_597' title='bbox 1523 4138 1555 4173; x_wconf 89' lang='lat' dir='ltr'>a</span> <span class='ocrx_word' id='word_1_598' title='bbox 1610 4121 1792 4175; x_wconf 90' lang='lat' dir='ltr'>Filio:</span> 
     </span>
    </p>
   </div>
   <div class='ocr_carea' id='block_1_73' title="bbox 114 4203 1794 4276">
    <p class='ocr_par' dir='ltr' id='par_1_73' title="bbox 114 4203 1794 4276">
     <span class='ocr_line' id='line_1_73' title="bbox 114 4203 1794 4276; baseline 0.006 -25"><span class='ocrx_word' id='word_1_599' title='bbox 114 4203 347 4269; x_wconf 78' lang='lat' dir='ltr'>procedit</span> <span class='ocrx_word' id='word_1_600' title='bbox 381 4204 542 4257; x_wconf 91' lang='lat' dir='ltr'>enim</span> <span class='ocrx_word' id='word_1_601' title='bbox 576 4205 646 4257; x_wconf 90' lang='lat' dir='ltr'>ab</span> <span class='ocrx_word' id='word_1_602' title='bbox 702 4210 962 4276; x_wconf 90' lang='lat' dir='ltr'>utroque.</span> <span class='ocrx_word' id='word_1_603' title='bbox 1016 4208 1286 4262; x_wconf 88' lang='lat' dir='ltr'>Videmus</span> <span class='ocrx_word' id='word_1_604' title='bbox 1329 4209 1482 4262; x_wconf 89' lang='lat' dir='ltr'>enim</span> <span class='ocrx_word' id='word_1_605' title='bbox 1544 4210 1794 4263; x_wconf 86' lang='lat' dir='ltr'>subtilis-</span> 
     </span>
    </p>
   </div>
   <div class='ocr_carea' id='block_1_74' title="bbox 116 4293 1795 4363">
    <p class='ocr_par' dir='ltr' id='par_1_74' title="bbox 116 4293 1795 4363">
     <span class='ocr_line' id='line_1_74' title="bbox 116 4293 1795 4363; baseline 0.006 -24"><span class='ocrx_word' id='word_1_606' title='bbox 116 4308 240 4342; x_wconf 76' lang='lat' dir='ltr'>sima</span> <span class='ocrx_word' id='word_1_607' title='bbox 272 4293 690 4362; x_wconf 79' lang='lat' dir='ltr'>verissimaque</span> <span class='ocrx_word' id='word_1_608' title='bbox 720 4295 942 4348; x_wconf 86' lang='lat' dir='ltr'>ratione</span> <span class='ocrx_word' id='word_1_609' title='bbox 988 4301 1385 4363; x_wconf 87' lang='lat' dir='ltr'>monstratum,</span> <span class='ocrx_word' id='word_1_610' title='bbox 1425 4297 1515 4349; x_wconf 93' lang='lat' dir='ltr'>cui</span> <span class='ocrx_word' id='word_1_611' title='bbox 1568 4304 1795 4350; x_wconf 85' lang='lat' dir='ltr'>contra-</span> 
     </span>
    </p>
   </div>
   <div class='ocr_carea' id='block_1_75' title="bbox 118 4377 1801 4453">
    <p class='ocr_par' dir='ltr' id='par_1_75' title="bbox 118 4377 1801 4453">
     <span class='ocr_line' id='line_1_75' title="bbox 118 4377 1801 4453; baseline 0.006 -26"><span class='ocrx_word' id='word_1_612' title='bbox 118 4377 210 4430; x_wconf 77' lang='lat' dir='ltr'>dici</span> <span class='ocrx_word' id='word_1_613' title='bbox 241 4396 415 4433; x_wconf 86' lang='lat' dir='ltr'>nemo</span> <span class='ocrx_word' id='word_1_614' title='bbox 462 4381 714 4449; x_wconf 88' lang='lat' dir='ltr'>prudens</span> <span class='ocrx_word' id='word_1_615' title='bbox 762 4383 962 4452; x_wconf 81' lang='lat' dir='ltr'>possit,</span> <span class='ocrx_word' id='word_1_616' title='bbox 997 4384 1152 4452; x_wconf 87' lang='lat' dir='ltr'>quod</span> <span class='ocrx_word' id='word_1_617' title='bbox 1184 4383 1429 4453; x_wconf 86' lang='lat' dir='ltr'>Spiritus</span> <span class='ocrx_word' id='word_1_618' title='bbox 1474 4390 1699 4438; x_wconf 77' lang='lat' dir='ltr'>sanctus</span> <span class='ocrx_word' id='word_1_619' title='bbox 1745 4391 1801 4437; x_wconf 88' lang='lat' dir='ltr'>et</span> 
     </span>
    </p>
   </div>
   <div class='ocr_carea' id='block_1_76' title="bbox 116 4464 1797 4541">
    <p class='ocr_par' dir='ltr' id='par_1_76' title="bbox 116 4464 1797 4541">
     <span class='ocr_line' id='line_1_76' title="bbox 116 4464 1797 4541; baseline 0.005 -25"><span class='ocrx_word' id='word_1_620' title='bbox 116 4464 171 4516; x_wconf 79' lang='lat' dir='ltr'>de</span> <span class='ocrx_word' id='word_1_621' title='bbox 201 4468 361 4519; x_wconf 87' lang='lat' dir='ltr'>Patre</span> <span class='ocrx_word' id='word_1_622' title='bbox 400 4468 681 4537; x_wconf 89' lang='lat' dir='ltr'>procedat</span> <span class='ocrx_word' id='word_1_623' title='bbox 707 4478 762 4522; x_wconf 92' lang='lat' dir='ltr'>et</span> <span class='ocrx_word' id='word_1_624' title='bbox 787 4470 954 4536; x_wconf 86' lang='lat' dir='ltr'>Filio;</span> <span class='ocrx_word' id='word_1_625' title='bbox 999 4478 1053 4524; x_wconf 89' lang='lat' dir='ltr'>et</span> <span class='ocrx_word' id='word_1_626' title='bbox 1082 4488 1209 4525; x_wconf 91' lang='lat' dir='ltr'>cum</span> <span class='ocrx_word' id='word_1_627' title='bbox 1244 4473 1316 4525; x_wconf 89' lang='lat' dir='ltr'>sit</span> <span class='ocrx_word' id='word_1_628' title='bbox 1340 4473 1643 4526; x_wconf 89' lang='lat' dir='ltr'>amborum</span> <span class='ocrx_word' id='word_1_629' title='bbox 1673 4473 1797 4541; x_wconf 87' lang='lat' dir='ltr'>Spi-</span> 
     </span>
    </p>
   </div>
   <div class='ocr_carea' id='block_1_77' title="bbox 117 4556 1798 4626">
    <p class='ocr_par' dir='ltr' id='par_1_77' title="bbox 117 4556 1798 4626">
     <span class='ocr_line' id='line_1_77' title="bbox 117 4556 1798 4626; baseline 0.007 -22"><span class='ocrx_word' id='word_1_630' title='bbox 117 4556 257 4621; x_wconf 88' lang='lat' dir='ltr'>ritus,</span> <span class='ocrx_word' id='word_1_631' title='bbox 292 4573 411 4609; x_wconf 90' lang='lat' dir='ltr'>non</span> <span class='ocrx_word' id='word_1_632' title='bbox 444 4562 642 4610; x_wconf 86' lang='lat' dir='ltr'>tamen</span> <span class='ocrx_word' id='word_1_633' title='bbox 692 4559 774 4611; x_wconf 85' lang='lat' dir='ltr'>vel</span> <span class='ocrx_word' id='word_1_634' title='bbox 815 4559 1142 4626; x_wconf 87' lang='lat' dir='ltr'>amborum,</span> <span class='ocrx_word' id='word_1_635' title='bbox 1186 4561 1271 4613; x_wconf 88' lang='lat' dir='ltr'>vel</span> <span class='ocrx_word' id='word_1_636' title='bbox 1327 4563 1660 4614; x_wconf 90' lang='lat' dir='ltr'>alterutrius</span> <span class='ocrx_word' id='word_1_637' title='bbox 1706 4562 1798 4615; x_wconf 82' lang='lat' dir='ltr'>Fi-</span> 
     </span>
    </p>
   </div>
   <div class='ocr_carea' id='block_1_78' title="bbox 119 4642 1799 4717">
    <p class='ocr_par' dir='ltr' id='par_1_78' title="bbox 119 4642 1799 4717">
     <span class='ocr_line' id='line_1_78' title="bbox 119 4642 1799 4717; baseline 0.007 -26"><span class='ocrx_word' id='word_1_638' title='bbox 119 4642 241 4696; x_wconf 83' lang='lat' dir='ltr'>lius:</span> <span class='ocrx_word' id='word_1_639' title='bbox 276 4645 574 4714; x_wconf 87' lang='lat' dir='ltr'>siquidem</span> <span class='ocrx_word' id='word_1_640' title='bbox 602 4646 850 4711; x_wconf 86' lang='lat' dir='ltr'>dilectio,</span> <span class='ocrx_word' id='word_1_641' title='bbox 884 4664 1058 4717; x_wconf 87' lang='lat' dir='ltr'>quam</span> <span class='ocrx_word' id='word_1_642' title='bbox 1101 4650 1253 4703; x_wconf 86' lang='lat' dir='ltr'>nasci</span> <span class='ocrx_word' id='word_1_643' title='bbox 1287 4650 1530 4703; x_wconf 90' lang='lat' dir='ltr'>dicimus</span> <span class='ocrx_word' id='word_1_644' title='bbox 1559 4652 1626 4703; x_wconf 90' lang='lat' dir='ltr'>de</span> <span class='ocrx_word' id='word_1_645' title='bbox 1680 4667 1799 4703; x_wconf 91' lang='lat' dir='ltr'>me-</span> 
     </span>
    </p>
   </div>
   <div class='ocr_carea' id='block_1_79' title="bbox 118 4733 1800 4805">
    <p class='ocr_par' dir='ltr' id='par_1_79' title="bbox 118 4733 1800 4805">
     <span class='ocr_line' id='line_1_79' title="bbox 118 4733 1800 4805; baseline 0.005 -21"><span class='ocrx_word' id='word_1_646' title='bbox 118 4733 276 4785; x_wconf 82' lang='lat' dir='ltr'>moria</span> <span class='ocrx_word' id='word_1_647' title='bbox 308 4740 366 4787; x_wconf 87' lang='lat' dir='ltr'>et</span> <span class='ocrx_word' id='word_1_648' title='bbox 423 4734 829 4805; x_wconf 88' lang='lat' dir='ltr'>intelligentia,</span> <span class='ocrx_word' id='word_1_649' title='bbox 878 4754 993 4790; x_wconf 92' lang='lat' dir='ltr'>non</span> <span class='ocrx_word' id='word_1_650' title='bbox 1048 4744 1240 4791; x_wconf 90' lang='lat' dir='ltr'>tamen</span> <span class='ocrx_word' id='word_1_651' title='bbox 1286 4739 1402 4791; x_wconf 87' lang='lat' dir='ltr'>tilia</span> <span class='ocrx_word' id='word_1_652' title='bbox 1455 4739 1666 4792; x_wconf 92' lang='lat' dir='ltr'>dicitur</span> <span class='ocrx_word' id='word_1_653' title='bbox 1715 4740 1800 4793; x_wconf 87' lang='lat' dir='ltr'>vel</span> 
     </span>
    </p>
   </div>
   <div class='ocr_carea' id='block_1_80' title="bbox 118 4822 901 4879">
    <p class='ocr_par' dir='ltr' id='par_1_80' title="bbox 118 4822 901 4879">
     <span class='ocr_line' id='line_1_80' title="bbox 118 4822 901 4879; baseline 0.005 -6"><span class='ocrx_word' id='word_1_654' title='bbox 118 4822 400 4875; x_wconf 82' lang='lat' dir='ltr'>amborum</span> <span class='ocrx_word' id='word_1_655' title='bbox 429 4824 517 4876; x_wconf 86' lang='lat' dir='ltr'>vel</span> <span class='ocrx_word' id='word_1_656' title='bbox 551 4824 901 4879; x_wconf 89' lang='lat' dir='ltr'>alterutrius.</span> 
     </span>
    </p>
   </div>
   <div class='ocr_carea' id='block_1_81' title="bbox 174 4910 1801 4985">
    <p class='ocr_par' dir='ltr' id='par_1_81' title="bbox 174 4910 1801 4985">
     <span class='ocr_line' id='line_1_81' title="bbox 174 4910 1801 4985; baseline 0.004 -23"><span class='ocrx_word' id='word_1_657' title='bbox 174 4910 306 4964; x_wconf 86' lang='lat' dir='ltr'>Item</span> <span class='ocrx_word' id='word_1_658' title='bbox 337 4912 399 4964; x_wconf 89' lang='lat' dir='ltr'>in</span> <span class='ocrx_word' id='word_1_659' title='bbox 430 4913 918 4982; x_wconf 88' lang='lat' dir='ltr'>consequentibus</span> <span class='ocrx_word' id='word_1_660' title='bbox 953 4914 1093 4983; x_wconf 83' lang='lat' dir='ltr'>(cap.</span> <span class='ocrx_word' id='word_1_661' title='bbox 1124 4918 1201 4981; x_wconf 79' lang='lat' dir='ltr'>l7)</span> <span class='ocrx_word' id='word_1_662' title='bbox 1237 4931 1249 4967; x_wconf 88' lang='lat'><strong>:</strong></span> <span class='ocrx_word' id='word_1_663' title='bbox 1286 4937 1312 4962; x_wconf 81' lang='grc' dir='ltr'>α</span> <span class='ocrx_word' id='word_1_664' title='bbox 1351 4917 1509 4969; x_wconf 86' lang='lat' dir='ltr'>Nunc</span> <span class='ocrx_word' id='word_1_665' title='bbox 1551 4916 1619 4969; x_wconf 91' lang='lat' dir='ltr'>de</span> <span class='ocrx_word' id='word_1_666' title='bbox 1676 4916 1801 4985; x_wconf 89' lang='lat' dir='ltr'>Spi-</span> 
     </span>
    </p>
   </div>
   <div class='ocr_carea' id='block_1_82' title="bbox 118 4999 1801 5070">
    <p class='ocr_par' dir='ltr' id='par_1_82' title="bbox 118 4999 1801 5070">
     <span class='ocr_line' id='line_1_82' title="bbox 118 4999 1801 5070; baseline 0.005 -21"><span class='ocrx_word' id='word_1_667' title='bbox 118 4999 210 5050; x_wconf 75' lang='lat' dir='ltr'>ritu</span> <span class='ocrx_word' id='word_1_668' title='bbox 252 5008 475 5065; x_wconf 88' lang='lat' dir='ltr'>sancto,</span> <span class='ocrx_word' id='word_1_669' title='bbox 510 5006 794 5070; x_wconf 87' lang='lat' dir='ltr'>quantum</span> <span class='ocrx_word' id='word_1_670' title='bbox 845 5004 957 5056; x_wconf 89' lang='lat' dir='ltr'>Deo</span> <span class='ocrx_word' id='word_1_671' title='bbox 1013 5003 1261 5056; x_wconf 90' lang='lat' dir='ltr'>donante</span> <span class='ocrx_word' id='word_1_672' title='bbox 1308 5004 1495 5056; x_wconf 91' lang='lat' dir='ltr'>videre</span> <span class='ocrx_word' id='word_1_673' title='bbox 1542 5005 1801 5058; x_wconf 86' lang='lat' dir='ltr'>concedi-</span> 
     </span>
    </p>
   </div>
   <div class='ocr_carea' id='block_1_83' title="bbox 116 5088 1802 5161">
    <p class='ocr_par' dir='ltr' id='par_1_83' title="bbox 116 5088 1802 5161">
     <span class='ocr_line' id='line_1_83' title="bbox 116 5088 1802 5161; baseline 0.005 -24"><span class='ocrx_word' id='word_1_674' title='bbox 116 5096 210 5152; x_wconf 82' lang='lat' dir='ltr'>tur,</span> <span class='ocrx_word' id='word_1_675' title='bbox 240 5088 633 5142; x_wconf 81' lang='lat' dir='ltr'>ditl&#39;erendum</span> <span class='ocrx_word' id='word_1_676' title='bbox 658 5095 741 5142; x_wconf 89' lang='lat' dir='ltr'>est</span> <span class='ocrx_word' id='word_1_677' title='bbox 775 5106 788 5142; x_wconf 87' lang='lat'><strong>:</strong></span> <span class='ocrx_word' id='word_1_678' title='bbox 825 5092 922 5159; x_wconf 89' lang='lat' dir='ltr'>qui</span> <span class='ocrx_word' id='word_1_679' title='bbox 950 5092 1193 5161; x_wconf 90' lang='lat' dir='ltr'>Spiritus</span> <span class='ocrx_word' id='word_1_680' title='bbox 1228 5100 1456 5145; x_wconf 89' lang='lat' dir='ltr'>sanctus</span> <span class='ocrx_word' id='word_1_681' title='bbox 1488 5094 1802 5146; x_wconf 90' lang='lat' dir='ltr'>secundum</span> 
     </span>
    </p>
   </div>
   <div class='ocr_carea' id='block_1_84' title="bbox 118 5174 1804 5245">
    <p class='ocr_par' dir='ltr' id='par_1_84' title="bbox 118 5174 1804 5245">
     <span class='ocr_line' id='line_1_84' title="bbox 118 5174 1804 5245; baseline 0.004 -17"><span class='ocrx_word' id='word_1_682' title='bbox 118 5174 418 5245; x_wconf 76' lang='lat' dir='ltr'>Scripturas</span> <span class='ocrx_word' id='word_1_683' title='bbox 472 5184 698 5231; x_wconf 87' lang='lat' dir='ltr'>sanctas</span> <span class='ocrx_word' id='word_1_684' title='bbox 747 5196 849 5232; x_wconf 90' lang='lat' dir='ltr'>nec</span> <span class='ocrx_word' id='word_1_685' title='bbox 901 5182 1083 5234; x_wconf 88' lang='lat' dir='ltr'>Patris</span> <span class='ocrx_word' id='word_1_686' title='bbox 1132 5188 1213 5234; x_wconf 91' lang='lat' dir='ltr'>est</span> <span class='ocrx_word' id='word_1_687' title='bbox 1267 5182 1460 5245; x_wconf 86' lang='lat' dir='ltr'>solius,</span> <span class='ocrx_word' id='word_1_688' title='bbox 1521 5198 1623 5235; x_wconf 88' lang='lat' dir='ltr'>nec</span> <span class='ocrx_word' id='word_1_689' title='bbox 1678 5182 1804 5235; x_wconf 84' lang='lat' dir='ltr'>Filii</span> 
     </span>
    </p>
   </div>
   <div class='ocr_carea' id='block_1_85' title="bbox 122 5264 1805 5341">
    <p class='ocr_par' dir='ltr' id='par_1_85' title="bbox 122 5264 1805 5341">
     <span class='ocr_line' id='line_1_85' title="bbox 122 5264 1805 5341; baseline 0.006 -27"><span class='ocrx_word' id='word_1_690' title='bbox 122 5264 293 5329; x_wconf 77' lang='lat' dir='ltr'>solius,</span> <span class='ocrx_word' id='word_1_691' title='bbox 327 5268 430 5320; x_wconf 89' lang='lat' dir='ltr'>sed</span> <span class='ocrx_word' id='word_1_692' title='bbox 453 5267 798 5333; x_wconf 88' lang='lat' dir='ltr'>amborum;</span> <span class='ocrx_word' id='word_1_693' title='bbox 833 5274 889 5322; x_wconf 90' lang='lat' dir='ltr'>et</span> <span class='ocrx_word' id='word_1_694' title='bbox 940 5270 1066 5322; x_wconf 91' lang='lat' dir='ltr'>ideo</span> <span class='ocrx_word' id='word_1_695' title='bbox 1096 5286 1459 5323; x_wconf 90' lang='lat' dir='ltr'>communem</span> <span class='ocrx_word' id='word_1_696' title='bbox 1495 5287 1608 5341; x_wconf 88' lang='lat' dir='ltr'>qua</span> <span class='ocrx_word' id='word_1_697' title='bbox 1663 5270 1805 5323; x_wconf 83' lang='lat' dir='ltr'>invi-</span> 
     </span>
    </p>
   </div>
   <div class='ocr_carea' id='block_1_86' title="bbox 124 5356 1801 5425">
    <p class='ocr_par' dir='ltr' id='par_1_86' title="bbox 124 5356 1801 5425">
     <span class='ocr_line' id='line_1_86' title="bbox 124 5356 1801 5425; baseline 0.002 -25"><span class='ocrx_word' id='word_1_698' title='bbox 124 5367 222 5404; x_wconf 70' lang='lat' dir='ltr'>rem</span> <span class='ocrx_word' id='word_1_699' title='bbox 254 5371 311 5406; x_wconf 88' lang='lat' dir='ltr'>se</span> <span class='ocrx_word' id='word_1_700' title='bbox 336 5356 599 5425; x_wconf 89' lang='lat' dir='ltr'>diligunt</span> <span class='ocrx_word' id='word_1_701' title='bbox 621 5358 789 5409; x_wconf 86' lang='lat' dir='ltr'>Pater</span> <span class='ocrx_word' id='word_1_702' title='bbox 823 5362 878 5410; x_wconf 90' lang='lat' dir='ltr'>et</span> <span class='ocrx_word' id='word_1_703' title='bbox 898 5358 1092 5421; x_wconf 86' lang='lat' dir='ltr'>Filius,</span> <span class='ocrx_word' id='word_1_704' title='bbox 1117 5358 1373 5411; x_wconf 91' lang='lat' dir='ltr'>insinuat</span> <span class='ocrx_word' id='word_1_705' title='bbox 1395 5358 1746 5411; x_wconf 86' lang='lat' dir='ltr'>Trinitatem.</span> <span class='ocrx_word' id='word_1_706' title='bbox 1774 5379 1801 5406; x_wconf 87' lang='grc'><strong>››</strong></span> 
     </span>
    </p>
   </div>
   <div class='ocr_carea' id='block_1_87' title="bbox 125 5437 1805 5515">
    <p class='ocr_par' dir='ltr' id='par_1_87' title="bbox 125 5437 1805 5515">
     <span class='ocr_line' id='line_1_87' title="bbox 125 5437 1805 5515; baseline 0.004 -24"><span class='ocrx_word' id='word_1_707' title='bbox 125 5437 259 5499; x_wconf 81' lang='lat' dir='ltr'>Quod</span> <span class='ocrx_word' id='word_1_708' title='bbox 305 5444 493 5495; x_wconf 86' lang='lat' dir='ltr'>Patris</span> <span class='ocrx_word' id='word_1_709' title='bbox 541 5444 721 5496; x_wconf 89' lang='lat' dir='ltr'>solius</span> <span class='ocrx_word' id='word_1_710' title='bbox 768 5461 883 5497; x_wconf 91' lang='lat' dir='ltr'>non</span> <span class='ocrx_word' id='word_1_711' title='bbox 934 5450 1017 5498; x_wconf 90' lang='lat' dir='ltr'>est</span> <span class='ocrx_word' id='word_1_712' title='bbox 1060 5446 1321 5515; x_wconf 88' lang='lat' dir='ltr'>Spiritus,</span> <span class='ocrx_word' id='word_1_713' title='bbox 1374 5462 1478 5501; x_wconf 91' lang='lat' dir='ltr'>nec</span> <span class='ocrx_word' id='word_1_714' title='bbox 1534 5447 1659 5499; x_wconf 80' lang='lat' dir='ltr'>Filii</span> <span class='ocrx_word' id='word_1_715' title='bbox 1708 5462 1805 5498; x_wconf 88' lang='lat' dir='ltr'>so-</span> 
     </span>
    </p>
   </div>
   <div class='ocr_carea' id='block_1_88' title="bbox 129 5524 1804 5604">
    <p class='ocr_par' dir='ltr' id='par_1_88' title="bbox 129 5524 1804 5604">
     <span class='ocr_line' id='line_1_88' title="bbox 129 5524 1804 5604; baseline 0.002 -22"><span class='ocrx_word' id='word_1_716' title='bbox 129 5524 235 5592; x_wconf 74' lang='lat' dir='ltr'>lius,</span> <span class='ocrx_word' id='word_1_717' title='bbox 266 5532 363 5584; x_wconf 81' lang='lat' dir='ltr'>sed</span> <span class='ocrx_word' id='word_1_718' title='bbox 396 5532 731 5597; x_wconf 88' lang='lat' dir='ltr'>amborum,</span> <span class='ocrx_word' id='word_1_719' title='bbox 772 5548 939 5586; x_wconf 88' lang='lat' dir='ltr'>causa</span> <span class='ocrx_word' id='word_1_720' title='bbox 964 5539 1065 5597; x_wconf 90' lang='lat' dir='ltr'>est,</span> <span class='ocrx_word' id='word_1_721' title='bbox 1099 5534 1235 5603; x_wconf 91' lang='lat' dir='ltr'>quia</span> <span class='ocrx_word' id='word_1_722' title='bbox 1259 5535 1515 5604; x_wconf 89' lang='lat' dir='ltr'>procedit</span> <span class='ocrx_word' id='word_1_723' title='bbox 1544 5536 1615 5588; x_wconf 89' lang='lat' dir='ltr'>ab</span> <span class='ocrx_word' id='word_1_724' title='bbox 1646 5541 1804 5586; x_wconf 88' lang='lat' dir='ltr'>utro-</span> 
     </span>
    </p>
   </div>
   <div class='ocr_carea' id='block_1_89' title="bbox 132 5620 1805 5692">
    <p class='ocr_par' dir='ltr' id='par_1_89' title="bbox 132 5620 1805 5692">
     <span class='ocr_line' id='line_1_89' title="bbox 132 5620 1805 5692; baseline 0.001 -21"><span class='ocrx_word' id='word_1_725' title='bbox 132 5628 241 5682; x_wconf 81' lang='lat' dir='ltr'>que,</span> <span class='ocrx_word' id='word_1_726' title='bbox 283 5624 339 5673; x_wconf 89' lang='lat' dir='ltr'>et</span> <span class='ocrx_word' id='word_1_727' title='bbox 380 5620 511 5673; x_wconf 91' lang='lat' dir='ltr'>ideo</span> <span class='ocrx_word' id='word_1_728' title='bbox 541 5634 914 5675; x_wconf 90' lang='lat' dir='ltr'>communem</span> <span class='ocrx_word' id='word_1_729' title='bbox 974 5621 1227 5676; x_wconf 89' lang='lat' dir='ltr'>insinuat</span> <span class='ocrx_word' id='word_1_730' title='bbox 1274 5622 1631 5689; x_wconf 90' lang='lat' dir='ltr'>Trinitatem,</span> <span class='ocrx_word' id='word_1_731' title='bbox 1691 5637 1805 5692; x_wconf 89' lang='lat' dir='ltr'>qua</span> 
     </span>
    </p>
   </div>
   <div class='ocr_carea' id='block_1_90' title="bbox 1904 3138 3594 3216">
    <p class='ocr_par' dir='ltr' id='par_1_90' title="bbox 1904 3138 3594 3216">
     <span class='ocr_line' id='line_1_90' title="bbox 1904 3138 3594 3216; baseline -0.007 -14"><span class='ocrx_word' id='word_1_732' title='bbox 1904 3165 2021 3202; x_wconf 90' lang='lat' dir='ltr'>non</span> <span class='ocrx_word' id='word_1_733' title='bbox 2066 3148 2319 3215; x_wconf 87' lang='lat' dir='ltr'>habenti,</span> <span class='ocrx_word' id='word_1_734' title='bbox 2366 3148 2459 3200; x_wconf 90' lang='lat' dir='ltr'>sed</span> <span class='ocrx_word' id='word_1_735' title='bbox 2512 3146 2800 3216; x_wconf 88' lang='lat' dir='ltr'>gignendo</span> <span class='ocrx_word' id='word_1_736' title='bbox 2859 3145 3043 3208; x_wconf 82' lang='lat' dir='ltr'>dedit;</span> <span class='ocrx_word' id='word_1_737' title='bbox 3096 3141 3369 3214; x_wconf 89' lang='lat' dir='ltr'>quoniam</span> <span class='ocrx_word' id='word_1_738' title='bbox 3429 3138 3594 3209; x_wconf 84' lang='lat' dir='ltr'>quid-</span> 
     </span>
    </p>
   </div>
   <div class='ocr_carea' id='block_1_91' title="bbox 1906 3231 3593 3308">
    <p class='ocr_par' dir='ltr' id='par_1_91' title="bbox 1906 3231 3593 3308">
     <span class='ocr_line' id='line_1_91' title="bbox 1906 3231 3593 3308; baseline -0.007 -17"><span class='ocrx_word' id='word_1_739' title='bbox 1906 3238 2042 3308; x_wconf 85' lang='lat' dir='ltr'>quid</span> <span class='ocrx_word' id='word_1_740' title='bbox 2075 3238 2243 3290; x_wconf 86' lang='lat' dir='ltr'>habet</span> <span class='ocrx_word' id='word_1_741' title='bbox 2274 3237 2447 3290; x_wconf 77' lang='lat' dir='ltr'>Filius</span> <span class='ocrx_word' id='word_1_742' title='bbox 2490 3254 2522 3288; x_wconf 86' lang='lat' dir='ltr'>a</span> <span class='ocrx_word' id='word_1_743' title='bbox 2554 3238 2713 3289; x_wconf 81' lang='lat' dir='ltr'>Patre</span> <span class='ocrx_word' id='word_1_744' title='bbox 2764 3233 3055 3303; x_wconf 88' lang='lat' dir='ltr'>gignendo</span> <span class='ocrx_word' id='word_1_745' title='bbox 3113 3231 3367 3302; x_wconf 88' lang='lat' dir='ltr'>percepit</span> <span class='ocrx_word' id='word_1_746' title='bbox 3400 3246 3413 3282; x_wconf 90' lang='lat'>:</span> <span class='ocrx_word' id='word_1_747' title='bbox 3480 3243 3593 3281; x_wconf 89' lang='lat' dir='ltr'>non</span> 
     </span>
    </p>
   </div>
   <div class='ocr_carea' id='block_1_92' title="bbox 1906 3316 3596 3395">
    <p class='ocr_par' dir='ltr' id='par_1_92' title="bbox 1906 3316 3596 3395">
     <span class='ocr_line' id='line_1_92' title="bbox 1906 3316 3596 3395; baseline -0.006 -17"><span class='ocrx_word' id='word_1_748' title='bbox 1906 3325 2059 3379; x_wconf 91' lang='lat' dir='ltr'>enim</span> <span class='ocrx_word' id='word_1_749' title='bbox 2084 3325 2241 3395; x_wconf 87' lang='lat' dir='ltr'>prius</span> <span class='ocrx_word' id='word_1_750' title='bbox 2271 3341 2403 3377; x_wconf 90' lang='lat' dir='ltr'>eum</span> <span class='ocrx_word' id='word_1_751' title='bbox 2436 3324 2636 3391; x_wconf 84' lang='lat' dir='ltr'>genuit</span> <span class='ocrx_word' id='word_1_752' title='bbox 2676 3324 2859 3386; x_wconf 87' lang='lat' dir='ltr'>Pater,</span> <span class='ocrx_word' id='word_1_753' title='bbox 2911 3328 2968 3374; x_wconf 87' lang='lat' dir='ltr'>et</span> <span class='ocrx_word' id='word_1_754' title='bbox 2999 3330 3192 3390; x_wconf 89' lang='lat' dir='ltr'>postea</span> <span class='ocrx_word' id='word_1_755' title='bbox 3223 3318 3381 3372; x_wconf 87' lang='lat' dir='ltr'>dedit</span> <span class='ocrx_word' id='word_1_756' title='bbox 3424 3322 3483 3369; x_wconf 91' lang='lat' dir='ltr'>ut</span> <span class='ocrx_word' id='word_1_757' title='bbox 3527 3316 3596 3369; x_wconf 87' lang='lat' dir='ltr'>de</span> 
     </span>
    </p>
   </div>
   <div class='ocr_carea' id='block_1_93' title="bbox 1908 3404 3593 3483">
    <p class='ocr_par' dir='ltr' id='par_1_93' title="bbox 1908 3404 3593 3483">
     <span class='ocr_line' id='line_1_93' title="bbox 1908 3404 3593 3483; baseline -0.007 -16"><span class='ocrx_word' id='word_1_758' title='bbox 1908 3415 2046 3468; x_wconf 85' lang='lat' dir='ltr'>Filio</span> <span class='ocrx_word' id='word_1_759' title='bbox 2077 3414 2413 3483; x_wconf 88' lang='lat' dir='ltr'>procederet</span> <span class='ocrx_word' id='word_1_760' title='bbox 2452 3412 2713 3481; x_wconf 86' lang='lat' dir='ltr'>Spiritus,</span> <span class='ocrx_word' id='word_1_761' title='bbox 2748 3411 2843 3464; x_wconf 90' lang='lat' dir='ltr'>sed</span> <span class='ocrx_word' id='word_1_762' title='bbox 2893 3410 2944 3463; x_wconf 91' lang='lat' dir='ltr'>ei</span> <span class='ocrx_word' id='word_1_763' title='bbox 2996 3408 3287 3478; x_wconf 88' lang='lat' dir='ltr'>gignendo</span> <span class='ocrx_word' id='word_1_764' title='bbox 3336 3404 3593 3469; x_wconf 90' lang='lat' dir='ltr'>contulit,</span> 
     </span>
    </p>
   </div>
   <div class='ocr_carea' id='block_1_94' title="bbox 1905 3493 3599 3567">
    <p class='ocr_par' dir='ltr' id='par_1_94' title="bbox 1905 3493 3599 3567">
     <span class='ocr_line' id='line_1_94' title="bbox 1905 3493 3599 3567; baseline -0.007 -10"><span class='ocrx_word' id='word_1_765' title='bbox 1905 3506 2167 3558; x_wconf 87' lang='lat' dir='ltr'>utetiam</span> <span class='ocrx_word' id='word_1_766' title='bbox 2209 3503 2278 3556; x_wconf 92' lang='lat' dir='ltr'>de</span> <span class='ocrx_word' id='word_1_767' title='bbox 2326 3502 2423 3554; x_wconf 92' lang='lat' dir='ltr'>illo</span> <span class='ocrx_word' id='word_1_768' title='bbox 2473 3502 2686 3553; x_wconf 90' lang='lat' dir='ltr'>donum</span> <span class='ocrx_word' id='word_1_769' title='bbox 2732 3515 3040 3553; x_wconf 89' lang='lat' dir='ltr'>commune</span> <span class='ocrx_word' id='word_1_770' title='bbox 3091 3496 3441 3567; x_wconf 89' lang='lat' dir='ltr'>procederet,</span> <span class='ocrx_word' id='word_1_771' title='bbox 3492 3493 3599 3546; x_wconf 89' lang='lat' dir='ltr'>hoc</span> 
     </span>
    </p>
   </div>
   <div class='ocr_carea' id='block_1_95' title="bbox 1906 3581 3593 3657">
    <p class='ocr_par' dir='ltr' id='par_1_95' title="bbox 1906 3581 3593 3657">
     <span class='ocr_line' id='line_1_95' title="bbox 1906 3581 3593 3657; baseline -0.008 -16"><span class='ocrx_word' id='word_1_772' title='bbox 1906 3593 1988 3641; x_wconf 91' lang='lat' dir='ltr'>est</span> <span class='ocrx_word' id='word_1_773' title='bbox 2019 3588 2262 3657; x_wconf 86' lang='lat' dir='ltr'>Spiritus</span> <span class='ocrx_word' id='word_1_774' title='bbox 2306 3593 2550 3649; x_wconf 87' lang='lat' dir='ltr'>sanctus,</span> <span class='ocrx_word' id='word_1_775' title='bbox 2603 3600 2776 3654; x_wconf 89' lang='lat' dir='ltr'>quem</span> <span class='ocrx_word' id='word_1_776' title='bbox 2827 3584 2963 3635; x_wconf 85' lang='lat' dir='ltr'>dicit</span> <span class='ocrx_word' id='word_1_777' title='bbox 3011 3598 3131 3635; x_wconf 87' lang='lat' dir='ltr'>esse</span> <span class='ocrx_word' id='word_1_778' title='bbox 3201 3581 3416 3634; x_wconf 89' lang='lat' dir='ltr'>donum</span> <span class='ocrx_word' id='word_1_779' title='bbox 3480 3583 3593 3630; x_wconf 90' lang='lat' dir='ltr'>tam</span> 
     </span>
    </p>
   </div>
   <div class='ocr_carea' id='block_1_96' title="bbox 1907 3668 3483 3744">
    <p class='ocr_par' dir='ltr' id='par_1_96' title="bbox 1907 3668 3483 3744">
     <span class='ocr_line' id='line_1_96' title="bbox 1907 3668 3483 3744; baseline -0.007 -16"><span class='ocrx_word' id='word_1_780' title='bbox 1907 3677 2087 3730; x_wconf 87' lang='lat' dir='ltr'>Patris</span> <span class='ocrx_word' id='word_1_781' title='bbox 2119 3691 2289 3744; x_wconf 88' lang='lat' dir='ltr'>quam</span> <span class='ocrx_word' id='word_1_782' title='bbox 2322 3673 2465 3735; x_wconf 85' lang='lat' dir='ltr'>Filii,</span> <span class='ocrx_word' id='word_1_783' title='bbox 2500 3672 2771 3742; x_wconf 89' lang='lat' dir='ltr'>quoniam</span> <span class='ocrx_word' id='word_1_784' title='bbox 2798 3672 2871 3724; x_wconf 90' lang='lat' dir='ltr'>sit</span> <span class='ocrx_word' id='word_1_785' title='bbox 2900 3670 3141 3739; x_wconf 86' lang='lat' dir='ltr'>Spiritus</span> <span class='ocrx_word' id='word_1_786' title='bbox 3165 3668 3483 3720; x_wconf 90' lang='lat' dir='ltr'>amborum.</span> 
     </span>
    </p>
   </div>
   <div class='ocr_carea' id='block_1_97' title="bbox 1978 3752 3597 3830">
    <p class='ocr_par' dir='ltr' id='par_1_97' title="bbox 1978 3752 3597 3830">
     <span class='ocr_line' id='line_1_97' title="bbox 1978 3752 3597 3830; baseline -0.007 -14"><span class='ocrx_word' id='word_1_787' title='bbox 1978 3766 2115 3817; x_wconf 84' lang='lat' dir='ltr'>Item</span> <span class='ocrx_word' id='word_1_788' title='bbox 2179 3762 2493 3830; x_wconf 83' lang='lat' dir='ltr'>iufra(cup.</span> <span class='ocrx_word' id='word_1_789' title='bbox 2552 3764 2695 3827; x_wconf 79' lang='lat'>19):</span> <span class='ocrx_word' id='word_1_790' title='bbox 2758 3779 2784 3809; x_wconf 79' lang='grc' dir='ltr'>α</span> <span class='ocrx_word' id='word_1_791' title='bbox 2846 3759 2903 3813; x_wconf 91' lang='lat' dir='ltr'>Si</span> <span class='ocrx_word' id='word_1_792' title='bbox 2961 3759 3016 3811; x_wconf 83' lang='lat' dir='ltr'>in</span> <span class='ocrx_word' id='word_1_793' title='bbox 3060 3757 3227 3811; x_wconf 89' lang='lat' dir='ltr'>donis</span> <span class='ocrx_word' id='word_1_794' title='bbox 3284 3755 3381 3809; x_wconf 87' lang='lat' dir='ltr'>Dei</span> <span class='ocrx_word' id='word_1_795' title='bbox 3452 3752 3597 3806; x_wconf 88' lang='lat' dir='ltr'>nihil</span> 
     </span>
    </p>
   </div>
   <div class='ocr_carea' id='block_1_98' title="bbox 1907 3843 3595 3921">
    <p class='ocr_par' dir='ltr' id='par_1_98' title="bbox 1907 3843 3595 3921">
     <span class='ocr_line' id='line_1_98' title="bbox 1907 3843 3595 3921; baseline -0.007 -16"><span class='ocrx_word' id='word_1_796' title='bbox 1907 3854 2089 3921; x_wconf 75' lang='lat' dir='ltr'>majus</span> <span class='ocrx_word' id='word_1_797' title='bbox 2125 3857 2207 3904; x_wconf 87' lang='lat' dir='ltr'>est</span> <span class='ocrx_word' id='word_1_798' title='bbox 2246 3849 2543 3914; x_wconf 84' lang='lat' dir='ltr'>charitate,</span> <span class='ocrx_word' id='word_1_799' title='bbox 2598 3852 2653 3901; x_wconf 91' lang='lat' dir='ltr'>et</span> <span class='ocrx_word' id='word_1_800' title='bbox 2712 3848 2935 3900; x_wconf 90' lang='lat' dir='ltr'>nullum</span> <span class='ocrx_word' id='word_1_801' title='bbox 2990 3851 3077 3899; x_wconf 89' lang='lat' dir='ltr'>est</span> <span class='ocrx_word' id='word_1_802' title='bbox 3143 3844 3326 3913; x_wconf 87' lang='lat' dir='ltr'>majus</span> <span class='ocrx_word' id='word_1_803' title='bbox 3380 3843 3595 3896; x_wconf 90' lang='lat' dir='ltr'>donum</span> 
     </span>
    </p>
   </div>
   <div class='ocr_carea' id='block_1_99' title="bbox 1908 3929 3597 4010">
    <p class='ocr_par' dir='ltr' id='par_1_99' title="bbox 1908 3929 3597 4010">
     <span class='ocr_line' id='line_1_99' title="bbox 1908 3929 3597 4010; baseline -0.007 -16"><span class='ocrx_word' id='word_1_804' title='bbox 1908 3942 2008 3995; x_wconf 88' lang='lat' dir='ltr'>Dei</span> <span class='ocrx_word' id='word_1_805' title='bbox 2067 3956 2239 4010; x_wconf 88' lang='lat' dir='ltr'>quam</span> <span class='ocrx_word' id='word_1_806' title='bbox 2313 3938 2559 4008; x_wconf 90' lang='lat' dir='ltr'>Spiritus</span> <span class='ocrx_word' id='word_1_807' title='bbox 2634 3942 2881 4000; x_wconf 88' lang='lat' dir='ltr'>sanctus,</span> <span class='ocrx_word' id='word_1_808' title='bbox 2944 3934 3080 4005; x_wconf 92' lang='lat' dir='ltr'>quid</span> <span class='ocrx_word' id='word_1_809' title='bbox 3156 3929 3597 4002; x_wconf 85' lang='lat' dir='ltr'>eonsequentius</span> 
     </span>
    </p>
   </div>
   <div class='ocr_carea' id='block_1_100' title="bbox 1906 4020 3597 4101">
    <p class='ocr_par' dir='ltr' id='par_1_100' title="bbox 1906 4020 3597 4101">
     <span class='ocr_line' id='line_1_100' title="bbox 1906 4020 3597 4101; baseline -0.007 -20"><span class='ocrx_word' id='word_1_810' title='bbox 1906 4046 2076 4101; x_wconf 87' lang='lat' dir='ltr'>quam</span> <span class='ocrx_word' id='word_1_811' title='bbox 2133 4034 2194 4081; x_wconf 91' lang='lat' dir='ltr'>ut</span> <span class='ocrx_word' id='word_1_812' title='bbox 2262 4028 2380 4096; x_wconf 90' lang='lat' dir='ltr'>ipse</span> <span class='ocrx_word' id='word_1_813' title='bbox 2446 4026 2516 4078; x_wconf 89' lang='lat' dir='ltr'>sit</span> <span class='ocrx_word' id='word_1_814' title='bbox 2585 4025 2850 4089; x_wconf 89' lang='lat' dir='ltr'>charitas,</span> <span class='ocrx_word' id='word_1_815' title='bbox 2903 4025 3002 4093; x_wconf 89' lang='lat' dir='ltr'>qui</span> <span class='ocrx_word' id='word_1_816' title='bbox 3055 4022 3261 4077; x_wconf 91' lang='lat' dir='ltr'>dicitur</span> <span class='ocrx_word' id='word_1_817' title='bbox 3338 4026 3394 4073; x_wconf 90' lang='lat' dir='ltr'>et</span> <span class='ocrx_word' id='word_1_818' title='bbox 3447 4020 3597 4072; x_wconf 89' lang='lat' dir='ltr'>Deus</span> 
     </span>
    </p>
   </div>
   <div class='ocr_carea' id='block_1_101' title="bbox 1907 4108 3597 4183">
    <p class='ocr_par' dir='ltr' id='par_1_101' title="bbox 1907 4108 3597 4183">
     <span class='ocr_line' id='line_1_101' title="bbox 1907 4108 3597 4183; baseline -0.007 -12"><span class='ocrx_word' id='word_1_819' title='bbox 1907 4135 1975 4171; x_wconf 80' lang='lat' dir='ltr'>ex</span> <span class='ocrx_word' id='word_1_820' title='bbox 2020 4119 2169 4170; x_wconf 80' lang='lat' dir='ltr'>Deo?</span> <span class='ocrx_word' id='word_1_821' title='bbox 2234 4118 2297 4169; x_wconf 85' lang='lat' dir='ltr'>Et</span> <span class='ocrx_word' id='word_1_822' title='bbox 2353 4116 2396 4167; x_wconf 92' lang='lat' dir='ltr'>si</span> <span class='ocrx_word' id='word_1_823' title='bbox 2441 4114 2686 4166; x_wconf 80' lang='lat' dir='ltr'>Charitas</span> <span class='ocrx_word' id='word_1_824' title='bbox 2734 4130 2848 4183; x_wconf 83' lang='lat' dir='ltr'>qua</span> <span class='ocrx_word' id='word_1_825' title='bbox 2908 4113 3071 4165; x_wconf 85' lang='lat' dir='ltr'>Pater</span> <span class='ocrx_word' id='word_1_826' title='bbox 3124 4111 3311 4180; x_wconf 91' lang='lat' dir='ltr'>diligit</span> <span class='ocrx_word' id='word_1_827' title='bbox 3369 4108 3597 4170; x_wconf 88' lang='lat' dir='ltr'>Filium,</span> 
     </span>
    </p>
   </div>
   <div class='ocr_carea' id='block_1_102' title="bbox 1908 4196 3601 4273">
    <p class='ocr_par' dir='ltr' id='par_1_102' title="bbox 1908 4196 3601 4273">
     <span class='ocr_line' id='line_1_102' title="bbox 1908 4196 3601 4273; baseline -0.007 -13"><span class='ocrx_word' id='word_1_828' title='bbox 1908 4213 1962 4260; x_wconf 89' lang='lat' dir='ltr'>et</span> <span class='ocrx_word' id='word_1_829' title='bbox 2020 4209 2240 4260; x_wconf 90' lang='lat' dir='ltr'>Patrem</span> <span class='ocrx_word' id='word_1_830' title='bbox 2299 4203 2486 4273; x_wconf 90' lang='lat' dir='ltr'>diligit</span> <span class='ocrx_word' id='word_1_831' title='bbox 2561 4202 2748 4263; x_wconf 80' lang='lat' dir='ltr'>Filius,</span> <span class='ocrx_word' id='word_1_832' title='bbox 2814 4200 3181 4255; x_wconf 75' lang='lat' dir='ltr'>inelfabiliter</span> <span class='ocrx_word' id='word_1_833' title='bbox 3250 4196 3601 4253; x_wconf 88' lang='lat' dir='ltr'>communio-</span> 
     </span>
    </p>
   </div>
   <div class='ocr_carea' id='block_1_103' title="bbox 1909 4287 3601 4361">
    <p class='ocr_par' dir='ltr' id='par_1_103' title="bbox 1909 4287 3601 4361">
     <span class='ocr_line' id='line_1_103' title="bbox 1909 4287 3601 4361; baseline -0.007 -13"><span class='ocrx_word' id='word_1_834' title='bbox 1909 4313 2036 4349; x_wconf 90' lang='lat' dir='ltr'>nem</span> <span class='ocrx_word' id='word_1_835' title='bbox 2115 4296 2471 4347; x_wconf 80' lang='lat' dir='ltr'>demonstrat</span> <span class='ocrx_word' id='word_1_836' title='bbox 2527 4291 2861 4356; x_wconf 89' lang='lat' dir='ltr'>amborum;</span> <span class='ocrx_word' id='word_1_837' title='bbox 2932 4290 3069 4361; x_wconf 89' lang='lat' dir='ltr'>quid</span> <span class='ocrx_word' id='word_1_838' title='bbox 3172 4287 3601 4341; x_wconf 84' lang='lat' dir='ltr'>convenientius</span> 
     </span>
    </p>
   </div>
   <div class='ocr_carea' id='block_1_104' title="bbox 1843 4376 3603 4455">
    <p class='ocr_par' dir='ltr' id='par_1_104' title="bbox 1843 4376 3603 4455">
     <span class='ocr_line' id='line_1_104' title="bbox 1843 4376 3603 4455; baseline -0.006 -18"><span class='ocrx_word' id='word_1_839' title='bbox 1843 4376 1883 4427; x_wconf 80' lang='grc' dir='ltr'>υ</span> <span class='ocrx_word' id='word_1_840' title='bbox 1913 4400 2083 4455; x_wconf 85' lang='lat' dir='ltr'>quam</span> <span class='ocrx_word' id='word_1_841' title='bbox 2114 4388 2172 4434; x_wconf 93' lang='lat' dir='ltr'>ut</span> <span class='ocrx_word' id='word_1_842' title='bbox 2220 4382 2314 4434; x_wconf 90' lang='lat' dir='ltr'>ille</span> <span class='ocrx_word' id='word_1_843' title='bbox 2368 4380 2598 4450; x_wconf 81' lang='lat' dir='ltr'>prOprie</span> <span class='ocrx_word' id='word_1_844' title='bbox 2644 4380 2864 4433; x_wconf 88' lang='lat' dir='ltr'>dicatur</span> <span class='ocrx_word' id='word_1_845' title='bbox 2913 4379 3177 4439; x_wconf 88' lang='lat' dir='ltr'>charitas,</span> <span class='ocrx_word' id='word_1_846' title='bbox 3226 4378 3325 4446; x_wconf 86' lang='lat' dir='ltr'>qui</span> <span class='ocrx_word' id='word_1_847' title='bbox 3356 4376 3603 4445; x_wconf 87' lang='lat' dir='ltr'>Spiritus</span> 
     </span>
    </p>
   </div>
   <div class='ocr_carea' id='block_1_105' title="bbox 1907 4463 3603 4537">
    <p class='ocr_par' dir='ltr' id='par_1_105' title="bbox 1907 4463 3603 4537">
     <span class='ocr_line' id='line_1_105' title="bbox 1907 4463 3603 4537; baseline -0.006 -11"><span class='ocrx_word' id='word_1_848' title='bbox 1907 4472 2230 4526; x_wconf 85' lang='lat' dir='ltr'>communis</span> <span class='ocrx_word' id='word_1_849' title='bbox 2260 4470 2676 4524; x_wconf 85' lang='lat' dir='ltr'>estambobus?</span> <span class='ocrx_word' id='word_1_850' title='bbox 2696 4488 2720 4517; x_wconf 76' lang='grc' dir='ltr'>ι)</span> <span class='ocrx_word' id='word_1_851' title='bbox 2753 4469 3025 4537; x_wconf 89' lang='lat' dir='ltr'>Superius</span> <span class='ocrx_word' id='word_1_852' title='bbox 3047 4468 3262 4520; x_wconf 90' lang='lat' dir='ltr'>donum</span> <span class='ocrx_word' id='word_1_853' title='bbox 3296 4466 3396 4520; x_wconf 91' lang='lat' dir='ltr'>Dei</span> <span class='ocrx_word' id='word_1_854' title='bbox 3432 4463 3603 4534; x_wconf 81' lang='lat' dir='ltr'>Spiri-</span> 
     </span>
    </p>
   </div>
   <div class='ocr_carea' id='block_1_106' title="bbox 1911 4553 3603 4626">
    <p class='ocr_par' dir='ltr' id='par_1_106' title="bbox 1911 4553 3603 4626">
     <span class='ocr_line' id='line_1_106' title="bbox 1911 4553 3603 4626; baseline -0.006 -13"><span class='ocrx_word' id='word_1_855' title='bbox 1911 4567 2029 4613; x_wconf 87' lang='lat' dir='ltr'>tum</span> <span class='ocrx_word' id='word_1_856' title='bbox 2067 4566 2323 4613; x_wconf 88' lang='lat' dir='ltr'>sanctum</span> <span class='ocrx_word' id='word_1_857' title='bbox 2377 4559 2613 4623; x_wconf 77' lang='lat' dir='ltr'>dixerat,</span> <span class='ocrx_word' id='word_1_858' title='bbox 2681 4563 2736 4609; x_wconf 89' lang='lat' dir='ltr'>et</span> <span class='ocrx_word' id='word_1_859' title='bbox 2790 4558 2893 4609; x_wconf 88' lang='lat' dir='ltr'>hac</span> <span class='ocrx_word' id='word_1_860' title='bbox 2954 4554 3303 4626; x_wconf 83' lang='lat' dir='ltr'>proprietate</span> <span class='ocrx_word' id='word_1_861' title='bbox 3362 4553 3603 4622; x_wconf 91' lang='lat' dir='ltr'>Spiritus</span> 
     </span>
    </p>
   </div>
   <div class='ocr_carea' id='block_1_107' title="bbox 1908 4641 3600 4717">
    <p class='ocr_par' dir='ltr' id='par_1_107' title="bbox 1908 4641 3600 4717">
     <span class='ocr_line' id='line_1_107' title="bbox 1908 4641 3600 4717; baseline -0.006 -16"><span class='ocrx_word' id='word_1_862' title='bbox 1908 4649 2086 4703; x_wconf 87' lang='lat' dir='ltr'>sancti</span> <span class='ocrx_word' id='word_1_863' title='bbox 2114 4663 2420 4717; x_wconf 89' lang='lat' dir='ltr'>personam</span> <span class='ocrx_word' id='word_1_864' title='bbox 2458 4666 2488 4698; x_wconf 91' lang='lat' dir='ltr'>a</span> <span class='ocrx_word' id='word_1_865' title='bbox 2518 4645 2699 4699; x_wconf 90' lang='lat' dir='ltr'>Patris</span> <span class='ocrx_word' id='word_1_866' title='bbox 2750 4644 2991 4714; x_wconf 84' lang='lat' dir='ltr'>Filiiqne</span> <span class='ocrx_word' id='word_1_867' title='bbox 3038 4658 3283 4713; x_wconf 87' lang='lat' dir='ltr'>persona</span> <span class='ocrx_word' id='word_1_868' title='bbox 3323 4641 3600 4693; x_wconf 86' lang='lat' dir='ltr'>discreve-</span> 
     </span>
    </p>
   </div>
   <div class='ocr_carea' id='block_1_108' title="bbox 1910 4728 3600 4805">
    <p class='ocr_par' dir='ltr' id='par_1_108' title="bbox 1910 4728 3600 4805">
     <span class='ocr_line' id='line_1_108' title="bbox 1910 4728 3600 4805; baseline -0.007 -15"><span class='ocrx_word' id='word_1_869' title='bbox 1910 4744 2024 4803; x_wconf 85' lang='lat' dir='ltr'>rat;</span> <span class='ocrx_word' id='word_1_870' title='bbox 2083 4736 2233 4805; x_wconf 91' lang='lat' dir='ltr'>quod</span> <span class='ocrx_word' id='word_1_871' title='bbox 2288 4736 2505 4789; x_wconf 89' lang='lat' dir='ltr'>donum</span> <span class='ocrx_word' id='word_1_872' title='bbox 2561 4733 2659 4788; x_wconf 91' lang='lat' dir='ltr'>Dei</span> <span class='ocrx_word' id='word_1_873' title='bbox 2720 4732 2888 4784; x_wconf 90' lang='lat' dir='ltr'>modo</span> <span class='ocrx_word' id='word_1_874' title='bbox 2946 4730 3280 4784; x_wconf 89' lang='lat' dir='ltr'>charitatem</span> <span class='ocrx_word' id='word_1_875' title='bbox 3330 4728 3600 4798; x_wconf 82' lang='lat' dir='ltr'>appellat,</span> 
     </span>
    </p>
   </div>
   <div class='ocr_carea' id='block_1_109' title="bbox 1909 4818 3601 4897">
    <p class='ocr_par' dir='ltr' id='par_1_109' title="bbox 1909 4818 3601 4897">
     <span class='ocr_line' id='line_1_109' title="bbox 1909 4818 3601 4897; baseline -0.006 -20"><span class='ocrx_word' id='word_1_876' title='bbox 1909 4842 2036 4897; x_wconf 70' lang='lat' dir='ltr'>qua:</span> <span class='ocrx_word' id='word_1_877' title='bbox 2061 4827 2140 4878; x_wconf 90' lang='lat' dir='ltr'>sit</span> <span class='ocrx_word' id='word_1_878' title='bbox 2164 4827 2309 4877; x_wconf 90' lang='lat' dir='ltr'>inter</span> <span class='ocrx_word' id='word_1_879' title='bbox 2350 4826 2498 4876; x_wconf 86' lang='lat' dir='ltr'>dona</span> <span class='ocrx_word' id='word_1_880' title='bbox 2530 4821 2841 4875; x_wconf 88' lang='lat' dir='ltr'>divinitatis</span> <span class='ocrx_word' id='word_1_881' title='bbox 2865 4819 3218 4888; x_wconf 61' lang='lat' dir='ltr'>praecipuum</span> <span class='ocrx_word' id='word_1_882' title='bbox 3252 4818 3489 4881; x_wconf 90' lang='lat' dir='ltr'>donum,</span> <span class='ocrx_word' id='word_1_883' title='bbox 3534 4831 3601 4868; x_wconf 91' lang='lat' dir='ltr'>eo</span> 
     </span>
    </p>
   </div>
   <div class='ocr_carea' id='block_1_110' title="bbox 1910 4906 3605 4985">
    <p class='ocr_par' dir='ltr' id='par_1_110' title="bbox 1910 4906 3605 4985">
     <span class='ocr_line' id='line_1_110' title="bbox 1910 4906 3605 4985; baseline -0.007 -17"><span class='ocrx_word' id='word_1_884' title='bbox 1910 4916 2062 4985; x_wconf 86' lang='lat' dir='ltr'>quod</span> <span class='ocrx_word' id='word_1_885' title='bbox 2091 4912 2404 4966; x_wconf 84' lang='lat' dir='ltr'>secundum</span> <span class='ocrx_word' id='word_1_886' title='bbox 2450 4910 2780 4979; x_wconf 86' lang='lat' dir='ltr'>Apostolum</span> <span class='ocrx_word' id='word_1_887' title='bbox 2816 4909 2863 4971; x_wconf 73' lang='grc' dir='ltr'>(Ι</span> <span class='ocrx_word' id='word_1_888' title='bbox 2919 4909 3035 4962; x_wconf 85' lang='lat' dir='ltr'>Cor.</span> <span class='ocrx_word' id='word_1_889' title='bbox 3094 4921 3210 4963; x_wconf 82' lang='lat' dir='ltr'>xui.</span> <span class='ocrx_word' id='word_1_890' title='bbox 3260 4906 3337 4973; x_wconf 88' lang='lat'>3),</span> <span class='ocrx_word' id='word_1_891' title='bbox 3397 4909 3605 4957; x_wconf 68' lang='lat' dir='ltr'>caetera</span> 
     </span>
    </p>
   </div>
   <div class='ocr_carea' id='block_1_111' title="bbox 1910 4993 3603 5059">
    <p class='ocr_par' dir='ltr' id='par_1_111' title="bbox 1910 4993 3603 5059">
     <span class='ocr_line' id='line_1_111' title="bbox 1910 4993 3603 5059; baseline -0.008 -2"><span class='ocrx_word' id='word_1_892' title='bbox 1910 5004 2061 5058; x_wconf 89' lang='lat' dir='ltr'>dona</span> <span class='ocrx_word' id='word_1_893' title='bbox 2103 5004 2222 5054; x_wconf 91' lang='lat' dir='ltr'>sine</span> <span class='ocrx_word' id='word_1_894' title='bbox 2271 5000 2541 5053; x_wconf 81' lang='lat' dir='ltr'>cliaritate</span> <span class='ocrx_word' id='word_1_895' title='bbox 2592 4997 2729 5050; x_wconf 90' lang='lat' dir='ltr'>nihil</span> <span class='ocrx_word' id='word_1_896' title='bbox 2787 4996 2927 5059; x_wconf 87' lang='lat' dir='ltr'>sint;</span> <span class='ocrx_word' id='word_1_897' title='bbox 2974 5003 3026 5047; x_wconf 86' lang='lat' dir='ltr'>et</span> <span class='ocrx_word' id='word_1_898' title='bbox 3075 4994 3218 5046; x_wconf 88' lang='lat' dir='ltr'>hanc</span> <span class='ocrx_word' id='word_1_899' title='bbox 3265 4993 3603 5046; x_wconf 83' lang='lat' dir='ltr'>charitatem</span> 
     </span>
    </p>
   </div>
   <div class='ocr_carea' id='block_1_112' title="bbox 1912 5081 3602 5153">
    <p class='ocr_par' dir='ltr' id='par_1_112' title="bbox 1912 5081 3602 5153">
     <span class='ocr_line' id='line_1_112' title="bbox 1912 5081 3602 5153; baseline -0.008 -7"><span class='ocrx_word' id='word_1_900' title='bbox 1912 5092 2049 5147; x_wconf 90' lang='lat' dir='ltr'>dicit</span> <span class='ocrx_word' id='word_1_901' title='bbox 2085 5093 2261 5144; x_wconf 89' lang='lat' dir='ltr'>Deum</span> <span class='ocrx_word' id='word_1_902' title='bbox 2292 5105 2355 5141; x_wconf 76' lang='lat' dir='ltr'>ex</span> <span class='ocrx_word' id='word_1_903' title='bbox 2434 5088 2564 5150; x_wconf 86' lang='lat' dir='ltr'>Deo,</span> <span class='ocrx_word' id='word_1_904' title='bbox 2626 5084 2956 5153; x_wconf 77' lang='lat' dir='ltr'>signiﬁcans</span> <span class='ocrx_word' id='word_1_905' title='bbox 3007 5081 3282 5151; x_wconf 90' lang='lat' dir='ltr'>Spiritum</span> <span class='ocrx_word' id='word_1_906' title='bbox 3343 5088 3602 5134; x_wconf 89' lang='lat' dir='ltr'>sanctum</span> 
     </span>
    </p>
   </div>
   <div class='ocr_carea' id='block_1_113' title="bbox 1913 5171 3607 5249">
    <p class='ocr_par' dir='ltr' id='par_1_113' title="bbox 1913 5171 3607 5249">
     <span class='ocr_line' id='line_1_113' title="bbox 1913 5171 3607 5249; baseline -0.005 -17"><span class='ocrx_word' id='word_1_907' title='bbox 1913 5179 2317 5249; x_wconf 89' lang='lat' dir='ltr'>procedentem</span> <span class='ocrx_word' id='word_1_908' title='bbox 2370 5193 2437 5228; x_wconf 85' lang='lat' dir='ltr'>ex</span> <span class='ocrx_word' id='word_1_909' title='bbox 2496 5175 2627 5227; x_wconf 90' lang='lat' dir='ltr'>Deo.</span> <span class='ocrx_word' id='word_1_910' title='bbox 2666 5175 2729 5225; x_wconf 80' lang='lat' dir='ltr'>Et</span> <span class='ocrx_word' id='word_1_911' title='bbox 2753 5171 2887 5241; x_wconf 90' lang='lat' dir='ltr'>quia</span> <span class='ocrx_word' id='word_1_912' title='bbox 2922 5173 3071 5224; x_wconf 90' lang='lat' dir='ltr'>Deus</span> <span class='ocrx_word' id='word_1_913' title='bbox 3093 5186 3397 5224; x_wconf 89' lang='lat' dir='ltr'>commune</span> <span class='ocrx_word' id='word_1_914' title='bbox 3447 5186 3607 5223; x_wconf 83' lang='lat' dir='ltr'>voca-</span> 
     </span>
    </p>
   </div>
   <div class='ocr_carea' id='block_1_114' title="bbox 1911 5258 3604 5330">
    <p class='ocr_par' dir='ltr' id='par_1_114' title="bbox 1911 5258 3604 5330">
     <span class='ocr_line' id='line_1_114' title="bbox 1911 5258 3604 5330; baseline -0.006 -9"><span class='ocrx_word' id='word_1_915' title='bbox 1911 5269 2111 5323; x_wconf 89' lang='lat' dir='ltr'>bulum</span> <span class='ocrx_word' id='word_1_916' title='bbox 2139 5271 2224 5318; x_wconf 91' lang='lat' dir='ltr'>est</span> <span class='ocrx_word' id='word_1_917' title='bbox 2265 5270 2379 5317; x_wconf 90' lang='lat' dir='ltr'>tam</span> <span class='ocrx_word' id='word_1_918' title='bbox 2426 5261 2607 5315; x_wconf 87' lang='lat' dir='ltr'>Patris</span> <span class='ocrx_word' id='word_1_919' title='bbox 2637 5276 2810 5330; x_wconf 90' lang='lat' dir='ltr'>quam</span> <span class='ocrx_word' id='word_1_920' title='bbox 2865 5260 3006 5322; x_wconf 88' lang='lat' dir='ltr'>Filii,</span> <span class='ocrx_word' id='word_1_921' title='bbox 3058 5275 3159 5311; x_wconf 88' lang='lat' dir='ltr'>nec</span> <span class='ocrx_word' id='word_1_922' title='bbox 3217 5264 3492 5329; x_wconf 88' lang='lat' dir='ltr'>appareat</span> <span class='ocrx_word' id='word_1_923' title='bbox 3536 5258 3604 5311; x_wconf 89' lang='lat' dir='ltr'>de</span> 
     </span>
    </p>
   </div>
   <div class='ocr_carea' id='block_1_115' title="bbox 1911 5348 3603 5425">
    <p class='ocr_par' dir='ltr' id='par_1_115' title="bbox 1911 5348 3603 5425">
     <span class='ocr_line' id='line_1_115' title="bbox 1911 5348 3603 5425; baseline -0.004 -19"><span class='ocrx_word' id='word_1_924' title='bbox 1911 5371 2023 5425; x_wconf 87' lang='lat' dir='ltr'>quo</span> <span class='ocrx_word' id='word_1_925' title='bbox 2057 5353 2207 5406; x_wconf 89' lang='lat' dir='ltr'>dicat</span> <span class='ocrx_word' id='word_1_926' title='bbox 2236 5367 2366 5405; x_wconf 90' lang='lat' dir='ltr'>eum</span> <span class='ocrx_word' id='word_1_927' title='bbox 2396 5348 2727 5419; x_wconf 89' lang='lat' dir='ltr'>procedere,</span> <span class='ocrx_word' id='word_1_928' title='bbox 2762 5354 3179 5418; x_wconf 90' lang='lat' dir='ltr'>consequenter</span> <span class='ocrx_word' id='word_1_929' title='bbox 3211 5348 3317 5401; x_wconf 88' lang='lat' dir='ltr'>hoc</span> <span class='ocrx_word' id='word_1_930' title='bbox 3362 5349 3603 5401; x_wconf 84' lang='lat' dir='ltr'>demon-</span> 
     </span>
    </p>
   </div>
   <div class='ocr_carea' id='block_1_116' title="bbox 1912 5434 3602 5508">
    <p class='ocr_par' dir='ltr' id='par_1_116' title="bbox 1912 5434 3602 5508">
     <span class='ocr_line' id='line_1_116' title="bbox 1912 5434 3602 5508; baseline -0.004 -14"><span class='ocrx_word' id='word_1_931' title='bbox 1912 5446 2071 5505; x_wconf 87' lang='lat' dir='ltr'>strat,</span> <span class='ocrx_word' id='word_1_932' title='bbox 2110 5441 2303 5493; x_wconf 88' lang='lat' dir='ltr'>dicens</span> <span class='ocrx_word' id='word_1_933' title='bbox 2333 5455 2344 5491; x_wconf 93' lang='lat'>:</span> <span class='ocrx_word' id='word_1_934' title='bbox 2379 5459 2403 5485; x_wconf 87' lang='grc'>‹‹</span> <span class='ocrx_word' id='word_1_935' title='bbox 2439 5439 2502 5489; x_wconf 80' lang='lat' dir='ltr'>Et</span> <span class='ocrx_word' id='word_1_936' title='bbox 2532 5437 2577 5489; x_wconf 90' lang='lat' dir='ltr'>si</span> <span class='ocrx_word' id='word_1_937' title='bbox 2603 5438 2849 5491; x_wconf 87' lang='lat' dir='ltr'>charitas</span> <span class='ocrx_word' id='word_1_938' title='bbox 2893 5438 3029 5508; x_wconf 90' lang='lat' dir='ltr'>quia</span> <span class='ocrx_word' id='word_1_939' title='bbox 3065 5440 3231 5492; x_wconf 89' lang='lat' dir='ltr'>Pater</span> <span class='ocrx_word' id='word_1_940' title='bbox 3276 5436 3464 5506; x_wconf 88' lang='lat' dir='ltr'>diligit</span> <span class='ocrx_word' id='word_1_941' title='bbox 3511 5434 3602 5489; x_wconf 88' lang='lat' dir='ltr'>Fi-</span> 
     </span>
    </p>
   </div>
   <div class='ocr_carea' id='block_1_117' title="bbox 1912 5526 3603 5596">
    <p class='ocr_par' dir='ltr' id='par_1_117' title="bbox 1912 5526 3603 5596">
     <span class='ocr_line' id='line_1_117' title="bbox 1912 5526 3603 5596; baseline -0.004 -14"><span class='ocrx_word' id='word_1_942' title='bbox 1912 5530 2076 5596; x_wconf 88' lang='lat' dir='ltr'>lium,</span> <span class='ocrx_word' id='word_1_943' title='bbox 2101 5535 2156 5581; x_wconf 90' lang='lat' dir='ltr'>et</span> <span class='ocrx_word' id='word_1_944' title='bbox 2184 5530 2404 5582; x_wconf 89' lang='lat' dir='ltr'>Patrem</span> <span class='ocrx_word' id='word_1_945' title='bbox 2452 5526 2642 5590; x_wconf 78' lang='lat' dir='ltr'>diligit</span> <span class='ocrx_word' id='word_1_946' title='bbox 2699 5526 2894 5592; x_wconf 87' lang='lat' dir='ltr'>Filius,</span> <span class='ocrx_word' id='word_1_947' title='bbox 2946 5527 3311 5580; x_wconf 80' lang='lat' dir='ltr'>inelfabiliter</span> <span class='ocrx_word' id='word_1_948' title='bbox 3346 5539 3603 5577; x_wconf 86' lang='lat' dir='ltr'>commu-</span> 
     </span>
    </p>
   </div>
   <div class='ocr_carea' id='block_1_118' title="bbox 1911 5612 3605 5687">
    <p class='ocr_par' dir='ltr' id='par_1_118' title="bbox 1911 5612 3605 5687">
     <span class='ocr_line' id='line_1_118' title="bbox 1911 5612 3605 5687; baseline -0.005 -15"><span class='ocrx_word' id='word_1_949' title='bbox 1911 5619 2146 5673; x_wconf 89' lang='lat' dir='ltr'>nionem</span> <span class='ocrx_word' id='word_1_950' title='bbox 2190 5618 2540 5672; x_wconf 86' lang='lat' dir='ltr'>demonstrat</span> <span class='ocrx_word' id='word_1_951' title='bbox 2597 5615 2930 5682; x_wconf 90' lang='lat' dir='ltr'>amborum;</span> <span class='ocrx_word' id='word_1_952' title='bbox 2980 5615 3119 5687; x_wconf 89' lang='lat' dir='ltr'>quid</span> <span class='ocrx_word' id='word_1_953' title='bbox 3176 5612 3605 5668; x_wconf 85' lang='lat' dir='ltr'>convenientius</span> 
     </span>
    </p>
   </div>
  </div>
