3890 6230
338 327 440 380 283

1491 327 1844 382 RATHAMNI
1885 328 2338 383 COBBEIENSIS
2377 327 2681 385 MONACHI
3712 337 3786 387 'ZI-i

339 475 512 530 quam
542 463 604 512 ut
633 459 730 512 ille
761 459 988 529 pr0prie
1039 457 1264 512 dicatur
1313 458 1580 524 Charitas,
1633 458 1730 528 qui
1779 457 2022 528 Spiritus
2062 465 2098 514 Α
2137 459 2330 512 multis
2361 459 2486 513 aliis
2517 459 2844 514 divinorum
2868 461 3230 531 eloquiorurn
3273 463 3615 516 testimoniis
3661 483 3787 518 com-

340 553 427 602 est
456 547 775 601 communis
805 546 1123 601 ambobus?
1157 567 1183 596 »
1214 547 1376 610 Quod
1421 547 1614 601 dicens
1657 553 1714 601 et
1754 547 2027 618 Spiritum

337 641 597 690 sanctum
631 637 965 691 charitatem
995 637 1265 706 appellat,
1313 642 1371 690 et
1399 637 1782 690 communiter
1813 638 1882 691 de
1912 653 2031 690 am-

337 726 543 791 bobus,
593 728 758 780 Patre
790 725 1002 779 scilicet
1047 725 1306 796 Filioque
1337 725 1642 795 procedere
1689 726 2028 779 confitetur:

337 831 451 868 non
479 815 631 868 enim
667 816 830 868 aliter
859 822 1048 884 posset
1080 815 1358 867 ambobus
1405 815 1726 867 communis
1765 815 2026 882 existere,

339 903 446 956 nisi
476 921 541 956 ex
583 905 860 958 ambobus
887 905 1276 957 communiter
1319 905 1672 974 procederet.
1725 905 1865 958 Item
1921 921 2028 974 po-

337 993 540 1046 sterius
574 995 709 1062 (cap.
752 997 840 1062 23)
871 1009 882 1046 :
925 1015 944 1040 ι
983 993 1049 1046 In
1079 994 1173 1046 illa
1204 1008 1426 1046 summa
1453 993 1750 1060 Trinitate,
1785 1009 1914 1064 qua:
1947 993 2030 1046 in-

338 1080 802 1150 comparabiliter
827 1081 994 1134 rebus
1046 1081 1336 1134 omnibus-
1366 1081 1670 1146 antecellit,
1719 1085 1877 1134 tanta
1943 1087 2030 1134 est

337 1169 810 1239 iuseparabilitas,
844 1175 907 1222 ut
937 1185 1064 1222 cum
1095 1169 1336 1222 Trinitas
1383 1168 1682 1222 hominum
1717 1185 1832 1222 non
1891 1186 2026 1240 pos-

339 1257 413 1310 sit
434 1257 544 1311 dici
569 1274 715 1310 unus
747 1260 950 1324 homo;
983 1259 1042 1311 in
1087 1259 1183 1311 illa
1216 1275 1362 1311 unus
1397 1259 1544 1312 Deus
1577 1264 1634 1311 et
1679 1258 1918 1321 dicatur,
1972 1261 2028 1310 et

339 1347 431 1410 sit,
465 1363 568 1400 nec
597 1347 658 1399 in
689 1363 803 1400 uno
836 1349 948 1401 Deo
977 1347 1050 1400 sit
1083 1347 1180 1400 illa
1210 1347 1474 1412 Trinitas,
1509 1348 1604 1400 sed
1651 1364 1802 1400 unus
1859 1348 2022 1400 Deus.

339 1435 449 1489 Nec
478 1451 674 1488 rursus
705 1436 1186 1506 quemadmodum
1209 1435 1312 1488 ista
1335 1436 1525 1505 imago
1558 1436 1708 1506 quod
1737 1442 1822 1488 est
1851 1435 2025 1488 homo

337 1525 552 1577 habens
581 1525 675 1577 illa
713 1525 841 1592 tria,
891 1541 1002 1577 una
1041 1540 1288 1594 persona
1331 1529 1443 1590 est;
1502 1524 1580 1577 ita
1612 1529 1694 1578 est
1749 1524 1846 1577 illa
1903 1524 2026 1576 Tri-

335 1613 526 1666 nitas:
579 1614 674 1667 sed
721 1619 838 1667 tres
885 1629 1144 1683 personae
1202 1619 1354 1680 sunt,
1407 1614 1574 1666 Pater
1623 1613 1765 1674 Filii,
1825 1621 1882 1666 et
1939 1613 2028 1665 Fi-

335 1700 446 1754 lius
504 1701 704 1764 Patris,
762 1707 816 1756 et
856 1702 1099 1772 Spiritus
1139 1701 1315 1768 Paris,
1368 1706 1422 1754 et
1453 1701 1600 1754 Filii.
1658 1723 1682 1748 η
1739 1702 1877 1756 Cum
1939 1701 2030 1754 di-

335 1795 426 1843 cat
471 1791 696 1844 Patrem
739 1790 866 1844 Filii
912 1807 1031 1843 esse
1082 1793 1307 1843 Patrem
1363 1789 1784 1856 tantummodo,
1830 1793 1885 1842 et
1939 1789 2024 1841 Fi-

335 1880 476 1932 lium
535 1879 712 1932 Patris
759 1895 880 1932 esse
925 1878 1162 1943 Filium;
1225 1879 1501 1948 Spiritum
1549 1895 1684 1932 vero
1736 1894 1846 1931 non
1917 1879 2025 1931 Pa-

335 1968 436 2022 tris
465 1969 652 2022 solum
677 1971 759 2022 vel
793 1969 918 2023 Filii
949 1969 1246 2039 Spiritum,
1286 1970 1388 2022 sed
1419 1968 1741 2034 amborum,
1771 1968 2025 2038 profecto

335 2061 594 2122 testatur,
652 2058 796 2127 quod
869 2059 939 2110 ab
997 2064 1242 2128 utroque
1300 2057 1585 2128 procedat.
1649 2058 1790 2110 Nam
1865 2057 2030 2109 Pater

333 2145 545 2199 idcirco
577 2145 704 2200 Filii
738 2147 900 2200 Pater
930 2151 1034 2213 est,
1087 2147 1242 2216 quod
1289 2162 1420 2198 eum
1472 2145 1705 2216 genuit;
1749 2150 1805 2198 et
1854 2145 2027 2198 Filius

334 2233 546 2288 idcirco
593 2235 774 2288 Patris
803 2241 888 2288 est
941 2236 1134 2300 Filius,
1181 2235 1333 2306 quod
1385 2235 1455 2288 ab
1496 2235 1592 2288 illo
1633 2235 1704 2287 sit
1751 2234 2023 2304 genitus:

332 2329 746 2394 consequenter
775 2325 950 2394 igitur
996 2325 1240 2394 Spiritus
1287 2325 1467 2378 Patris
1517 2330 1575 2377 et
1624 2323 1750 2377 Filii
1781 2322 2027 2392 Spiritus

333 2411 560 2480 dicitur,
589 2412 740 2482 quod
772 2413 1041 2482 procedat
1081 2419 1138 2466 et
1169 2429 1200 2466 a
1233 2415 1396 2465 Patre
1425 2419 1480 2465 et
1523 2431 1554 2465 a
1591 2412 1749 2465 Filio.
1802 2413 1866 2466 In
1921 2412 2026 2464 hac

334 2505 526 2554 autem
557 2500 832 2554 Trinitate
877 2505 1094 2554 tantam
1143 2501 1305 2554 docet
1353 2501 1915 2570 inseparabilitatem,
1969 2505 2028 2553 ut

334 2604 461 2641 cum
490 2589 714 2642 trinitas
744 2589 1047 2642 hominum
1092 2605 1206 2642 non
1242 2590 1418 2659 possit
1471 2589 1583 2642 dici
1645 2606 1792 2642 unus
1850 2590 2025 2642 homo

335 2679 576 2745 (constat
605 2677 761 2730 enim
807 2677 865 2730 in
912 2679 1095 2732 tribus
1143 2678 1489 2743 hominibus,
1539 2678 2022 2749 quemadmodum

333 2765 576 2819 Trinitas
611 2782 917 2836 corporum
944 2767 1003 2819 in
1031 2767 1215 2820 tribus
1262 2767 1621 2836 corporibus,
1658 2784 1722 2820 ac
1756 2783 1858 2836 per
1919 2767 2025 2819 hoc

332 2870 482 2907 unus
512 2856 686 2908 homo
709 2855 953 2908 Trinitas
986 2871 1102 2908 non
1157 2860 1346 2925 potest
1370 2855 1474 2908 dici
1511 2872 1523 2908 :
1585 2862 1668 2908 est
1721 2856 1874 2908 enim
1915 2856 2026 2908 sin-

332 2943 532 3010 gulare
559 2943 863 2996 insecabile
916 2944 1087 2996 unius
1119 2945 1383 3012 numeri).
1431 2948 1501 2997 At
1545 2945 1602 2998 in
1658 2946 1752 2997 illa
1800 2960 2024 2996 summa

2141 549 2418 618 probatur
2455 549 2638 602 Patris
2677 554 2731 602 et
2771 550 2898 604 Filii
2956 567 3076 603 esse
3105 551 3400 621 Spiritum,
3460 554 3556 623 qui
3603 557 3786 623 proprie

2140 637 2346 690 dicitur
2375 637 2436 690 in
2478 637 2752 692 Trinitate
2803 639 3045 708 Spiritus
3097 647 3344 693 sanctus.
3406 643 3482 694 De
3539 659 3643 712 quo
3687 645 3786 696 item

2140 726 2276 778 dicit
2317 725 2435 796 ipse
2489 727 2708 780 Filius:
2767 731 2930 797 Quem
2982 744 3074 794 ego
3136 733 3350 784 mittam
3404 732 3554 784 vobis
3599 747 3628 783 a
3669 734 3790 785 Putre

2141 814 2316 883 (Joan.
2351 831 2438 880 xv,
2489 817 2612 884 ‘26);
2655 821 2712 868 et
2743 817 2854 868 alio
2888 817 3007 870 loco
3041 833 3052 866 :
3114 819 3280 884 Quem
3337 821 3514 872 mittet
3577 821 3716 873 Puttr
3749 825 3790 874 in

2139 906 2350 957 nomine
2377 920 2489 958 meo
2531 907 2700 973 (Jocm.
2735 921 2847 971 xrx,
2897 908 3003 974 26).
3059 908 3133 959 De
3187 912 3432 978 utroque
3476 915 3658 962 autem
3691 926 3789 977 pro-

2138 993 2339 1046 cedere
2365 993 2443 1046 sic
2483 993 2738 1060 docetur,
2775 995 2910 1064 quia
2951 995 3073 1063 ipse
3134 996 3304 1049 Filius
3355 997 3479 1050 ait:
3549 999 3616 1050 De
3663 999 3790 1051 Patre

2139 1083 2414 1151 procedit.
2455 1083 2517 1134 Et
2563 1099 2693 1135 cum
2741 1083 3138 1137 resurrexisset
3174 1101 3202 1136 τι
3253 1085 3512 1147 mortuis,
3559 1093 3613 1138 et
3654 1103 3792 1155 appa-

2137 1169 2342 1222 ruisset
2385 1170 2701 1240 discipulis,
2745 1171 3058 1224 insuftlavit
3087 1177 3140 1225 et
3175 1173 3308 1238 ait:
3359 1176 3607 1241 Accipite
3647 1175 3792 1241 Spiri-

2137 1263 2250 1312 tum
2305 1265 2552 1313 sanctum
2585 1261 2768 1325 (Joan.
2801 1277 2888 1326 xx,
2914 1261 3023 1328 22},
3073 1267 3133 1312 ut
3155 1277 3286 1314 eum
3305 1262 3482 1314 etiam
3515 1261 3582 1314 de
3608 1279 3661 1313 se
3685 1279 3791 1331 pro-

2137 1349 2338 1401 cedere
2378 1349 2719 1402 ostenderet.
2771 1350 2831 1402 Et
2884 1349 3004 1418 ipse
3036 1354 3121 1402 est
3167 1353 3342 1403 virtus
3372 1367 3495 1418 quae
3529 1351 3592 1404 de
3619 1352 3701 1403 illo
3727 1367 3794 1402 ei:-

2139 1437 2272 1503 ibat,
2316 1437 2461 1490 sicut
2507 1437 2718 1506 legitur
2766 1437 2825 1490 in
2873 1437 3200 1508 Evangelio,
3262 1443 3313 1492 et
3367 1439 3603 1492 sanabat
3650 1455 3793 1492 omnes

2139 1528 2288 1588 (Luc.
2349 1543 2422 1590 vr,
2499 1529 2600 1593 l9).
2654 1526 2789 1590 Quis
2843 1526 2966 1580 istic
3016 1527 3446 1580 contradicendi
3503 1529 3652 1579 locus
3698 1527 3794 1578 est?

2139 1615 2472 1668 Divinarum
2504 1615 2841 1668 auctoritate
2871 1613 3294 1684 Scripturarum
3317 1615 3636 1668 ostenditur
3671 1615 3794 1684 quod

2136 1703 2378 1773 Spiritus
2410 1709 2636 1756 sanctus
2662 1709 2718 1757 et
2771 1703 2954 1757 Patris
2984 1704 3055 1756 sit
3118 1709 3174 1757 et
3233 1703 3378 1768 Filii,
3440 1709 3498 1757 et
3553 1704 3692 1774 quod
3741 1705 3794 1752 ali

2141 1796 2382 1862 utroque
2414 1792 2728 1861 procedat;
2764 1793 2811 1844 is
2865 1792 3064 1860 negari
3121 1791 3505 1856 contenditur,
3596 1797 3796 1855 negetur

2138 1882 2460 1949 Apostolus,
2515 1885 2753 1949 negetur
2808 1885 2864 1933 et
2911 1881 3080 1933 Filius
3129 1880 3232 1932 hoc
3287 1880 3516 1933 dixisse.
3569 1877 3798 1932 Creditur

2139 1969 2277 2023 Filio
2308 1969 2538 2034 dicenti,
2575 1969 2711 2040 quia
2741 1968 2997 2039 procedit
3033 1969 3102 2021 de
3137 1970 3327 2031 Putre;
3375 1968 3645 2021 credatur
3683 1981 3798 2036 quo-

2139 2074 2248 2128 que
2280 2059 2432 2128 quod
2468 2059 2685 2110 miserit
2719 2074 2848 2110 eum
2881 2058 2950 2110 ab
2979 2074 3036 2110 se
3067 2073 3197 2110 cum
3247 2057 3582 2122 insufﬂavit,
3639 2061 3690 2108 et
3739 2057 3800 2106 ait

2137 2147 2430 2217 discipulis
2463 2163 2476 2200 :
2511 2149 2759 2215 Accipite
2790 2148 3060 2215 Spiritum
3108 2155 3374 2200 sanctum.
3443 2143 3800 2199 Nihilominus

2137 2251 2366 2305 quoque
2395 2235 2592 2300 virtus,
2633 2251 2760 2305 quae
2804 2234 3040 2287 sanabat
3088 2251 3308 2300 omnes,
3341 2233 3540 2286 exiens
3583 2234 3648 2284 de
3695 2233 3798 2284 Iesu

2135 2323 2409 2394 Spiritum
2484 2329 2742 2377 sanctum
2805 2341 2835 2376 a
2893 2324 3032 2377 Filio
3100 2323 3408 2392 procedere
3467 2322 3797 2375 testiﬁcatur.

2136 2412 2435 2468 Evidenter
2464 2413 2642 2482 igitur
2691 2413 3010 2466 ostenditur
3065 2411 3311 2482 Spiritus
3359 2415 3594 2464 sanctus
3641 2426 3802 2480 proce-

2135 2502 2267 2556 dere
2297 2507 2412 2554 tam
2446 2519 2478 2553 a
2509 2503 2671 2554 Patre
2712 2517 2885 2571 quam
2917 2517 2948 2553 a
2991 2501 3150 2568 Filio,
3197 2515 3532 2571 quanquam
3583 2505 3638 2552 et
3685 2497 3800 2550 illud

2135 2590 2623 2643 evidentissimum
2684 2589 2756 2642 sit
2810 2589 3182 2659 processionis
3227 2589 3382 2641 illius
3454 2587 3526 2640 ab
3589 2594 3804 2655 utroque

2135 2679 2547 2738 testimonium,
2601 2678 2750 2748 quod
2781 2679 2990 2731 dicitur
3013 2695 3132 2730 esse
3164 2677 3404 2748 Spiritus
3450 2684 3506 2729 et
3555 2677 3728 2729 Patris
3762 2681 3804 2726 et

2137 2767 2289 2830 Filii;
2333 2772 2417 2820 est
2456 2768 2608 2820 enim
2657 2767 2902 2834 Spiritus
2953 2767 3298 2820 amborum:
3343 2781 3459 2818 non
3499 2764 3642 2836 quia
3673 2777 3804 2816 crea-

2135 2861 2224 2908 tus
2255 2873 2360 2925 per
2389 2856 2593 2909 Filium
2629 2873 2659 2908 a
2699 2857 2884 2916 Patre,
2915 2856 3068 2925 quod
3099 2860 3184 2908 est
3221 2854 3490 2924 impium,
3528 2853 3626 2906 sed
3674 2849 3803 2920 quod

2134 2945 2585 2998 substantialiter
2662 2945 2931 3014 procedat
2983 2944 3052 2997 ab
3096 2951 3341 3013 utroque
3369 2984 3380 2994 .
3449 2943 3564 2996 Nec
3603 2939 3804 3012 quando

333 3031 606 3084 Trinitate
639 3038 695 3085 et
726 3031 972 3085 Trinitas
1016 3032 1222 3085 dicitur
1262 3034 1409 3086 Deus
1439 3039 1494 3085 et
1524 3050 1672 3086 unus
1721 3035 1887 3098 Deus,
1923 3049 2024 3085 nec
2063 3056 2103 3110 ρ
2133 3035 2472 3103 processerit
2501 3034 2582 3084 vel
2617 3032 2685 3086 de
2717 3034 2880 3085 Patre
2913 3033 2996 3084 vel
3029 3031 3097 3085 de
3131 3031 3292 3095 Filio,
3327 3032 3410 3084 vel
3445 3031 3488 3082 si
3525 3036 3802 3100 postquam

335 3123 522 3174 tamen
569 3125 631 3172 ut
675 3121 733 3173 in
765 3137 880 3173 uno
923 3122 1035 3175 Deo
1083 3121 1154 3173 sit
1195 3121 1289 3173 illa
1333 3121 1599 3186 Trinitas,
1653 3122 1910 3176 videlicet
1959 3127 2024 3175 ut

333 3224 695 3278 unaquaeque
723 3225 965 3280 persona
1009 3209 1377 3279 singulariter
1406 3210 1476 3262 sit
1519 3210 1781 3265 Trinitas.
1830 3211 1886 3265 id
1941 3216 2022 3264 est

331 3313 437 3350 nec
464 3298 631 3350 Pater
661 3299 813 3350 solus
865 3297 1132 3364 Trinitas,
1165 3314 1266 3351 nec
1314 3299 1487 3352 Filius
1529 3299 1701 3365 solus,
1749 3317 1852 3352 nec
1895 3301 2020 3370 Spi-

331 3385 473 3438 ritus
505 3391 731 3438 sanctus
764 3386 946 3452 solus;
981 3386 1079 3438 sed
1130 3401 1256 3438 cum
1313 3387 1476 3439 Pater
1517 3392 1572 3439 et
1603 3387 1776 3440 Filius
1811 3395 1865 3440 et
1896 3389 2019 3458 Spi-

329 3473 473 3526 ritus
506 3481 732 3528 sanctus
753 3474 822 3527 sit
860 3491 1006 3527 unus
1044 3477 1208 3538 Deus,
1237 3479 1320 3528 est
1368 3475 1612 3528 Trinitas
1656 3492 1800 3529 unus
1851 3479 2020 3544 Deus,

331 3563 440 3616 Nec
469 3563 620 3616 enim
656 3563 1140 3632 quemadmodum
1183 3563 1374 3633 imago
1403 3563 1695 3618 Trinitatis
1725 3565 1896 3635 hujus
1926 3567 2022 3619 ha-

329 3652 424 3705 bet
455 3652 549 3705 illa
573 3653 703 3718 tria,
730 3653 784 3707 id
829 3657 913 3706 est
945 3653 1308 3720 memoriam,
1365 3652 1826 3724 intelligentiam,
1879 3653 2018 3708 dile-

327 3740 598 3806 ctionem,
632 3747 688 3795 et
717 3745 1018 3812 propterea
1059 3742 1118 3794 in
1165 3759 1272 3795 una
1327 3759 1572 3812 persona
1622 3743 1865 3796 Trinitas
1915 3748 2016 3809 est,

329 3845 442 3883 non
474 3831 626 3901 quod
659 3847 805 3884 unus
842 3831 1014 3884 homo
1045 3831 1120 3884 sit
1153 3832 1396 3897 trinitas,
1444 3833 1538 3886 sed
1590 3832 1742 3903 quod
1793 3831 1854 3886 in
1903 3848 2019 3886 uno

326 3919 557 3972 homine
580 3920 696 3972 sint
727 3919 825 3972 illa
850 3920 958 3974 tria
983 3937 995 3984 ;
1023 3921 1100 3973 ita
1132 3921 1294 3973 estin
1325 3921 1420 3973 illa
1455 3937 1677 3973 summa
1712 3920 1979 3974 Trinitate
2005 3936 2016 3972 :

329 4007 428 4060 sed
455 4012 568 4060 tres
634 4023 895 4076 personas
947 4013 1081 4060 sunt
1131 4009 1296 4061 Pater
1329 4015 1386 4062 et
1437 4009 1611 4062 Filius
1661 4013 1718 4061 et
1779 4009 2021 4078 Spiritus

327 4099 572 4156 sanctus,
610 4095 705 4147 sed
753 4094 874 4147 haec
901 4095 1009 4148 tria
1065 4111 1212 4148 unus
1261 4097 1430 4163 Deus,
1473 4101 1528 4148 et
1565 4103 1870 4165 propterea
1899 4097 2021 4150 Tri-

329 4181 476 4234 nitas
504 4197 650 4234 unus
692 4183 860 4235 Deus.
910 4183 1088 4234 Tanta
1137 4183 1374 4236 societas
1407 4189 1492 4236 est
1533 4185 1704 4236 trium
1751 4201 2020 4252 persona-

329 4285 479 4335 rum,
517 4275 673 4321 tanta
721 4269 1300 4336 consubstantialitas,
1335 4279 1399 4324 ut
1437 4275 1548 4323 tres
1580 4287 1760 4324 unum
1807 4271 1939 4338 sint,
1970 4276 2026 4324 et

2129 3121 2358 3191 genitus
2391 3125 2475 3173 est
2521 3120 2717 3187 Filius,
2755 3120 3092 3189 processerit
3142 3120 3212 3172 ab
3276 3124 3522 3189 utroque
3585 3118 3804 3186 Spiritus

2131 3215 2379 3273 sanctus,
2415 3209 2528 3262 ulla
2557 3208 2864 3262 monstrari
2884 3207 3440 3278 possuntintervalla
3463 3219 3802 3276 temporum:

2131 3300 2284 3369 quod
2317 3298 2469 3352 enim
2497 3297 2784 3351 antecedit
2811 3313 2982 3351 omne
3017 3303 3263 3366 tempus,
3299 3297 3515 3349 nullius
3563 3309 3807 3349 mensura

2129 3387 2406 3458 temporis
2435 3388 2778 3441 continetur.
2811 3389 2934 3440 Non
2965 3391 3049 3439 est
3079 3387 3255 3455 igitur
3275 3385 3417 3438 ordo
3453 3383 3809 3456 processiouis

2130 3478 2472 3548 quaerendus
2502 3477 2560 3530 in
2593 3481 2869 3546 tempore,
2905 3476 3060 3547 quod
3103 3475 3502 3545 paternitatem
3538 3473 3808 3528 concludit

2130 3582 2302 3620 omne
2319 3572 2563 3635 tempus.
2585 3567 2889 3636 Nunquam
2911 3567 3076 3618 Pater
3090 3565 3212 3618 sine
3229 3564 3386 3632 Filio,
3415 3579 3713 3634 nunquam
3737 3561 3808 3613 Fi-

2128 3656 2243 3710 lius
2276 3655 2396 3707 sine
2429 3656 2616 3720 Patre,
2657 3669 2951 3722 nunquam
2980 3653 3224 3722 Spiritus
3263 3657 3490 3705 sanctus
3517 3652 3642 3704 sine
3671 3653 3810 3704 Patre

2131 3743 2411 3810 Filioque,
2435 3757 2731 3812 nunquam
2757 3743 2922 3794 Pater
2942 3747 2998 3794 et
3025 3741 3199 3794 Filius
3223 3741 3344 3793 sine
3363 3739 3576 3810 Spiritu
3613 3755 3666 3790 sa
3679 3745 3808 3790 nato.

2201 3833 2338 3884 Item
2383 3831 2572 3884 infra:
2615 3853 2635 3877 ‹
2695 3830 2963 3900 Nunquid
3018 3843 3156 3898 ergo
3211 3844 3514 3898 possumus
3573 3841 3812 3897 querere

2131 3924 2322 3973 utrum
2357 3921 2472 3989 jam
2525 3922 2878 3988 processerat
2933 3917 3002 3970 de
3061 3918 3226 3970 Patre
3285 3915 3529 3986 Spiritus
3603 3919 3814 3966 sanctus

2130 4007 2362 4076 quando
2397 4011 2562 4058 natus
2614 4011 2699 4058 est
2739 4004 2932 4070 Filius,
2984 4021 3053 4056 an
3115 4003 3372 4057 nondum
3435 4005 3816 4072 processerat;

2131 4100 2187 4149 et
2219 4095 2318 4149 illo
2361 4100 2517 4158 nato,
2550 4095 2618 4147 de
2677 4099 2922 4163 utroque
2969 4093 3268 4164 processit,
3337 4091 3432 4145 ubi
3487 4093 3650 4145 nulla
3696 4095 3817 4142 sunt.

2129 4187 2432 4252 tempora:
2481 4181 2623 4234 sicut
2673 4181 2966 4250 potuimus
3023 4196 3282 4250 quierere
3339 4180 3440 4232 ubi
3500 4180 3816 4232 invenimus

2131 4277 2414 4340 tempora,
2449 4271 2800 4323 voluntatem
2853 4269 3012 4338 prius
3053 4269 3121 4322 de
3169 4269 3424 4321 humana
3459 4273 3654 4321 mente
3695 4283 3816 4336 pro-

331 4373 478 4410 unus
511 4359 657 4409 Deus
687 4357 756 4409 de
789 4356 970 4410 tribus
1000 4359 1340 4427 praedicetur
1373 4375 1385 4412 :
1444 4365 1782 4429 separantur
1826 4365 2014 4412 autem
2060 4389 2102 4442 D
2128 4359 2346 4426 cedere,
2373 4366 2435 4412 ut
2465 4364 2757 4428 quaeratur
2777 4359 2928 4428 quod
2989 4357 3290 4410 inventum
3323 4357 3513 4427 proles
3571 4363 3816 4418 vocetur,

331 4445 604 4498 relatione
637 4449 878 4510 tantum,
927 4445 1244 4499 substantia
1288 4462 1420 4499 vero
1465 4449 1826 4515 cOpulantur.
1879 4449 2019 4502 Nam

331 4535 495 4588 Pater
523 4534 822 4587 relativum
853 4540 936 4586 est
967 4534 1113 4600 Filii,
1142 4535 1316 4588 Filius
1351 4534 1654 4588 relativum
1695 4541 1779 4589 est
1817 4537 2017 4608 Patris,

329 4623 568 4693 Spiritus
600 4629 790 4676 autem
828 4628 1054 4676 sanctus
1089 4625 1312 4676 Patrem
1363 4629 1418 4676 et
1467 4625 1672 4677 Filium
1717 4627 1888 4679 habet
1930 4643 2020 4680 re-

327 4711 620 4778 lationem,
667 4712 820 4765 unde
850 4711 1207 4764 convincitur
1264 4712 1332 4766 ab
1387 4717 1629 4782 utroque
1689 4716 2018 4784 procedere.

329 4800 469 4853 Item
501 4801 648 4854 infra
677 4801 815 4872 (cap.
869 4803 959 4866 26)
996 4817 1006 4854 :
1058 4821 1086 4851 ι(
1131 4801 1343 4855 Deinde
1391 4802 1449 4854 in
1489 4802 1586 4854 illa
1633 4819 1856 4858 summa
1899 4803 2021 4858 Tri-

333 4888 526 4956 nitate,
573 4907 703 4960 qum
755 4891 902 4944 Deus
962 4897 1065 4956 est,
1131 4889 1428 4946 intervalla
1485 4897 1812 4962 temporum
1869 4895 2026 4949 nulla

331 4980 482 5040 sunt,
517 4991 620 5045 per
668 4992 794 5046 qua:
835 4977 1012 5046 possit
1065 4975 1310 5040 ostendi,
1367 4980 1464 5029 aut
1523 4977 1722 5030 saltem
1788 4977 2025 5048 requiri,

331 5065 524 5114 utrum
555 5061 710 5132 prius
741 5063 809 5116 de
845 5063 1007 5116 Patre
1048 5069 1214 5115 natus
1246 5062 1317 5116 sit
1365 5064 1558 5128 Filius,
1604 5070 1658 5117 et
1715 5071 1912 5136 postea
1957 5065 2026 5118 de

333 5149 612 5202 ambobus
665 5151 1001 5219 processerit
1065 5151 1311 5220 Spiritus
1382 5159 1608 5206 sanctus
1669 5170 1680 5206 :
1752 5155 2024 5224 quoniam

333 5235 626 5308 Scriptura
674 5244 868 5292 sancta
920 5239 1194 5309 Spiritum
1246 5257 1378 5294 eum
1439 5242 1575 5296 dicit
1633 5243 2023 5296 amborum.»

334 5325 461 5393 Ipse
483 5331 568 5378 est
598 5326 751 5378 enim
793 5327 860 5380 de
892 5343 1006 5398 quo
1055 5328 1190 5382 dicit
1235 5329 1588 5400 Apostolusl:
1619 5331 1884 5395 Quoniam
1927 5348 2028 5385 au-

337 5417 437 5466 tem
465 5415 592 5466 estis
627 5413 776 5482 Filii,
833 5419 984 5470 misit
1017 5419 1162 5472 Deus
1193 5418 1465 5486 Spiritum
1497 5421 1626 5472 Filii
1655 5423 1742 5473 sui
1775 5423 1834 5474 in
1865 5421 2030 5474 corda

335 5505 524 5556 nostra
571 5503 720 5570 (Gal,
755 5519 825 5569 tv,
859 5505 932 5574 6).
971 5507 1035 5558 Et
1061 5506 1181 5575 ipse
1212 5512 1296 5559 est
1325 5506 1393 5560 de
1428 5524 1544 5578 quo
1583 5508 1718 5562 dicit
1749 5509 1898 5562 idem
1941 5510 2029 5563 Fi-

345 5590 454 5644 lius
489 5607 501 5645 :
535 5593 654 5648 Non
678 5595 820 5646 enim
843 5607 935 5646 vos
974 5595 1102 5646 estis
1135 5596 1232 5661 qui
1272 5596 1576 5663 loquimini,
1635 5597 1730 5650 sed
1790 5599 2031 5664 Spiritus

339 5680 520 5734 Patris
545 5683 738 5735 vestris
778 5684 876 5750 qui
904 5682 1146 5752 loquitur
1171 5684 1228 5734 in
1274 5683 1424 5736 vobis
1464 5682 1705 5750 (Matth.,
1737 5700 1790 5746 x,
1825 5685 1936 5753 '20).
1967 5685 2034 5738 Et

2130 4448 2378 4516 quajam
2412 4453 2572 4516 parta
2603 4462 2698 4498 seu
2733 4445 2924 4514 genita
2951 4447 3213 4498 voluntas
3252 4445 3350 4497 illa
3392 4443 3712 4514 perﬁcitur,
3759 4457 3818 4493 eo

2131 4537 2244 4590 line
2277 4537 2656 4604 requiescens,
2683 4541 2745 4587 ut
2777 4535 2874 4604 qui
2904 4534 3086 4587 fuerat
3141 4535 3428 4604 appetitus
3492 4531 3816 4603 quaerentis,

2131 4625 2206 4677 sit
2251 4639 2412 4677 amor
2458 4623 2696 4676 fruentis
2748 4623 2844 4692 qui
2897 4622 3016 4691 jam
3064 4623 3133 4675 de
3193 4629 3457 4692 utroque,
3511 4621 3566 4674 id
3621 4625 3704 4673 est
3761 4618 3820 4670 de

2134 4713 2404 4783 gignente
2437 4717 2646 4775 mente,
2675 4717 2729 4763 et
2761 4711 2829 4764 de
2875 4713 3068 4782 genita
3127 4710 3362 4764 notione
3417 4715 3698 4779 tanquam
3763 4707 3823 4760 de

2134 4806 2369 4871 parente
2429 4817 2492 4853 ac
2545 4801 2702 4870 prole
2759 4799 3065 4870 procedat?
3127 4801 3246 4853 Non
3295 4804 3534 4869 possunt
3597 4811 3824 4868 prorsus

2135 4891 2240 4942 ista
2273 4889 2350 4942 ibi
2392 4888 2589 4958 quaeri,
2653 4888 2751 4941 ubi
2789 4889 2932 4942 nihil
2981 4905 3043 4941 ex
3093 4893 3350 4957 tempore
3395 4885 3728 4948 inchoatur,
3773 4889 3828 4936 ut

2136 4978 2510 5047 consequenti
2540 4977 2871 5046 perﬁciatur
2895 4976 2952 5029 in
2997 4983 3274 5046 tempore.
3327 4974 3693 5044 Quapropter
3737 4970 3828 5041 qui

2135 5071 2324 5136 potest
2355 5065 2676 5134 intelligere
2725 5065 2848 5119 sine
2903 5071 3162 5135 tempore
3217 5063 3652 5133 generationem
3711 5059 3826 5114 Filii

2137 5157 2205 5209 de
2239 5155 2428 5219 Patre,
2463 5153 2749 5223 intelligat
2795 5155 2917 5207 sine
2959 5159 3215 5223 tempore
3257 5151 3685 5222 processionem
3720 5149 3829 5217 Spi-

2139 5245 2284 5296 ritus
2315 5245 2494 5298 sancti
2527 5245 2594 5298 de
2637 5249 2898 5314 utroque.
2954 5228 3275 5296 iiiTestatnr
3322 5243 3522 5295 beatus
3569 5237 3828 5310 Augusti-

2139 5348 2246 5384 nus
2302 5333 2729 5402 processionem
2803 5332 3048 5402 Spiritus
3106 5332 3284 5385 sancti
3332 5336 3448 5384 tam
3537 5330 3609 5383 de
3679 5331 3828 5382 Patre

2140 5437 2312 5490 quam
2345 5421 2412 5474 de
2451 5421 2589 5476 Filio
2619 5421 2764 5476 ﬁeri.
2821 5421 2926 5476 Sed
2958 5427 3145 5474 movet
3192 5421 3573 5492 quaestionem
3604 5419 3676 5472 de
3727 5431 3830 5486 qua

2135 5510 2256 5580 jam
2306 5510 2566 5579 superius
2617 5509 2830 5564 dictum
2875 5515 2979 5576 est,
3047 5513 3242 5563 utrum
3299 5507 3550 5578 Spiritus
3611 5511 3829 5560 sanctus

2142 5603 2270 5652 ante
2297 5598 2423 5652 Filii
2465 5599 2820 5652 nativitatem
2867 5599 3206 5669 processerit
3251 5597 3320 5651 de
3373 5599 3560 5662 Patre,
3607 5601 3662 5650 et
3717 5599 3834 5665 post

2144 5691 2278 5741 nato
2319 5687 2461 5742 Filio
2511 5687 2854 5758 processerit
2904 5688 3080 5744 etiam
3121 5687 3191 5742 ab
3243 5687 3384 5742 illo:
3449 5685 3549 5742 sed
3579 5685 3642 5742 in
3697 5685 3834 5740 hanc
