3890 6230
89 376 171 423 ἓτὶὅ
1062 374 1339 428 CONTRA
1376 373 1781 430 GRJECOHUM
1826 374 2174 429 OI’PUSITA.
2207 405 2273 411 —
2318 375 2450 428 LIB.
2507 374 2601 429 lli.

3470 374 3568 423 286

87 509 447 579 quaestionem
492 511 591 564 illa
646 509 939 580 compellit
995 509 1329 574 similitudo,
1383 527 1496 581 qua
1548 511 1756 564 dicitur
1798 514 1839 563 Α
1872 511 2139 581 procedat
2168 511 2412 581 Spiritus
2443 515 2693 564 sanctus.
2726 510 2830 563 Sed
2857 510 3010 562 nulla
3038 509 3113 563 ibi
3135 514 3393 577 tempora
3412 509 3567 575 cogi-

86 601 144 653 de
184 599 439 654 humana
472 606 664 653 mente
696 600 1002 669 procedere
1029 600 1380 653 voluntatem
1429 600 1765 670 priusquam

84 689 299 741 verbum
334 689 625 742 formetur
656 705 718 741 ex
747 693 936 742 mente
969 693 1031 741 ut
1063 689 1161 741 tiat
1191 690 1479 758 appetitus
1536 690 1768 760 quidam

86 776 375 829 voluntatis
406 776 481 830 ad
524 776 919 847 quaerendum,
953 776 1106 847 quod
1154 792 1283 829 cum
1318 777 1613 831 inventum
1645 778 1767 831 fue-

84 866 168 927 rit,
220 872 455 918 vocetur
505 872 781 935 tanquam
828 866 1016 935 proles
1068 865 1293 926 mentis,
1337 882 1449 935 qua
1499 870 1769 935 generata

84 954 364 1023 perﬁcitur
418 956 678 1007 voluntas
722 954 816 1007 illa
858 971 970 1024 qua
1000 954 1273 1024 processit
1313 955 1598 1025 appetitus
1640 955 1766 1025 qui-

82 1044 202 1095 dem
240 1043 309 1096 ad
332 1044 746 1113 quaerendum;
798 1043 893 1095 sed
925 1043 1047 1095 haec
1086 1044 1345 1097 voluntas
1377 1050 1432 1097 et
1480 1044 1667 1113 primo
1697 1044 1767 1097 de

85 1140 265 1184 mente
298 1138 431 1184 nata
466 1136 552 1184 est
602 1136 908 1201 antequam
941 1138 1297 1201 quzereretur
1340 1132 1492 1202 quod
1526 1132 1767 1185 inveniri

83 1220 525 1285 desiderabatur,
562 1236 673 1289 quo
707 1218 939 1273 invento
972 1221 1144 1290 plena
1174 1221 1489 1290 perficitur,
1535 1222 1669 1274 dum
1704 1238 1765 1274 ex

84 1309 199 1379 ipso
248 1309 482 1362 invento
533 1309 979 1378 multiplicatur;
1030 1310 1239 1379 gaudet
1280 1310 1431 1362 enim
1484 1310 1768 1362 invenisse

85 1398 228 1468 quod
272 1397 577 1468 quzesivit:
623 1396 774 1450 unde
808 1413 870 1449 ex
914 1404 1158 1467 utroque
1192 1403 1324 1450 nata
1356 1399 1637 1461 voluntas,
1680 1398 1768 1451 vi-

86 1488 278 1540 delicet
311 1492 425 1539 tam
474 1488 542 1539 de
579 1490 767 1540 mente
811 1502 983 1556 quam
1016 1487 1085 1539 de
1116 1486 1368 1553 invento,
1409 1487 1666 1556 procedit
1699 1488 1768 1541 ab

86 1581 353 1645 utroque;
398 1575 497 1628 sed
543 1574 703 1644 prius
755 1592 785 1627 a
831 1580 1041 1641 mente,
1095 1580 1150 1628 et
1208 1580 1334 1645 post
1387 1576 1456 1628 ab
1507 1576 1766 1641 invento;

87 1663 210 1717 inde
252 1663 515 1717 videlicet
548 1663 619 1717 ad
675 1663 1050 1733 quaerendum
1085 1680 1097 1716 :
1135 1663 1269 1717 hinc
1317 1668 1508 1717 autem
1561 1672 1620 1716 ut
1667 1664 1771 1717 de-

85 1754 312 1807 lectetur
340 1756 591 1821 reperto.
650 1753 763 1806 Nec
806 1756 999 1804 tamen
1049 1752 1153 1805 ista
1197 1752 1404 1823 duplex
1455 1757 1540 1805 est
1569 1752 1768 1805 volun-

82 1848 183 1906 tas,
230 1841 409 1895 veluti
438 1840 598 1911 prior
632 1841 854 1905 mentis,
892 1842 1172 1910 posterior
1211 1842 1451 1909 inventi,
1510 1843 1604 1896 sed
1659 1858 1772 1894 una

84 1930 244 1983 unius
298 1930 534 2000 quidem
588 1929 689 1989 rei,
749 1929 1012 1984 videlicet
1067 1930 1286 1983 inventi
1343 1930 1769 1984 inchoationem

84 2019 291 2072 habens
324 2036 391 2071 ex
444 2023 634 2071 mente
664 2018 730 2071 ad
784 2019 1174 2088 qurerendum,
1210 2019 1615 2089 perfectionem
1670 2036 1769 2071 au-

86 2114 192 2160 tem
222 2107 345 2177 ejus
387 2107 538 2177 quod
569 2107 864 2177 quaerebat
887 2107 1103 2161 inventi
1141 2114 1243 2161 :ut
1281 2108 1379 2178 qui
1412 2107 1601 2177 primo
1650 2108 1771 2160 fue-

87 2196 153 2247 rit
188 2195 476 2265 appetitus
506 2195 741 2265 quidam
784 2196 1099 2265 quaerendi,
1145 2202 1274 2265 post
1326 2213 1459 2249 vero
1491 2196 1669 2249 factus
1703 2196 1774 2249 sit

87 2300 236 2337 amor
267 2284 500 2336 invento
535 2283 779 2336 fruendi.
817 2284 925 2337 Sed
958 2284 1063 2337 ista
1113 2285 1257 2337 tiunt
1300 2285 1358 2337 in
1404 2284 1571 2338 rebus
1616 2300 1770 2337 crea-

86 2372 150 2423 tis
182 2388 308 2442 quae
340 2376 601 2440 tempore
631 2372 1026 2435 continentur;
1084 2378 1141 2425 at
1172 2372 1231 2426 in
1265 2373 1584 2433 divinitate,
1631 2378 1775 2427 tem-

87 2473 184 2526 pus
216 2455 314 2509 ubi
346 2457 572 2509 nullum
618 2462 813 2521 exstat,
847 2458 957 2509 tale
984 2457 1123 2510 nihil
1160 2459 1310 2511 valet
1350 2460 1610 2527 reperiri.
1648 2461 1772 2513 Non

86 2546 226 2598 enim
261 2545 471 2598 dicitur
518 2544 595 2597 ibi
627 2547 712 2598 vel
762 2550 891 2598 ante
941 2545 1112 2598 fuisse
1146 2547 1331 2603 Pater.
1378 2547 1463 2600 vel
1514 2554 1639 2617 post
1672 2564 1769 2617 ge-

87 2635 231 2686 nitus
263 2650 387 2687 esse
424 2634 615 2699 Filius,
645 2634 738 2687 sed
773 2650 999 2704 semper
1031 2636 1197 2688 Pater
1225 2635 1281 2688 in
1316 2635 1476 2700 Filio,
1511 2641 1565 2687 et
1599 2637 1773 2689 Filius

84 2724 135 2774 in
180 2724 345 2775 Patre
392 2722 631 2788 mansit;
692 2738 795 2776 nec
838 2722 1082 2792 Spiritus
1137 2728 1361 2777 sanctus
1411 2725 1769 2793 procedendo

85 2811 262 2879 potuit
325 2812 642 2881 praevenire
696 2812 1052 2865 nativitatem
1114 2812 1279 2866 Filii:
1342 2813 1611 2883 quoniam
1673 2814 1771 2867 ubi

84 2900 301 2951 nullum
336 2904 521 2951 exstat
550 2904 797 2968 tempus,
848 2916 951 2953 nec
984 2905 1114 2953 ante
1146 2902 1230 2953 vel
1265 2906 1394 2972 post
1435 2901 1582 2953 valet
1613 2904 1770 2954 inve-

81 2987 207 3039 niri.
242 2988 368 3040 Non
403 2988 558 3040 enim
589 2993 773 3057 potest
823 2989 1197 3059 consequenti
1239 2989 1434 3060 perﬁci
1486 2995 1767 3058 tempore,

80 3076 226 3144 quod
306 3075 605 3129 exordium
663 3076 891 3130 nullum
949 3078 1120 3131 habet
1182 3094 1249 3131 ex
1309 3085 1589 3148 tempore.
1650 3079 1770 3142 Qua

82 3165 145 3215 de
208 3179 267 3215 re
342 3164 439 3233 qui
522 3170 714 3233 potest
777 3166 1207 3235 generationem
1282 3166 1407 3219 Filii
1475 3167 1543 3221 de
1608 3169 1771 3221 Patre

81 3252 327 3320 cogitare
360 3252 482 3305 sine
510 3258 787 3322 tempore,
839 3254 1050 3321 cogitet
1095 3271 1325 3324 quoque
1352 3256 1767 3323 processionem

82 3341 320 3408 Spiritus
381 3341 561 3393 sancti
630 3347 745 3394 tam
799 3358 865 3395 ex
915 3344 1079 3395 Patre
1134 3359 1306 3413 quam
1347 3360 1411 3395 ex
1465 3345 1601 3396 Filio
1651 3344 1771 3397 sine

82 3435 353 3498 tempore.
398 3430 555 3482 Sicut
597 3430 775 3499 igitur
820 3446 937 3485 non
978 3437 1064 3485 est
1110 3432 1485 3502 quaerendum
1539 3433 1770 3503 quando

82 3518 148 3569 sit
179 3524 351 3570 natus
386 3518 563 3571 Filius
594 3518 662 3571 de
687 3519 871 3585 Patre,
906 3519 984 3572 sic
1007 3520 1165 3573 nullo
1192 3520 1361 3573 modo
1392 3521 1769 3591 quaerendum

82 3606 299 3674 quando
334 3606 676 3674 processerit
704 3606 948 3673 Spiritus
981 3611 1207 3661 sanctus
1248 3608 1317 3661 ab
1357 3615 1631 3678 utroque;
1686 3609 1770 3663 vel

83 3693 123 3744 si
152 3694 511 3746 nativitatem
555 3694 681 3746 Filii
715 3696 1057 3762 przevenerit
1088 3695 1155 3747 de.
1189 3696 1351 3749 Patre
1384 3698 1767 3765 procedendo.

86 3782 177 3833 ['bi
251 3798 507 3851 namque
585 3784 962 3853 sempiternas
1036 3784 1205 3851 inest,
1280 3786 1554 3854 temporis
1630 3787 1768 3839 ordo

84 3873 245 3922 deest.
306 3871 419 3924 Nec
465 3886 532 3922 ex
582 3869 848 3923 humanm
890 3872 1217 3925 conditione
1252 3878 1526 3927 creaturae
1571 3875 1655 3927 lex
1688 3882 1772 3929 est

84 3958 185 4010 ulla
277 3958 600 4012 divinitatis
667 3960 1030 4026 aestimanda;
1100 3961 1373 4031 quoniam
1452 3962 1555 4015 ista
1626 3964 1771 4017 facta

86 4048 175 4100 sub
227 4053 499 4118 tempore
562 4048 836 4117 temporis
894 4050 1155 4102 ordinem
1214 4056 1445 4103 servat:
1495 4050 1590 4103 illa
1638 4068 1770 4104 vero

83 4137 353 4189 conditrix
399 4137 677 4206 temporis
726 4138 883 4190 nullo
924 4139 1197 4207 temporis
1240 4139 1369 4207 jure
1401 4139 1766 4208 disponitur:

83 4226 353 4293 praevenit
387 4224 542 4277 enim
576 4226 768 4278 omnia
799 4242 925 4297 qua
956 4232 1210 4297 tempore
1242 4228 1624 4282 continentur.

143 4313 461 4383 Subjungit
493 4313 663 4366 etiam
697 4313 852 4366 aliud
903 4316 1055 4368 unde
1103 4316 1435 4384 comprobet
1463 4318 1771 4385 procedere

84 4401 350 4467 Spiritum
407 4407 664 4454 sanctum
712 4420 739 4455 a
784 4404 945 4455 Patre
997 4409 1051 4456 et
1094 4420 1125 4456 a
1160 4405 1299 4458 Filio
1329 4405 1449 4458 sine
1491 4411 1769 4475 tempore,

87 4489 217 4542 sicut
246 4495 473 4543 constat
506 4490 760 4559 genitum
790 4507 909 4543 esse
939 4492 1141 4545 Filium
1181 4493 1248 4545 de
1280 4494 1441 4546 Patre
1473 4493 1592 4545 sine
1629 4503 1769 4546 tem-

87 4591 207 4644 pore
241 4595 254 4630 :
290 4578 435 4630 dicit
477 4584 670 4631 autem
708 4594 719 4630 :
757 4600 784 4625 «
821 4580 883 4631 Et
913 4579 1012 4649 qui
1046 4587 1233 4649 potest
1265 4580 1585 4649 intelligere
1612 4581 1669 4634 iu
1702 4598 1768 4634 eo

58 4666 219 4732 quod
254 4666 339 4719 ait
394 4666 571 4719 Filius
605 4683 617 4719 :
676 4668 824 4722 Sicut
876 4668 1034 4721 habet
1083 4670 1245 4723 Pater
1285 4672 1455 4723 vitam
1486 4672 1543 4722 in
1574 4675 1770 4724 semet-

86 4755 203 4817 ipso,
236 4758 317 4807 sic
350 4755 507 4808 dedit
537 4756 671 4809 Filio
698 4759 867 4808 vitam
901 4757 1095 4810 habere
1126 4760 1181 4809 in
1203 4761 1484 4826 semetipso
1508 4761 1677 4827 (Joan.
1710 4776 1763 4825 v,

84 4842 179 4903 ‘26).
216 4844 338 4897 Non
374 4842 501 4896 sine
551 4843 665 4896 vita
711 4844 974 4898 existenti
1001 4846 1120 4914 jam
1162 4847 1300 4899 Filio
1330 4846 1504 4900 vitam
1540 4848 1765 4901 Patrem

84 4930 303 4999 dedisse,
346 4932 446 4984 sed
479 4932 559 4983 ita
588 4948 720 4984 eum
751 4932 872 4985 sine
928 4938 1185 5004 tempore
1217 4934 1502 5003 genuisse,
1538 4940 1598 4987 ut
1629 4935 1762 5003 vita,

81 5034 232 5085 quam
264 5021 436 5073 Pater
457 5019 598 5073 Filio
622 5020 910 5089 gignendo
926 5022 1102 5089 dedit,
1126 5028 1402 5075 coaeterna
1424 5022 1495 5075 sit
1510 5022 1634 5076 vitae
1660 5025 1761 5076 Pa-

80 5108 163 5157 tris
180 5109 275 5178 qui
294 5107 485 5161 dedit:
509 5108 795 5177 intelligat
817 5110 1147 5163 sicuthabet
1169 5111 1402 5164 Paterin
1428 5112 1759 5179 semetipso,

80 5198 127 5244 ut
158 5196 223 5247 de
254 5196 355 5249 illo
387 5196 659 5266 procedat
690 5196 933 5265 Spiritus
964 5204 1209 5265 sanctus,
1244 5200 1320 5250 sic
1349 5198 1571 5251 dedisse
1600 5200 1756 5265 Filio,

83 5288 129 5331 ut
158 5285 221 5336 de
252 5284 354 5337 illo
374 5284 815 5353 procedatidem
840 5286 1085 5356 Spiritus
1108 5292 1355 5353 sanctus,
1382 5293 1757 5359 etutrumqne

83 5372 181 5423 sine
209 5382 499 5442 tempore;
532 5380 701 5443 atque
734 5374 812 5427 ita
845 5375 1057 5428 dictum
1085 5376 1361 5446 Spiritum
1395 5382 1654 5429 sanctum
1686 5378 1755 5430 de

83 5458 221 5511 Patre
249 5462 582 5531 procedere,
620 5466 678 5513 ut
702 5461 1077 5533 intelligatur,
1109 5466 1260 5535 quod
1294 5466 1467 5519 etiam
1498 5465 1753 5535 procedit

84 5546 135 5598 de
160 5549 312 5611 Filio,
343 5552 411 5603 de
438 5551 603 5603 Patre
620 5567 741 5603 esse
766 5558 821 5604 et
850 5552 1023 5618 Filio;
1049 5553 1094 5606 si
1116 5554 1268 5607 enim
1285 5554 1561 5625 quidquid
1581 5554 1753 5607 habet

84 5634 134 5686 de
164 5639 317 5691 Patre
360 5638 557 5699 Filius,
592 5638 662 5692 de
697 5640 857 5693 Patre
891 5640 1081 5707 habet,
1113 5642 1311 5713 utique
1354 5648 1411 5695 ut
1461 5648 1519 5695 et
1550 5643 1617 5696 de
1652 5641 1750 5696 illo

1879 604 2091 663 tentur,
2139 615 2266 670 quas
2296 599 2507 652 habent
2538 598 2696 669 prius
2728 604 2783 651 et
2823 597 3127 667 posterius,
3162 598 3293 667 quia
3328 596 3567 649 omnino

1881 687 2301 741 nullaibisunt.
2335 710 2355 734 ι
2388 688 2701 741 Procedere
2724 687 3000 756 Spiritum
3019 692 3273 739 sanctum
3301 686 3368 739 de
3402 685 3564 751 Filio,

1878 774 2021 828 sicut
2043 775 2300 844 procedit
2319 775 2387 828 de
2414 777 2599 838 Patre,
2625 775 2985 839 testiﬁcatur;
3014 776 3164 844 quod
3219 780 3411 827 tamen
3435 790 3565 845 pro-

1877 864 2086 916 cedita
2119 864 2254 918 Filio
2302 864 2523 918 dedisse
2583 866 2806 918 Patrem
2865 863 3028 929 Filio,
3086 879 3199 916 non
3252 863 3410 933 prius
3452 862 3566 915 exi-

1878 952 2070 1021 stenti,
2130 954 2222 1007 sed
2281 953 2610 1023 gignendo;
2671 952 2947 1023 quoniam
2997 967 3350 1022 quaecunque
3415 952 3570 1005 dedit

1878 1043 2043 1095 Pater
2072 1042 2229 1107 Filio,
2262 1059 2377 1095 non
2404 1046 2673 1113 tanquam
2711 1042 2940 1107 minori,
2978 1042 3061 1094 vel
3097 1042 3254 1110 prius
3286 1040 3565 1106 existenti,

1878 1130 2055 1195 dedit,
2090 1131 2185 1184 sed
2212 1131 2502 1201 gignendo
2529 1132 2703 1185 dedit.
2743 1133 2804 1185 Et
2836 1132 2930 1183 dat
2974 1130 3411 1183 similitudinem
3456 1146 3571 1199 qua

1878 1220 2082 1273 clarius
2135 1222 2235 1274 tiat
2291 1221 2444 1292 quod
2502 1221 2825 1290 approbat:
2870 1242 2897 1269 «
2952 1220 3057 1284 Qui
3101 1222 3306 1290 potest,
3362 1218 3567 1287 inquit,

1880 1310 2199 1379 intelligere
2231 1311 2379 1379 quod
2414 1310 2493 1363 ait
2534 1310 2703 1363 Filius
2737 1328 2748 1363 :
2805 1310 2961 1363 Sicut
2994 1309 3163 1362 habet
3194 1310 3357 1361 Pater
3396 1307 3569 1360 vitam

1880 1400 1936 1452 in
1971 1399 2298 1469 semetipso,
2334 1400 2411 1452 sic
2455 1399 2612 1453 dedit
2645 1400 2782 1452 Filio
2827 1399 2997 1451 vitam
3034 1399 3240 1452 habere
3269 1398 3327 1450 in
3362 1404 3568 1450 semet-

1878 1488 2019 1557 ipso.
2049 1488 2169 1540 Non
2209 1487 2328 1540 sine
2365 1488 2474 1540 vita
2506 1487 2772 1541 existenti
2801 1488 2922 1556 jam
2960 1487 3097 1539 Filio
3129 1486 3299 1539 vitam
3345 1487 3568 1540 Patrem

1879 1574 2122 1628 dedisse.
2164 1598 2182 1621 ι
2234 1576 2505 1629 Existerct
2530 1576 2701 1629 Filius
2732 1576 2853 1628 sine
2887 1576 3017 1639 vita,
3063 1576 3106 1628 si
3160 1575 3319 1644 prius
3378 1574 3569 1643 aliquo

1884 1663 2051 1715 modo
2086 1663 2284 1717 fuisset
2323 1680 2495 1733 quam
2539 1663 2773 1728 viveret,
2806 1671 2870 1716 ut
2900 1663 3159 1716 existenti
3208 1665 3327 1731 jam
3373 1667 3570 1731 postea

1882 1751 2050 1804 fuerit
2094 1751 2190 1804 illa
2240 1751 2353 1804 vita
2385 1751 2728 1805 contributa.
2784 1752 3279 1814 Quemadmodum
3341 1751 3571 1805 Genesis

1881 1841 1949 1894 de
2006 1841 2193 1909 primo
2236 1841 2414 1893 Adam
2461 1840 2734 1910 loquitur,
2793 1840 3023 1894 dicens:
3077 1842 3355 1895 Formavit
3401 1842 3572 1905 igitur

1883 1932 2017 1983 Deus
2050 1930 2313 1983 hominem
2345 1929 2407 1981 de
2444 1931 2567 1983 limo
2600 1935 2754 1983 terrae
2804 1930 2947 1993 (Gen.
2984 1946 3043 1993 ιι,
3078 1930 3149 1996 7).
3196 1930 3262 1981 Et
3310 1933 3436 1997 post
3482 1928 3569 1980 in-

1881 2017 2059 2070 fertur
2093 2032 2103 2070 :
2134 2019 2211 2071 Et
2239 2020 2546 2086 insufﬂauit
2578 2021 2635 2071 in
2659 2020 2857 2084 faciem
2888 2019 3003 2086 ejus
3034 2017 3369 2086 spiraculum
3425 2018 3566 2069 vitae.

1885 2107 2046 2159 Prius
2077 2122 2323 2175 namque
2356 2123 2486 2159 eum
2521 2106 2657 2159 dicit
2698 2106 2867 2159 fuisse
2898 2106 3233 2169 formatum,
3268 2110 3324 2157 et
3377 2108 3573 2174 postea

1877 2194 1995 2261 jam
2028 2192 2295 2253 formato,
2330 2192 2593 2246 videlicet
2639 2208 2738 2262 per
2769 2191 3017 2262 proprite
3066 2191 3391 2245 fomationis
3425 2207 3571 2261 qua-

1882 2281 2097 2334 litatcm
2162 2280 2446 2345 existenti,
2499 2280 2916 2350 spiramentum
2970 2280 3099 2333 vitae
3157 2279 3566 2332 contributum.

1883 2369 1987 2422 Sed
2025 2385 2135 2421 non
2182 2369 2258 2421 sic
2296 2368 2433 2423 Filio
2475 2370 2635 2421 Pater
2681 2368 2853 2421 vitam
2902 2367 3059 2421 dedit
3100 2372 3375 2436 tanquam
3411 2366 3570 2435 prius

1880 2457 2163 2526 gigneret,
2196 2457 2285 2509 cui
2312 2463 2506 2527 postea
2539 2457 2731 2526 genito
2764 2458 2934 2508 vitam
2986 2455 3226 2509 donaret
3260 2472 3271 2507 :
3326 2454 3421 2507 sed
3483 2454 3568 2523 gi-

1880 2546 2107 2615 gnendo
2124 2546 2293 2597 vitam
2314 2546 2489 2610 dedit,
2507 2544 2781 2615 quoniam
2800 2542 3249 2597 substantialiter
3268 2543 3381 2595 vita
3402 2542 3571 2595 Filius

1882 2639 1983 2701 est,
2032 2634 2119 2686 cui
2154 2634 2440 2704 gignendo
2474 2633 2642 2685 vitam
2675 2632 2851 2685 dedit.
2889 2634 3070 2687 Homo
3121 2631 3368 2701 denique
3411 2632 3570 2701 prius

1882 2724 2157 2776 formatus
2178 2722 2805 2791 exstitit,etpostvitam
2829 2720 3063 2790 accepit,
3099 2720 3368 2791 quoniam
3404 2720 3571 2789 parti-

1881 2815 2124 2885 cipando
2161 2832 2269 2867 non
2305 2815 2589 2867 nascendo
2625 2814 2797 2866 vitam
2828 2812 3043 2882 accepit
3074 2828 3086 2866 :
3115 2828 3224 2865 non
3250 2812 3403 2865 enim
3438 2812 3567 2865 sub-

1881 2906 2221 2957 stantialiter
2249 2904 2363 2956 vita
2395 2904 2522 2965 fuit,
2566 2903 2659 2954 sed
2686 2902 3120 2971 participatione
3151 2900 3281 2953 vitae
3313 2900 3468 2952 vixit.
3499 2904 3570 2952 At

1882 3009 2010 3045 Vt'I‘O
2046 2993 2214 3045 Filius
2239 2992 2419 3045 Patris
2442 2991 2769 3059 unigenitus
2801 3006 2915 3042 non
2944 2988 3380 3058 participatione
3397 2990 3567 3040 vitam

1810 3107 1847 3155 ε
1880 3082 2113 3151 accepit,
2147 3082 2243 3134 sed
2277 3079 2727 3133 substantialiter
2757 3079 2825 3132 dc
2854 3080 3019 3132 Patre
3052 3076 3276 3147 genitus
3299 3081 3381 3129 est
3412 3077 3525 3129 vita
3555 3093 3566 3129 :

1881 3187 1993 3223 non
2034 3171 2185 3223 enim
2220 3170 2480 3222 existenti
2530 3174 2802 3238 tanquam
2843 3167 2964 3220 sine
3004 3166 3117 3219 vita
3153 3164 3407 3218 manenti
3441 3165 3571 3218 data

1882 3266 1965 3313 est
1997 3261 2129 3324 vita,
2163 3259 2256 3311 sed
2293 3259 2520 3327 genitus
2553 3263 2636 3310 est
2666 3263 2815 3310 totus
2846 3258 2970 3309 vita:
3010 3254 3316 3323 coaequalis
3349 3259 3400 3307 et
3431 3270 3546 3306 con-

1882 3341 2270 3401 substantialis
2293 3348 2420 3400 vitae
2448 3347 2650 3413 Patris,
2674 3346 2769 3415 qui
2798 3344 3086 3416 gignendo
3111 3344 3265 3397 dedit
3291 3344 3339 3396 ei
3372 3343 3565 3395 vitain.

1952 3438 2220 3507 Sequitur
2252 3454 2263 3490 :
2318 3459 2336 3484 ι
2375 3437 2480 3491 Sed
2517 3436 2595 3488 ita
2644 3451 2775 3487 eum
2826 3434 2946 3487 sine
2986 3438 3245 3502 tempore
3281 3432 3566 3502 genuisse,

1881 3531 1943 3579 ut
1981 3526 2095 3578 vita
2125 3542 2296 3596 quam
2335 3526 2497 3577 Pater
2546 3524 2685 3579 Filio
2726 3522 3015 3593 gignendo
3060 3522 3232 3585 dedit,
3283 3526 3570 3573 coaeterna

1880 3615 1953 3667 sit
1984 3615 2111 3667 vita).
2170 3615 2349 3667 Patris
2399 3614 2495 3683 qui
2530 3613 2700 3666 dedit.
2740 3633 2765 3661 ιο
2804 3613 2916 3665 Hoc
2965 3611 3156 3663 dicens
3202 3608 3449 3661 ostendit
3488 3607 3568 3658 vi-

1880 3707 1992 3755 tam
2050 3719 2169 3755 esse
2220 3704 2466 3766 Patrem,
2509 3707 2564 3753 et
2621 3700 2790 3752 vitam
2841 3715 2960 3751 esse
3018 3697 3262 3759 Filium;
3306 3696 3401 3748 sed
3455 3695 3569 3747 vita

1882 3792 2055 3844 Filius
2080 3789 2293 3859 accepit
2334 3807 2361 3841 a
2396 3790 2578 3851 Patre,
2623 3794 2683 3839 ut
2714 3791 2858 3839 esset
2886 3787 3030 3849 vita;
3082 3800 3197 3836 non
3245 3783 3405 3852 prius
3451 3782 3565 3835 exi-

1881 3886 2033 3931 stens
2068 3878 2189 3929 sine
2215 3877 2350 3937 vita,
2384 3876 2479 3929 sed
2513 3875 2740 3945 genitus
2772 3874 2904 3939 vita,
2931 3890 3058 3944 quae
3090 3878 3372 3924 coaeterni;
3420 3871 3490 3923 sit
3512 3877 3569 3924 et

1879 3965 2377 4019 consubstantialis
2427 3964 2554 4018 vita:
2600 3964 2799 4027 Patris,
2849 3962 2948 4032 qui
3005 3961 3159 4014 dedit
3204 3960 3343 4013 Filio
3395 3960 3566 4012 vitam

1880 4053 2227 4123 generando.
2263 4052 2531 4122 Quisquis
2559 4052 2663 4104 hoc
2694 4050 3011 4119 intelligere
3044 4049 3332 4119 quomodo
3366 4048 3440 4101 sit
3473 4064 3560 4099 va-

1879 4144 1975 4207 let,
2008 4142 2288 4211 intelligat
2319 4156 2548 4210 quoque
2581 4140 2725 4191 sicut
2756 4139 2926 4192 habet
2972 4140 3137 4192 Pater
3169 4138 3225 4189 in
3264 4138 3568 4205 semetipso

1880 4234 1944 4283 ut
1970 4231 2037 4283 de
2070 4231 2165 4283 illo
2202 4230 2474 4299 procedat
2503 4228 2747 4297 Spiritus
2776 4234 3022 4285 sanctus.
3060 4227 3137 4280 sic
3166 4226 3386 4280 dedisse
3427 4226 3565 4280 Filio

1882 4326 1943 4373 ut
1974 4321 2041 4372 de
2073 4320 2170 4373 illo
2204 4320 2473 4389 procedat
2500 4318 2650 4371 idem
2685 4317 2933 4386 Spiritus
2964 4321 3208 4369 sanctus.
3242 4316 3372 4369 Vult
3415 4316 3565 4368 enim

1814 4402 1856 4454 Ι)
1882 4411 2201 4479 approbare
2233 4408 2515 4477 accepisse
2562 4406 2763 4461 Filium
2800 4424 2830 4459 a
2889 4408 3049 4459 Patre
3082 4407 3226 4458 sicut
3277 4404 3566 4474 gignendo

1882 4500 2076 4563 vitam,
2112 4498 2186 4551 sic
2225 4499 2395 4551 etiam
2428 4497 2717 4567 gignendo
2750 4502 2813 4548 ut
2844 4496 2912 4547 de
2963 4495 3061 4547 illo
3098 4494 3364 4564 procedat
3393 4493 3568 4561 Spiri-

1879 4592 1971 4639 tus
2003 4592 2250 4652 sanctus,
2284 4602 2396 4639 non
2429 4589 2594 4650 alter,
2620 4585 2714 4638 sed
2736 4584 2887 4637 idem
2912 4584 3009 4653 qui
3042 4583 3301 4651 procedit
3328 4600 3355 4634 a
3378 4583 3563 4635 Patre.

1879 4676 1945 4729 Et
1974 4692 2102 4727 cum
2138 4691 2346 4745 negare
2379 4692 2546 4727 nemo
2579 4690 2728 4726 sane:
2763 4673 2969 4724 mentis
3003 4671 3183 4724 valeat
3217 4670 3386 4722 vitam
3408 4687 3564 4723 sum-

1875 4765 2052 4833 psisse
2078 4765 2282 4818 Filium
2315 4764 2381 4817 de
2421 4766 2583 4817 Patre
2622 4768 2680 4814 ut
2710 4761 2782 4813 sit
2811 4761 2923 4812 vita
2955 4760 3099 4811 sicut
3138 4762 3219 4809 est
3256 4760 3440 4819 Pater,
3486 4758 3565 4810 sic

1878 4856 2039 4908 Patre
2084 4862 2144 4907 ut
2174 4855 2242 4907 de
2269 4854 2368 4905 illo
2414 4852 2684 4921 procedat
2724 4848 2901 4919 possit
2947 4846 3226 4915 accepisse
3278 4844 3480 4899 Filium
3534 4863 3563 4898 a

1873 4948 2290 5012 consequenter
2319 4956 2527 5010 negare
2564 4956 2677 4991 non
2725 4936 2967 5006 Spiritus
3024 4938 3290 4986 sanctus:
3343 4938 3397 4985 et
3456 4933 3564 4986 hoc

1874 5038 2181 5100 utrumque
2226 5030 2347 5082 sine
2373 5040 2658 5098 tempore;
2688 5024 2956 5095 quoniam
2982 5028 3124 5075 Sicut
3157 5022 3277 5075 sine
3304 5028 3560 5092 tempore

1871 5120 2128 5189 procedit
2174 5136 2204 5171 a
2241 5120 2422 5182 Patre,
2460 5117 2535 5168 sic
2570 5129 2799 5184 quoque
2840 5112 2959 5164 sine
2991 5118 3247 5180 tempore
3301 5112 3561 5182 procedit

1870 5226 1901 5261 a
1934 5208 2104 5273 Filio;
2143 5206 2413 5277 quoniam
2464 5204 2569 5257 ista
2598 5201 2882 5273 processio
2932 5207 3015 5253 est
3048 5201 3285 5254 minime
3335 5208 3556 5270 tempo-

1868 5291 2021 5353 ralis,
2058 5291 2153 5343 sed
2207 5294 2438 5341 (eterna.
2496 5287 2653 5341 Sicut
2698 5285 2851 5337 enim
2884 5284 3149 5337 nativitas
3183 5284 3305 5337 Filii
3352 5284 3420 5339 de
3452 5286 3557 5338 Pa-

1864 5384 1948 5431 tre
1982 5383 2228 5431 removet
2260 5393 2428 5430 omne
2458 5382 2705 5445 tempus,
2739 5374 2817 5427 sic
2835 5374 3119 5445 processio
3149 5374 3393 5445 Spiritus
3425 5391 3553 5428 san-

1863 5467 1937 5520 cti
1969 5482 2097 5537 qua:
2130 5466 2191 5519 tit
2222 5466 2289 5519 ab
2321 5470 2596 5533 utroque,
2634 5464 2859 5517 nullum
2892 5468 3117 5532 tempus
3156 5462 3409 5531 agnovit.

1932 5553 2202 5623 Adjungit
2240 5568 2251 5605 :
2299 5574 2319 5600 ι
2355 5554 2537 5621 Atque
2573 5550 2655 5605 ita
2713 5551 2926 5605 dictum
2971 5551 3245 5621 Spiritum
3298 5555 3551 5603 sanctum

1859 5641 1927 5695 de
1955 5642 2119 5695 Patre
2164 5640 2491 5712 procedere,
2534 5645 2597 5693 ut
2626 5638 2982 5710 intelligatur
3021 5639 3170 5709 quod
3215 5638 3386 5692 etiam
3420 5654 3548 5708 pro-
