3890 6230
343 305 442 356 287
1489 297 1847 354 RATRAMNI
1886 297 2344 354 CORBEIENSIS
2384 298 2692 354 MONACHI
3722 298 3801 347 1’88

342 434 493 489 cedit
524 434 591 488 de
620 434 777 499 Filio,
813 433 881 487 de
920 434 1080 486 Patre
1113 448 1236 485 esse
1264 437 1321 485 et
1370 432 1537 485 Filio.
1584 453 1604 479 ι
1653 431 1783 483 Vult
1832 434 1894 484 ut
1944 431 2031 482 in-
2068 434 2114 483 A
2149 431 2377 496 Filium,
2438 431 2484 483 si
2543 431 2611 484 ab
2674 436 2913 501 utroque
2962 430 3220 500 procedit
3274 428 3523 499 Spiritus
3574 436 3799 483 sanctus:

342 523 632 593 telligatur
661 539 792 576 cum
824 522 1036 593 legitur
1068 522 1148 573 vel
1202 519 1413 573 dicitur
1439 519 1680 589 Spiritus
1712 524 1940 573 sanctus
1970 519 2038 572 de

342 614 505 666 Patre
538 612 871 680 procedere,
923 610 1137 681 pariter
1169 625 1400 679 quoque
1431 609 1499 662 de
1537 609 1672 662 Filio
1726 608 2038 678 signiticari

342 699 682 768 procedere;
721 704 776 751 et
818 698 1026 750 idcirco
1058 697 1117 749 in
1164 697 1347 750 Patris
1377 697 1922 750 commemoratione
1957 696 2039 749 Fi-

342 790 485 841 lium
547 787 1017 856 intelligendum;
1074 786 1348 856 quoniam
1382 784 1453 837 sit
1504 785 1640 838 Filio
1688 784 1757 837 de
1787 787 1948 839 Patre
1979 790 2041 836 ut

342 876 615 945 procedat
640 876 710 929 ab
750 892 815 929 eo
862 874 1103 945 Spiritus
1153 879 1398 927 sanctus.
1432 874 1498 926 Et
1530 874 1665 943 quia
1694 874 1939 927 refertur
1967 873 2037 926 ad

344 969 630 1018 auctorem
665 965 891 1017 Patrem
927 982 958 1016 a
985 980 1097 1034 quo
1127 962 1345 1031 accepit
1373 962 1548 1015 Filius
1580 967 1643 1014 ut
1685 979 1716 1014 a
1746 978 1803 1014 se
1836 977 2037 1030 proce—

344 1055 441 1108 dat
470 1053 745 1122 Spiritum
791 1059 1069 1117 sanctum,
1103 1056 1408 1121 propterea
1439 1066 1569 1104 cum
1600 1049 1808 1104 dicitur
1837 1051 1905 1103 de
1928 1051 2035 1102 Pa-

342 1148 426 1196 tre
460 1142 791 1211 procedere,
846 1141 1206 1193 sentiendum
1266 1139 1480 1208 pariter
1513 1138 1669 1209 quod
1719 1144 1775 1191 et
1812 1157 1845 1192 a
1897 1139 2037 1192 Filio

344 1230 629 1301 procedat.
670 1231 805 1283 Hinc
838 1231 1008 1283 etiam
1038 1229 1334 1298 subjungit
1369 1244 1380 1280 :
1420 1248 1446 1275 ‹‹
1472 1228 1528 1281 Si
1560 1228 1714 1280 enim
1759 1228 2034 1297 quidquid

344 1320 530 1385 habet,
565 1321 633 1373 de
665 1321 826 1372 Patre
858 1319 1027 1371 habet
1066 1317 1271 1382 Filius;
1322 1318 1391 1370 de
1422 1318 1587 1370 Patre
1614 1317 1791 1390 liabet
1841 1317 2035 1387 utique

346 1415 409 1462 ut
456 1415 509 1461 et
539 1409 606 1462 de
650 1408 747 1460 illo
795 1406 1067 1477 procedat
1096 1406 1339 1476 Spiritus
1397 1411 1644 1458 sanctus.
1680 1426 1707 1453 »
1769 1406 2037 1458 Novimus

343 1500 534 1549 autem
567 1495 791 1548 dicente
834 1496 992 1559 Filio,
1038 1496 1189 1565 quod
1224 1494 1419 1547 omnia
1470 1510 1600 1562 qute
1654 1493 1834 1545 Patris
1883 1498 2033 1557 sunt,

343 1585 455 1638 sint
481 1590 537 1637 et
571 1584 697 1638 Filii
725 1598 736 1638 ε
769 1585 865 1637 sed
898 1585 1016 1637 haec
1064 1600 1193 1636 cum
1226 1583 1331 1635 sibi
1366 1583 1577 1635 fuerint
1608 1599 1638 1633 a
1680 1582 1843 1634 Patre
1884 1582 2033 1645 data,

344 1674 549 1727 merito
583 1673 903 1725 referentur
932 1672 1002 1725 ad
1035 1688 1166 1725 eum
1197 1687 1230 1723 a
1252 1688 1363 1741 quo
1388 1678 1520 1723 sunt
1550 1671 1697 1723 data.
1735 1670 1799 1722 Et
1825 1669 2035 1723 idcirco

343 1777 473 1813 cum
517 1760 727 1813 dicitur
775 1759 1022 1828 Spiritus
1068 1764 1294 1811 sanctus
1325 1776 1358 1811 a
1394 1758 1531 1812 Filio
1563 1759 1890 1826 procedere,
1945 1774 2031 1811 re-

345 1851 530 1903 fertur
560 1849 630 1902 ad
658 1850 882 1902 Patrem
921 1865 950 1900 a
986 1864 1100 1917 quo
1131 1848 1239 1900 sibi
1263 1848 1457 1901 datum
1486 1852 1570 1899 est
1596 1850 1657 1899 ut
1688 1846 1758 1898 ab
1789 1846 1887 1899 illo
1913 1862 2038 1915 pro-

343 1939 583 1991 cederet.
616 1937 777 1991 Unde
809 1952 935 1989 cum
966 1937 1102 1989 dicit
1135 1937 1308 1989 Filius
1349 1936 1407 1988 in
1450 1934 1755 2005 Evangelio
1791 1951 1803 1988 :
1850 1936 2036 2004 Spiri-

345 2032 429 2081 tus
461 2029 557 2095 qui
585 2042 618 2079 ιι
648 2027 822 2079 Patre
847 2026 1090 2094 procedit
1136 2024 1311 2093 (Joan.
1352 2041 1441 2091 xv,
1480 2026 1594 2092 66),
1629 2024 1747 2076 vult
1793 2024 2036 2095 intelligi

347 2114 499 2184 quod
546 2131 577 2166 a
617 2130 675 2166 se
716 2129 945 2183 quoque
991 2112 1192 2167 dixerit
1230 2129 1361 2166 eum
1391 2112 1719 2181 procedere,
1758 2112 1853 2167 sed
1915 2113 2035 2166 sine

345 2204 461 2256 ulla
488 2203 765 2273 temporis
798 2203 1145 2270 admotione,
1170 2204 1443 2273 quoniam
1472 2218 1587 2255 non
1615 2203 1688 2255 sit
1716 2202 2037 2273 disquiren—

344 2292 477 2345 dum
502 2303 690 2346 utrum
720 2292 880 2362 prius
905 2292 1242 2363 processerit
1262 2292 1505 2361 Spiritus
1526 2298 1775 2357 sanctus,
1799 2297 1852 2345 et
1881 2297 2035 2361 post-

344 2397 410 2435 ea
441 2386 606 2434 natus
652 2381 724 2434 sit
765 2380 965 2446 Filius;
1017 2381 1100 2433 vel
1162 2385 1291 2433 nato
1342 2380 1504 2445 Filio,
1562 2384 1760 2450 postea
1811 2396 2035 2448 proces-

346 2468 484 2520 serit
516 2469 759 2537 Spiritus
793 2475 1020 2521 sanctus
1049 2469 1119 2521 ab
1153 2473 1395 2537 utroque
1431 2484 1443 2520 :
1490 2485 1607 2520 non
1643 2472 1725 2521 est
1759 2468 1913 2521 enim
1948 2469 2038 2521 hic

346 2548 714 2626 cogitandum
737 2557 897 2626 prius
928 2557 1013 2610 vel
1046 2557 1345 2626 posterius,
1380 2557 1651 2626 quoniam
1694 2558 1915 2610 nullum
1946 2558 2037 2610 hic

346 2653 570 2714 tempus
603 2644 1026 2697 aestimandum.
1072 2646 1135 2698 Et
1174 2645 1234 2697 in
1263 2646 1782 2716 consequentibus:
1823 2669 1845 2695 ι
1889 2646 2033 2710 Quo-

347 2733 514 2786 modo
563 2749 697 2803 ergo
730 2749 844 2786 non
877 2733 1281 2787 absurdissime
1316 2735 1486 2788 Filius
1522 2735 1807 2787 diceretur
1839 2735 2033 2787 ambo-

347 2837 497 2887 rum,
528 2838 658 2874 cum
717 2821 865 2875 sicut
894 2821 1033 2874 Filio
1070 2827 1305 2890 prmstat
1363 2824 1669 2875 essentiam
1701 2824 1824 2877 sine
1868 2824 2034 2876 initio

345 2911 637 2979 temporis,
692 2910 814 2963 sine
846 2910 986 2987 Iulia
1045 2911 1426 2964 mutabilitate
1461 2917 1681 2965 naturae
1714 2913 2032 2981 generatio,

2152 536 2346 572 verum
2391 520 2548 590 prius
2580 520 2649 574 de
2682 521 2916 573 nomine
2957 523 3182 583 tractat,
3216 518 3276 571 id
3307 523 3391 570 est
3439 517 3577 587 quid
3626 518 3801 571 diC'liUl‘

2150 608 2391 677 Spiritus
2449 615 2697 674 sanctus,
2767 608 2992 677 genitus
3059 624 3131 659 an
3190 606 3508 674 ingenitus,
3569 612 3620 657 et
3674 614 3803 675 negat

2153 703 2357 750 neutro
2406 698 2677 751 vocabulo
2742 697 3201 766 appellandum:
3261 702 3317 748 et
3375 711 3609 747 causam
3650 694 3802 757 infert,

2151 802 2262 855 qua
2302 787 2636 855 comprobet
2666 786 2822 856 quod
2852 786 3119 849 afﬁrmat,
3156 801 3223 837 ea
3270 784 3539 837 videlicet
3568 800 3580 836 :
3622 784 3737 853 quia
3770 784 3803 836 si

2149 875 2370 928 dicatur
2422 876 2671 944 genitus,
2723 875 2831 927 erit
2860 876 3107 928 duorum
3174 874 3362 939 Filius,
3423 873 3480 925 id
3538 878 3621 924 est
3665 874 3803 925 Patris

2150 969 2205 1016 et
2262 963 2405 1027 Filii,
2467 962 2809 1033 quod’dicit
2856 963 3168 1016 execrabile
3223 961 3552 1015 christiana:
3613 961 3801 1030 pietati;

2149 1053 2243 1105 sed
2278 1068 2382 1104 nec
2412 1051 2735 1121 ingenitum
2768 1068 2931 1121 posse
2965 1051 3230 1114 vocitari;
3285 1050 3393 1102 hoc
3426 1050 3581 1101 enim
3614 1050 3803 1118 proprie

2148 1141 2302 1194 Patri
2336 1141 2658 1210 deputatur,
2694 1141 2968 1210 quoniam
3001 1141 3068 1192 de
3096 1140 3253 1191 nullo
3285 1142 3370 1191 est
3401 1139 3543 1204 alio;
3582 1138 3663 1189 sui
3684 1154 3806 1190 nam-

2150 1246 2259 1298 que
2286 1229 2631 1298 principium
2692 1234 2862 1281 estex
2917 1244 3041 1280 sese
3073 1227 3406 1293 consistens,
3468 1241 3574 1279 ncc
3626 1226 3805 1293 aliquid

2147 1318 2321 1370 habet
2376 1318 2736 1387 praecedens;
2799 1322 2883 1369 est
2949 1316 3103 1369 enim
3166 1314 3556 1368 universitatis
3624 1314 3808 1383 princi-

2148 1405 2383 1473 cipium,
2419 1408 2546 1458 fons
2578 1410 2633 1457 et
2663 1404 2865 1473 origio.
2898 1405 3037 1459 Cum
3087 1404 3264 1471 igitur
3298 1418 3398 1455 nec
3431 1402 3680 1472 genitus,
3731 1418 3807 1454 nec

2150 1494 2437 1563 ingenitus
2466 1494 2575 1547 dici
2606 1494 2850 1547 ﬁdeliter
2896 1493 3074 1562 possit
3129 1492 3374 1560 Spiritus
3413 1496 3663 1555 sanctus,
3696 1507 3806 1558 pro—

2147 1584 2353 1635 cedens
2399 1582 2631 1652 proprie
2662 1582 2964 1645 vocitatur,
2997 1582 3093 1635 sed
3132 1597 3245 1633 non
3274 1598 3304 1633 a
3335 1581 3459 1633 solo
3488 1580 3661 1645 solus,
3684 1580 3807 1631 vide.

2150 1670 2277 1724 licet
2307 1688 2339 1724 a
2369 1673 2531 1724 Patre
2563 1671 2684 1724 solo
2735 1671 2889 1724 solus
2924 1670 3167 1740 Spiritus
3222 1676 3451 1722 sanctus
3503 1668 3805 1738 procedens,

2149 1760 2638 1827 quemadmodum
2684 1759 2857 1813 Filius
2884 1760 3037 1812 solus
3072 1776 3104 1811 a
3136 1759 3253 1810 solo
3283 1758 3448 1810 Patre
3482 1756 3688 1810 dicitur
3726 1772 3807 1808 na-

2147 1853 2283 1901 tus:
2340 1848 2594 1917 procedit
2642 1854 2833 1901 autem
2890 1848 2958 1900 ab
2996 1854 3265 1916 utroque,
3325 1846 3381 1899 id
3430 1852 3519 1899 est
3554 1852 3611 1897 et
3654 1861 3684 1896 a
3729 1847 3805 1897 Pa-

2146 1940 2230 1988 tre
2270 1945 2327 1990 et
2367 1954 2398 1989 a
2431 1938 2571 1990 Filio
2614 1936 3091 2005 intemporaliter,
3141 1935 3418 2005 quoniam
3460 1933 3806 1995 aeternaliter;

2149 2043 2248 2080 nec
2279 2032 2471 2079 tamen
2507 2027 2775 2081 dicuntur
2804 2042 2933 2078 eum
2962 2025 3249 2094 genuisse,
3298 2024 3574 2094 quoniam
3607 2039 3704 2076 nec
3743 2024 3809 2076 Fi-

2146 2115 2258 2168 lius
2316 2116 2497 2169 Patris
2550 2120 2653 2179 est,
2719 2130 2820 2167 nec
2870 2114 3039 2169 Filius
3101 2113 3249 2175 Filii,
3303 2112 3399 2165 sed
3466 2113 3540 2165 ab
3597 2117 3810 2181 utroque

2146 2205 2479 2272 procedens.
2543 2205 2635 2257 Est
2692 2203 2852 2255 enim.
2903 2203 3207 2255 amborum
3261 2201 3530 2271 Spiritus.
3586 2200 3674 2253 Sic
3713 2200 3810 2251 evi—

2147 2292 2303 2345 denti
2336 2292 2552 2345 ratione
2584 2296 2934 2345 monstratur
2963 2293 3032 2345 ab
3064 2297 3307 2360 utroque
3360 2289 3669 2360 procedere
3709 2286 3807 2356 Spi-

2146 2382 2290 2434 ritus
2317 2387 2564 2446 sanctus,
2599 2382 2734 2434 dum
2768 2380 3066 2433 manifeste
3090 2380 3326 2433 docetur
3348 2394 3460 2430 non
3485 2394 3618 2430 eum
3658 2378 3809 2429 solum

2147 2486 2179 2522 a
2209 2472 2328 2523 solo
2361 2472 2526 2523 Patre
2554 2470 2885 2539 procedere,
2914 2486 2981 2522 ne
3029 2468 3203 2522 Filius
3233 2484 3353 2520 esse
3378 2467 3565 2520 Patris
3588 2466 3809 2519 dicatur:

2147 2559 2241 2611 sed
2272 2576 2371 2611 nec
2402 2576 2433 2610 a
2464 2559 2584 2611 solo
2618 2559 2779 2621 Filio,
2818 2575 2888 2611 ne
2923 2558 3096 2611 Filius
3124 2558 3291 2610 Pater
3323 2573 3443 2609 esse
3474 2554 3813 2625 blaspheme-

2148 2650 2257 2712 tur,
2294 2646 2390 2699 sed
2425 2646 2633 2699 dicitur
2662 2645 2905 2715 Spiritus
2937 2649 3163 2697 sanctus
3202 2648 3260 2696 et
3290 2642 3632 2712 procedens,
3665 2646 3717 2693 et
3761 2640 3814 2692 de

2149 2749 2394 2804 utroque
2427 2734 2757 2805 procedens.

2813 2823 3040 2876 CAPUT
3083 2822 3169 2874 IV.

2953 2910 3151 2963 eodem.

344 2999 423 3051 ita
444 2997 681 3067 Spiritui
708 3003 902 3051 sancto
933 3003 1160 3067 praestet
1193 3000 1495 3051 essentiam
1542 3000 1660 3053 sine
1694 3001 1810 3052 ullo
1870 3000 2035 3052 initio
2076 3031 2117 3088 Ο
2217 3001 2395 3053 Movet
2427 3004 2617 3053 autem
2666 3001 2877 3053 multos
2918 2999 3055 3069 quid
3108 2998 3181 3051 sit
3210 2999 3358 3051 inter
3410 2996 3813 3066 generationem

345 3086 644 3154 temporis,
688 3084 810 3139 sine
847 3086 961 3138 ulla
996 3086 1376 3139 mutabilitate
1425 3093 1646 3140 naturae
1692 3088 1761 3141 de
1794 3092 2037 3157 utroque

344 3173 648 3242 processio.
699 3195 725 3222 »
786 3174 1059 3227 Monstrat
1099 3174 1518 3243 processionem
1576 3176 1808 3243 quidem
1860 3176 2037 3245 Spiri-

344 3265 436 3313 tus
470 3261 651 3314 sancti
680 3267 799 3314 tam
831 3262 899 3315 de
930 3264 1095 3315 Patre
1130 3263 1253 3315 fore
1283 3278 1453 3330 quam
1499 3264 1567 3316 de
1598 3263 1756 3329 Filio,
1792 3264 1887 3317 sed
1922 3281 2038 3317 non

346 3350 721 3418 quaerendum
778 3350 825 3404 si
874 3350 1030 3420 prius
1083 3351 1150 3403 de
1186 3352 1375 3415 Patre;
1409 3352 1495 3404 vel
1547 3358 1676 3421 post
1729 3352 1798 3405 de
1860 3353 2033 3415 Filio;

346 3454 542 3492 verum
574 3440 941 3510 cogitandum
977 3440 1112 3509 quia
1143 3440 1291 3492 sicut
1320 3440 1614 3508 generatio
1658 3440 1797 3494 Fillo
1834 3440 2039 3495 tribuit

344 3526 719 3581 substantiam
758 3528 1174 3583 interveniente
1208 3528 1365 3581 nullo
1399 3534 1678 3599 tempore,
1708 3545 1811 3582 nec
1844 3529 2037 3599 aliqua

343 3616 732 3670 intercedente
772 3618 1173 3684 mutabilitate,
1209 3617 1287 3670 sic
1320 3616 1559 3686 Spiritui
1584 3624 1778 3671 sancto
1809 3634 2033 3688 proces-

343 3704 425 3757 sio
458 3704 614 3759 dedit
643 3705 1015 3759 substantiam
1036 3711 1246 3777 przeter
1267 3706 1495 3776 aliquod
1527 3712 1777 3776 tempus,
1807 3712 1863 3760 et
1884 3723 2033 3775 prae-

343 3798 429 3845 ter
474 3794 726 3863 aliquam
771 3795 1257 3849 mutabilitatem:
1306 3812 1409 3848 nec
1457 3796 1860 3865 disputandum
1896 3795 2035 3866 quid

343 3886 474 3935 ante
506 3884 587 3934 vel
624 3888 774 3950 post,
804 3883 899 3936 sed
934 3883 1365 3953 intelligendam
1390 3883 1459 3936 de
1490 3885 1653 3936 Patre
1674 3884 1797 3937 Filii
1830 3883 2034 3937 nativi-

340 3973 536 4034 tatem,
578 3975 634 4021 et
680 3970 750 4022 ab
786 3980 1026 4039 utroque
1078 3971 1325 4040 Spiritus
1379 3971 1556 4023 sancti
1590 3971 2031 4041 processionem.

412 4056 682 4126 Sequitur
715 4074 727 4109 :
768 4078 792 4107 (ι
820 4058 948 4110 ideo
984 4059 1137 4110 enim
1169 4075 1297 4111 cum
1332 4060 1608 4128 Spiritum
1645 4065 1906 4113 sanctum
1939 4077 2037 4129 ge-

342 4144 529 4198 nitum
562 4160 677 4196 non
709 4146 984 4212 dicamus,
1035 4146 1222 4199 dicere
1263 4152 1455 4199 tamen
1488 4164 1602 4200 non
1633 4148 1909 4200 audemus
1949 4150 2036 4202 in-

344 4230 623 4298 genitum,
659 4248 729 4284 ne
761 4232 817 4284 in
850 4234 956 4285 hoc
1002 4234 1274 4288 vocabulo
1304 4236 1392 4287 vel
1428 4235 1569 4288 duos
1600 4237 1792 4288 Patres
1825 4236 1884 4288 in
1942 4238 2038 4290 illa

343 4319 641 4387 Trinitate,
688 4322 773 4374 vel
821 4321 960 4374 duos
1010 4324 1109 4392 qui
1150 4340 1261 4376 non
1306 4329 1437 4377 sunt
1473 4326 1542 4379 de
1592 4326 1701 4379 alio
1748 4327 2035 4396 quispiam

343 4408 678 4477 suspicetur.
728 4411 894 4463 Pater
925 4412 1081 4465 enim
1134 4414 1285 4465 solus
1330 4429 1445 4465 non
1480 4419 1563 4466 est
1606 4415 1674 4467 de
1729 4416 1865 4483 alio,
1909 4417 2034 4470 ideo

344 4497 497 4550 solus
529 4499 849 4568 appellatur
878 4499 1187 4569 ingenitus,
1227 4517 1339 4553 non
1369 4502 1604 4571 quidem
1629 4502 1687 4555 in
1708 4503 2033 4573 Scripturis,

345 4586 444 4639 sed
491 4586 551 4639 in
611 4588 1021 4641 consuetudine
1054 4590 1491 4658 disputantium,
1552 4597 1606 4643 et
1650 4593 1719 4645 de
1770 4610 1829 4646 re
1880 4600 2037 4647 tanta

344 4691 666 4729 sermonem
699 4678 925 4746 qualem
960 4678 1244 4730 valuerint
1265 4678 1697 4746 proferentium.
1736 4682 1911 4734 Filius
1940 4698 2036 4734 au-

344 4768 459 4817 tem
500 4765 567 4819 de
600 4768 763 4819 Patre
797 4772 963 4819 natus
992 4772 1105 4831 est;
1143 4771 1198 4819 et
1227 4766 1473 4835 Spiritus
1514 4774 1738 4821 sanctus
1771 4770 1839 4823 de
1872 4772 2035 4824 Patre

345 4852 758 4921 principaliter,
793 4860 850 4907 et
891 4855 1016 4924 ipso
1064 4855 1186 4907 sine
1246 4855 1362 4907 ullo
1408 4855 1706 4908 intervallo
1760 4859 2036 4927 temporis

346 4940 533 5006 dante,
580 4944 962 4996 communiter
1010 4944 1078 4997 de
1121 4948 1364 5013 utroque
1413 4944 1686 5012 procedit.
1747 4947 2038 5000 Diceretur

346 5035 537 5081 autem
568 5030 738 5083 Filius
771 5032 951 5085 Patris
981 5038 1037 5085 et
1070 5032 1216 5097 Filii,
1240 5032 1288 5084 si
1319 5033 1475 5102 quod
1508 5032 1775 5087 abhorret
1806 5036 1874 5087 ab
1908 5052 2038 5088 om-

346 5114 505 5167 niurn
529 5134 801 5171 sanorum
833 5120 1111 5185 sensibus,
1135 5137 1264 5173 eum
1305 5121 1473 5174 ambo
1504 5122 1855 5191 genuissent.
1916 5125 2036 5176 Non

345 5202 523 5273 igitur
555 5205 624 5257 ab
672 5212 914 5277 utroque
947 5214 1031 5261 est
1068 5209 1323 5278 genitus,
1355 5210 1448 5263 sed
1492 5210 1750 5278 procedit
1780 5210 1849 5263 ab
1882 5217 2034 5263 utro-

345 5308 456 5362 que
491 5293 789 5348 amborum
833 5296 1095 5365 Spiritus.
1131 5319 1157 5346 »
1190 5300 1522 5352 Perseverat
1554 5300 1875 5368 approbare
1915 5301 2037 5370 Spi-

345 5380 520 5435 ritum
553 5389 810 5437 sanctum
860 5390 975 5437 tam
1009 5386 1077 5439 de
1124 5388 1288 5440 Patre
1320 5403 1493 5457 quam
1535 5387 1602 5440 de
1648 5388 1786 5441 Filio
1838 5404 2033 5458 proce-

346 5469 524 5523 dere:
581 5471 771 5525 obviat
839 5479 1029 5527 autem
1082 5476 1140 5529 in
1193 5476 1298 5529 hac
1359 5476 1749 5546 pr0positione
1806 5483 2033 5531 contra-

344 5557 657 5612 dicentium
713 5560 1109 5631 disputationi,
1159 5564 1259 5635 qui
1302 5564 1498 5619 dicunt
1566 5565 1865 5636 utriusque
1913 5582 2034 5621 esse

2148 3096 2203 3143 et
2228 3088 2668 3159 processionem.
2706 3090 2815 3140 ista
2849 3104 2980 3139 vero
3003 3086 3237 3156 quaestio
3270 3085 3547 3154 qUoniam
3603 3082 3817 3152 inexpli-

2146 3178 2339 3231 cabilis
2385 3194 2504 3231 esse
2547 3177 2770 3230 videtur
2807 3177 2866 3229 in
2924 3176 3019 3228 illa
3072 3176 3413 3243 incorporea
3454 3177 3509 3227 et
3574 3170 3815 3225 invisibili

2147 3266 2441 3331 Trinitate,
2476 3264 2779 3318 dicendum
2812 3264 2945 3334 quid
2991 3262 3457 3333 praaclarissimus
3501 3267 3699 3315 auctor
3724 3266 3814 3313 Au-

2147 3355 2411 3424 gustinus
2448 3353 2704 3407 senserit.
2759 3352 3065 3421 Subjungit
3112 3352 3305 3421 itaque
3355 3351 3478 3418 (lib.
3512 3367 3584 3403 xv
3615 3351 3679 3403 de
3711 3351 3818 3401 Tri—

2148 3446 2273 3509 nit.,
2307 3459 2351 3497 c.
2396 3446 2485 3509 '27)
2544 3442 2624 3495 sic
2653 3443 2934 3511 loquens:
3002 3463 3024 3489 ι
3072 3441 3279 3493 Verum
3311 3439 3445 3509 quia
3486 3440 3548 3492 in
3598 3440 3693 3491 illa
3737 3452 3818 3489 co—

2145 3537 2380 3595 asterna,
2413 3537 2469 3584 et
2496 3531 2773 3601 coaequali
2823 3534 2878 3582 et
2926 3528 3295 3597 incorporali,
3359 3533 3413 3581 et
3470 3525 3817 3581 ineffabiliter

2145 3620 2513 3687 immutabili,
2575 3626 2747 3689 atque
2814 3617 3184 3687 inseparabili
3238 3616 3514 3669 Trinitate
3564 3612 3819 3669 difticilli-

2146 3725 2305 3762 mum
2351 3714 2434 3761 est
2484 3707 2913 3778 generationem
2973 3724 3002 3758 a
3060 3705 3422 3775 processione
3464 3705 3818 3771 distinguere,

2146 3796 2390 3850 sufﬁciat
2415 3795 2648 3849 interim
2691 3795 2772 3848 eis
2804 3795 2903 3864 qui
2934 3794 3163 3849 extendi
3205 3810 3319 3846 non
3350 3793 3542 3845 valent
3573 3792 3818 3861 amplius,

2144 3886 2200 3939 id
2233 3884 2384 3955 quod
2409 3885 2476 3937 de
2500 3886 2602 3937 hac
2634 3900 2693 3936 re
2724 3884 2782 3935 in
2815 3899 3081 3936 sermone
3113 3882 3362 3952 quodam
3398 3879 3739 3950 proferendo
3765 3876 3821 3929 ad

2146 3990 2312 4027 aures
2369 3973 2567 4043 populi
2638 3972 2946 4026 Christiani
2995 3971 3261 4034 diximus,
3321 3971 3657 4039 dictumque
3705 3982 3821 4020 con-

2148 4062 2500 4131 scripsimus.
2538 4062 2690 4113 Inter
2720 4065 2921 4113 caetera
2975 4058 3129 4112 enim
3191 4075 3320 4112 cum
3361 4074 3462 4128 per
3526 4057 3825 4127 Scriptura-

2148 4168 2273 4204 rum
2340 4156 2663 4203 sanctarum
2714 4148 3043 4202 testimonia
3090 4147 3430 4213 docuissem,
3476 4146 3547 4199 de
3596 4154 3822 4213 utroque

2146 4241 2456 4307 procedere
2499 4239 2775 4306 Spiritum
2822 4242 3102 4291 sanctum.
3154 4236 3211 4290 Si
3271 4251 3429 4305 ergo,
3479 4234 3738 4304 inquam,
3781 4235 3825 4281 et

2078 4329 2210 4382 Dde
2243 4330 2407 4381 Patre
2447 4332 2503 4380 et
2548 4327 2617 4380 de
2659 4326 2799 4381 Filio
2856 4325 3112 4395 procedit
3150 4323 3393 4394 Spiritus
3429 4329 3683 4388 sanctus,
3739 4334 3826 4372 cur

2146 4416 2319 4470 Filius
2342 4416 2514 4468 dixit:
2547 4417 2623 4469 De
2654 4420 2814 4468 Patre
2834 4414 3119 4483 procedit?
3147 4414 3261 4467 Cur
3278 4415 3462 4481 putas.
3496 4411 3607 4463 nisi
3640 4422 3824 4479 quem-

2146 4504 2454 4557 admodum
2492 4505 2635 4556 solet
2670 4504 2737 4556 ad
2770 4519 2897 4555 eum
2933 4502 3167 4567 referre,
3202 4506 3259 4553 et
3311 4500 3465 4568 quod
3517 4500 3699 4569 ipsius
3729 4502 3821 4556 est.

2146 4593 2214 4645 de
2244 4609 2357 4662 quo
2383 4598 2439 4645 et
2464 4592 2585 4661 ipse
2617 4590 2739 4645 est?
2776 4591 2932 4645 Unde
2962 4590 3104 4643 illud
3127 4594 3248 4643 est:
3298 4590 3419 4642 Mea
3451 4589 3705 4641 doctrina
3732 4601 3825 4638 nou

2145 4686 2222 4735 cst
2250 4698 2386 4741 mea,
2417 4681 2509 4734 sed
2538 4682 2652 4747 ejus
2684 4683 2781 4747 qui
2811 4696 2890 4732 me
2919 4681 3069 4732 misit
3100 4678 3275 4747 (Joan.
3310 4693 3406 4742 vn,
3468 4678 3575 4745 16).
3611 4676 3669 4730 Si
3731 4674 3823 4742 igi-

2146 4776 2239 4823 tur
2282 4771 2371 4824 hic
2402 4768 2742 4838 intelligitur
2779 4769 2903 4839 ejus
2935 4767 3209 4833 doctrina,
3243 4782 3413 4836 quam
3474 4770 3671 4818 tamen
3699 4764 3826 4817 dixit

2146 4876 2261 4913 non
2300 4874 2482 4923 suam,
2529 4858 2627 4910 sed
2680 4858 2883 4925 Patris,
2934 4860 3148 4927 quanto
3206 4854 3389 4923 magis
3443 4853 3560 4906 illic
3621 4850 3824 4906 intelli-

2146 4949 2363 5017 gendus
2395 4952 2480 5000 est
2524 4951 2579 5000 et
2630 4947 2697 5000 de
2752 4946 2875 5016 ipso
2932 4944 3241 5015 procedere
3294 4942 3540 5012 Spiritus
3589 4947 3825 5003 sanctus,

2148 5036 2244 5089 ubi
2274 5036 2351 5088 sic
2384 5036 2461 5089 ait
2497 5052 2509 5089 :
2572 5039 2643 5089 De
2697 5038 2859 5089 Patre
2903 5032 3145 5102 procedit
3178 5049 3191 5085 :
3230 5037 3435 5085 utnon
3488 5032 3723 5095 diceret,
3766 5028 3825 5081 de

2148 5140 2237 5175 me
2270 5138 2387 5175 non
2440 5123 2739 5193 procedit?
2784 5126 2829 5175 Α
2859 5138 2972 5192 quo
3002 5127 3196 5174 autem
3229 5120 3401 5173 habet
3463 5120 3639 5174 Filius
3671 5124 3728 5172 ut
3763 5118 3825 5170 sit

2146 5214 2294 5266 Deus
2327 5211 2433 5279 (est
2484 5212 2638 5265 enim
2678 5212 2747 5264 de
2791 5212 2904 5264 Deo
2964 5210 3137 5279 Deus)
3172 5210 3241 5264 ab
3284 5210 3384 5262 illo
3436 5209 3613 5263 habet
3641 5209 3825 5276 utique

2144 5306 2207 5353 ut
2245 5300 2414 5353 etiam
2457 5300 2526 5353 de
2572 5300 2670 5353 illo
2724 5299 2995 5368 procedat
3039 5298 3283 5368 Spiritus
3326 5302 3599 5351 sanctus:
3634 5314 3694 5350 ac
3735 5311 3825 5364 per

2145 5390 2252 5441 hoc
2295 5388 2540 5458 Spiritus
2597 5393 2845 5449 sanctus,
2905 5392 2967 5440 ut
3012 5388 3183 5440 etiam
3246 5386 3314 5440 de
3362 5386 3505 5439 Filio
3547 5385 3824 5456 procedat,

2144 5477 2290 5530 sicut
2347 5477 2604 5547 procedit
2658 5477 2727 5531 de
2767 5478 2952 5542 Patre,
3003 5477 3072 5529 ab
3116 5476 3239 5545 ipso
3285 5475 3459 5528 habet
3503 5476 3691 5528 Patre.
3740 5474 3823 5527 Hic

2145 5571 2436 5638 utcunque
2468 5566 2643 5621 etiam
2670 5566 2813 5621 illud
2843 5564 3206 5634 intelligitur,
3242 5569 3526 5637 quantum
3558 5580 3592 5616 a
3630 5563 3824 5617 talibus
