3890 6230
74 338 165 391 289

1074 339 1348 395 CONTRA
1403 339 1800 395 GRECORUM
1837 341 2188 397 OPPOSITA.
2223 375 2288 384 —-—
2325 346 2460 399 LIB.
2501 344 2593 398 III.

3485 352 3589 403 290

67 471 256 539 quales
290 487 397 523 nos
451 488 660 525 sumus
708 472 953 542 intelligi
989 477 1193 542 potest,
1246 489 1346 525 cur
1392 490 1503 525 non
1554 474 1772 527 dicatur
1811 479 1856 529 Α
1886 490 1991 538 ses,
2026 474 2104 527 sic
2124 475 2192 528 de
2222 476 2437 543 Spiritu
2455 482 2646 530 sancto
2679 493 3002 532 sermonem
3059 480 3411 547 terminans,
3467 482 3584 534 ait:

66 566 230 611 natus
271 578 424 624 esse,
478 562 577 613 sed
634 563 825 630 potius
872 562 1176 631 procedere
1222 561 1465 631 Spiritus
1514 567 1770 623 sanctus;

68 648 339 718 quoniam
378 650 424 701 si
458 660 513 702 et
546 651 669 719 ipse
706 650 875 702 Filius
897 650 1201 713 diceretur,
1235 650 1535 702 amborum
1566 652 1776 721 jutique

68 738 237 789 Filius
260 738 589 803 diceretur;
615 740 765 808 quod
797 738 1269 791 absurdissimum
1290 747 1389 791 est.
1414 740 1585 792 Filius
1614 740 1777 809 quip-

65 843 131 895 pe
162 828 363 879 nullus
389 834 476 879 est
502 828 778 892 duorum,
803 828 911 879 nisi
942 828 1120 896 patris
1152 833 1207 880 et
1229 828 1443 880 matris.
1477 829 1637 881 Absit
1679 846 1775 880 au-

63 924 176 968 tem
208 921 271 967 ut
302 917 461 969 inter
493 918 673 968 Deum
704 917 927 969 Patrem
960 920 1014 968 et
1045 917 1223 968 Deum
1263 918 1463 969 Filium
1507 919 1617 969 tale
1667 918 1772 969 ali-

62 1005 201 1073 quid
236 1005 637 1075 suspicemur;
670 1006 806 1075 quia
835 1021 939 1058 nec
972 1006 1142 1057 Filius
1174 1006 1475 1058 hominum
1509 1007 1680 1059 simul
1710 1024 1773 1059 ex

62 1100 226 1163 patre
263 1100 323 1147 et
368 1100 551 1148 matre
582 1096 871 1164 procedit;
894 1096 984 1147 sed
1011 1111 1139 1147 cum
1168 1096 1223 1148 in
1253 1100 1491 1147 matrem
1523 1097 1777 1163 procedit

61 1198 125 1233 ex
164 1188 351 1251 patre,
387 1199 508 1236 non
533 1188 670 1236 tunc
691 1183 944 1253 procedit
968 1200 1030 1236 ex
1055 1189 1234 1236 matre
1266 1200 1278 1235 :
1310 1188 1367 1236 et
1388 1199 1516 1235 cum
1548 1183 1605 1235 in
1631 1183 1776 1236 hanc

64 1272 252 1322 lucem
306 1270 575 1339 procedit
641 1287 706 1324 ex
777 1276 975 1333 matre,
1033 1288 1145 1323 nou
1195 1276 1330 1324 tunc
1391 1271 1648 1340 procedit
1710 1288 1773 1324 ex

65 1360 252 1411 Patre.
317 1359 566 1428 Spiritus
624 1364 815 1412 autem
870 1364 1096 1411 sanctus
1154 1375 1268 1411 non
1321 1359 1390 1411 de
1428 1362 1592 1413 Patre
1642 1376 1773 1428 pro-

66 1449 221 1500 cedit
272 1448 335 1500 in
390 1448 623 1511 Filium,
659 1453 715 1500 et
770 1448 838 1500 de
888 1447 1031 1500 Filio
1094 1446 1347 1516 procedit
1396 1447 1463 1499 ad
1523 1448 1774 1500 sanctiﬁ-

67 1538 317 1589 candam
366 1544 716 1600 creaturam,
778 1536 874 1589 sed
932 1536 1103 1588 simul
1156 1536 1225 1588 de
1282 1541 1527 1605 utroque
1578 1553 1773 1605 proce-

67 1627 188 1678 dit:
220 1628 488 1696 quamvis
539 1627 645 1679 hoc
691 1628 857 1679 Pater
909 1626 1046 1679 Filio
1098 1625 1337 1690 dederit,
1396 1630 1451 1678 ut
1499 1626 1775 1695 quemad-

69 1716 309 1769 modum
339 1716 410 1768 de
454 1732 532 1777 se,
581 1716 660 1768 ita
693 1716 761 1768 de
794 1716 890 1768 illo
946 1731 1174 1784 quoque
1232 1715 1519 1783 procedat.
1582 1716 1775 1784 Neque

69 1806 223 1857 enim
289 1821 599 1874 possumus
648 1804 835 1856 dicere
888 1804 1040 1873 quod
1096 1818 1210 1855 non
1244 1803 1315 1855 sit
1363 1804 1477 1855 vita
1533 1803 1774 1872 Spiritus

67 1901 319 1958 sanctus,
352 1910 486 1946 cum
520 1895 632 1944 vita
670 1894 854 1955 Pater,
884 1894 992 1943 vita
1043 1891 1115 1943 sit
1144 1892 1316 1943 Filius
1352 1907 1363 1943 :
1415 1909 1477 1943 ac
1526 1908 1626 1961 per
1666 1893 1772 1945 hoc

68 1983 211 2034 sicut
240 1983 412 2034 Pater
451 1997 580 2033 cum
610 1980 814 2033 habeat
840 1980 1011 2032 vitam
1035 1980 1094 2032 in
1128 1981 1459 2049 semetipso,
1513 1980 1669 2033 dedit
1718 1986 1773 2033 et

70 2071 211 2122 Fitiu
235 2070 452 2122 habere
484 2070 659 2121 vitam
692 2070 751 2121 in
782 2069 1112 2137 semetipso,
1144 2070 1221 2121 sic
1252 2068 1303 2121 ei
1335 2069 1495 2121 dedit
1526 2078 1550 2101 ³
1597 2070 1771 2122 vitam

70 2160 350 2228 Spiritum
382 2165 645 2211 sanctum
674 2157 983 2226 procedere
1013 2157 1081 2210 de
1112 2157 1211 2209 illo
1244 2158 1390 2209 sicut
1437 2157 1696 2225 procedit
1717 2163 1774 2210 et

71 2251 135 2301 de
168 2249 316 2317 ipso.
356 2270 383 2295 η

137 2338 267 2389 Ηειιο
296 2337 500 2389 beatus
527 2334 877 2403 Augustinus
911 2334 979 2387 de
1001 2350 1263 2386 sermone
1314 2350 1483 2403 quem
1518 2350 1577 2386 se
1633 2334 1774 2387 dixit

71 2426 265 2478 fecisse
298 2441 495 2478 coram
526 2424 760 2494 populo,
788 2422 1080 2476 transtulit
1110 2423 1170 2475 in
1224 2423 1432 2475 librum
1482 2422 1771 2475 decimum

73 2515 341 2582 quintum
374 2514 443 2566 de
471 2519 665 2565 sancta
706 2511 1011 2566 'l‘rinitate.
1069 2513 1142 2565 De
1201 2528 1314 2581 quo
1367 2526 1629 2563 sermone
1678 2526 1770 2562 su-

70 2618 165 2669 pra
191 2603 315 2669 jam
349 2600 681 2653 testimonia
724 2599 1042 2668 posuimus,
1080 2604 1135 2651 et
1182 2599 1320 2668 quid
1379 2599 1542 2651 nobis
1586 2599 1770 2650 visum

70 2691 276 2743 exinde
310 2691 489 2743 fuerit
528 2689 778 2741 breviter
824 2688 1092 2753 diximus,
1130 2703 1257 2756 quze
1300 2688 1577 2756 replicare
1621 2703 1773 2739 nunc

70 2781 359 2832 credimus
392 2795 505 2831 non
539 2795 659 2830 esse
686 2776 1087 2830 necessarium.
1126 2778 1239 2830 Hoc
1281 2776 1640 2828 solummodo
1685 2775 1770 2828 di-

70 2869 311 2921 cendum
357 2867 510 2937 quod
564 2868 713 2919 inter
761 2866 1191 2935 generationem
1242 2879 1303 2916 ac
1349 2864 1771 2933 processionem

72 2958 211 3009 hanc
240 2957 385 3009 dicit
416 2973 539 3009 esse
573 2954 978 3019 differentiam,
1010 2954 1159 3023 quod
1194 2953 1485 3021 generatio
1520 2952 1590 3004 sit
1622 2953 1767 3017 Filii,

71 3046 342 3114 quoniam
382 3045 504 3113 ipse
536 3050 705 3097 natus
730 3060 851 3095 esse
880 3043 1100 3094 dicatur
1126 3042 1195 3094 de
1244 3043 1434 3103 Patre;
1484 3041 1769 3109 processio

68 3151 194 3186 vero
216 3135 513 3203 pertineat
545 3132 614 3185 ad
639 3132 920 3200 Spiritum
952 3136 1243 3193 sanctum;
1276 3144 1378 3181 nec
1410 3145 1542 3181 eum
1605 3146 1768 3198 posse

65 3222 168 3273 dici
202 3227 583 3290 generatum;
618 3220 767 3289 quod
816 3219 864 3271 si
909 3218 1131 3271 dicatur
1171 3222 1365 3280 natus;
1420 3220 1537 3270 tam
1588 3218 1768 3270 Patris

68 3328 235 3378 quam
267 3311 401 3363 Filii
431 3326 553 3361 esse
586 3310 805 3361 dicetur
838 3324 850 3360 :
883 3307 1036 3376 quod
1060 3322 1299 3358 summa!
1326 3304 1460 3358 dicit
1485 3322 1605 3358 esse
1628 3307 1767 3358 stul-

65 3401 219 3456 titiae.
254 3414 449 3469 neque
497 3397 703 3449 divinae
752 3395 1109 3466 generationi
1160 3394 1484 3447 convenire.
1531 3395 1767 3457 Quando

64 3504 314 3557 namque
349 3486 597 3556 quisque
630 3486 803 3538 Filius
832 3485 901 3537 de
932 3485 1118 3549 Patre,
1154 3483 1408 3551 Filioque
1460 3488 1627 3534 natus
1666 3497 1766 3533 ex—

63 3577 243 3629 stitit?
277 3577 430 3645 Ergo
462 3575 738 3644 quoniam
768 3573 871 3625 ista
906 3580 1038 3625 sunt
1079 3572 1506 3636 absurdissima,
1546 3571 1768 3624 dicatur

67 3666 236 3716 Filius
264 3671 439 3717 natus
469 3666 539 3717 de
592 3666 775 3725 Patre,
815 3661 1060 3730 Spiritus
1103 3677 1237 3713 vero
1288 3666 1513 3713 sanctus
1561 3676 1766 3728 proce—

64 3754 197 3806 dens
228 3755 297 3806 ab
359 3758 630 3822 utroque.
674 3752 783 3804 Nec
835 3752 939 3803 hoc
986 3750 1470 3802 inconvenienter.
1541 3749 1763 3802 Dictum

67 3858 308 3910 namque
332 3846 442 3905 est,
481 3843 710 3894 Patrem
742 3839 928 3891 solum
958 3854 1023 3890 ex
1055 3838 1212 3890 nullo
1242 3852 1253 3889 :
1307 3853 1371 3889 ex
1416 3837 1575 3889 Patre
1633 3852 1766 3889 vero

70 3931 266 3982 Filium
302 3937 359 3983 et
389 3930 671 3998 Spiritum
704 3934 984 3980 sanctum.
1030 3927 1090 3979 Et
1123 3928 1347 3978 Patrem
1402 3941 1523 3977 esse
1565 3926 1762 3989 vitam,

70 4019 265 4071 Filium
300 4020 479 4071 etiam
528 4017 724 4080 vitam,
770 4015 1046 4087 Spiritum
1098 4029 1329 4083 quoque
1374 4018 1631 4066 sanctum
1680 4013 1765 4066 vi-

66 4116 194 4159 tam.
240 4109 349 4161 Sed
391 4107 570 4159 vitam
604 4107 673 4158 de
708 4106 866 4157 nulla
894 4104 1009 4156 vita
1043 4105 1270 4156 Patrem
1300 4103 1512 4167 solum;
1560 4102 1762 4155 Filium

64 4213 189 4249 vero
236 4197 415 4250 vitam
450 4196 522 4249 de
572 4196 736 4248 Patre
785 4194 928 4258 solo,
981 4191 1080 4244 sed
1136 4191 1421 4259 genitam;
1491 4191 1763 4260 Spiritum

66 4301 286 4354 quoque
329 4291 596 4338 sanctum
626 4283 799 4335 vitam
831 4298 945 4334 non
1004 4282 1072 4333 de
1132 4282 1254 4332 solo
1307 4280 1473 4332 Patre
1528 4295 1632 4331 nec
1696 4279 1765 4331 de

66 4376 178 4426 solo
204 4374 373 4439 Filio,
407 4373 509 4426 sed
538 4373 609 4425 ab
632 4377 906 4440 utroque;
955 4370 1052 4422 sed
1086 4385 1201 4421 non
1250 4368 1328 4420 sic
1360 4368 1429 4419 de
1477 4369 1659 4431 Patre,
1701 4372 1757 4419 ut

67 4462 185 4515 inde
213 4462 493 4532 procedat
524 4461 586 4514 in
615 4460 842 4518 Filium,
880 4464 936 4511 et
964 4473 1160 4511 rursus
1191 4458 1259 4509 de
1306 4456 1445 4508 Filio
1496 4455 1763 4523 procedat

66 4550 125 4602 ad
151 4556 435 4603 creatura:
477 4547 1031 4601 sanctiﬁcationem:
1084 4561 1200 4597 non
1232 4544 1387 4596 enim
1434 4543 1600 4595 isthic
1645 4543 1762 4595 ulla

70 4645 353 4692 momenta
380 4636 684 4707 temporis,
716 4636 801 4688 vel
832 4634 973 4687 ordo
1015 4633 1375 4702 cogitandus.
1428 4632 1606 4685 Simul
1657 4630 1762 4683 de-

70 4730 230 4797 nique
265 4726 525 4797 procedit
555 4726 627 4778 ab
682 4724 975 4789 ambobus,
1007 4722 1065 4775 id
1093 4726 1197 4784 est,
1241 4719 1383 4790 {cum
1440 4719 1698 4789 procedit
1731 4736 1762 4771 a

73 4816 241 4880 Patre,
278 4815 545 4885 procedit
601 4829 634 4866 a
689 4812 860 4877 Filio;
917 4816 973 4864 et
1021 4826 1150 4863 cum
1199 4809 1459 4879 procedit
1512 4826 1545 4861 a
1599 4807 1758 4871 Filio,

68 4905 317 4970 procedit
345 4920 379 4956 a
406 4905 600 4969 Patre,
634 4900 791 4954 nullo
814 4901 900 4953 vel
950 4905 1210 4969 tempore
1248 4899 1335 4951 vel
1386 4898 1585 4950 ordine
1637 4911 1760 4948 me-

68 4990 244 5044 diante
280 5012 295 5045 :
327 4992 432 5045 hoc
467 4996 663 5044 tamen
688 4990 963 5043 interesse
1014 4993 1076 5040 ut
1124 4989 1342 5040 Patera
1392 4985 1551 5038 nullo
1601 5000 1758 5037 acce-

70 5082 217 5145 perit,
254 5087 322 5133 ut
344 5080 413 5134 de
446 5081 548 5133 illo
580 5078 920 5148 procederet
952 5076 1197 5146 Spiritus
1227 5078 1453 5127 sanctus
1488 5089 1500 5126 :
1538 5076 1595 5125 at
1623 5088 1757 5126 vero

72 5166 286 5220 l‘iliusa
339 5169 505 5221 Patre
545 5166 834 5236 percepit,
881 5170 941 5218 ut
988 5164 1059 5217 ab
1092 5180 1159 5217 eo
1213 5163 1549 5232 procederet
1603 5160 1757 5214 idem

70 5252 301 5321 Spiritus
325 5261 577 5309 sanctus.

130 5346 263 5398 [tam
296 5345 358 5397 in
390 5346 539 5398 libro
568 5342 975 5413 disputationis
1021 5343 1219 5395 contra
1255 5338 1514 5409 quinque
1563 5337 1757 5390 Hiere-

130 5496 147 5517 ι
178 5489 366 5541 Vitam
408 5488 691 5555 Spiritum
738 5490 1001 5538 sanctum.
1026 5484 1180 5555 Duae
1214 5480 1431 5534 ultimas
1447 5494 1643 5555 _voces
1695 5478 1755 5530 in

75 5559 365 5625 Augustino
396 5550 518 5610 non
549 5556 856 5625 leguntur;
890 5562 946 5607 et
972 5554 1191 5607 additas
1213 5568 1342 5625 esse
1387 5568 1417 5603 a
1447 5550 1756 5625 Batramno

75 5619 305 5682 vel'inde
337 5632 587 5691 constat,
612 5619 780 5696 quod
811 5625 1074 5695 superius
1102 5623 1285 5692 capite
1340 5624 1391 5685 2,
1440 5621 1540 5675 ubi
1586 5635 1753 5672 eum-

1815 1772 1857 1825 B

1889 582 1915 609 «
1948 560 2091 625 Quid
2125 564 2274 617 aliud
2310 564 2492 617 dicam
2526 565 2794 633 fatigatus
2826 567 3114 636 fatigatis?
3144 569 3249 631 Qui
3310 569 3586 640 Spiritum

1885 656 2141 703 sanctum
2176 670 2208 705 a
2241 655 2405 705 Patre
2438 660 2492 705 et
2522 654 2680 717 Filio,
2729 655 3061 721 aeternitate,
3110 658 3446 723 substantia,
3498 660 3585 710 vel

1885 742 2291 794 communione
2339 746 2582 811 separat,
2625 759 2873 812 eumque
2907 750 3077 813 negat
3122 746 3396 815 Spiritum
3460 764 3584 800 8:58

1889 829 2063 882 Patris
2096 836 2149 882 et
2182 831 2327 896 Filii,
2379 833 2582 901 plenus
2614 839 2699 883 est
2747 832 2952 900 spiritu
2998 833 3316 899 immundo,
3379 853 3585 889 vacuus

1883 920 2097 989 Spiritu
2128 925 2343 972 sancto.
2375 940 2399 968 ι)
2435 920 2684 973 Audiaut
2716 921 2835 972 11830
2882 921 3312 990 impugnatores
3378 926 3582 977 verita-

1886 1008 1974 1071 tis,
2012 1012 2284 1077 negantes
2316 1008 2592 1077 Spiritum
2652 1014 2909 1061 sanctum
2972 1009 3041 1063 de
3096 1012 3263 1063 Patre
3326 1012 3583 1083 Filioque

1884 1097 2210 1166 procedere.
2248 1097 2411 1159 Quod
2442 1112 2572 1149 cum
2596 1102 2827 1166 negant,
2871 1104 3084 1167 negant
3132 1115 3263 1152 eum
3309 1117 3429 1153 esse
3480 1103 3583 1153 Pa-

1882 1185 1984 1237 tris
2016 1185 2257 1255 Filiique
2308 1185 2587 1253 Spiritum
2635 1202 2647 1237 :
2702 1190 2759 1239 et
2806 1187 3219 1254 pertimescant
3268 1205 3325 1241 se
3380 1189 3585 1259 spiritu

1884 1275 2081 1343 plenos
2113 1291 2233 1327 esse
2280 1274 2598 1339 immundo,
2662 1290 2985 1344 vacuosque
3048 1276 3264 1345 Spiritu
3337 1284 3581 1331 sancto:

1884 1380 1987 1415 nec
2016 1379 2177 1432 posse
2206 1363 2429 1415 veniam
2454 1364 2750 1432 consequi,
2772 1369 2943 1417 tanta)
2974 1364 3019 1417 si
3053 1379 3169 1417 non
3205 1365 3582 1435 blasphemia:

1885 1449 2355 1502 renuntiaverint.
2404 1450 2562 1512 Quod
2596 1451 2644 1502 si
2683 1451 2885 1503 nolunt
2938 1452 3134 1505 audire
3169 1453 3430 1521 maligni,
3484 1470 3586 1506 au-

1886 1538 2045 1591 diant
2075 1538 2300 1606 pietatis
2331 1538 2519 1603 amici,
2554 1544 2608 1591 et
2639 1539 3039 1593 exhorrescant
3088 1541 3403 1610 impietatis
3442 1542 3585 1595 blas-

1883 1626 2197 1695 phemiam,
2234 1632 2297 1679 ut
2323 1628 2657 1695 repleantur
2688 1627 2903 1696 Spiritu
2935 1634 3152 1682 sancto.

1957 1717 2095 1768 Item
2125 1717 2183 1768 in
2241 1716 2387 1768 libro
2442 1721 2638 1768 contra
2693 1717 3062 1770 Maximinum
3115 1719 3387 1772 Ariauum
3459 1720 3575 1783 (lib.

1889 1821 1966 1869 Ill,
2001 1820 2121 1871 mp.
2157 1808 2208 1869 5)
2245 1820 2257 1856 :
2295 1805 2441 1857 Dicis
2472 1821 2568 1856 vos
2623 1804 2903 1873 Spiritum
2962 1812 3219 1859 sanctum
3296 1808 3581 1861 honorare

1854 1898 1943 1944 .ut
1996 1893 2308 1957 doctorem,
2380 1897 2438 1945 ut
2493 1893 2844 1959 ducatorem,
2909 1899 2971 1945 ut
3016 1894 3488 1961 illuminatorem,
3518 1905 3580 1949 ut

1881 1980 2358 2033 sanctiﬁcatorem
2391 1998 2403 2032 :
2436 1981 2722 2036 Christum
2755 1982 2937 2034 colere
2986 1988 3049 2035 ut
3081 1990 3394 2036 creatorem
3425 2003 3439 2036 :
3479 1986 3579 2037 Pa-

1883 2074 2023 2119 trem
2065 2083 2194 2119 cum
2245 2067 2463 2119 sincera
2497 2068 2796 2121 devotione
2852 2071 3091 2122 adorare
3144 2076 3206 2123 ut
3268 2078 3577 2124 auctorem.

1881 2156 1938 2209 Si
1969 2159 2260 2208 auctorem
2302 2160 2606 2225 propterea
2654 2156 2793 2209 dicis
2858 2160 3100 2220 Patrem,
3159 2160 3293 2228 quia
3344 2160 3412 2212 de
3456 2160 3579 2230 ipso

1880 2249 1963 2297 est
2001 2244 2191 2307 Filius,
2233 2260 2345 2296 non
2402 2249 2486 2296 est
2545 2249 2736 2296 autem
2790 2245 2911 2314 ipse
2962 2246 3031 2298 de
3081 2246 3221 2299 Filio
3265 2264 3277 2300 :
3335 2256 3387 2301 et
3444 2249 3580 2318 quia

1878 2332 1946 2383 de
1995 2331 2091 2383 illo
2132 2337 2190 2384 et
2248 2332 2389 2384 Filio
2446 2331 2524 2384 sic
2580 2332 2838 2400 procedit
2908 2333 3156 2402 Spiritus
3208 2341 3458 2403 sanctus,
3516 2343 3581 2389 ut

1878 2421 1998 2489 ipse
2050 2421 2159 2473 hoc
2219 2420 2439 2473 dederit
2497 2421 2658 2485 Filio,
2732 2422 3024 2490 gignendo
3082 2438 3214 2475 eum
3282 2425 3455 2477 talem
3513 2430 3579 2478 ut

1879 2510 2050 2562 etiam
2108 2510 2174 2563 de
2209 2509 2331 2577 ipso
2395 2510 2666 2578 procedat
2714 2510 2961 2578 Spiritus
3006 2516 3251 2566 sanctus.
3313 2512 3370 2567 Si
3420 2529 3574 2567 crea-

1878 2602 2062 2652 torem
2094 2598 2173 2650 sic
2193 2598 2331 2651 dicis
2364 2597 2585 2661 Filium,
2629 2603 2695 2651 ut
2726 2603 3043 2651 creatorem
3078 2613 3194 2652 non
3239 2616 3411 2669 neges
3476 2602 3577 2655 Pa-

1879 2692 2046 2751 trem,
2093 2703 2196 2739 nec
2245 2686 2521 2755 Spiritum
2564 2692 2841 2739 sanctum.
2898 2686 2956 2740 Si
3001 2687 3250 2756 denique
3298 2688 3575 2757 Spiritum

1878 2781 2139 2828 sanctum
2180 2775 2319 2828 dicis
2359 2775 2439 2828 sic
2495 2775 2808 2839 doctorem,
2866 2775 3219 2839 ducatorem,
3282 2777 3576 2831 illumina-

1877 2863 2601 2928 torem,sanctiﬁcatorem,
2634 2869 2693 2931 ut
2722 2863 2842 2915 haec
2891 2879 3067 2933 opera
3112 2880 3215 2917 nec
3269 2866 3422 2919 Patri
3471 2882 3573 2919 au-

1880 2952 2013 3006 deas
2035 2953 2279 3016 auferre,
2328 2967 2429 3004 nec
2476 2951 2640 3017 Filio,
2674 2952 2787 3003 ista
2829 2958 2929 3004 tua
2959 2952 3129 3005 etiam
3189 2958 3383 3006 nostra
3440 2959 3575 3007 sunt

1878 3041 2071 3093 verba.
2102 3063 2128 3087 ››
2166 3042 2292 3093 Haec
2324 3044 2549 3093 sanctus
2582 3040 2938 3109 Augustinus
2987 3040 3257 3093 adversus
3309 3042 3568 3095 Arianos.

1880 3130 2120 3182 Videant
2150 3129 2243 3181 isti
2276 3130 2436 3197 cujus
2464 3128 2641 3181 velint
2684 3144 2807 3181 esse
2864 3128 2997 3181 ﬁdei
3037 3129 3123 3181 vel
3173 3128 3571 3198 imperatores,

1877 3220 1964 3271 vel
2012 3218 2403 3271 Ariomanitas.
2459 3217 2518 3271 Si
2571 3222 2784 3287 negant
2845 3216 3123 3286 Spiritum
3172 3223 3430 3271 sanctum
3502 3219 3573 3271 de

1878 3310 2041 3360 Patre
2074 3306 2328 3375 Filioque
2365 3306 2693 3375 procedere,
2720 3306 3010 3359 catholica:
3050 3306 3182 3359 ﬁdei
3211 3312 3569 3376 repugnant;

1877 3402 1933 3449 et
1976 3395 2173 3447 Ariani
2215 3396 2497 3465 dogmatis
2542 3399 2851 3448 assertores
2889 3394 3240 3447 efﬁciuntur.
3300 3396 3461 3458 Quod
3526 3397 3573 3448 si

1876 3484 2138 3536 catholici
2188 3488 2340 3546 sunt,
2393 3488 2448 3536 et
2503 3485 2751 3536 oderunt
2792 3483 2954 3553 pravi
3022 3482 3309 3552 dogmatis
3365 3483 3574 3537 falsita-

1875 3578 2012 3638 tem,
2047 3588 2162 3625 non
2196 3576 2442 3641 arguunt
2474 3571 2719 3636 Latinos,
2754 3571 2869 3624 imo
2908 3571 3241 3624 catholicam
3295 3571 3574 3625 conﬁten-

1874 3668 2012 3728 tem,
2046 3661 2319 3730 Spiritum
2350 3665 2607 3713 sanctum
2638 3660 2707 3713 de
2740 3662 2900 3713 Patre
2933 3660 3189 3729 Filioque
3223 3660 3568 3727 procedere:

1875 3751 1980 3803 ista
2014 3750 2284 3819 quoniam
2332 3764 2563 3817 negare,
2620 3748 2844 3801 Arianae
2902 3747 3158 3817 perﬁdiae
3201 3748 3567 3801 manifestum

1875 3845 1958 3891 est
1989 3838 2332 3891 consentire.

1948 3922 2084 3974 Item
2117 3919 2177 3971 in
2209 3918 2411 3971 eodem
2459 3916 2604 3970 libro
2659 3920 2795 3985 (cap.
2828 3915 2910 3985 14)
2948 3933 2959 3969 :
3019 3935 3047 3965 α
3096 3916 3311 3980 Quaeris
3336 3935 3371 3971 a
3422 3934 3513 3972 me
3548 3938 3564 3972 :

1876 4010 2173 4077 (nimirum
2194 4008 2498 4062 Maximum
2528 4006 2804 4060 Ariauum
2836 4006 3227 4075 interpellans,
3257 4006 3350 4059 cui
3379 4008 3568 4077 loque-

1875 4098 2061 4167 batur)
2094 4098 2142 4150 si
2172 4098 2240 4151 de
2272 4096 2587 4150 substantia
2618 4095 2792 4147 Patris
2823 4100 2907 4147 est
2939 4095 3133 4160 Filius,
3185 4096 3254 4149 de
3300 4096 3568 4150 substan-

1874 4188 1953 4241 tia
1981 4187 2159 4241 Patris
2191 4191 2276 4240 est
2303 4185 2548 4256 Spiritus
2606 4189 2853 4250 sanctus,
2888 4200 2989 4237 cur
3039 4200 3189 4237 unus
3243 4184 3415 4238 Filius
3471 4186 3564 4252 sit,

1876 4281 1931 4329 et
1955 4276 2100 4329 alius
2131 4292 2246 4329 non
2278 4275 2349 4328 sit
2379 4274 2595 4329 Filius?
2632 4275 2766 4327 Ecce
2798 4274 3137 4344 respondeo,
3192 4274 3307 4327 sive
3354 4275 3563 4344 capias,

1804 4372 1843 4423 ι)
1874 4364 1985 4417 sive
2019 4381 2132 4417 non
2162 4364 2350 4433 capias
2384 4379 2396 4417 :
2443 4365 2517 4416 De
2560 4364 2727 4416 Patre
2775 4368 2861 4415 est
2907 4363 3102 4427 Filius,
3143 4363 3210 4416 de
3259 4365 3427 4417 Patre
3467 4369 3569 4416 est

1873 4453 2119 4522 Spiritus
2157 4458 2410 4516 sanctus;
2464 4451 2562 4504 sed
2624 4451 2719 4503 ille
2771 4450 3019 4519 genitus,
3060 4450 3167 4503 iste
3228 4448 3563 4519 procedens.

1872 4541 2003 4594 Ideo
2034 4541 2130 4594 ille
2164 4540 2337 4593 Filius
2367 4544 2450 4592 est
2493 4538 2693 4603 Patris,
2725 4537 2796 4591 de
2847 4554 2959 4607 quo
3010 4542 3096 4591 est
3148 4537 3406 4606 genitus;
3460 4536 3565 4589 iste

1871 4632 2059 4680 autem
2094 4627 2369 4697 Spiritum
2400 4626 2717 4695 utriusque.
2757 4625 3029 4694 quoniam
3063 4624 3130 4677 de
3156 4629 3395 4692 utroque
3424 4639 3564 4692 pro-

1870 4717 2038 4771 cedit.
2087 4737 2108 4763 ι
2148 4716 2399 4786 Negabat
2426 4715 2760 4769 Maximinus
2812 4713 3073 4775 Arianus,
3128 4716 3328 4764 contra
3392 4725 3562 4780 quem

1870 4805 1987 4875 agit
2020 4806 2218 4858 beatus
2248 4803 2618 4873 Augustinus,
2664 4800 2941 4869 Spiritum
2996 4802 3252 4853 sanctum
3302 4798 3371 4851 de
3400 4798 3562 4851 Patre

1868 4894 2197 4963 procedere.
2252 4892 2482 4946 Dicebat
2512 4892 2666 4943 enim
2723 4904 2852 4940 eum
2910 4887 3194 4940 minorem
3244 4886 3404 4951 Filio,
3458 4901 3562 4939 nec

1868 4981 2408 5037 consubstantialem
2441 4978 2613 5041 Patri,
2648 4977 2841 5029 volens
2872 4990 3150 5027 evacuare
3208 4973 3363 5043 quod
3414 4974 3560 5027 ﬁdes

1867 5069 2145 5123 catholica
2166 5073 2340 5133 tenet,
2384 5064 2659 5134 Spiritum
2710 5066 2970 5115 sanctum
3016 5061 3557 5115 consubstantialem

1866 5156 2018 5210 Patri
2068 5153 2338 5222 Filioque.
2385 5154 2450 5206 Et
2503 5150 2633 5202 ideo
2694 5146 2964 5201 dicebat:
3015 5147 3071 5200 Si
3125 5148 3195 5201 de
3243 5148 3561 5202 substantia

1866 5242 2045 5296 Patris
2116 5241 2263 5293 foret
2320 5237 2563 5307 Spiritus
2631 5237 2879 5299 sanctus,
2940 5233 3084 5285 sicut
3121 5233 3191 5287 de
3247 5234 3560 5288 substantia

1867 5330 2047 5385 Patris
2076 5332 2160 5382 est
2190 5326 2382 5391 Filius,
2433 5338 2553 5377 esse
2595 5322 2719 5390 jam
2748 5325 3168 5390 consequenter
3213 5322 3356 5375 duos
3411 5322 3558 5375 ﬁlios

1865 5472 1995 5526 dem
2015 5460 2793 5538 Augustinilocumattexuit‘,
2810 5459 2919 5512 hoc
2959 5464 3185 5513 tantum
3237 5462 3554 5530 legebatur,

1862 5545 2033 5597 vitam
2054 5534 2339 5608 procedere
2359 5536 2424 5587 de
2444 5534 2553 5597 illo,
2584 5536 2690 5584 etc.
