3890 6230
336 310 429 362 29!
1489 309 1846 364 BATRAMNI
1890 310 2346 366 COHBEIENSIS
2381 308 2689 366 MONACHI
3735 315 3822 368 292

336 444 438 498 Cui
459 444 809 514 respondens
837 444 1036 498 beatus
1071 445 1442 513 Augustinus,
1486 445 1624 498 dicit
1674 461 1806 499 eum
1854 451 1908 499 et
1949 446 2016 499 de
2055 450 2096 498 A
2131 447 2426 516 putatione
2491 447 2846 501 demonstrat
2899 463 3020 502 esse
3083 449 3318 519 quidem
3382 450 3455 505 de
3527 451 3821 506 substantia

334 533 496 585 Patre
536 532 862 601 procedere,
922 532 1195 601 quoniam
1250 534 1506 598 ejusdem
1555 540 1641 587 est
1670 551 1796 587 cum
1862 535 2024 587 Patre

333 619 694 685 substantiae;
730 637 830 672 nec
868 625 1056 673 tamen
1097 637 1216 673 esse
1266 621 1492 688 Filium,
1561 624 1834 692 quoniam
1909 639 2022 676 non

332 715 416 761 est
445 715 632 774 natus,
695 710 790 763 sed
847 710 1208 779 procedens:
1273 711 1444 763 Filius
1496 727 1744 780 namque
1793 711 1893 780 qui
1943 717 2024 764 est

333 802 520 861 natus,
564 803 649 850 est
717 798 786 851 de
836 798 1151 850 substantia
1200 798 1399 864 Patris,
1461 805 1518 852 et
1562 799 1768 852 idcirco
1825 798 2018 859 Filius,

331 884 465 954 quia
492 891 678 938 natus.
712 891 779 940 At
807 903 936 939 vero
970 886 1212 956 Spiritus
1263 893 1509 951 sanctus,
1567 903 1899 957 quanquam
1952 889 2016 939 sit

330 972 400 1027 de
427 975 743 1026 substantia
785 975 978 1040 Patris,
1013 990 1124 1028 non
1152 981 1237 1028 est
1267 979 1459 1028 tamen
1494 976 1685 1041 Filius,
1719 975 1854 1044 quia
1907 993 2021 1029 non

331 1068 416 1113 est
444 1062 688 1130 genitus.
726 1063 982 1116 Procedit
1011 1069 1203 1115 autem
1232 1064 1302 1116 de
1336 1063 1651 1116 substantia
1697 1064 1842 1129 Filii,
1885 1082 2022 1135 quo-

329 1151 484 1202 niam
518 1156 604 1203 est
639 1152 931 1221 utriusque
963 1151 1227 1221 Spiritus,
1260 1158 1316 1204 et
1361 1153 1860 1206 consubstantialis
1907 1171 2022 1207 am-

327 1237 555 1291 borum.
589 1240 703 1292 Hoc
732 1239 830 1308 qui
862 1246 1049 1308 negat,
1082 1239 1304 1293 Arianis
1327 1242 1612 1294 consentit
1643 1247 1698 1294 et
1725 1243 2019 1296 catholicae

331 1327 465 1380 ﬁdei
496 1327 848 1381 contradicit.

400 1416 702 1484 Sequitur:
734 1435 760 1466 (ι
794 1415 902 1470 Sed
934 1417 1062 1469 ideo
1103 1433 1231 1470 cum
1273 1417 1341 1470 de
1399 1418 1497 1470 illo
1544 1418 1718 1471 Filius
1765 1418 2022 1489 loquere-

329 1508 439 1568 tur,
473 1504 553 1556 ait
581 1523 597 1556 :
634 1507 709 1558 De
739 1507 900 1558 Patre
928 1504 1170 1572 procedit
1203 1506 1376 1573 (Joun.
1434 1521 1524 1573 xv,
1559 1508 1650 1575 26)
1688 1522 1700 1559 ;
1744 1507 2019 1576 quoniam

331 1592 493 1643 Pater
525 1591 902 1660 processiunis
924 1593 1048 1662 ejus
1083 1599 1167 1645 est
1198 1599 1415 1660 auctor,
1449 1593 1547 1664 qui
1585 1596 1756 1648 talem
1816 1596 2018 1648 Filium

326 1679 541 1747 genuit,
579 1684 634 1731 et
663 1680 948 1750 gignendo
982 1681 1035 1732 ei
1065 1680 1217 1733 dedit
1248 1688 1307 1732 ut
1337 1681 1510 1733 etiam
1542 1681 1611 1734 de
1643 1681 1768 1750 ipso
1817 1699 2014 1751 proce-

329 1767 752 1837 deretSpiritus
778 1773 1023 1821 sanctus.
1059 1769 1200 1823 Nam
1229 1768 1273 1821 si
1320 1787 1433 1822 non
1473 1770 1808 1839 procederet
1854 1779 1908 1824 et
1950 1771 2018 1824 de

328 1855 472 1924 ipso,
499 1872 612 1908 non
637 1856 851 1910 diceret
893 1857 1184 1926 discipulis
1216 1873 1228 1911 :
1285 1859 1531 1926 Accipite
1588 1859 1856 1925 Spiritum
1887 1874 2019 1912 san-

329 1950 469 1997 ctum
504 1943 679 2013 (Joan.
723 1946 963 2012 xx,22);
1017 1961 1263 2013 eumque
1324 1946 1667 1999 iusut‘tlando
1725 1945 1904 2012 daret,
1963 1952 2023 2000 ut

329 2048 360 2085 a
391 2049 448 2084 se
480 2048 708 2101 quoque
752 2031 1059 2101 procedere
1092 2033 1457 2101 signiﬁcaret,
1517 2040 1712 2104 aperte
1765 2037 2021 2090 ostende-

328 2127 414 2173 ret
453 2120 664 2186 tlaudo,
700 2121 847 2190 quod
879 2120 1211 2189 iuspirando
1237 2121 1405 2175 dabat
1430 2123 1667 2175 occulte.
1713 2122 1854 2186 Quia
1888 2141 2022 2193 ergo

327 2209 373 2262 si
404 2215 751 2270 nasceretur,
789 2226 890 2262 nec
921 2216 1145 2262 tantum
1177 2211 1246 2263 de
1296 2211 1480 2278 Patre,
1536 2227 1638 2264 nec
1677 2217 1898 2265 tantum
1954 2215 2024 2266 de

328 2298 488 2365 Filio,
520 2298 615 2352 sed
643 2298 712 2351 de
743 2298 1018 2351 ambobus
1047 2299 1244 2368 utique
1277 2305 1605 2353 nasceretur
1642 2317 1653 2353 :
1691 2301 1811 2353 sine
1846 2301 2020 2354 dubio

329 2388 502 2441 Filius
542 2386 824 2441 diceretur
871 2387 1191 2441 amborum.
1247 2391 1326 2441 Ac
1368 2405 1469 2457 per
1519 2387 1627 2442 hoc
1669 2390 1806 2458 quia
1853 2390 2023 2444 Filius

328 2476 630 2529 amborum
660 2475 816 2528 nullo
863 2476 1029 2529 modo
1078 2482 1184 2541 est,
1232 2492 1344 2528 non
1399 2477 1652 2545 oportuit
1694 2493 1825 2530 eum
1871 2478 2024 2530 nasci

330 2563 399 2617 de
427 2565 728 2619 ambobus.
752 2566 1066 2618 Auiborum
1099 2570 1183 2617 est
1228 2581 1364 2633 ergo
1411 2565 1674 2634 Spiritus,
1709 2566 2022 2634 proceden-

331 2652 402 2705 do
427 2654 496 2706 de
527 2655 828 2707 ambobus.
869 2676 887 2701 ι
923 2653 1219 2723 Approbat
1263 2653 1415 2722 quod
1449 2655 1517 2706 de
1566 2653 1704 2706 Filio
1751 2655 2024 2724 procedat

332 2741 572 2810 Spiritus
603 2748 853 2807 sanctus,
886 2748 942 2796 et
997 2743 1102 2795 hoc
1154 2742 1396 2794 voluisse
1431 2743 1749 2810 signiﬁcare
1794 2743 2021 2810 Filium,

330 2845 457 2882 cum
491 2831 558 2884 de
597 2831 694 2884 illo
725 2832 1058 2901 loqueretur
1088 2831 1148 2884 in
1178 2830 1505 2899 Evangelio,
1540 2831 1732 2884 dicens
1767 2848 1779 2886 :
1817 2835 1885 2884 De
1913 2834 2023 2886 Ρα-

331 2926 410 2972 tre
433 2919 696 2987 procedit.
728 2920 848 2973 Non
879 2920 1032 2972 enim
1065 2937 1131 2973 eo
1163 2920 1336 2972 modo
1387 2919 1533 2972 dixit
1569 2920 1677 2973 hoc
1729 2927 1792 2974 ut
1832 2937 1962 2973 eum
1992 2939 2024 2974 a

330 3023 388 3060 se
419 3015 656 3076 negaret
685 3007 1016 3076 procedere,
1050 3008 1147 3061 sed
1186 3008 1587 3061 auctoritatem
1644 3009 2024 3077 processionis

330 3093 528 3146 retulit
557 3093 628 3147 ad
658 3095 904 3160 Patrem,
952 3095 1051 3164 qui
1102 3097 1270 3148 talem
1318 3096 1517 3165 genuit
1569 3097 1795 3160 Filium,
1855 3102 1910 3149 et
1938 3097 2024 3149 illi

328 3181 616 3252 gignendo
645 3182 903 3248 contulit,
949 3189 1008 3235 ut
1059 3199 1173 3236 non
1231 3183 1414 3236 solum
1473 3183 1542 3236 de
1603 3185 1786 3251 Patre,
1824 3200 2021 3238 verum

328 3271 501 3324 etiam
529 3271 598 3324 de
631 3272 771 3325 Filio
800 3271 1135 3341 procederet
1171 3272 1416 3342 Spiritus
1473 3280 1724 3326 sanctus.
1782 3275 1847 3327 Et
1917 3276 2024 3329 hoc

327 3361 574 3414 afﬁrmat
594 3376 660 3414 ex
693 3360 805 3414 alio
827 3361 1179 3428 testimonio,
1216 3378 1329 3432 quo
1365 3367 1490 3432 post
1546 3364 2022 3419 resurrectionem

326 3466 607 3520 apparens
635 3449 928 3519 discipulis
962 3449 1222 3504 Salvator
1277 3452 1399 3504 ait:
1462 3454 1708 3520 Accipite
1756 3455 2024 3521 Spiritum

325 3544 590 3593 sanctum.
627 3540 691 3593 Et
716 3555 788 3593 ne
812 3539 1000 3594 verbis
1027 3545 1270 3601 tantum,
1299 3556 1496 3594 verum
1537 3545 1711 3594 etiam
1763 3542 2020 3596 insufﬂa-

327 3628 480 3681 tioue
511 3627 670 3682 daret
698 3629 844 3698 quod
879 3647 976 3683 eos
998 3630 1252 3698 accipere
1279 3629 1536 3697 Jubebat,
1560 3631 1695 3684 dicit
1727 3633 1877 3701 quod
1927 3631 2018 3684 in-

325 3717 604 3772 sul'tlando
646 3719 866 3772 locutus
902 3719 973 3772 sit
1003 3719 1296 3788 discipulis
1357 3725 1416 3772 ut
1459 3719 1783 3789 acciperent
1842 3719 2020 3790 Spiri-

326 3811 448 3859 tum
493 3815 782 3872 sanctum;
834 3824 1083 3878 eumque
1114 3809 1461 3862 insufﬁando
1501 3808 1746 3870 dederit,
1804 3808 2022 3878 signiﬁ-

326 3911 459 3948 cans
506 3904 700 3965 aperte
749 3896 937 3950 ﬂando
988 3915 1019 3949 a
1065 3914 1123 3951 se
1169 3899 1498 3968 procedere,
1547 3898 1700 3967 quod
1752 3897 2022 3963 spirando

327 3984 498 4037 dabat
517 3987 754 4038 occulte.
790 3985 1008 4038 Pariter
1054 4003 1285 4056 quoque
1337 3987 1560 4040 solvens
1616 3987 2018 4056 quaestionem,

330 4088 399 4124 ne
427 4072 600 4125 Filius
639 4075 712 4126 sit
743 4074 1042 4127 amborum
1073 4075 1350 4143 quoniam
1396 4075 1652 4145 procedit
1699 4075 1770 4128 ab
1827 4075 2025 4128 ambo-

329 4160 456 4225 bus,
508 4160 652 4214 sicut
699 4162 962 4231 impietas
1019 4162 1226 4216 Ariana
1286 4162 1762 4226 calumniabatur,
1807 4163 2019 4230 dicens,

334 4270 358 4295 α
400 4247 544 4310 Quia
602 4248 649 4300 si
699 4257 1025 4302 nasceretur
1054 4250 1296 4319 Spiritus
1340 4255 1587 4316 sanctus,
1641 4267 1757 4303 non
1800 4255 2021 4304 tantum

2134 537 2316 589 Patris
2371 536 2668 606 Spiritum,
2755 553 2859 589 nec
2915 543 3106 590 tamen
3187 555 3306 592 esse
3375 539 3624 606 Filium;
3696 558 3818 610 quo-

2133 625 2286 676 niam
2347 641 2461 676 non
2528 629 2612 677 est
2661 623 2816 677 idem
2873 625 3203 694 procedere,
3265 627 3424 696 quod
3483 633 3570 680 est
3667 630 3814 684 nasci.

2207 713 2346 764 lliuc
2402 718 2816 782 consequenter
2873 714 3114 768 intulit:
3153 738 3173 763 ι
3209 714 3354 778 Quid
3414 721 3613 770 autem
3693 717 3820 770 inter

2132 801 2286 852 nasci
2319 807 2376 852 et
2421 801 2726 868 procedere
2774 801 3020 869 intersit,
3081 804 3150 857 de
3209 804 3306 856 illa
3367 806 3822 860 excellentissima

2133 904 2336 941 natura
2375 891 2636 959 loquens,
2682 891 2966 959 explicare
3020 890 3150 961 quis
3209 892 3434 962 potest?
3491 894 3619 947 Non
3671 911 3818 948 omne

2131 978 2287 1048 quod
2346 979 2602 1047 procedit
2647 981 2919 1045 nascitur,
2987 981 3247 1050 quamvis
3305 998 3479 1035 omne
3561 985 3819 1052 procedat

2129 1067 2278 1136 quod
2310 1069 2584 1130 nascitur;
2619 1067 2764 1120 sicut
2797 1084 2912 1120 non
2939 1084 3106 1122 omne
3137 1071 3289 1139 quod
3322 1070 3486 1139 bipes
3515 1079 3622 1137 est,
3666 1072 3818 1126 homo

2130 1161 2239 1219 est;
2275 1156 2534 1224 quamvis
2568 1155 2726 1225 bipes
2756 1157 2828 1208 sit
2859 1157 3046 1209 omnis
3077 1157 3177 1227 qui
3209 1158 3379 1212 homo
3397 1166 3501 1213 est.
3532 1161 3652 1213 Hoc
3682 1162 3814 1214 scio:

2128 1244 2477 1312 distinguere
2506 1251 2700 1297 autem
2732 1244 2882 1298 inter
2910 1246 3066 1298 illam
3108 1249 3545 1315 generationem
3578 1256 3638 1300 et
3691 1251 3817 1302 hanc

2131 1332 2573 1402 processionem,
2633 1333 2841 1398 nescio,
2908 1349 3024 1386 non
3085 1336 3260 1399 valeo,
3318 1349 3435 1386 non
3496 1333 3724 1385 sufﬁcio
3791 1356 3812 1379 η

2130 1421 2388 1474 Testatur
2404 1421 2602 1474 doctor
2631 1421 2893 1486 eximius,
2919 1428 2975 1474 et
3012 1421 3412 1474 haereticorum
3467 1427 3817 1490 expugnator

2129 1509 2679 1574 vehementissimus,
2742 1510 3019 1580 Spiritum
3069 1516 3328 1562 sanctum
3386 1525 3501 1562 non
3561 1527 3687 1562 esse
3725 1511 3817 1577 ,Fi-

2130 1598 2290 1659 lium,
2326 1601 2422 1667 qui
2455 1615 2568 1650 non
2601 1604 2684 1651 est
2709 1605 2897 1663 natus,
2925 1598 3020 1651 sed
3062 1597 3332 1668 procedit,
3385 1614 3498 1650 non
3549 1614 3584 1648 a
3653 1597 3816 1650 Patris

2129 1692 2353 1738 tantum
2386 1687 2718 1751 substantia,
2753 1687 2851 1739 sed
2883 1686 3057 1738 etiam
3086 1703 3114 1738 a
3152 1686 3471 1754 Filii.;Cum
3517 1691 3716 1738 autem
3757 1687 3819 1737 sit

2133 1775 2430 1844 utriusque
2481 1775 2814 1828 substantiae
2861 1791 3114 1838 consors,
3163 1781 3226 1827 ut
3273 1781 3404 1844 pote
3449 1775 3816 1828 consubstan-

2130 1863 2299 1929 tialis,
2336 1869 2392 1916 et
2429 1863 2650 1916 dicatur
2679 1864 2746 1917 de
2791 1865 2956 1916 Patre
3005 1864 3310 1932 procedere
3340 1864 3410 1917 de
3456 1881 3575 1934 quo
3627 1870 3687 1917 et
3730 1880 3819 1916 na-

2130 1953 2303 2004 scitur
2337 1951 2528 2017 Filius,
2565 1967 2681 2004 non
2713 1967 2885 2020 prava
2935 1951 3174 2004 vertitur
3226 1952 3487 2022 quaestio,
3552 1952 3700 2022 quid
3763 1953 3823 2004 sit

2132 2041 2282 2094 inter
2311 2041 2667 2094 nativitatem
2698 2047 2752 2093 et
2782 2041 3225 2110 processionem.
3293 2043 3355 2094 Et
3383 2040 3699 2095 conﬁtetur
3765 2042 3823 2093 de

2131 2128 2228 2181 illa
2258 2129 2731 2182 excellentissima
2776 2140 2979 2180 natura
3020 2145 3135 2181 non
3187 2132 3372 2181 Solum
3430 2129 3562 2195 sibi,
3633 2145 3822 2182 verum

2133 2217 2275 2269 nulli
2305 2216 2634 2270 mortalium
2669 2216 2937 2286 possibile
2987 2218 3104 2270 fore
3154 2218 3525 2287 distinguere,
3582 2218 3724 2288 quid
3763 2221 3826 2270 sit

2132 2306 2281 2358 inter
2310 2305 2465 2358 nasci
2497 2311 2551 2358 et
2585 2306 2930 2375 procedere;
2986 2306 3247 2375 quamvis
3310 2306 3826 2377 comprehendatur

2131 2396 2283 2467 quod
2332 2412 2447 2448 non
2491 2411 2662 2448 omne
2705 2396 2858 2465 quod
2919 2396 3196 2464 procedit,
3242 2401 3536 2461 nascatur;
3576 2400 3823 2448 attamen

2132 2502 2300 2538 omne
2331 2483 2644 2554 procedens
2675 2489 2760 2536 est
2791 2483 2946 2552 quod
2974 2483 3228 2536 nascitur
3260 2500 3272 2536 :
3301 2500 3418 2536 non
3455 2484 3618 2536 enim
3647 2490 3826 2554 potest

2131 2573 2344 2644 aliquid
2368 2571 2543 2638 nasci,
2577 2572 2622 2624 si
2647 2588 2758 2624 non
2793 2571 3068 2640 procedat
3098 2587 3162 2624 ex
3196 2588 3264 2624 eo
3293 2573 3362 2626 de
3395 2589 3508 2643 quo
3543 2573 3826 2640 nascitur,

2135 2669 2196 2716 ut
2231 2661 2382 2715 ﬁlius
2423 2677 2490 2714 ex
2549 2667 2806 2730 parente.
2855 2660 2998 2714 Cum
3058 2661 3214 2714 enim
3261 2678 3328 2714 ex
3398 2662 3635 2715 secretis
3690 2662 3826 2715 uteri

2132 2749 2377 2804 materni
2409 2749 2664 2818 procedit
2685 2748 2743 2801 in
2773 2749 2982 2812 lucem,
3017 2748 3228 2802 dicitur
3258 2751 3434 2812 nasci,
3467 2752 3566 2805 sed
3598 2768 3722 2806 non
3754 2753 3824 2804 ita

2132 2854 2262 2891 cum
2295 2837 2554 2908 procedit
2575 2853 2642 2890 ex
2683 2837 2911 2890 secretis
2959 2837 3136 2907 patris
3172 2838 3232 2891 in
3277 2844 3538 2892 matrem.
3597 2841 3827 2892 Proces-

2133 2927 2354 2980 sionem
2383 2926 2597 2996 quippe
2618 2941 2829 2996 negare
2845 2942 2960 2979 non
2991 2927 3262 2993 valemus,
3288 2943 3418 2980 cum
3448 2927 3549 2980 ﬁat
3577 2927 3828 2981 deﬁuxio

2063 3037 2102 3093 ρ
2133 3014 2367 3069 seminis
2396 3013 2455 3068 in
2488 3021 2713 3068 uterum
2748 3014 2964 3081 matris,
2997 3014 3065 3068 de
3098 3031 3213 3084 quo
3264 3020 3462 3084 postea
3493 3015 3650 3068 titius
3703 3033 3827 3086 pro-

2131 3105 2337 3158 cedens
2367 3094 2533 3156 natus
2565 3119 2686 3156 esse
2708 3101 2935 3156 dicitur.
2965 3103 3090 3156 Non
3111 3103 3220 3156 ista
3260 3103 3503 3156 dicimus
3535 3105 3698 3157 velut
3729 3107 3830 3158 alio

2131 3198 2392 3262 tempore
2439 3191 2508 3245 de
2557 3192 2719 3244 Patre
2773 3192 3113 3260 processerit
3169 3191 3437 3262 Spiritus,
3493 3197 3552 3245 et
3599 3194 3721 3247 alio
3769 3195 3831 3247 de

2133 3282 2307 3347 Filio;
2352 3297 2550 3333 verum
2591 3281 2895 3334 ostendere
2957 3280 3209 3334 volentes
3259 3297 3373 3334 non
3421 3297 3661 3335 omnem
3706 3301 3830 3353 pro-

2131 3371 2446 3426 cessionem
2469 3386 2593 3423 esse
2618 3369 3080 3439 generationem;
3112 3386 3342 3423 omnem
3395 3378 3594 3424 autem
3644 3370 3832 3442 [gene-

2131 3460 2413 3513 rationem
2464 3475 2584 3511 esse
2633 3458 3054 3527 processionem
3088 3475 3100 3512 :
3134 3460 3278 3512 sicut
3331 3475 3446 3512 non
3479 3476 3654 3513 omne
3683 3461 3833 3531 quod

2130 3551 2292 3619 bipes
2327 3553 2430 3614 est,
2460 3549 2635 3600 homo
2666 3551 2783 3612 est;
2829 3549 3088 3616 quamvis
3136 3546 3299 3617 bipes
3349 3547 3424 3600 sit
3481 3550 3678 3601 omnis
3741 3552 3832 3618 qui

2131 3638 2307 3692 homo
2339 3641 2440 3688 est.
2480 3636 2593 3688 lloc
2624 3636 2771 3704 quod
2805 3635 2966 3704 ponit
2981 3638 3327 3704 exemplum,
3360 3642 3601 3705 propter
3630 3637 3834 3690 distin-

2130 3723 2377 3776 ctionem
2409 3723 2569 3791 ponit
2589 3721 2899 3775 nativitatis
2931 3729 2987 3775 et
3014 3723 3417 3792 processionis;
3458 3739 3577 3776 non
3637 3731 3835 3778 tamen

2131 3811 2360 3880 proprie
2393 3810 2715 3879 signiﬁcans
2744 3809 2882 3879 quid
2921 3810 2992 3863 sit
3020 3811 3173 3863 naSei
3204 3811 3290 3863 vel
3326 3811 3665 3880 procedere,
3740 3815 3837 3866 sed

2132 3899 2308 3952 veluti
2329 3915 2457 3951 cum
2499 3898 2748 3951 dicitur:
2784 3898 2922 3968 quid
2953 3900 3019 3952 sit
3052 3898 3289 3967 species,
3321 3899 3458 3969 quid
3503 3899 3582 3952 sit
3629 3915 3835 3968 genus.

2131 3985 2302 4055 Bipes
2340 3987 2494 4039 enim
2539 4002 2720 4055 genus
2766 3992 2852 4039 est
2904 3987 3026 4055 ejus
3068 3987 3274 4057 speciei
3307 4004 3434 4058 quae
3483 3994 3573 4040 est
3624 3989 3838 4053 homo;

2132 4075 2307 4129 homo
2358 4076 2575 4144 species
2617 4081 2704 4128 est
2743 4077 2866 4144 ejus
2921 4077 3148 4145 generis
3197 4079 3348 4146 quod
3399 4082 3483 4129 est
3526 4077 3736 4146 bipes;
3796 4080 3839 4130 si

2133 4180 2316 4234 genus
2339 4165 2681 4226 consideres,
2720 4170 2777 4217 et
2809 4167 3000 4232 homo,
3038 4171 3092 4217 et
3122 4165 3349 4218 volatile
3381 4165 3623 4236 bipedes
3667 4175 3840 4230 sunt;

2133 4254 2180 4306 si
2237 4252 2506 4321 speciem,
2557 4251 2729 4305 homo
2787 4252 2946 4322 bipes
2998 4259 3100 4306 est.
3165 4255 3378 4308 Idcirco
3435 4254 3586 4308 dixit
3633 4272 3647 4308 :
3715 4257 3842 4309 Non

333 4341 658 4389 nasceretur
687 4335 756 4388 de
796 4337 977 4397 Patre,
1027 4353 1130 4390 nec
1176 4343 1398 4390 tantum
1450 4342 1782 4391 nasceretur
1826 4339 1895 4392 de
1939 4340 2022 4393 Fi-
2063 4337 2104 4390 ι)
2134 4357 2304 4395 omne
2363 4341 2522 4411 bipes
2574 4341 2779 4406 homo;
2848 4341 3121 4411 quoniam
3184 4343 3289 4395 hoc
3351 4343 3608 4410 generali
3668 4361 3841 4397 voca-

335 4425 438 4489 lio;
473 4444 497 4472 n
525 4423 1070 4494 quoniamprocedit
1092 4425 1162 4478 ab
1183 4431 1447 4495 utroque.
1468 4427 1736 4491 Procedit,
1763 4427 2020 4498 inquam,

333 4529 448 4566 non
498 4512 794 4566 nascitur:
837 4513 932 4567 sed
963 4514 1032 4567 de
1088 4514 1365 4568 ambobus
1426 4515 1620 4585 utique
1676 4521 2020 4582 nasceretur,

331 4602 602 4672 quoniam
636 4601 893 4672 procedit
923 4603 993 4656 ab
1027 4602 1336 4668 ambobus;
1376 4609 1431 4656 et
1460 4602 1744 4656 diceretur
1774 4603 1896 4656 sine
1923 4604 2025 4658 du-

333 4691 424 4744 bio
459 4691 628 4745 Filius
659 4690 982 4745 amborum.
1022 4692 1180 4744 Nunc
1238 4696 1428 4744 autem
1475 4698 1797 4745 removetur
1847 4707 2022 4762 gene-

331 4781 475 4834 ratio
507 4781 776 4852 Spiritus,
829 4780 1103 4851 quoniam
1162 4795 1279 4832 non
1325 4786 1411 4832 est
1449 4779 1621 4833 Filius
1664 4797 1767 4834 nec
1815 4781 2020 4848 Patris,

333 4885 434 4923 nec
461 4871 796 4936 amborum;
839 4887 902 4923 ac
964 4873 1268 4939 propterea
1309 4884 1425 4922 non
1480 4869 1734 4939 oportuit
1771 4869 1926 4922 nasci
1954 4869 2024 4924 de

332 4958 641 5024 ambobus;
672 4957 946 5028 quoniam
969 4957 1069 5026 qui
1108 4955 1459 5010 nativitatem
1491 4971 1607 5009 non
1645 4955 1836 5023 habet,
1879 4957 2023 5011 ﬁlie-

333 5051 508 5101 tatem
567 5048 798 5113 refutat,
857 5051 913 5100 et
961 5047 1061 5117 qui
1118 5046 1272 5100 ﬁlius
1323 5063 1438 5100 non
1494 5051 1602 5114 est,
1651 5047 1808 5100 nasci
1864 5048 2024 5100 nullo

335 5135 504 5189 modo
537 5135 753 5189 debuit.
788 5136 885 5188 Est
917 5142 1108 5190 autem
1161 5136 1462 5190 amborum
1513 5135 1759 5206 Spiritus
1818 5151 2022 5205 proce-

332 5224 520 5277 dendo
564 5224 633 5276 de
683 5223 980 5277 ambobus.
1036 5223 1322 5278 Subvertit
1372 5224 1549 5294 igitur
1611 5224 1884 5278 Arianam
1930 5240 2023 5277 ca-

333 5311 634 5377 lumniam,
681 5311 941 5364 falsitatis
984 5312 1198 5366 invidia
1245 5314 1573 5380 conﬂatam,
1605 5319 1662 5366 et
1710 5312 2024 5383 impietatis

335 5398 692 5469 malignitate
769 5401 1154 5469 progenitam,
1213 5417 1464 5454 asserere
1519 5400 1849 5470 cupientem
1903 5415 2021 5453 non

335 5504 454 5540 esse
498 5487 774 5558 Spiritum
832 5490 902 5542 de
956 5489 1275 5543 substantia
1308 5490 1506 5555 Patris,
1559 5489 1695 5558 quia
1758 5488 1805 5541 si
1854 5488 2021 5553 foret,

333 5582 480 5631 esset
510 5577 701 5631 Filius.
751 5577 860 5630 Sed
917 5577 1021 5632 iste
1080 5579 1165 5630 vir
1211 5578 1521 5631 catholicus
1579 5577 1856 5630 catholica
1913 5576 2024 5628 dis-

2129 4429 2265 4483 bulo
2326 4429 2498 4482 etiam
2555 4445 2686 4482 aves
2742 4428 3331 4498 comprehenduntur.
3380 4433 3450 4482 At
3507 4446 3647 4484 vero
3708 4448 3841 4484 cum

2131 4518 2336 4572 dixeris
2400 4517 2718 4585 hominem,
2787 4517 3224 4586 comprehendis
3285 4534 3514 4571 omnem
3592 4520 3844 4590 quidem

2129 4606 2422 4661 hominem
2463 4607 2654 4672 simul,
2718 4607 2817 4660 sed
2870 4623 2986 4659 non
3043 4622 3216 4660 omne
3278 4607 3432 4676 quod
3473 4612 3557 4659 est
3622 4609 3841 4678 bipes:

2129 4695 2377 4765 amplius
2445 4695 2599 4748 enim
2675 4695 2959 4764 signiﬁcat
3032 4712 3206 4764 quam
3284 4696 3490 4762 homo;
3569 4702 3630 4749 et
3709 4699 3846 4750 ideo

2131 4786 2249 4838 liaac
2314 4783 2573 4836 deﬁnitio
2638 4799 2741 4836 nec
2821 4784 3116 4837 hominem
3204 4786 3436 4854 proprie
3521 4785 3843 4854 signiﬁcat,

2131 4889 2235 4927 nec
2307 4871 2577 4942 bipedem
2641 4873 2912 4942 proprie:
2983 4873 3063 4925 sic
3115 4878 3172 4926 et
3228 4873 3515 4943 processio
3571 4881 3632 4928 et
3685 4877 3846 4929 nati-

2129 4962 2288 5017 vitas.
2349 4962 2412 5015 In
2463 4961 2833 5032 processione
2889 4977 3143 5030 namque
3206 4968 3557 5015 monstratur
3618 4965 3848 5018 nativi-

2131 5056 2236 5114 tas,
2269 5049 2368 5103 sed
2423 5066 2543 5103 non
2583 5065 2858 5120 semper:
2911 5050 3086 5103 veluti
3136 5066 3266 5104 cum
3311 5050 3566 5104 dicitur:
3618 5055 3692 5105 De
3755 5070 3849 5106 ore

2129 5141 2390 5205 sapientis
2437 5139 2679 5205 procedit
2726 5139 2846 5192 mel.
2881 5140 2947 5192 Et
2979 5139 3278 5192 Psalmista
3307 5139 3375 5193 de
3415 5140 3571 5194 sole:
3609 5142 3690 5194 Et
3728 5146 3848 5212 ipse

2132 5229 2392 5291 tanquam
2439 5240 2669 5292 sponsus
2725 5226 3017 5294 procedens
3069 5226 3134 5279 de
3191 5226 3434 5280 thalamo
3500 5243 3597 5281 suo
3657 5229 3846 5296 (Psat.

2128 5329 2282 5378 xvm,
2334 5311 2407 5381 6).
2456 5312 2797 5368 Thalamum
2842 5329 3091 5384 namque
3141 5314 3273 5368 solis
3305 5321 3594 5368 secretum
3646 5318 3849 5386 quod-

2129 5401 2282 5466 dam,
2321 5404 2377 5454 et
2397 5399 2466 5453 ab
2493 5400 2799 5454 hominum
2831 5408 3136 5472 conspectu
3185 5411 3477 5457 remotum
3523 5406 3848 5474 signiﬁcat,

2129 5489 2282 5542 unde
2327 5489 2510 5542 lucem
2555 5488 2900 5559 praebiturus
2946 5492 3283 5544 mortalibus
3327 5491 3574 5562 singulis
3632 5494 3850 5548 diebus

2131 5576 2407 5645 procedit.
2465 5581 2536 5630 At
2595 5595 2726 5632 vero
2809 5578 3070 5632 nativitas
3123 5581 3550 5649 processionem
3607 5599 3852 5654 semper
