3890 6230
116 339 204 390 ‘293
1104 337 1372 393 CONTRA
1405 337 1808 394 GRzECORUM
1854 339 2194 396 OPl’OSl’l‘A
2259 371 2326 379 —
2361 341 2486 396 LIB.
2520 339 2613 397 ΙΙΙ.

3507 342 3609 397 294

111 471 373 539 ostendit,
402 471 543 543 quia
571 488 872 544 nunquam
911 476 1097 542 potest
1143 471 1268 525 fieri
1316 473 1436 526 sine
1482 473 1795 542 processio-
1837 479 1881 530 A
1914 490 2050 542 quor
2096 474 2244 527 vobis
2281 475 2469 543 (Joan.
2519 491 2631 540 vm,
2684 476 2755 541 2.)
2815 476 2980 529 Pater
3032 482 3225 529 autem
3257 474 3608 547 principium

111 579 213 614 ne:
270 561 561 632 quidquid
619 560 774 614 enim
833 560 1106 626 nascitur,
1159 560 1333 613 etiam
1393 561 1690 631 procedit:
1743 578 1807 614 ac

108 655 415 716 propterea
445 648 586 701 dicit
625 647 860 717 quidem
910 646 1109 700 beatus
1155 647 1507 715 Augustinus
1558 646 1692 716 quid
1738 647 1810 700 sit

106 737 404 805 generatio
435 743 494 789 et
535 736 846 806 processio,
877 735 976 788 sed
1007 736 1150 788 sicut
1180 736 1240 788 in
1274 751 1505 804 genere,
1537 737 1624 788 vel
1664 735 1810 789 sicut

105 826 164 877 in
195 827 407 895 specie,
441 843 558 879 non
590 842 722 878 vero
756 827 900 878 sicut
929 825 989 877 in
1018 824 1256 894 proprio
1283 841 1296 890 ;
1327 825 1464 878 dicit
1504 824 1659 877 enim
1687 825 1808 878 haac

104 933 165 968 se
196 916 439 982 nescire,
471 931 574 968 nec
602 915 853 984 propriis
897 913 1107 967 ﬁnibus
1141 913 1238 966 illa
1288 929 1456 981 posse
1487 913 1810 982 distingue-

101 1021 187 1058 re.
224 1005 288 1058 Et
335 1021 440 1056 cur
473 1003 632 1057 hoc?
665 1002 894 1071 subjicit
939 1018 1191 1069 causam,
1239 1001 1542 1071 inquiens:
1589 1024 1614 1049 ‹‹
1667 1002 1812 1065 Quia

103 1099 163 1146 et
191 1093 288 1146 illa
319 1101 378 1145 et
402 1094 511 1146 ista
541 1097 625 1145 est
661 1091 984 1156 inell'abilis,
1019 1092 1075 1144 id
1106 1096 1192 1144 est
1238 1092 1533 1160 generatio
1568 1091 1712 1158 Filii,
1755 1099 1812 1146 et

103 1183 401 1250 processio
434 1182 686 1251 Spiritus
733 1181 930 1234 sancti.
964 1203 992 1228 ››
1046 1181 1198 1235 Sicut
1244 1182 1522 1251 propheta
1569 1182 1639 1234 de
1670 1181 1810 1235 Filio

105 1271 373 1340 loquens,
409 1271 530 1324 ait:
576 1272 976 1326 Generationem
1023 1270 1140 1337 ejus
1192 1273 1315 1337 quis
1364 1271 1644 1323 enarrabit
1679 1272 1808 1335 (lsa.

107 1374 226 1426 Lm,
259 1363 316 1428 8)
345 1360 371 1414 ?
397 1361 475 1412 ita
514 1360 584 1413 de
615 1359 833 1428 Spiritu
861 1367 1056 1412 sancto
1085 1359 1377 1412 verissime
1407 1359 1614 1412 dicitur
1642 1376 1654 1412 :
1685 1362 1813 1412 Pro-

109 1449 429 1500 cessionem
462 1449 585 1517 ejus
608 1449 737 1517 quis
770 1448 1106 1501 enarrabit?

178 1535 402 1598 Quibus
454 1535 641 1587 verbis
690 1534 941 1588 ostendit
987 1539 1044 1586 et
1087 1533 1438 1587 nativitatem
1490 1533 1638 1602 Filii,
1670 1534 1816 1587 sicut

112 1624 543 1692 processionem
599 1621 844 1691 Spiritus
893 1622 1094 1684 sancti,
1149 1637 1265 1674 non
1319 1621 1575 1674 enarrari
1622 1638 1812 1690 posse,

111 1715 240 1782 quia
267 1712 387 1765 sint
412 1711 768 1764 inetfabiles:
805 1727 867 1762 ac
905 1715 1206 1780 propterea
1255 1726 1368 1762 non
1418 1710 1613 1763 deberi
1659 1727 1814 1762 scru-

1917 580 2027 616 uon
2051 564 2117 615 de
2144 563 2464 633 principio;
2527 562 2698 616 Filius
2757 563 3102 634 principium
3160 565 3228 618 de
3283 565 3603 635 principio:

1917 652 2016 706 sed
2051 659 2359 721 utrumque
2385 652 2574 717 simul,
2601 669 2714 705 non
2746 655 2878 717 duo,
2911 655 3006 706 sed
3037 669 3213 706 unum
3238 655 3606 724 principium.

1917 741 2073 794 Sicut
2117 745 2278 795 Pater
2336 743 2503 806 Deus,
2551 747 2607 794 et
2667 743 2839 795 Filius
2875 744 3040 807 Deus,
3072 744 3241 796 ambo
3292 750 3483 797 autem
3535 745 3609 796 si-

1921 829 2059 895 mul,
2109 846 2226 882 non
2279 829 2392 883 duo
2441 830 2540 897 dii,
2600 830 2698 883 sed
2750 847 2897 882 unus
2946 831 3113 883 Deus.
3174 832 3286 884 Nec
3333 832 3607 900 Spiritum

1918 924 2174 972 sanctum
2198 920 2265 972 de
2298 925 2541 988 utroque
2573 919 2973 988 procedentem
3025 919 3244 987 negabo
3291 936 3410 972 esse
3447 920 3611 989 priu-

1916 1006 2147 1076 cipium,
2195 1007 2292 1059 sed
2339 1007 2460 1059 haec
2493 1006 2619 1067 tria,
2654 1006 2825 1058 simul
2872 1007 3018 1058 sicut
3067 1022 3245 1058 unum
3299 1007 3497 1072 Deum,
3532 1008 3613 1059 ita

1921 1111 2096 1147 unum
2130 1095 2252 1148 dico
2284 1111 2406 1147 esse
2440 1095 2806 1165 principium.
2843 1115 2868 1144 ι)
2908 1096 3085 1163 Negat
3125 1111 3247 1147 esse
3295 1101 3613 1148 creaturam

1918 1183 2192 1253 Spiritum
2225 1190 2506 1250 sanctum,
2533 1183 2725 1236 dicens
2755 1199 2885 1236 eum
2933 1200 3054 1236 esse
3089 1182 3439 1253 principium
3469 1185 3616 1236 sicut

1919 1273 2082 1324 Pater
2114 1278 2199 1324 est
2226 1271 2596 1340 principium,
2647 1276 2705 1324 et
2754 1271 2928 1325 Filius
2972 1271 3350 1341 principium:
3385 1272 3479 1325 sed
3512 1273 3614 1324 Pa-

1921 1365 2006 1413 ter
2033 1361 2381 1430 principium
2413 1362 2482 1414 de
2517 1361 2673 1414 nullo
2697 1361 2998 1430 principio,
3031 1359 3203 1413 Filius
3236 1369 3426 1414 autem
3457 1363 3614 1430 priu-

1920 1449 2157 1519 cipium,
2218 1450 2315 1502 sed
2371 1450 2440 1502 de
2492 1451 2655 1503 Patre
2713 1451 3036 1518 principio:
3093 1449 3338 1516 Spiritus
3391 1466 3614 1519 quoque

1922 1545 2148 1590 sanctus
2190 1537 2538 1606 principium
2585 1554 2700 1590 non
2749 1539 2820 1591 de
2851 1538 3007 1590 nullo
3062 1537 3360 1607 principio,
3395 1555 3499 1591 nec
3548 1540 3615 1592 dc

1925 1629 2088 1680 Patre
2117 1629 2303 1679 solum
2356 1627 2660 1696 principio,
2712 1628 2811 1679 sed
2843 1625 2912 1680 de
2944 1632 3208 1696 utroque,
3247 1626 3302 1679 id
3335 1631 3421 1679 est
3451 1627 3614 1680 Patre

1924 1715 2212 1784 principio
2273 1715 2566 1784 Filioque:
2616 1731 2720 1767 nec
2775 1721 2968 1767 tamen
3010 1716 3120 1768 tria
3161 1714 3464 1784 principia,
3516 1715 3612 1769 sed

113 1802 214 1852 tari
249 1800 411 1871 quod
444 1816 558 1853 non
592 1799 773 1869 possit
804 1799 1096 1862 enarrari;
1132 1797 1262 1868 quia
1302 1799 1460 1851 nullo
1493 1797 1660 1850 modo
1689 1813 1814 1865 p05~
1852 1780 1894 1834 Β
1925 1821 2102 1856 unum
2137 1803 2520 1874 principium;
2579 1803 3067 1873 quemadmodum
3103 1819 3217 1856 non
3255 1807 3367 1854 tres
3395 1802 3474 1855 dii
3507 1805 3616 1856 Pa-

108 1889 173 1942 sit
207 1889 644 1959 :omprehendi.
699 1888 911 1941 Debere
962 1903 1094 1940 vero
1136 1886 1393 1939 sufﬁcere
1441 1887 1596 1956 quod
1642 1902 1814 1956 super

108 1979 192 2032 his
222 1978 523 2048 Scriptura
552 1983 747 2030 sancta
780 1981 1040 2041 testatur,
1068 1982 1264 2028 uatum
1297 1975 1501 2028 Filium
1533 1975 1601 2028 de
1624 1977 1809 2040 Patre,

108 2068 388 2137 Spiritum
439 2083 572 2119 vero
623 2070 878 2118 sanctum
933 2064 1260 2134 procedere,
1308 2079 1422 2116 non
1453 2080 1486 2115 a
1532 2065 1692 2116 Patre
1723 2081 1811 2116 so-

113 2158 252 2220 lum,
292 2171 494 2208 verum
521 2161 578 2207 et
625 2172 657 2208 a
689 2155 862 2219 Filio;
898 2154 1044 2206 sicut
1094 2158 1508 2222 consequenter
1537 2151 1811 2215 insinuat,

114 2245 338 2297 dicens:
369 2264 396 2291 c
434 2243 578 2296 Satis
608 2243 680 2295 sit
714 2259 848 2311 ergo
894 2240 1076 2305 nobis,
1116 2241 1250 2310 quia
1298 2256 1413 2292 non
1444 2245 1529 2293 est
1563 2255 1594 2292 a
1627 2239 1814 2308 seipso

114 2333 304 2397 Filius,
342 2333 444 2386 sed
476 2332 548 2384 ab
581 2331 678 2384 illo
720 2331 788 2384 de
829 2347 943 2400 quo
978 2336 1144 2382 natus
1175 2333 1279 2395 est,
1317 2345 1428 2381 non
1458 2333 1541 2381 est
1568 2345 1598 2380 a
1630 2328 1814 2398 seipso

115 2422 358 2491 Spiritus
408 2427 659 2485 sanctus,
703 2420 799 2472 sed
853 2419 923 2472 ab
993 2419 1090 2471 illo
1143 2418 1210 2472 de
1272 2435 1385 2487 quo
1437 2416 1711 2486 procedit.
1749 2419 1815 2470 Et

115 2510 245 2580 quia
295 2511 367 2564 de
423 2517 669 2579 utroque
726 2508 996 2577 procedit,
1054 2508 1199 2559 sicut
1250 2507 1369 2576 jam
1437 2505 1813 2570 ostendimus,

117 2599 262 2652 unde
302 2605 362 2652 et
413 2599 662 2668 Spiritus
708 2597 890 2650 Patris
945 2597 1126 2649 dictus
1167 2601 1273 2659 est,
1319 2595 1416 2648 ubi
1465 2595 1706 2664 legitur:
1759 2594 1816 2648 Si

115 2694 304 2741 autem
340 2687 592 2756 Spiritus
640 2687 760 2756 ejus
794 2686 892 2755 qui
949 2685 1242 2738 suscitavit
1280 2684 1567 2737 Christum
1611 2701 1642 2736 a
1672 2699 1816 2736 mor-

115 2778 243 2843 tuis,
281 2777 503 2830 habitat
552 2776 613 2828 in
653 2775 831 2828 vobis.
869 2775 935 2828 Et
963 2773 1209 2844 Spiritus
1239 2773 1384 2838 Filii,
1429 2773 1526 2826 ubi
1566 2772 1814 2841 legitur:

114 2867 218 2929 Qui
259 2872 444 2918 autem
486 2864 761 2933 Spiritum
813 2865 1018 2919 Christi
1061 2879 1167 2916 non
1215 2862 1393 2928 habet,
1446 2863 1534 2916 hic
1587 2877 1693 2914 non
1742 2866 1819 2915 est

114 2955 225 3020 ejus
253 2954 447 3019 (Rom.
485 2969 600 3017 Vlll,
635 2955 711 3021 9).
757 2974 784 3004 ι)
815 2952 914 3005 Hic
943 2952 1212 3004 adversus
1249 2951 1620 3005 Maximinum
1651 2950 1814 3003 Aria-

113 3058 250 3094 num
298 3043 500 3094 doctor
562 3041 918 3110 Augustinus
984 3056 1180 3110 agens,
1231 3039 1480 3093 ostendit
1539 3038 1815 3109 Spiritum

115 3137 377 3183 sanctum
427 3137 544 3183 tam
599 3131 668 3183 de
718 3131 884 3182 Patre
932 3145 1105 3200 quam
1153 3129 1223 3183 de
1280 3129 1419 3182 Filio
1463 3127 1815 3197 procedere;

116 3220 263 3288 quod
323 3220 426 3289 qui
473 3235 686 3290 negare
731 3218 1105 3284 contendunt,
1169 3217 1552 3272 Ariomanitas
1595 3233 1653 3269 se
1694 3217 1816 3270 fore

116 3309 488 3375 conﬁtentur,
537 3325 639 3360 nec
675 3307 1216 3360 consubstantialem
1253 3305 1530 3375 Spiritum
1562 3309 1817 3357 sanctum

119 3396 257 3449 Filio
286 3397 581 3450 fatentur:
617 3396 891 3466 quoniam
923 3396 970 3448 si
1013 3411 1125 3448 non
1159 3395 1414 3465 procedit
1448 3394 1518 3447 ab
1550 3393 1668 3461 illo,
1703 3410 1819 3447 non

116 3495 198 3537 est
249 3485 511 3554 ejusdem
555 3485 888 3538 substantiae
923 3485 1083 3554 cujus
1115 3489 1200 3537 est
1241 3483 1448 3537 Filius:
1486 3499 1549 3536 ac
1581 3499 1685 3552 per
1711 3483 1819 3536 hoc

106 3575 225 3642 jam
255 3582 356 3626 aut
377 3579 699 3626 creaturam
739 3572 1016 3642 Spiritum
1058 3576 1321 3625 sanctum
1368 3570 1813 3640 blasphemabit,

114 3671 210 3714 aut
241 3663 455 3716 Filium
485 3677 606 3715 non
638 3662 837 3715 omnia
867 3677 995 3732 quae
1030 3661 1212 3714 Patris
1251 3665 1383 3714 sunt
1412 3660 1624 3713 habere
1651 3660 1821 3714 deue-

115 3752 295 3820 gabit.
342 3752 562 3820 Negare
597 3767 730 3804 vero
763 3766 876 3804 non
904 3755 1091 3820 potest
1115 3749 1389 3820 Spiritum
1417 3755 1677 3803 sanctum
1707 3749 1822 3819 Spi-

115 3842 290 3894 ritum
345 3857 468 3892 esse
530 3840 676 3902 Filii,
752 3839 889 3893 dicit
946 3839 1100 3892 enim
1158 3837 1498 3907 Apostolus:
1558 3841 1820 3904 Quoniam

113 3933 238 3982 estis
268 3930 400 3996 ﬁlii,
432 3931 586 3982 misit
627 3931 764 3981 Deus
812 3928 1084 3996 Spiritum
1133 3927 1264 3981 Filii
1307 3928 1395 3980 sui
1444 3929 1503 3979 in
1532 3927 1695 3980 corda
1725 3943 1816 3980 no-

113 4025 243 4079 stra,
295 4016 864 4081 clamantemzAbba,
897 4017 1060 4069 Pater
1121 4015 1263 4085 (Gal.
1317 4031 1390 4081 ιν,
1443 4018 1514 4081 6).
1567 4015 1729 4079 Quod
1773 4016 1818 4069 si

114 4111 191 4158 est
217 4105 474 4175 Spiritus
519 4103 664 4170 Filii,
700 4103 844 4157 sicut
874 4104 1182 4173 Apostolus
1223 4102 1548 4170 conﬁtetur,
1583 4107 1682 4156 aut
1713 4103 1822 4156 erit

111 4194 427 4262 subjectus,
460 4194 618 4264 quod
670 4194 790 4246 vult
831 4193 1100 4255 Arianus,
1134 4192 1235 4262 qui
1267 4197 1648 4245 connumerat
1687 4208 1821 4244 eum

111 4284 427 4347 creaturis;
479 4287 580 4334 aut
611 4281 927 4351 procedens
973 4298 1040 4335 ex
1089 4280 1251 4346 Filio,
1287 4280 1443 4351 quod
1475 4280 1823 4333 conﬁtentur

1922 1899 2008 1946 ter
2039 1897 2093 1945 et
2139 1893 2310 1945 Filius
2355 1898 2408 1945 et
2457 1892 2704 1961 Spiritus
2746 1896 2991 1957 sanctus,
3045 1892 3306 1961 quamvis
3357 1890 3617 1960 singulus

1921 1998 2119 2034 eorum
2144 1981 2367 2033 dicatur
2395 1981 2577 2036 Deus:
2614 1981 2711 2034 sed
2745 1980 2803 2033 bi
2841 1988 2956 2032 tres
2986 1996 3132 2033 unus
3164 1981 3331 2033 Deus.

1996 2072 2134 2122 ltem
2183 2071 2241 2121 in
2295 2069 2710 2138 posterioribus
2758 2070 2903 2137 (cap.
2962 2072 3044 2137 1‘2)
3081 2086 3092 2121 :
3129 2088 3157 2118 α
3208 2071 3322 2122 Lux
3370 2069 3438 2122 de
3471 2069 3614 2132 luce,

1925 2159 2096 2212 Filius
2128 2159 2196 2211 de
2229 2159 2412 2219 Patre,
2447 2164 2504 2211 et
2547 2158 2715 2210 simul
2756 2158 2923 2211 ambo
2969 2160 3060 2210 lux
3097 2174 3247 2210 una:
3297 2156 3441 2210 sicut
3473 2157 3618 2210 Deus

1923 2246 1992 2299 de
2027 2248 2160 2313 Deo,
2194 2252 2249 2300 et
2298 2247 2467 2299 simul
2515 2247 2682 2300 ambo
2730 2247 2927 2316 utique
2974 2247 3121 2299 Deus
3171 2261 3358 2310 unus;
3410 2249 3468 2297 et
3515 2246 3619 2297 hoc

1921 2340 2105 2388 totum
2150 2349 2270 2389 non
2319 2335 2439 2388 sine
2473 2335 2690 2404 Spiritu
2740 2335 3063 2387 amborum.
3124 2356 3144 2380 ι
3207 2332 3370 2396 Quod
3422 2332 3619 2386 dicens

1924 2428 2165 2476 testatur
2195 2439 2326 2477 eum
2359 2425 2428 2476 ab
2473 2429 2718 2493 utroque
2749 2422 3079 2492 procedere.
3116 2423 3258 2475 Nam
3298 2421 3343 2474 si
3374 2419 3618 2490 Spiritus

1926 2515 2009 2564 est
2068 2511 2271 2576 Patris,
2328 2511 2464 2580 quia
2523 2511 2781 2581 procedit
2835 2528 2866 2563 a
2930 2512 3139 2574 Patre;
3204 2512 3620 2579 consequenter

1926 2616 2157 2670 quoque
2187 2600 2431 2668 Spiritus
2460 2606 2547 2652 est
2599 2599 2746 2666 Filii,
2782 2599 3055 2668 quoniam
3087 2599 3346 2667 procedit
3374 2598 3446 2650 ab
3483 2596 3615 2649 illo:

1925 2705 2045 2742 non
2068 2690 2219 2740 enim
2259 2688 2476 2742 diversa
2516 2704 2686 2741 causa
2731 2688 2938 2742 dicitur
2966 2687 3211 2757 Spiritus
3250 2703 3370 2740 esse
3417 2684 3616 2749 Patris,

1927 2783 1984 2830 et
2020 2775 2260 2846 Spiritus
2302 2777 2447 2840 Filii,
2499 2776 2593 2829 sed
2637 2793 2752 2829 una
2803 2775 3162 2845 eademque;
3195 2775 3296 2828 illa
3333 2773 3616 2838 videlicet,

1928 2865 2058 2935 quia
2091 2865 2347 2934 procedit
2382 2864 2450 2917 ab
2501 2870 2769 2934 utroque,
2819 2865 2964 2917 sicut
2995 2863 3242 2933 Spiritus
3274 2867 3359 2916 est
3406 2861 3621 2914 utrius-

1928 2970 2060 3022 que.
2087 2955 2226 3006 Nam
2259 2953 2305 3005 si
2333 2952 2484 3005 dicas
2530 2969 2662 3005 eum
2697 2952 2974 3021 Spiritum
3006 2951 3208 3016 Patris,
3242 2950 3377 3021 quia
3421 2965 3616 3018 proce-

1857 3077 1897 3131 C
1927 3042 2009 3096 dit
2029 3042 2098 3095 de
2126 3043 2308 3106 Patre,
2341 3057 2607 3111 quaenam
2647 3057 2814 3094 causa
2860 3045 3034 3094 restat
3080 3045 3139 3094 ut
3191 3040 3414 3093 dicatur
3450 3037 3622 3107 Spiri-

1925 3137 2016 3184 tus
2048 3129 2195 3194 Filii,
2248 3130 2356 3182 nisi
2404 3130 2540 3200 quia
2581 3129 2853 3199 procedat
2885 3135 2943 3182 et
2974 3129 3046 3182 ab
3082 3127 3226 3182 illo?
3272 3129 3398 3181 Haec
3423 3127 3622 3180 beatus

1925 3219 2280 3290 Augustinus
2333 3218 2601 3272 adversus
2660 3218 3029 3271 Maximinum
3090 3233 3266 3287 agens
3321 3215 3620 3279 Arianum,

1927 3308 1996 3362 de
2027 3308 2207 3361 sancti
2237 3306 2481 3375 Spiritus
2527 3306 2889 3376 processione
2921 3322 2990 3359 ex
3034 3306 3172 3359 Filio
3220 3305 3414 3370 sentit,
3461 3302 3621 3370 dixit,

1926 3397 2166 3467 scripsit,
2249 3396 2520 3448 Arianam
2597 3396 2900 3464 perﬁdiam
2978 3395 3280 3461 damnans,
3329 3392 3621 3446 catholicas

1927 3501 2058 3538 vero
2084 3484 2216 3538 ﬁdei
2259 3483 2535 3552 pietatem
2575 3483 2870 3537 afﬁrmans
2903 3500 2916 3550 ;
2951 3483 3042 3537 cui
3072 3481 3458 3537 contradicere
3497 3479 3625 3550 quis

1924 3571 2156 3626 molitus
2186 3572 2381 3640 fuerit,
2404 3571 2583 3625 hostis
2635 3571 2932 3625 catholica:
2964 3571 3096 3624 fidei
3126 3572 3434 3640 reperitur.

2001 3662 2100 3715 [lic
2145 3662 2317 3714 etiam
2349 3661 2408 3714 in
2443 3661 2739 3714 collatione
2770 3659 2985 3728 dialogi
3026 3666 3226 3714 contra
3262 3663 3623 3717 Pascentium

1926 3751 2198 3803 Arianum
2246 3750 2540 3818 disputans
2587 3749 2901 3818 (Altercatio
2939 3750 3212 3802 Pascentii
3269 3766 3388 3804 cum
3450 3756 3620 3820 Aug.,

1926 3842 2084 3908 epist.
2114 3841 2232 3903 178,
2266 3836 2442 3905 med.)
2475 3837 2551 3889 ait
2588 3853 2600 3890 :
2639 3861 2658 3883 ι
2708 3837 2763 3890 Si
2814 3836 2965 3890 enim
3001 3837 3059 3890 in
3093 3837 3326 3892 homine
3357 3841 3624 3895 credente

1926 3927 2048 3996 ipse
2098 3932 2246 3980 totus
2295 3927 2440 3979 Deus
2490 3925 2804 3980 credendus
2853 3930 2937 3978 est
2998 3925 3278 3993 habitare,
3333 3929 3625 3997 quomodo

1932 4017 2136 4070 Filium
2169 4020 2351 4069 totum
2383 4015 2442 4067 in
2491 4031 2548 4067 se
2579 4015 2763 4079 Pater,
2809 4018 2908 4067 aut
2957 4013 3132 4067 Filius
3163 4015 3389 4070 Patrem
3443 4021 3621 4070 totum

1930 4123 2045 4160 non
2093 4104 2358 4158 credatur
2413 4103 2726 4172 excipere?
2769 4107 2846 4156 Ac
2878 4119 2980 4173 per
3025 4103 3133 4157 hoc
3172 4104 3292 4174 ipse
3334 4104 3394 4158 in
3435 4107 3623 4168 Patre,

1929 4199 1984 4249 et
2023 4196 2189 4248 Pater
2218 4193 2279 4246 in
2323 4209 2390 4246 eo
2431 4197 2644 4256 manet,
2677 4197 2734 4244 et
2779 4207 2845 4244 ex
2896 4193 3057 4246 Patre
3107 4197 3163 4246 et
3213 4193 3352 4247 Filio
3399 4200 3626 4248 sanctus

1928 4283 2243 4336 credendus
2283 4287 2368 4334 est
2416 4281 2662 4350 Spiritus
2710 4296 2826 4334 non
2871 4280 3056 4334 solum
3105 4283 3467 4350 processisse,
3531 4285 3624 4338 sed

111 4371 402 4425 catholici.
435 4371 665 4440 Eligant
689 4387 826 4440 ergo
848 4370 1003 4440 quod
1023 4370 1226 4423 volunt
1249 4370 1627 4439 imperatores
1660 4369 1813 4422 Gree-
1859 4378 1901 4431 Ι)
1932 4386 2160 4440 semper
2207 4369 2276 4424 ad
2309 4370 2532 4439 agenda
2577 4385 2751 4438 opera
2798 4369 3090 4423 Trinitatis
3136 4371 3375 4425 omnino
3427 4387 3629 4442 proce-

112 4476 351 4514 eorum:
388 4475 604 4528 negare
637 4475 753 4512 non
802 4463 1042 4528 possunt
1086 4458 1364 4528 Spiritum
1409 4463 1668 4510 sanctum
1703 4455 1822 4526 Spi-

111 4549 284 4602 ritum
313 4565 444 4601 esse
477 4547 646 4613 Filii;
688 4547 879 4600 dicant
912 4563 1051 4617 ergo
1094 4547 1384 4617 quomodo
1433 4545 1579 4610 Filii,
1613 4545 1656 4597 si
1707 4560 1820 4597 non

115 4637 380 4704 procedit
411 4636 482 4689 ab
513 4635 661 4705 ipso.
698 4635 838 4688 Nam
866 4635 913 4687 si
959 4634 1381 4704 processionem
1413 4637 1650 4703 negant,
1681 4649 1822 4703 pra:-

119 4725 305 4778 dicaut
382 4723 762 4790 creationem,
827 4724 981 4793 quod
1055 4723 1367 4793 impietatis
1424 4739 1544 4775 esse
1601 4725 1824 4775 constat

113 4817 358 4878 Arianae,
400 4813 538 4884 quia
579 4828 698 4865 non
744 4816 933 4881 potest
974 4829 1096 4864 esse
1144 4811 1265 4865 Filii
1308 4810 1572 4880 Spiritus,
1629 4810 1677 4862 si
1707 4826 1820 4863 non

115 4905 187 4955 vel
217 4909 458 4956 creatus
490 4901 588 4969 sit,
619 4901 706 4954 vel
738 4900 1050 4969 procedens
1081 4900 1152 4954 ab
1181 4901 1300 4953 illo.

173 4992 317 5045 ltem
353 4992 422 5044 in
454 4989 941 5059 consequentibus
993 4993 1132 5057 (cap.
1185 4992 1265 5052 17)
1304 5005 1315 5041 :
1357 5008 1385 5039 α
1416 4987 1562 5052 Quid
1606 4991 1692 5040 est
1719 5003 1820 5040 au-

111 5085 249 5134 tem:
288 5083 360 5136 In
409 5079 693 5147 principio
750 5084 868 5130 erat
920 5078 1152 5132 Verbum
1191 5076 1377 5143 (Joan.
1410 5094 1448 5142 ι,
1485 5077 1572 5146 1);
1623 5076 1728 5130 nisi
1762 5076 1822 5128 iu

113 5168 262 5222 Patre
304 5175 445 5221 erat
498 5165 719 5219 Filius?
754 5166 819 5218 Et
858 5165 980 5235 ipse
1029 5165 1202 5218 Filius
1250 5165 1642 5234 interrogatus
1672 5181 1704 5216 a
1729 5164 1822 5217 Ju-

115 5255 255 5323 daeis,
313 5255 460 5326 quis
503 5259 670 5319 esset,
717 5252 1014 5322 respondit
1058 5269 1070 5305 :
1118 5255 1455 5322 Principium
1503 5254 1600 5320 qui
1646 5257 1695 5304 et
1739 5252 1823 5304 lo-

175 5428 196 5452 ³
241 5414 576 5473 Gennadius
619 5413 1268 5481 Coustantinopotitmms.
1334 5411 1441 5474 Qui
1491 5411 1643 5463 hunc
1673 5411 1820 5462 Gen-

121 5490 256 5542 nadii
289 5488 521 5542 librum
552 5485 804 5546 edidere,
838 5499 964 5534 cum
999 5487 1219 5534 nullum
1253 5482 1376 5550 ejus
1404 5481 1655 5534 nominis
1685 5482 1822 5532 scri-

124 5571 325 5629 piorum
387 5563 660 5629 uossent_
695 5559 904 5622 praeter
945 5553 1351 5629 Massiliensem
1400 5551 1820 5629 presbyterum,

123 5621 361 5684 llienum
398 5629 589 5680 fetum
613 5623 666 5677 ei
685 5621 1128 5693 supposuerunt.
1154 5623 1410 5685 Quorum
1438 5621 1823 5692 ignorantiam

1931 4459 2082 4513 dere.
2111 4481 2130 4505 ι
2169 4460 2355 4512 Unum
2387 4475 2507 4511 esse
2555 4457 2693 4511 dicit
2720 4463 2978 4512 sanctum
3026 4458 3306 4528 Spiritum
3335 4476 3402 4514 ex
3433 4467 3627 4514 sancta

1930 4547 2202 4600 Trinitate
2254 4547 2705 4614 cooperatorem,
2751 4545 2851 4614 qui
2915 4560 3026 4597 non
3069 4545 3255 4597 solum
3310 4544 3628 4598 substantia

1932 4651 2128 4688 verum
2156 4633 2486 4704 operatione
2535 4632 2688 4687 Patri
2721 4632 2978 4701 Filioque
3009 4633 3308 4702 copuletur
3351 4637 3624 4702 tanquam

1933 4725 2002 4778 ab
2044 4729 2287 4793 utroque
2334 4721 2672 4792 procedens,
2719 4726 2776 4774 et
2815 4737 2948 4775 cum
2997 4725 3238 4790 utroque
3269 4736 3622 4788 cooperans:

1931 4812 2084 4881 quod
2113 4827 2227 4864 non
2257 4815 2451 4880 posset
2504 4809 2710 4874 facere,
2770 4808 2815 4862 si
2855 4825 2971 4863 non
3005 4809 3075 4862 ab
3123 4813 3366 4878 utroque
3420 4825 3624 4878 proce-

1931 4899 2117 4954 dendo
2149 4899 2525 4953 substantiam
2557 4903 2612 4952 et
2637 4897 2946 4967 accepisset
2974 4903 3032 4951 et
3060 4896 3320 4966 accipiat.

2615 4985 2842 5039 CAPUT
2883 4987 2944 5040 V.

2375 5077 2460 5129 Ea:
2490 5075 2764 5130 Gennadio
2793 5079 2844 5127 et
2872 5074 3174 5141 Fulgentio.

2002 5162 2346 5227 Gennadius,
2391 5177 2416 5205 ιι
2459 5162 3128 5232 Constantinopolitanus
3174 5162 3495 5233 episcopus,
3544 5163 3630 5217 vir

1933 5254 2115 5306 multa
2169 5249 2411 5304 lectione
2479 5251 2850 5322 antiquorum
2916 5252 3156 5321 peritus,
3209 5252 3270 5305 in
3326 5251 3474 5305 libro
3524 5253 3627 5306 Ec-

1933 5409 2278 5462 Ratramnus
2308 5405 2413 5458 hoc
2448 5406 2572 5459 loco
2621 5404 2932 5473 redarguit.
2985 5408 3248 5462 Anatolio
3303 5407 3628 5461 Gennadius

1932 5479 2025 5531 hic
2045 5476 2314 5529 successit
2344 5493 2494 5528 anno
2512 5479 2622 5548 458
2669 5491 2731 5527 ac
2757 5475 2906 5548 sedit
2947 5495 3126 5548 usque
3164 5481 3229 5532 ad
3261 5494 3476 5531 annum
3503 5481 3626 5542 471,

1933 5557 1990 5602 et
2020 5562 2402 5618 successorem
2437 5546 2636 5618 habuit
2672 5544 2964 5599 Acacium.
2999 5544 3256 5602 Graecum
3289 5550 3410 5618 ejus
3441 5549 3632 5617 operis

1939 5618 2229 5688 exemplar
2257 5615 2492 5672 interiit.
