  <div class='ocr_page' id='page_1' title='image "/cluster/home/n/w/nwhite01/storage/ocr_20150623/121/uva.x000827051/155.png"; bbox 0 0 3890 6230; ppageno 0'>
   <div class='ocr_carea' id='block_1_1' title="bbox 321 323 423 375">
    <p class='ocr_par' dir='ltr' id='par_1_1' title="bbox 321 323 423 375">
     <span class='ocr_line' id='line_1_1' title="bbox 321 323 423 375; baseline 0.02 -2"><span class='ocrx_word' id='word_1_1' title='bbox 321 323 423 375; x_wconf 74' lang='lat'>295</span> 
     </span>
    </p>
   </div>
   <div class='ocr_carea' id='block_1_2' title="bbox 1476 318 3793 379">
    <p class='ocr_par' dir='ltr' id='par_1_2' title="bbox 1476 318 3793 379">
     <span class='ocr_line' id='line_1_2' title="bbox 1476 318 3793 379; baseline 0.001 -5"><span class='ocrx_word' id='word_1_2' title='bbox 1476 319 1831 374; x_wconf 74' lang='lat' dir='ltr'><strong>RATRAMNI</strong></span> <span class='ocrx_word' id='word_1_3' title='bbox 1873 318 2333 375; x_wconf 78' lang='lat' dir='ltr'>CORBEIENSIS</span> <span class='ocrx_word' id='word_1_4' title='bbox 2375 318 2685 374; x_wconf 78' lang='lat' dir='ltr'>MONACHI</span> <span class='ocrx_word' id='word_1_5' title='bbox 3709 328 3793 379; x_wconf 71' lang='lat'>296</span> 
     </span>
    </p>
   </div>
   <div class='ocr_carea' id='block_1_3' title="bbox 322 452 3792 525">
    <p class='ocr_par' dir='ltr' id='par_1_3' title="bbox 322 452 3792 525">
     <span class='ocr_line' id='line_1_3' title="bbox 322 452 3792 525; baseline 0.002 -18"><span class='ocrx_word' id='word_1_6' title='bbox 322 452 762 507; x_wconf 89' lang='lat' dir='ltr'>clesiasticorum</span> <span class='ocrx_word' id='word_1_7' title='bbox 823 454 1161 522; x_wconf 86' lang='lat' dir='ltr'>Dogmatum</span> <span class='ocrx_word' id='word_1_8' title='bbox 1220 452 1287 506; x_wconf 89' lang='lat' dir='ltr'>de</span> <span class='ocrx_word' id='word_1_9' title='bbox 1342 452 1585 523; x_wconf 77' lang='lat' dir='ltr'>Spiritus</span> <span class='ocrx_word' id='word_1_10' title='bbox 1645 454 1822 505; x_wconf 81' lang='lat' dir='ltr'>sancti</span> <span class='ocrx_word' id='word_1_11' title='bbox 1882 468 2013 522; x_wconf 88' lang='lat' dir='ltr'>pro-</span> <span class='ocrx_word' id='word_1_12' title='bbox 2056 454 2268 522; x_wconf 82' lang='lat' dir='ltr'>Aquia</span> <span class='ocrx_word' id='word_1_13' title='bbox 2329 468 2476 507; x_wconf 91' lang='lat' dir='ltr'>unus</span> <span class='ocrx_word' id='word_1_14' title='bbox 2520 454 2858 507; x_wconf 73' lang='lat' dir='ltr'>naturaliter</span> <span class='ocrx_word' id='word_1_15' title='bbox 2908 455 3153 525; x_wconf 82' lang='lat' dir='ltr'>Spiritus</span> <span class='ocrx_word' id='word_1_16' title='bbox 3210 460 3295 511; x_wconf 85' lang='lat' dir='ltr'>est</span> <span class='ocrx_word' id='word_1_17' title='bbox 3349 459 3535 512; x_wconf 77' lang='lat' dir='ltr'>Patris</span> <span class='ocrx_word' id='word_1_18' title='bbox 3581 464 3637 513; x_wconf 91' lang='lat' dir='ltr'>et</span> <span class='ocrx_word' id='word_1_19' title='bbox 3675 462 3792 515; x_wconf 88' lang='lat' dir='ltr'><strong>Filii.</strong></span> 
     </span>
    </p>
   </div>
   <div class='ocr_carea' id='block_1_4' title="bbox 322 541 2017 611">
    <p class='ocr_par' dir='ltr' id='par_1_4' title="bbox 322 541 2017 611">
     <span class='ocr_line' id='line_1_4' title="bbox 322 541 2017 611; baseline 0 -18"><span class='ocrx_word' id='word_1_20' title='bbox 322 541 576 593; x_wconf 89' lang='lat' dir='ltr'>cessione</span> <span class='ocrx_word' id='word_1_21' title='bbox 642 542 719 594; x_wconf 88' lang='lat' dir='ltr'>sic</span> <span class='ocrx_word' id='word_1_22' title='bbox 777 542 1063 611; x_wconf 76' lang='lat' dir='ltr'>loquitur:</span> <span class='ocrx_word' id='word_1_23' title='bbox 1124 561 1151 590; x_wconf 84' lang='lat'>«</span> <span class='ocrx_word' id='word_1_24' title='bbox 1232 542 1529 594; x_wconf 84' lang='lat' dir='ltr'>Credimus</span> <span class='ocrx_word' id='word_1_25' title='bbox 1605 559 1783 594; x_wconf 89' lang='lat' dir='ltr'>unum</span> <span class='ocrx_word' id='word_1_26' title='bbox 1842 545 2017 595; x_wconf 89' lang='lat' dir='ltr'>Deum</span> 
     </span>
    </p>
   </div>
   <div class='ocr_carea' id='block_1_5' title="bbox 324 630 2014 699">
    <p class='ocr_par' dir='ltr' id='par_1_5' title="bbox 324 630 2014 699">
     <span class='ocr_line' id='line_1_5' title="bbox 324 630 2014 699; baseline 0.001 -18"><span class='ocrx_word' id='word_1_27' title='bbox 324 646 442 683; x_wconf 90' lang='lat' dir='ltr'>esse</span> <span class='ocrx_word' id='word_1_28' title='bbox 494 631 719 683; x_wconf 81' lang='lat' dir='ltr'>Patrem</span> <span class='ocrx_word' id='word_1_29' title='bbox 763 636 817 681; x_wconf 92' lang='lat' dir='ltr'>et</span> <span class='ocrx_word' id='word_1_30' title='bbox 874 630 1077 682; x_wconf 87' lang='lat' dir='ltr'>Filium</span> <span class='ocrx_word' id='word_1_31' title='bbox 1130 634 1185 682; x_wconf 91' lang='lat' dir='ltr'>et</span> <span class='ocrx_word' id='word_1_32' title='bbox 1242 630 1516 699; x_wconf 77' lang='lat' dir='ltr'>Spiritum</span> <span class='ocrx_word' id='word_1_33' title='bbox 1576 638 1855 682; x_wconf 90' lang='lat' dir='ltr'>sanctum.</span> <span class='ocrx_word' id='word_1_34' title='bbox 1917 633 2014 683; x_wconf 89' lang='lat' dir='ltr'>Pa-</span> 
     </span>
    </p>
   </div>
   <div class='ocr_carea' id='block_1_6' title="bbox 323 719 2017 789">
    <p class='ocr_par' dir='ltr' id='par_1_6' title="bbox 323 719 2017 789">
     <span class='ocr_line' id='line_1_6' title="bbox 323 719 2017 789; baseline -0.001 -18"><span class='ocrx_word' id='word_1_35' title='bbox 323 724 466 771; x_wconf 83' lang='lat' dir='ltr'>trem</span> <span class='ocrx_word' id='word_1_36' title='bbox 498 735 563 771; x_wconf 90' lang='lat' dir='ltr'>eo</span> <span class='ocrx_word' id='word_1_37' title='bbox 608 721 761 789; x_wconf 90' lang='lat' dir='ltr'>quod</span> <span class='ocrx_word' id='word_1_38' title='bbox 807 720 1011 772; x_wconf 81' lang='lat' dir='ltr'>habeat</span> <span class='ocrx_word' id='word_1_39' title='bbox 1061 720 1305 784; x_wconf 84' lang='lat' dir='ltr'>Filium;</span> <span class='ocrx_word' id='word_1_40' title='bbox 1353 720 1552 772; x_wconf 86' lang='lat' dir='ltr'>Filium</span> <span class='ocrx_word' id='word_1_41' title='bbox 1601 736 1666 771; x_wconf 88' lang='lat' dir='ltr'>eo</span> <span class='ocrx_word' id='word_1_42' title='bbox 1715 721 1868 789; x_wconf 88' lang='lat' dir='ltr'>quod</span> <span class='ocrx_word' id='word_1_43' title='bbox 1909 719 2017 771; x_wconf 82' lang='lat' dir='ltr'>ha—</span> 
     </span>
    </p>
   </div>
   <div class='ocr_carea' id='block_1_7' title="bbox 322 808 2015 878">
    <p class='ocr_par' dir='ltr' id='par_1_7' title="bbox 322 808 2015 878">
     <span class='ocr_line' id='line_1_7' title="bbox 322 808 2015 878; baseline -0.001 -18"><span class='ocrx_word' id='word_1_44' title='bbox 322 808 452 860; x_wconf 90' lang='lat' dir='ltr'>beat</span> <span class='ocrx_word' id='word_1_45' title='bbox 518 809 788 873; x_wconf 81' lang='lat' dir='ltr'>Patrem;</span> <span class='ocrx_word' id='word_1_46' title='bbox 837 808 1112 878; x_wconf 86' lang='lat' dir='ltr'>Spiritum</span> <span class='ocrx_word' id='word_1_47' title='bbox 1171 814 1451 873; x_wconf 89' lang='lat' dir='ltr'>sanctum,</span> <span class='ocrx_word' id='word_1_48' title='bbox 1495 825 1560 860; x_wconf 92' lang='lat' dir='ltr'>eo</span> <span class='ocrx_word' id='word_1_49' title='bbox 1609 808 1760 878; x_wconf 92' lang='lat' dir='ltr'>quod</span> <span class='ocrx_word' id='word_1_50' title='bbox 1823 808 1895 859; x_wconf 88' lang='lat' dir='ltr'>sit</span> <span class='ocrx_word' id='word_1_51' title='bbox 1950 823 2015 859; x_wconf 83' lang='lat' dir='ltr'>ex</span> 
     </span>
    </p>
   </div>
   <div class='ocr_carea' id='block_1_8' title="bbox 322 896 2011 966">
    <p class='ocr_par' dir='ltr' id='par_1_8' title="bbox 322 896 2011 966">
     <span class='ocr_line' id='line_1_8' title="bbox 322 896 2011 966; baseline 0.001 -18"><span class='ocrx_word' id='word_1_52' title='bbox 322 897 485 949; x_wconf 86' lang='lat' dir='ltr'>Patre</span> <span class='ocrx_word' id='word_1_53' title='bbox 545 902 600 949; x_wconf 89' lang='lat' dir='ltr'>et</span> <span class='ocrx_word' id='word_1_54' title='bbox 664 898 821 950; x_wconf 87' lang='lat' dir='ltr'>Filio.</span> <span class='ocrx_word' id='word_1_55' title='bbox 881 899 1048 950; x_wconf 85' lang='lat' dir='ltr'>Pater</span> <span class='ocrx_word' id='word_1_56' title='bbox 1088 914 1223 966; x_wconf 91' lang='lat' dir='ltr'>ergo</span> <span class='ocrx_word' id='word_1_57' title='bbox 1270 897 1616 965; x_wconf 75' lang='lat' dir='ltr'>principium</span> <span class='ocrx_word' id='word_1_58' title='bbox 1682 896 2011 949; x_wconf 36' lang='lat' dir='ltr'>divinitaiw.</span> 
     </span>
    </p>
   </div>
   <div class='ocr_carea' id='block_1_9' title="bbox 322 985 2013 1056">
    <p class='ocr_par' dir='ltr' id='par_1_9' title="bbox 322 985 2013 1056">
     <span class='ocr_line' id='line_1_9' title="bbox 322 985 2013 1056; baseline -0.002 -19"><span class='ocrx_word' id='word_1_59' title='bbox 322 986 638 1055; x_wconf 90' lang='lat' dir='ltr'>principale</span> <span class='ocrx_word' id='word_1_60' title='bbox 680 1002 942 1039; x_wconf 83' lang='lat' dir='ltr'>nomen:</span> <span class='ocrx_word' id='word_1_61' title='bbox 1003 986 1140 1056; x_wconf 87' lang='lat' dir='ltr'>quia</span> <span class='ocrx_word' id='word_1_62' title='bbox 1185 985 1329 1038; x_wconf 88' lang='lat' dir='ltr'>sicut</span> <span class='ocrx_word' id='word_1_63' title='bbox 1380 1002 1675 1053; x_wconf 85' lang='lat' dir='ltr'>nunquam</span> <span class='ocrx_word' id='word_1_64' title='bbox 1741 985 1849 1036; x_wconf 85' lang='lat' dir='ltr'>fuit</span> <span class='ocrx_word' id='word_1_65' title='bbox 1901 1000 2013 1035; x_wconf 90' lang='lat' dir='ltr'>non</span> 
     </span>
    </p>
   </div>
   <div class='ocr_carea' id='block_1_10' title="bbox 322 1072 2013 1144">
    <p class='ocr_par' dir='ltr' id='par_1_10' title="bbox 322 1072 2013 1144">
     <span class='ocr_line' id='line_1_10' title="bbox 322 1072 2013 1144; baseline -0.002 -18"><span class='ocrx_word' id='word_1_66' title='bbox 322 1075 489 1140; x_wconf 81' lang='lat' dir='ltr'>Deus,</span> <span class='ocrx_word' id='word_1_67' title='bbox 554 1076 631 1127; x_wconf 86' lang='lat' dir='ltr'>ita</span> <span class='ocrx_word' id='word_1_68' title='bbox 689 1091 985 1144; x_wconf 84' lang='lat' dir='ltr'>nunquam</span> <span class='ocrx_word' id='word_1_69' title='bbox 1039 1074 1146 1127; x_wconf 81' lang='lat' dir='ltr'>fuit</span> <span class='ocrx_word' id='word_1_70' title='bbox 1199 1091 1312 1126; x_wconf 92' lang='lat' dir='ltr'>non</span> <span class='ocrx_word' id='word_1_71' title='bbox 1364 1075 1551 1140; x_wconf 89' lang='lat' dir='ltr'>Pater,</span> <span class='ocrx_word' id='word_1_72' title='bbox 1602 1091 1631 1126; x_wconf 90' lang='lat' dir='ltr'>a</span> <span class='ocrx_word' id='word_1_73' title='bbox 1667 1089 1780 1142; x_wconf 88' lang='lat' dir='ltr'>quo</span> <span class='ocrx_word' id='word_1_74' title='bbox 1839 1072 2013 1125; x_wconf 90' lang='lat' dir='ltr'>Filius</span> 
     </span>
    </p>
   </div>
   <div class='ocr_carea' id='block_1_11' title="bbox 323 1161 2013 1232">
    <p class='ocr_par' dir='ltr' id='par_1_11' title="bbox 323 1161 2013 1232">
     <span class='ocr_line' id='line_1_11' title="bbox 323 1161 2013 1232; baseline -0.001 -18"><span class='ocrx_word' id='word_1_75' title='bbox 323 1168 509 1227; x_wconf 86' lang='lat' dir='ltr'>natus,</span> <span class='ocrx_word' id='word_1_76' title='bbox 544 1181 576 1215; x_wconf 90' lang='lat' dir='ltr'>a</span> <span class='ocrx_word' id='word_1_77' title='bbox 606 1179 719 1232; x_wconf 92' lang='lat' dir='ltr'>quo</span> <span class='ocrx_word' id='word_1_78' title='bbox 766 1163 1010 1231; x_wconf 81' lang='lat' dir='ltr'>Spiritus</span> <span class='ocrx_word' id='word_1_79' title='bbox 1057 1167 1282 1215; x_wconf 89' lang='lat' dir='ltr'>sanctus</span> <span class='ocrx_word' id='word_1_80' title='bbox 1328 1179 1443 1214; x_wconf 91' lang='lat' dir='ltr'>non</span> <span class='ocrx_word' id='word_1_81' title='bbox 1490 1166 1657 1215; x_wconf 89' lang='lat' dir='ltr'>natus</span> <span class='ocrx_word' id='word_1_82' title='bbox 1692 1181 1706 1225; x_wconf 90' lang='lat'><strong>;</strong></span> <span class='ocrx_word' id='word_1_83' title='bbox 1739 1161 1873 1231; x_wconf 88' lang='lat' dir='ltr'>quia</span> <span class='ocrx_word' id='word_1_84' title='bbox 1898 1176 2013 1212; x_wconf 90' lang='lat' dir='ltr'>non</span> 
     </span>
    </p>
   </div>
   <div class='ocr_carea' id='block_1_12' title="bbox 322 1251 2013 1321">
    <p class='ocr_par' dir='ltr' id='par_1_12' title="bbox 322 1251 2013 1321">
     <span class='ocr_line' id='line_1_12' title="bbox 322 1251 2013 1321; baseline -0.002 -17"><span class='ocrx_word' id='word_1_85' title='bbox 322 1257 405 1304; x_wconf 90' lang='lat' dir='ltr'>est</span> <span class='ocrx_word' id='word_1_86' title='bbox 437 1251 629 1316; x_wconf 86' lang='lat' dir='ltr'>Filius,</span> <span class='ocrx_word' id='word_1_87' title='bbox 668 1268 856 1321; x_wconf 90' lang='lat' dir='ltr'>neque</span> <span class='ocrx_word' id='word_1_88' title='bbox 887 1251 1199 1321; x_wconf 89' lang='lat' dir='ltr'>ingenitus,</span> <span class='ocrx_word' id='word_1_89' title='bbox 1242 1254 1376 1321; x_wconf 86' lang='lat' dir='ltr'>quia</span> <span class='ocrx_word' id='word_1_90' title='bbox 1408 1267 1519 1304; x_wconf 90' lang='lat' dir='ltr'>non</span> <span class='ocrx_word' id='word_1_91' title='bbox 1556 1256 1641 1303; x_wconf 90' lang='lat' dir='ltr'>est</span> <span class='ocrx_word' id='word_1_92' title='bbox 1674 1253 1878 1315; x_wconf 86' lang='lat' dir='ltr'>Pater;</span> <span class='ocrx_word' id='word_1_93' title='bbox 1910 1264 2013 1301; x_wconf 92' lang='lat' dir='ltr'>nec</span> 
     </span>
    </p>
   </div>
   <div class='ocr_carea' id='block_1_13' title="bbox 321 1339 2011 1409">
    <p class='ocr_par' dir='ltr' id='par_1_13' title="bbox 321 1339 2011 1409">
     <span class='ocr_line' id='line_1_13' title="bbox 321 1339 2011 1409; baseline -0.002 -17"><span class='ocrx_word' id='word_1_94' title='bbox 321 1341 501 1392; x_wconf 86' lang='lat' dir='ltr'>factus</span> <span class='ocrx_word' id='word_1_95' title='bbox 554 1340 797 1409; x_wconf 86' lang='lat' dir='ltr'>Spiritus</span> <span class='ocrx_word' id='word_1_96' title='bbox 844 1346 1091 1399; x_wconf 89' lang='lat' dir='ltr'>sanctus,</span> <span class='ocrx_word' id='word_1_97' title='bbox 1138 1341 1272 1408; x_wconf 87' lang='lat' dir='ltr'>quia</span> <span class='ocrx_word' id='word_1_98' title='bbox 1320 1356 1436 1391; x_wconf 92' lang='lat' dir='ltr'>non</span> <span class='ocrx_word' id='word_1_99' title='bbox 1487 1356 1551 1392; x_wconf 77' lang='lat' dir='ltr'>ex</span> <span class='ocrx_word' id='word_1_100' title='bbox 1584 1339 1788 1407; x_wconf 84' lang='lat' dir='ltr'>nihilo,</span> <span class='ocrx_word' id='word_1_101' title='bbox 1820 1339 1915 1391; x_wconf 87' lang='lat' dir='ltr'>sed</span> <span class='ocrx_word' id='word_1_102' title='bbox 1945 1354 2011 1390; x_wconf 79' lang='lat' dir='ltr'>ex</span> 
     </span>
    </p>
   </div>
   <div class='ocr_carea' id='block_1_14' title="bbox 320 1428 2012 1497">
    <p class='ocr_par' dir='ltr' id='par_1_14' title="bbox 320 1428 2012 1497">
     <span class='ocr_line' id='line_1_14' title="bbox 320 1428 2012 1497; baseline -0.001 -16"><span class='ocrx_word' id='word_1_103' title='bbox 320 1430 436 1481; x_wconf 90' lang='lat' dir='ltr'>Deo</span> <span class='ocrx_word' id='word_1_104' title='bbox 469 1429 652 1494; x_wconf 83' lang='lat' dir='ltr'>Patre,</span> <span class='ocrx_word' id='word_1_105' title='bbox 695 1434 753 1481; x_wconf 88' lang='lat' dir='ltr'>et</span> <span class='ocrx_word' id='word_1_106' title='bbox 782 1428 894 1481; x_wconf 91' lang='lat' dir='ltr'>Deo</span> <span class='ocrx_word' id='word_1_107' title='bbox 928 1428 1066 1480; x_wconf 90' lang='lat' dir='ltr'>Filio</span> <span class='ocrx_word' id='word_1_108' title='bbox 1118 1430 1265 1481; x_wconf 88' lang='lat' dir='ltr'>Deus</span> <span class='ocrx_word' id='word_1_109' title='bbox 1315 1429 1645 1497; x_wconf 83' lang='lat' dir='ltr'>procedens.</span> <span class='ocrx_word' id='word_1_110' title='bbox 1682 1447 1709 1476; x_wconf 80' lang='lat'><strong>»</strong></span> <span class='ocrx_word' id='word_1_111' title='bbox 1758 1428 2012 1480; x_wconf 85' lang='lat' dir='ltr'>Dilucide</span> 
     </span>
    </p>
   </div>
   <div class='ocr_carea' id='block_1_15' title="bbox 318 1515 2014 1585">
    <p class='ocr_par' dir='ltr' id='par_1_15' title="bbox 318 1515 2014 1585">
     <span class='ocr_line' id='line_1_15' title="bbox 318 1515 2014 1585; baseline -0.001 -17"><span class='ocrx_word' id='word_1_112' title='bbox 318 1517 451 1568; x_wconf 85' lang='lat' dir='ltr'>satis</span> <span class='ocrx_word' id='word_1_113' title='bbox 500 1533 622 1569; x_wconf 92' lang='lat' dir='ltr'>esse</span> <span class='ocrx_word' id='word_1_114' title='bbox 669 1516 971 1585; x_wconf 77' lang='lat' dir='ltr'>profitetur</span> <span class='ocrx_word' id='word_1_115' title='bbox 1009 1515 1285 1585; x_wconf 87' lang='lat' dir='ltr'>Spiritum</span> <span class='ocrx_word' id='word_1_116' title='bbox 1332 1522 1589 1568; x_wconf 84' lang='lat' dir='ltr'>sanctum</span> <span class='ocrx_word' id='word_1_117' title='bbox 1644 1530 1709 1568; x_wconf 85' lang='lat' dir='ltr'>ex</span> <span class='ocrx_word' id='word_1_118' title='bbox 1764 1516 1926 1567; x_wconf 86' lang='lat' dir='ltr'>Patre</span> <span class='ocrx_word' id='word_1_119' title='bbox 1957 1520 2014 1567; x_wconf 91' lang='lat' dir='ltr'>et</span> 
     </span>
    </p>
   </div>
   <div class='ocr_carea' id='block_1_16' title="bbox 323 1603 2009 1673">
    <p class='ocr_par' dir='ltr' id='par_1_16' title="bbox 323 1603 2009 1673">
     <span class='ocr_line' id='line_1_16' title="bbox 323 1603 2009 1673; baseline -0.001 -16"><span class='ocrx_word' id='word_1_120' title='bbox 323 1606 477 1669; x_wconf 89' lang='lat' dir='ltr'>Filio,</span> <span class='ocrx_word' id='word_1_121' title='bbox 522 1606 674 1673; x_wconf 89' lang='lat' dir='ltr'>quod</span> <span class='ocrx_word' id='word_1_122' title='bbox 710 1611 795 1657; x_wconf 92' lang='lat' dir='ltr'>est</span> <span class='ocrx_word' id='word_1_123' title='bbox 840 1606 908 1657; x_wconf 83' lang='lat' dir='ltr'>de</span> <span class='ocrx_word' id='word_1_124' title='bbox 944 1604 1261 1656; x_wconf 84' lang='lat' dir='ltr'>substantia</span> <span class='ocrx_word' id='word_1_125' title='bbox 1311 1603 1493 1656; x_wconf 88' lang='lat' dir='ltr'>Patris</span> <span class='ocrx_word' id='word_1_126' title='bbox 1539 1603 1779 1672; x_wconf 85' lang='lat' dir='ltr'>Filiique</span> <span class='ocrx_word' id='word_1_127' title='bbox 1814 1619 2009 1672; x_wconf 89' lang='lat' dir='ltr'>proce-</span> 
     </span>
    </p>
   </div>
   <div class='ocr_carea' id='block_1_17' title="bbox 318 1692 2007 1762">
    <p class='ocr_par' dir='ltr' id='par_1_17' title="bbox 318 1692 2007 1762">
     <span class='ocr_line' id='line_1_17' title="bbox 318 1692 2007 1762; baseline -0.001 -17"><span class='ocrx_word' id='word_1_128' title='bbox 318 1694 472 1746; x_wconf 88' lang='lat' dir='ltr'>dere.</span> <span class='ocrx_word' id='word_1_129' title='bbox 510 1695 630 1746; x_wconf 86' lang='lat' dir='ltr'>Non</span> <span class='ocrx_word' id='word_1_130' title='bbox 665 1694 819 1746; x_wconf 90' lang='lat' dir='ltr'>enim</span> <span class='ocrx_word' id='word_1_131' title='bbox 844 1695 1009 1746; x_wconf 78' lang='lat' dir='ltr'>aliter</span> <span class='ocrx_word' id='word_1_132' title='bbox 1030 1710 1094 1745; x_wconf 80' lang='lat' dir='ltr'>ex</span> <span class='ocrx_word' id='word_1_133' title='bbox 1127 1699 1374 1762; x_wconf 84' lang='lat' dir='ltr'>utroque</span> <span class='ocrx_word' id='word_1_134' title='bbox 1397 1698 1621 1762; x_wconf 85' lang='lat' dir='ltr'>poterat</span> <span class='ocrx_word' id='word_1_135' title='bbox 1651 1709 1791 1757; x_wconf 85' lang='lat' dir='ltr'>esse,</span> <span class='ocrx_word' id='word_1_136' title='bbox 1822 1692 1863 1743; x_wconf 85' lang='lat' dir='ltr'>si</span> <span class='ocrx_word' id='word_1_137' title='bbox 1894 1709 2007 1744; x_wconf 89' lang='lat' dir='ltr'>non</span> 
     </span>
    </p>
   </div>
   <div class='ocr_carea' id='block_1_18' title="bbox 317 1781 2010 1851">
    <p class='ocr_par' dir='ltr' id='par_1_18' title="bbox 317 1781 2010 1851">
     <span class='ocr_line' id='line_1_18' title="bbox 317 1781 2010 1851; baseline 0 -18"><span class='ocrx_word' id='word_1_138' title='bbox 317 1783 769 1835; x_wconf 89' lang='lat' dir='ltr'>substantialiter</span> <span class='ocrx_word' id='word_1_139' title='bbox 801 1782 1135 1851; x_wconf 87' lang='lat' dir='ltr'>procederet</span> <span class='ocrx_word' id='word_1_140' title='bbox 1163 1782 1233 1834; x_wconf 86' lang='lat' dir='ltr'>ab</span> <span class='ocrx_word' id='word_1_141' title='bbox 1277 1787 1537 1851; x_wconf 79' lang='lat' dir='ltr'>utroque.</span> <span class='ocrx_word' id='word_1_142' title='bbox 1576 1785 1813 1847; x_wconf 86' lang='lat' dir='ltr'>Propter</span> <span class='ocrx_word' id='word_1_143' title='bbox 1859 1781 2010 1850; x_wconf 89' lang='lat' dir='ltr'>quod</span> 
     </span>
    </p>
   </div>
   <div class='ocr_carea' id='block_1_19' title="bbox 317 1870 2009 1940">
    <p class='ocr_par' dir='ltr' id='par_1_19' title="bbox 317 1870 2009 1940">
     <span class='ocr_line' id='line_1_19' title="bbox 317 1870 2009 1940; baseline 0.001 -18"><span class='ocrx_word' id='word_1_144' title='bbox 317 1870 456 1923; x_wconf 87' lang='lat' dir='ltr'>dicit</span> <span class='ocrx_word' id='word_1_145' title='bbox 485 1875 543 1922; x_wconf 88' lang='lat' dir='ltr'>in</span> <span class='ocrx_word' id='word_1_146' title='bbox 599 1870 1097 1940; x_wconf 84' lang='lat' dir='ltr'>consequentibus,</span> <span class='ocrx_word' id='word_1_147' title='bbox 1131 1870 1281 1938; x_wconf 91' lang='lat' dir='ltr'>quod</span> <span class='ocrx_word' id='word_1_148' title='bbox 1312 1886 1375 1922; x_wconf 81' lang='lat' dir='ltr'>ex</span> <span class='ocrx_word' id='word_1_149' title='bbox 1436 1871 1547 1922; x_wconf 84' lang='lat' dir='ltr'>Deo</span> <span class='ocrx_word' id='word_1_150' title='bbox 1599 1871 1761 1922; x_wconf 86' lang='lat' dir='ltr'>Patre</span> <span class='ocrx_word' id='word_1_151' title='bbox 1810 1874 1865 1921; x_wconf 90' lang='lat' dir='ltr'>et</span> <span class='ocrx_word' id='word_1_152' title='bbox 1899 1871 2009 1923; x_wconf 85' lang='lat' dir='ltr'>Deo</span> 
     </span>
    </p>
   </div>
   <div class='ocr_carea' id='block_1_20' title="bbox 320 1958 2011 2028">
    <p class='ocr_par' dir='ltr' id='par_1_20' title="bbox 320 1958 2011 2028">
     <span class='ocr_line' id='line_1_20' title="bbox 320 1958 2011 2028; baseline -0.001 -16"><span class='ocrx_word' id='word_1_153' title='bbox 320 1960 458 2013; x_wconf 87' lang='lat' dir='ltr'>Filio</span> <span class='ocrx_word' id='word_1_154' title='bbox 494 1960 639 2012; x_wconf 89' lang='lat' dir='ltr'>Deus</span> <span class='ocrx_word' id='word_1_155' title='bbox 661 1963 733 2011; x_wconf 91' lang='grc'>511</span> <span class='ocrx_word' id='word_1_156' title='bbox 759 1959 1088 2028; x_wconf 86' lang='lat' dir='ltr'>procedens.</span> <span class='ocrx_word' id='word_1_157' title='bbox 1119 1960 1182 2011; x_wconf 89' lang='lat' dir='ltr'>Et</span> <span class='ocrx_word' id='word_1_158' title='bbox 1206 1975 1335 2011; x_wconf 93' lang='lat' dir='ltr'>cum</span> <span class='ocrx_word' id='word_1_159' title='bbox 1368 1974 1495 2011; x_wconf 89' lang='lat' dir='ltr'>eum</span> <span class='ocrx_word' id='word_1_160' title='bbox 1520 1958 1670 2011; x_wconf 86' lang='lat' dir='ltr'>dicat</span> <span class='ocrx_word' id='word_1_161' title='bbox 1697 1959 2011 2027; x_wconf 68' lang='lat' dir='ltr'>proceden-</span> 
     </span>
    </p>
   </div>
   <div class='ocr_carea' id='block_1_21' title="bbox 317 2047 2011 2117">
    <p class='ocr_par' dir='ltr' id='par_1_21' title="bbox 317 2047 2011 2117">
     <span class='ocr_line' id='line_1_21' title="bbox 317 2047 2011 2117; baseline -0.002 -15"><span class='ocrx_word' id='word_1_162' title='bbox 317 2054 453 2115; x_wconf 91' lang='lat' dir='ltr'>tem,</span> <span class='ocrx_word' id='word_1_163' title='bbox 486 2054 656 2117; x_wconf 84' lang='lat' dir='ltr'>negat</span> <span class='ocrx_word' id='word_1_164' title='bbox 686 2054 874 2100; x_wconf 90' lang='lat' dir='ltr'>tamen</span> <span class='ocrx_word' id='word_1_165' title='bbox 919 2064 1050 2100; x_wconf 91' lang='lat' dir='ltr'>eum</span> <span class='ocrx_word' id='word_1_166' title='bbox 1094 2047 1204 2100; x_wconf 91' lang='lat' dir='ltr'>dici</span> <span class='ocrx_word' id='word_1_167' title='bbox 1252 2047 1457 2099; x_wconf 87' lang='lat' dir='ltr'>debere</span> <span class='ocrx_word' id='word_1_168' title='bbox 1507 2047 1591 2098; x_wconf 80' lang='lat' dir='ltr'>vel</span> <span class='ocrx_word' id='word_1_169' title='bbox 1625 2053 1845 2107; x_wconf 86' lang='lat' dir='ltr'>natum,</span> <span class='ocrx_word' id='word_1_170' title='bbox 1877 2047 2011 2115; x_wconf 87' lang='lat' dir='ltr'>quia</span> 
     </span>
    </p>
   </div>
   <div class='ocr_carea' id='block_1_22' title="bbox 317 2136 1908 2204">
    <p class='ocr_par' dir='ltr' id='par_1_22' title="bbox 317 2136 1908 2204">
     <span class='ocr_line' id='line_1_22' title="bbox 317 2136 1908 2204; baseline -0.002 -14"><span class='ocrx_word' id='word_1_171' title='bbox 317 2154 432 2190; x_wconf 91' lang='lat' dir='ltr'>non</span> <span class='ocrx_word' id='word_1_172' title='bbox 464 2143 549 2190; x_wconf 89' lang='lat' dir='ltr'>est</span> <span class='ocrx_word' id='word_1_173' title='bbox 584 2137 778 2201; x_wconf 89' lang='lat' dir='ltr'>Filius,</span> <span class='ocrx_word' id='word_1_174' title='bbox 813 2138 897 2189; x_wconf 89' lang='lat' dir='ltr'>vel</span> <span class='ocrx_word' id='word_1_175' title='bbox 931 2137 1275 2203; x_wconf 87' lang='lat' dir='ltr'>ingenitum,</span> <span class='ocrx_word' id='word_1_176' title='bbox 1310 2136 1443 2204; x_wconf 88' lang='lat' dir='ltr'>quia</span> <span class='ocrx_word' id='word_1_177' title='bbox 1470 2151 1580 2187; x_wconf 93' lang='lat' dir='ltr'>non</span> <span class='ocrx_word' id='word_1_178' title='bbox 1614 2141 1699 2187; x_wconf 89' lang='lat' dir='ltr'>est</span> <span class='ocrx_word' id='word_1_179' title='bbox 1726 2136 1908 2187; x_wconf 86' lang='lat' dir='ltr'>Pater.</span> 
     </span>
    </p>
   </div>
   <div class='ocr_carea' id='block_1_23' title="bbox 389 2224 2009 2295">
    <p class='ocr_par' dir='ltr' id='par_1_23' title="bbox 389 2224 2009 2295">
     <span class='ocr_line' id='line_1_23' title="bbox 389 2224 2009 2295; baseline -0.003 -15"><span class='ocrx_word' id='word_1_180' title='bbox 389 2226 721 2295; x_wconf 82' lang='lat' dir='ltr'>Fulgentius</span> <span class='ocrx_word' id='word_1_181' title='bbox 752 2226 1072 2295; x_wconf 88' lang='lat' dir='ltr'>episcopus,</span> <span class='ocrx_word' id='word_1_182' title='bbox 1111 2226 1429 2278; x_wconf 89' lang='lat' dir='ltr'>litterarum</span> <span class='ocrx_word' id='word_1_183' title='bbox 1467 2224 1667 2277; x_wconf 85' lang='lat' dir='ltr'>studiis</span> <span class='ocrx_word' id='word_1_184' title='bbox 1701 2224 2009 2276; x_wconf 83' lang='lat' dir='ltr'>admodum</span> 
     </span>
    </p>
   </div>
   <div class='ocr_carea' id='block_1_24' title="bbox 315 2312 2009 2383">
    <p class='ocr_par' dir='ltr' id='par_1_24' title="bbox 315 2312 2009 2383">
     <span class='ocr_line' id='line_1_24' title="bbox 315 2312 2009 2383; baseline -0.003 -13"><span class='ocrx_word' id='word_1_185' title='bbox 315 2316 596 2383; x_wconf 88' lang='lat' dir='ltr'>eruditus,</span> <span class='ocrx_word' id='word_1_186' title='bbox 646 2321 702 2367; x_wconf 86' lang='lat' dir='ltr'>et</span> <span class='ocrx_word' id='word_1_187' title='bbox 749 2316 877 2367; x_wconf 83' lang='lat' dir='ltr'>vitae</span> <span class='ocrx_word' id='word_1_188' title='bbox 926 2315 1221 2368; x_wconf 84' lang='lat' dir='ltr'>sanctitate</span> <span class='ocrx_word' id='word_1_189' title='bbox 1271 2314 1626 2383; x_wconf 86' lang='lat' dir='ltr'>perspicuus,</span> <span class='ocrx_word' id='word_1_190' title='bbox 1682 2314 1752 2364; x_wconf 87' lang='lat' dir='ltr'>ab</span> <span class='ocrx_word' id='word_1_191' title='bbox 1783 2312 2009 2365; x_wconf 81' lang='lat' dir='ltr'>Arianis</span> 
     </span>
    </p>
   </div>
   <div class='ocr_carea' id='block_1_25' title="bbox 316 2401 2010 2475">
    <p class='ocr_par' dir='ltr' id='par_1_25' title="bbox 316 2401 2010 2475">
     <span class='ocr_line' id='line_1_25' title="bbox 316 2401 2010 2475; baseline -0.002 -18"><span class='ocrx_word' id='word_1_192' title='bbox 316 2421 545 2475; x_wconf 89' lang='lat' dir='ltr'>quoque</span> <span class='ocrx_word' id='word_1_193' title='bbox 592 2421 695 2473; x_wconf 90' lang='lat' dir='ltr'>pro</span> <span class='ocrx_word' id='word_1_194' title='bbox 770 2404 1046 2457; x_wconf 86' lang='lat' dir='ltr'>catholica</span> <span class='ocrx_word' id='word_1_195' title='bbox 1102 2403 1214 2455; x_wconf 82' lang='lat' dir='ltr'>tide</span> <span class='ocrx_word' id='word_1_196' title='bbox 1288 2404 1471 2455; x_wconf 89' lang='lat' dir='ltr'>multa</span> <span class='ocrx_word' id='word_1_197' title='bbox 1540 2418 1868 2470; x_wconf 82' lang='lat' dir='ltr'>perpessus,</span> <span class='ocrx_word' id='word_1_198' title='bbox 1952 2401 2010 2454; x_wconf 92' lang='lat' dir='ltr'>in</span> 
     </span>
    </p>
   </div>
   <div class='ocr_carea' id='block_1_26' title="bbox 317 2489 2011 2561">
    <p class='ocr_par' dir='ltr' id='par_1_26' title="bbox 317 2489 2011 2561">
     <span class='ocr_line' id='line_1_26' title="bbox 317 2489 2011 2561; baseline -0.004 -15"><span class='ocrx_word' id='word_1_199' title='bbox 317 2494 462 2546; x_wconf 89' lang='lat' dir='ltr'>libro</span> <span class='ocrx_word' id='word_1_200' title='bbox 498 2492 890 2555; x_wconf 68' lang='lat' dir='ltr'>Quaestionum</span> <span class='ocrx_word' id='word_1_201' title='bbox 925 2494 992 2545; x_wconf 91' lang='lat' dir='ltr'>de</span> <span class='ocrx_word' id='word_1_202' title='bbox 1025 2492 1270 2561; x_wconf 87' lang='lat' dir='ltr'>Spiritus</span> <span class='ocrx_word' id='word_1_203' title='bbox 1305 2490 1484 2543; x_wconf 84' lang='lat' dir='ltr'>sancti</span> <span class='ocrx_word' id='word_1_204' title='bbox 1526 2490 1891 2559; x_wconf 84' lang='lat' dir='ltr'>processione</span> <span class='ocrx_word' id='word_1_205' title='bbox 1932 2489 2011 2540; x_wconf 92' lang='lat' dir='ltr'>sic</span> 
     </span>
    </p>
   </div>
   <div class='ocr_carea' id='block_1_27' title="bbox 316 2580 2009 2650">
    <p class='ocr_par' dir='ltr' id='par_1_27' title="bbox 316 2580 2009 2650">
     <span class='ocr_line' id='line_1_27' title="bbox 316 2580 2009 2650; baseline -0.002 -16"><span class='ocrx_word' id='word_1_206' title='bbox 316 2583 435 2635; x_wconf 87' lang='lat' dir='ltr'>ait:</span> <span class='ocrx_word' id='word_1_207' title='bbox 478 2604 496 2628; x_wconf 75' lang='grc' dir='ltr'>ι</span> <span class='ocrx_word' id='word_1_208' title='bbox 531 2582 623 2635; x_wconf 88' lang='lat' dir='ltr'>Sic</span> <span class='ocrx_word' id='word_1_209' title='bbox 655 2586 839 2633; x_wconf 89' lang='lat' dir='ltr'>totum</span> <span class='ocrx_word' id='word_1_210' title='bbox 892 2582 1041 2650; x_wconf 89' lang='lat' dir='ltr'>quod</span> <span class='ocrx_word' id='word_1_211' title='bbox 1102 2584 1185 2633; x_wconf 90' lang='lat' dir='ltr'>est</span> <span class='ocrx_word' id='word_1_212' title='bbox 1240 2580 1365 2647; x_wconf 89' lang='lat' dir='ltr'>ipsa</span> <span class='ocrx_word' id='word_1_213' title='bbox 1426 2585 1649 2644; x_wconf 88' lang='lat' dir='ltr'>natura,</span> <span class='ocrx_word' id='word_1_214' title='bbox 1702 2594 2009 2631; x_wconf 87' lang='lat' dir='ltr'>commune</span> 
     </span>
    </p>
   </div>
   <div class='ocr_carea' id='block_1_28' title="bbox 317 2668 2009 2737">
    <p class='ocr_par' dir='ltr' id='par_1_28' title="bbox 317 2668 2009 2737">
     <span class='ocr_line' id='line_1_28' title="bbox 317 2668 2009 2737; baseline -0.002 -14"><span class='ocrx_word' id='word_1_215' title='bbox 317 2671 501 2723; x_wconf 86' lang='lat' dir='ltr'>tribus</span> <span class='ocrx_word' id='word_1_216' title='bbox 561 2669 853 2722; x_wconf 84' lang='lat' dir='ltr'>invenitur</span> <span class='ocrx_word' id='word_1_217' title='bbox 909 2685 1031 2721; x_wconf 89' lang='lat' dir='ltr'>esse</span> <span class='ocrx_word' id='word_1_218' title='bbox 1096 2668 1374 2736; x_wconf 81' lang='lat' dir='ltr'>personis,</span> <span class='ocrx_word' id='word_1_219' title='bbox 1433 2674 1497 2720; x_wconf 90' lang='lat' dir='ltr'>ut</span> <span class='ocrx_word' id='word_1_220' title='bbox 1553 2668 1768 2737; x_wconf 86' lang='lat' dir='ltr'>aliquid</span> <span class='ocrx_word' id='word_1_221' title='bbox 1818 2670 2009 2720; x_wconf 88' lang='lat' dir='ltr'>tamen</span> 
     </span>
    </p>
   </div>
   <div class='ocr_carea' id='block_1_29' title="bbox 317 2756 2007 2827">
    <p class='ocr_par' dir='ltr' id='par_1_29' title="bbox 317 2756 2007 2827">
     <span class='ocr_line' id='line_1_29' title="bbox 317 2756 2007 2827; baseline -0.002 -17"><span class='ocrx_word' id='word_1_222' title='bbox 317 2759 658 2825; x_wconf 82' lang='lat' dir='ltr'>inveniatur,</span> <span class='ocrx_word' id='word_1_223' title='bbox 742 2774 855 2827; x_wconf 87' lang='lat' dir='ltr'>quo</span> <span class='ocrx_word' id='word_1_224' title='bbox 916 2756 1143 2827; x_wconf 91' lang='lat' dir='ltr'>pr0prie</span> <span class='ocrx_word' id='word_1_225' title='bbox 1192 2772 1557 2826; x_wconf 72' lang='lat' dir='ltr'>unaquaeque</span> <span class='ocrx_word' id='word_1_226' title='bbox 1610 2772 1851 2825; x_wconf 87' lang='lat' dir='ltr'>persona</span> <span class='ocrx_word' id='word_1_227' title='bbox 1896 2772 2007 2807; x_wconf 89' lang='lat' dir='ltr'>no-</span> 
     </span>
    </p>
   </div>
   <div class='ocr_carea' id='block_1_30' title="bbox 315 2845 2009 2917">
    <p class='ocr_par' dir='ltr' id='par_1_30' title="bbox 315 2845 2009 2917">
     <span class='ocr_line' id='line_1_30' title="bbox 315 2845 2009 2917; baseline -0.001 -19"><span class='ocrx_word' id='word_1_228' title='bbox 315 2854 538 2902; x_wconf 89' lang='lat' dir='ltr'>scatur:</span> <span class='ocrx_word' id='word_1_229' title='bbox 574 2847 727 2917; x_wconf 87' lang='lat' dir='ltr'>qnod</span> <span class='ocrx_word' id='word_1_230' title='bbox 760 2851 951 2899; x_wconf 84' lang='lat' dir='ltr'>tamen</span> <span class='ocrx_word' id='word_1_231' title='bbox 985 2862 1089 2898; x_wconf 88' lang='lat' dir='ltr'>nec</span> <span class='ocrx_word' id='word_1_232' title='bbox 1144 2846 1470 2898; x_wconf 76' lang='lat' dir='ltr'>inveniatur</span> <span class='ocrx_word' id='word_1_233' title='bbox 1517 2845 1851 2914; x_wconf 87' lang='lat' dir='ltr'>separabile,</span> <span class='ocrx_word' id='word_1_234' title='bbox 1907 2861 2009 2897; x_wconf 88' lang='lat' dir='ltr'>nec</span> 
     </span>
    </p>
   </div>
   <div class='ocr_carea' id='block_1_31' title="bbox 317 2933 2005 3005">
    <p class='ocr_par' dir='ltr' id='par_1_31' title="bbox 317 2933 2005 3005">
     <span class='ocr_line' id='line_1_31' title="bbox 317 2933 2005 3005; baseline -0.002 -16"><span class='ocrx_word' id='word_1_235' title='bbox 317 2937 495 3005; x_wconf 88' lang='lat' dir='ltr'>possit</span> <span class='ocrx_word' id='word_1_236' title='bbox 553 2952 676 2988; x_wconf 86' lang='lat' dir='ltr'>esse</span> <span class='ocrx_word' id='word_1_237' title='bbox 727 2950 1051 2987; x_wconf 89' lang='lat' dir='ltr'>commune.</span> <span class='ocrx_word' id='word_1_238' title='bbox 1110 2936 1247 2987; x_wconf 79' lang='lat' dir='ltr'>Nam</span> <span class='ocrx_word' id='word_1_239' title='bbox 1300 2935 1595 3003; x_wconf 90' lang='lat' dir='ltr'>proprium</span> <span class='ocrx_word' id='word_1_240' title='bbox 1658 2934 1835 2986; x_wconf 87' lang='lat' dir='ltr'>Patris</span> <span class='ocrx_word' id='word_1_241' title='bbox 1864 2933 2005 2987; x_wconf 87' lang='lat' dir='ltr'>dici-</span> 
     </span>
    </p>
   </div>
   <div class='ocr_carea' id='block_1_32' title="bbox 316 3023 2005 3093">
    <p class='ocr_par' dir='ltr' id='par_1_32' title="bbox 316 3023 2005 3093">
     <span class='ocr_line' id='line_1_32' title="bbox 316 3023 2005 3093; baseline -0.002 -15"><span class='ocrx_word' id='word_1_242' title='bbox 316 3041 443 3078; x_wconf 88' lang='lat' dir='ltr'>mus</span> <span class='ocrx_word' id='word_1_243' title='bbox 501 3041 642 3088; x_wconf 84' lang='lat' dir='ltr'>esse,</span> <span class='ocrx_word' id='word_1_244' title='bbox 699 3024 851 3093; x_wconf 90' lang='lat' dir='ltr'>quod</span> <span class='ocrx_word' id='word_1_245' title='bbox 912 3024 1165 3093; x_wconf 90' lang='lat' dir='ltr'>genuit:</span> <span class='ocrx_word' id='word_1_246' title='bbox 1208 3023 1504 3092; x_wconf 87' lang='lat' dir='ltr'>proprium</span> <span class='ocrx_word' id='word_1_247' title='bbox 1576 3023 1816 3075; x_wconf 90' lang='lat' dir='ltr'>dicimus</span> <span class='ocrx_word' id='word_1_248' title='bbox 1885 3023 2005 3075; x_wconf 80' lang='lat' dir='ltr'>Filii</span> 
     </span>
    </p>
   </div>
   <div class='ocr_carea' id='block_1_33' title="bbox 316 3111 2007 3183">
    <p class='ocr_par' dir='ltr' id='par_1_33' title="bbox 316 3111 2007 3183">
     <span class='ocr_line' id='line_1_33' title="bbox 316 3111 2007 3183; baseline -0.002 -17"><span class='ocrx_word' id='word_1_249' title='bbox 316 3130 458 3182; x_wconf 90' lang='lat' dir='ltr'>esse,</span> <span class='ocrx_word' id='word_1_250' title='bbox 490 3112 645 3183; x_wconf 92' lang='lat' dir='ltr'>quod</span> <span class='ocrx_word' id='word_1_251' title='bbox 676 3113 829 3165; x_wconf 90' lang='lat' dir='ltr'>solus</span> <span class='ocrx_word' id='word_1_252' title='bbox 863 3112 932 3165; x_wconf 92' lang='lat' dir='ltr'>de</span> <span class='ocrx_word' id='word_1_253' title='bbox 978 3113 1097 3165; x_wconf 89' lang='lat' dir='ltr'>solo</span> <span class='ocrx_word' id='word_1_254' title='bbox 1130 3113 1291 3164; x_wconf 89' lang='lat' dir='ltr'>Patre</span> <span class='ocrx_word' id='word_1_255' title='bbox 1338 3115 1503 3163; x_wconf 88' lang='lat' dir='ltr'>natus</span> <span class='ocrx_word' id='word_1_256' title='bbox 1558 3116 1658 3175; x_wconf 91' lang='lat' dir='ltr'>est,</span> <span class='ocrx_word' id='word_1_257' title='bbox 1706 3111 2007 3180; x_wconf 84' lang='lat' dir='ltr'>proprium</span> 
     </span>
    </p>
   </div>
   <div class='ocr_carea' id='block_1_34' title="bbox 315 3198 2009 3270">
    <p class='ocr_par' dir='ltr' id='par_1_34' title="bbox 315 3198 2009 3270">
     <span class='ocr_line' id='line_1_34' title="bbox 315 3198 2009 3270; baseline -0.002 -16"><span class='ocrx_word' id='word_1_258' title='bbox 315 3202 560 3270; x_wconf 83' lang='lat' dir='ltr'>Spiritus</span> <span class='ocrx_word' id='word_1_259' title='bbox 599 3200 776 3252; x_wconf 87' lang='lat' dir='ltr'>sancti</span> <span class='ocrx_word' id='word_1_260' title='bbox 829 3200 982 3269; x_wconf 89' lang='lat' dir='ltr'>quod</span> <span class='ocrx_word' id='word_1_261' title='bbox 1014 3200 1082 3252; x_wconf 90' lang='lat' dir='ltr'>de</span> <span class='ocrx_word' id='word_1_262' title='bbox 1130 3200 1294 3251; x_wconf 85' lang='lat' dir='ltr'>Patre</span> <span class='ocrx_word' id='word_1_263' title='bbox 1349 3199 1607 3269; x_wconf 88' lang='lat' dir='ltr'>Filioque</span> <span class='ocrx_word' id='word_1_264' title='bbox 1641 3198 1916 3267; x_wconf 90' lang='lat' dir='ltr'>procedit.</span> <span class='ocrx_word' id='word_1_265' title='bbox 1946 3200 2009 3251; x_wconf 91' lang='lat' dir='ltr'>In</span> 
     </span>
    </p>
   </div>
   <div class='ocr_carea' id='block_1_35' title="bbox 313 3285 2007 3357">
    <p class='ocr_par' dir='ltr' id='par_1_35' title="bbox 313 3285 2007 3357">
     <span class='ocr_line' id='line_1_35' title="bbox 313 3285 2007 3357; baseline -0.003 -14"><span class='ocrx_word' id='word_1_266' title='bbox 313 3290 403 3343; x_wconf 88' lang='lat' dir='ltr'>his</span> <span class='ocrx_word' id='word_1_267' title='bbox 424 3305 554 3342; x_wconf 91' lang='lat' dir='ltr'>vero</span> <span class='ocrx_word' id='word_1_268' title='bbox 616 3288 864 3357; x_wconf 90' lang='lat' dir='ltr'>propriis</span> <span class='ocrx_word' id='word_1_269' title='bbox 918 3289 1075 3341; x_wconf 91' lang='lat' dir='ltr'>nulla</span> <span class='ocrx_word' id='word_1_270' title='bbox 1130 3292 1215 3339; x_wconf 90' lang='lat' dir='ltr'>est</span> <span class='ocrx_word' id='word_1_271' title='bbox 1272 3290 1490 3339; x_wconf 66' lang='lat' dir='ltr'>natura:</span> <span class='ocrx_word' id='word_1_272' title='bbox 1550 3285 1856 3356; x_wconf 83' lang='lat' dir='ltr'>separatio,</span> <span class='ocrx_word' id='word_1_273' title='bbox 1910 3287 2007 3339; x_wconf 91' lang='lat' dir='ltr'>sed</span> 
     </span>
    </p>
   </div>
   <div class='ocr_carea' id='block_1_36' title="bbox 313 3374 2008 3449">
    <p class='ocr_par' dir='ltr' id='par_1_36' title="bbox 313 3374 2008 3449">
     <span class='ocr_line' id='line_1_36' title="bbox 313 3374 2008 3449; baseline -0.002 -19"><span class='ocrx_word' id='word_1_274' title='bbox 313 3378 569 3449; x_wconf 65' lang='lat' dir='ltr'>quaedam</span> <span class='ocrx_word' id='word_1_275' title='bbox 603 3377 919 3447; x_wconf 89' lang='lat' dir='ltr'>personalis</span> <span class='ocrx_word' id='word_1_276' title='bbox 969 3375 1205 3446; x_wconf 81' lang='lat' dir='ltr'>agnitio.</span> <span class='ocrx_word' id='word_1_277' title='bbox 1242 3398 1269 3425; x_wconf 66' lang='grc' dir='ltr'><strong>κ</strong></span> <span class='ocrx_word' id='word_1_278' title='bbox 1321 3375 1463 3429; x_wconf 91' lang='lat' dir='ltr'>Dicit</span> <span class='ocrx_word' id='word_1_279' title='bbox 1511 3375 1601 3427; x_wconf 91' lang='lat' dir='ltr'>hic</span> <span class='ocrx_word' id='word_1_280' title='bbox 1630 3380 1830 3428; x_wconf 90' lang='lat' dir='ltr'>auctor</span> <span class='ocrx_word' id='word_1_281' title='bbox 1870 3374 2008 3445; x_wconf 90' lang='lat' dir='ltr'>quid</span> 
     </span>
    </p>
   </div>
   <div class='ocr_carea' id='block_1_37' title="bbox 310 3463 2006 3536">
    <p class='ocr_par' dir='ltr' id='par_1_37' title="bbox 310 3463 2006 3536">
     <span class='ocr_line' id='line_1_37' title="bbox 310 3463 2006 3536; baseline -0.003 -16"><span class='ocrx_word' id='word_1_282' title='bbox 310 3482 641 3531; x_wconf 87' lang='lat' dir='ltr'>commune,</span> <span class='ocrx_word' id='word_1_283' title='bbox 685 3466 821 3536; x_wconf 91' lang='lat' dir='ltr'>quid</span> <span class='ocrx_word' id='word_1_284' title='bbox 862 3464 1096 3535; x_wconf 88' lang='lat' dir='ltr'>proprie</span> <span class='ocrx_word' id='word_1_285' title='bbox 1141 3480 1507 3534; x_wconf 58' lang='lat' dir='ltr'>unaquaeque</span> <span class='ocrx_word' id='word_1_286' title='bbox 1556 3470 1765 3516; x_wconf 82' lang='lat' dir='ltr'>sanctae</span> <span class='ocrx_word' id='word_1_287' title='bbox 1823 3463 2006 3516; x_wconf 88' lang='lat' dir='ltr'>Trini-</span> 
     </span>
    </p>
   </div>
   <div class='ocr_carea' id='block_1_38' title="bbox 312 3552 2005 3625">
    <p class='ocr_par' dir='ltr' id='par_1_38' title="bbox 312 3552 2005 3625">
     <span class='ocr_line' id='line_1_38' title="bbox 312 3552 2005 3625; baseline -0.002 -16"><span class='ocrx_word' id='word_1_288' title='bbox 312 3555 443 3609; x_wconf 89' lang='lat' dir='ltr'>tatis</span> <span class='ocrx_word' id='word_1_289' title='bbox 480 3571 729 3625; x_wconf 89' lang='lat' dir='ltr'>persona</span> <span class='ocrx_word' id='word_1_290' title='bbox 775 3558 1045 3608; x_wconf 89' lang='lat' dir='ltr'>noscatur</span> <span class='ocrx_word' id='word_1_291' title='bbox 1102 3553 1313 3606; x_wconf 89' lang='lat' dir='ltr'>habere</span> <span class='ocrx_word' id='word_1_292' title='bbox 1354 3572 1368 3617; x_wconf 90' lang='lat'><strong>;</strong></span> <span class='ocrx_word' id='word_1_293' title='bbox 1414 3568 1719 3605; x_wconf 89' lang='lat' dir='ltr'>commune</span> <span class='ocrx_word' id='word_1_294' title='bbox 1769 3552 2005 3622; x_wconf 88' lang='lat' dir='ltr'>quidem</span> 
     </span>
    </p>
   </div>
   <div class='ocr_carea' id='block_1_39' title="bbox 311 3640 2002 3713">
    <p class='ocr_par' dir='ltr' id='par_1_39' title="bbox 311 3640 2002 3713">
     <span class='ocr_line' id='line_1_39' title="bbox 311 3640 2002 3713; baseline -0.004 -16"><span class='ocrx_word' id='word_1_295' title='bbox 311 3644 460 3698; x_wconf 90' lang='lat' dir='ltr'>inest</span> <span class='ocrx_word' id='word_1_296' title='bbox 491 3644 675 3698; x_wconf 89' lang='lat' dir='ltr'>tribus</span> <span class='ocrx_word' id='word_1_297' title='bbox 700 3642 959 3713; x_wconf 89' lang='lat' dir='ltr'>personis</span> <span class='ocrx_word' id='word_1_298' title='bbox 990 3642 1157 3695; x_wconf 90' lang='lat' dir='ltr'>unius</span> <span class='ocrx_word' id='word_1_299' title='bbox 1175 3648 1394 3694; x_wconf 65' lang='lat' dir='ltr'>naturae</span> <span class='ocrx_word' id='word_1_300' title='bbox 1416 3640 2002 3703; x_wconf 84' lang='lat' dir='ltr'>consubstantialitas;</span> 
     </span>
    </p>
   </div>
   <div class='ocr_carea' id='block_1_40' title="bbox 310 3728 2002 3803">
    <p class='ocr_par' dir='ltr' id='par_1_40' title="bbox 310 3728 2002 3803">
     <span class='ocr_line' id='line_1_40' title="bbox 310 3728 2002 3803; baseline -0.004 -16"><span class='ocrx_word' id='word_1_301' title='bbox 310 3734 609 3803; x_wconf 89' lang='lat' dir='ltr'>proprium</span> <span class='ocrx_word' id='word_1_302' title='bbox 658 3749 791 3785; x_wconf 86' lang='lat' dir='ltr'>vero</span> <span class='ocrx_word' id='word_1_303' title='bbox 854 3731 1116 3801; x_wconf 81' lang='lat' dir='ltr'>singulis,</span> <span class='ocrx_word' id='word_1_304' title='bbox 1173 3730 1321 3800; x_wconf 88' lang='lat' dir='ltr'>quod</span> <span class='ocrx_word' id='word_1_305' title='bbox 1378 3731 1542 3783; x_wconf 90' lang='lat' dir='ltr'>Pater</span> <span class='ocrx_word' id='word_1_306' title='bbox 1588 3730 1739 3782; x_wconf 91' lang='lat' dir='ltr'>solus</span> <span class='ocrx_word' id='word_1_307' title='bbox 1782 3728 2002 3797; x_wconf 79' lang='lat' dir='ltr'>genuit,</span> 
     </span>
    </p>
   </div>
   <div class='ocr_carea' id='block_1_41' title="bbox 312 3818 2004 3888">
    <p class='ocr_par' dir='ltr' id='par_1_41' title="bbox 312 3818 2004 3888">
     <span class='ocr_line' id='line_1_41' title="bbox 312 3818 2004 3888; baseline -0.004 -13"><span class='ocrx_word' id='word_1_308' title='bbox 312 3822 482 3876; x_wconf 86' lang='lat' dir='ltr'>Filius</span> <span class='ocrx_word' id='word_1_309' title='bbox 529 3823 680 3875; x_wconf 90' lang='lat' dir='ltr'>solus</span> <span class='ocrx_word' id='word_1_310' title='bbox 723 3827 890 3875; x_wconf 90' lang='lat' dir='ltr'>natus</span> <span class='ocrx_word' id='word_1_311' title='bbox 941 3821 1010 3874; x_wconf 93' lang='lat' dir='ltr'>de</span> <span class='ocrx_word' id='word_1_312' title='bbox 1058 3822 1222 3873; x_wconf 84' lang='lat' dir='ltr'>Patre</span> <span class='ocrx_word' id='word_1_313' title='bbox 1277 3820 1414 3883; x_wconf 91' lang='lat' dir='ltr'>solo,</span> <span class='ocrx_word' id='word_1_314' title='bbox 1488 3818 1732 3888; x_wconf 87' lang='lat' dir='ltr'>Spiritus</span> <span class='ocrx_word' id='word_1_315' title='bbox 1778 3821 2004 3870; x_wconf 87' lang='lat' dir='ltr'>sanctus</span> 
     </span>
    </p>
   </div>
   <div class='ocr_carea' id='block_1_42' title="bbox 309 3904 2001 3979">
    <p class='ocr_par' dir='ltr' id='par_1_42' title="bbox 309 3904 2001 3979">
     <span class='ocr_line' id='line_1_42' title="bbox 309 3904 2001 3979; baseline -0.003 -18"><span class='ocrx_word' id='word_1_316' title='bbox 309 3910 463 3979; x_wconf 91' lang='lat' dir='ltr'>quod</span> <span class='ocrx_word' id='word_1_317' title='bbox 494 3910 561 3963; x_wconf 92' lang='lat' dir='ltr'>de</span> <span class='ocrx_word' id='word_1_318' title='bbox 594 3910 755 3961; x_wconf 88' lang='lat' dir='ltr'>Patre</span> <span class='ocrx_word' id='word_1_319' title='bbox 805 3908 1062 3977; x_wconf 87' lang='lat' dir='ltr'>Filioque</span> <span class='ocrx_word' id='word_1_320' title='bbox 1107 3906 1381 3976; x_wconf 88' lang='lat' dir='ltr'>procedit.</span> <span class='ocrx_word' id='word_1_321' title='bbox 1414 3906 1537 3969; x_wconf 86' lang='lat' dir='ltr'>Qua</span> <span class='ocrx_word' id='word_1_322' title='bbox 1582 3906 1651 3958; x_wconf 91' lang='lat' dir='ltr'>de</span> <span class='ocrx_word' id='word_1_323' title='bbox 1682 3921 1740 3957; x_wconf 92' lang='lat' dir='ltr'>re</span> <span class='ocrx_word' id='word_1_324' title='bbox 1777 3904 1876 3974; x_wconf 90' lang='lat' dir='ltr'>qui</span> <span class='ocrx_word' id='word_1_325' title='bbox 1906 3920 2001 3957; x_wconf 85' lang='lat' dir='ltr'>re-</span> 
     </span>
    </p>
   </div>
   <div class='ocr_carea' id='block_1_43' title="bbox 308 3995 2004 4066">
    <p class='ocr_par' dir='ltr' id='par_1_43' title="bbox 308 3995 2004 4066">
     <span class='ocr_line' id='line_1_43' title="bbox 308 3995 2004 4066; baseline -0.003 -16"><span class='ocrx_word' id='word_1_326' title='bbox 308 3998 530 4066; x_wconf 88' lang='lat' dir='ltr'>cipiunt</span> <span class='ocrx_word' id='word_1_327' title='bbox 559 3997 741 4051; x_wconf 88' lang='lat' dir='ltr'>Patris</span> <span class='ocrx_word' id='word_1_328' title='bbox 772 3998 955 4049; x_wconf 89' lang='lat' dir='ltr'>inesse</span> <span class='ocrx_word' id='word_1_329' title='bbox 1007 3995 1324 4066; x_wconf 89' lang='lat' dir='ltr'>proprium,</span> <span class='ocrx_word' id='word_1_330' title='bbox 1373 3995 1523 4064; x_wconf 89' lang='lat' dir='ltr'>quod</span> <span class='ocrx_word' id='word_1_331' title='bbox 1555 3995 1626 4046; x_wconf 86' lang='lat' dir='ltr'>sit</span> <span class='ocrx_word' id='word_1_332' title='bbox 1670 3995 1915 4062; x_wconf 79' lang='lat' dir='ltr'>genitor,</span> <span class='ocrx_word' id='word_1_333' title='bbox 1946 3998 2004 4046; x_wconf 90' lang='lat' dir='ltr'>et</span> 
     </span>
    </p>
   </div>
   <div class='ocr_carea' id='block_1_44' title="bbox 311 4081 2002 4155">
    <p class='ocr_par' dir='ltr' id='par_1_44' title="bbox 311 4081 2002 4155">
     <span class='ocr_line' id='line_1_44' title="bbox 311 4081 2002 4155; baseline -0.004 -17"><span class='ocrx_word' id='word_1_334' title='bbox 311 4086 438 4139; x_wconf 87' lang='lat' dir='ltr'>Filii</span> <span class='ocrx_word' id='word_1_335' title='bbox 476 4086 799 4155; x_wconf 90' lang='lat' dir='ltr'>proprium,</span> <span class='ocrx_word' id='word_1_336' title='bbox 841 4084 997 4153; x_wconf 90' lang='lat' dir='ltr'>quod</span> <span class='ocrx_word' id='word_1_337' title='bbox 1036 4083 1113 4135; x_wconf 90' lang='lat' dir='ltr'>sit</span> <span class='ocrx_word' id='word_1_338' title='bbox 1161 4082 1409 4152; x_wconf 89' lang='lat' dir='ltr'>genitus,</span> <span class='ocrx_word' id='word_1_339' title='bbox 1452 4081 1731 4150; x_wconf 87' lang='lat' dir='ltr'>recipiant</span> <span class='ocrx_word' id='word_1_340' title='bbox 1771 4097 2002 4150; x_wconf 91' lang='lat' dir='ltr'>quoque</span> 
     </span>
    </p>
   </div>
   <div class='ocr_carea' id='block_1_45' title="bbox 309 4170 2002 4240">
    <p class='ocr_par' dir='ltr' id='par_1_45' title="bbox 309 4170 2002 4240">
     <span class='ocr_line' id='line_1_45' title="bbox 309 4170 2002 4240; baseline -0.002 -14"><span class='ocrx_word' id='word_1_341' title='bbox 309 4189 537 4226; x_wconf 89' lang='lat' dir='ltr'>necesse</span> <span class='ocrx_word' id='word_1_342' title='bbox 588 4178 673 4225; x_wconf 89' lang='lat' dir='ltr'>est</span> <span class='ocrx_word' id='word_1_343' title='bbox 701 4188 821 4225; x_wconf 88' lang='lat' dir='ltr'>esse</span> <span class='ocrx_word' id='word_1_344' title='bbox 880 4171 1120 4240; x_wconf 86' lang='lat' dir='ltr'>Spiritus</span> <span class='ocrx_word' id='word_1_345' title='bbox 1176 4171 1353 4223; x_wconf 87' lang='lat' dir='ltr'>sancti</span> <span class='ocrx_word' id='word_1_346' title='bbox 1388 4170 1709 4239; x_wconf 88' lang='lat' dir='ltr'>proprium,</span> <span class='ocrx_word' id='word_1_347' title='bbox 1750 4170 1902 4238; x_wconf 89' lang='lat' dir='ltr'>quod</span> <span class='ocrx_word' id='word_1_348' title='bbox 1933 4170 2002 4222; x_wconf 91' lang='lat' dir='ltr'>de</span> 
     </span>
    </p>
   </div>
   <div class='ocr_carea' id='block_1_46' title="bbox 310 4258 2003 4330">
    <p class='ocr_par' dir='ltr' id='par_1_46' title="bbox 310 4258 2003 4330">
     <span class='ocr_line' id='line_1_46' title="bbox 310 4258 2003 4330; baseline -0.002 -17"><span class='ocrx_word' id='word_1_349' title='bbox 310 4262 473 4313; x_wconf 82' lang='lat' dir='ltr'>Patre</span> <span class='ocrx_word' id='word_1_350' title='bbox 540 4260 795 4330; x_wconf 89' lang='lat' dir='ltr'>Filioque</span> <span class='ocrx_word' id='word_1_351' title='bbox 854 4258 1132 4327; x_wconf 89' lang='lat' dir='ltr'>procedit.</span> <span class='ocrx_word' id='word_1_352' title='bbox 1191 4258 1352 4321; x_wconf 90' lang='lat' dir='ltr'>Quod</span> <span class='ocrx_word' id='word_1_353' title='bbox 1411 4258 1458 4309; x_wconf 90' lang='lat' dir='ltr'>si</span> <span class='ocrx_word' id='word_1_354' title='bbox 1518 4272 1725 4325; x_wconf 88' lang='lat' dir='ltr'>negare</span> <span class='ocrx_word' id='word_1_355' title='bbox 1772 4261 2003 4309; x_wconf 87' lang='lat' dir='ltr'>conten-</span> 
     </span>
    </p>
   </div>
   <div class='ocr_carea' id='block_1_47' title="bbox 2129 542 3793 612">
    <p class='ocr_par' dir='ltr' id='par_1_47' title="bbox 2129 542 3793 612">
     <span class='ocr_line' id='line_1_47' title="bbox 2129 542 3793 612; baseline 0.005 -19"><span class='ocrx_word' id='word_1_356' title='bbox 2129 542 2377 595; x_wconf 89' lang='lat' dir='ltr'>Proinde</span> <span class='ocrx_word' id='word_1_357' title='bbox 2432 548 2585 594; x_wconf 91' lang='lat' dir='ltr'>totus</span> <span class='ocrx_word' id='word_1_358' title='bbox 2615 542 2683 595; x_wconf 90' lang='lat' dir='ltr'>de</span> <span class='ocrx_word' id='word_1_359' title='bbox 2727 542 2892 595; x_wconf 87' lang='lat' dir='ltr'>Patre</span> <span class='ocrx_word' id='word_1_360' title='bbox 2928 544 3189 611; x_wconf 88' lang='lat' dir='ltr'>procedit</span> <span class='ocrx_word' id='word_1_361' title='bbox 3218 551 3285 612; x_wconf 62' lang='lat' dir='ltr'>,et</span> <span class='ocrx_word' id='word_1_362' title='bbox 3350 547 3515 609; x_wconf 89' lang='lat' dir='ltr'>Filio,</span> <span class='ocrx_word' id='word_1_363' title='bbox 3565 551 3705 600; x_wconf 89' lang='lat' dir='ltr'>totus</span> <span class='ocrx_word' id='word_1_364' title='bbox 3750 552 3793 602; x_wconf 89' lang='grc'>111</span> 
     </span>
    </p>
   </div>
   <div class='ocr_carea' id='block_1_48' title="bbox 2128 631 3794 705">
    <p class='ocr_par' dir='ltr' id='par_1_48' title="bbox 2128 631 3794 705">
     <span class='ocr_line' id='line_1_48' title="bbox 2128 631 3794 705; baseline 0.005 -24"><span class='ocrx_word' id='word_1_365' title='bbox 2128 631 2292 682; x_wconf 84' lang='lat' dir='ltr'>Patre</span> <span class='ocrx_word' id='word_1_366' title='bbox 2322 635 2513 683; x_wconf 91' lang='lat' dir='ltr'>manet</span> <span class='ocrx_word' id='word_1_367' title='bbox 2568 647 2629 683; x_wconf 89' lang='lat' dir='ltr'>ac</span> <span class='ocrx_word' id='word_1_368' title='bbox 2670 631 2840 695; x_wconf 88' lang='lat' dir='ltr'>Filio;</span> <span class='ocrx_word' id='word_1_369' title='bbox 2893 632 3029 701; x_wconf 89' lang='lat' dir='ltr'>quia</span> <span class='ocrx_word' id='word_1_370' title='bbox 3059 633 3139 685; x_wconf 89' lang='lat' dir='ltr'>sic</span> <span class='ocrx_word' id='word_1_371' title='bbox 3179 640 3373 686; x_wconf 88' lang='lat' dir='ltr'>manet</span> <span class='ocrx_word' id='word_1_372' title='bbox 3422 640 3483 687; x_wconf 92' lang='lat' dir='ltr'>ut</span> <span class='ocrx_word' id='word_1_373' title='bbox 3537 638 3794 705; x_wconf 83' lang='lat' dir='ltr'>procedat,</span> 
     </span>
    </p>
   </div>
   <div class='ocr_carea' id='block_1_49' title="bbox 2126 718 3798 787">
    <p class='ocr_par' dir='ltr' id='par_1_49' title="bbox 2126 718 3798 787">
     <span class='ocr_line' id='line_1_49' title="bbox 2126 718 3798 787; baseline 0.006 -18"><span class='ocrx_word' id='word_1_374' title='bbox 2126 718 2203 769; x_wconf 89' lang='lat' dir='ltr'>sic</span> <span class='ocrx_word' id='word_1_375' title='bbox 2234 720 2486 787; x_wconf 89' lang='lat' dir='ltr'>procedit</span> <span class='ocrx_word' id='word_1_376' title='bbox 2519 724 2577 770; x_wconf 90' lang='lat' dir='ltr'>ut</span> <span class='ocrx_word' id='word_1_377' title='bbox 2610 724 2856 771; x_wconf 85' lang='lat' dir='ltr'>maneat.</span> <span class='ocrx_word' id='word_1_378' title='bbox 2906 721 3062 773; x_wconf 89' lang='lat' dir='ltr'>Unde</span> <span class='ocrx_word' id='word_1_379' title='bbox 3096 722 3432 775; x_wconf 89' lang='lat' dir='ltr'>naturaliter</span> <span class='ocrx_word' id='word_1_380' title='bbox 3460 724 3607 776; x_wconf 89' lang='lat' dir='ltr'>hanc</span> <span class='ocrx_word' id='word_1_381' title='bbox 3652 726 3798 779; x_wconf 85' lang='lat' dir='ltr'>habet</span> 
     </span>
    </p>
   </div>
   <div class='ocr_carea' id='block_1_50' title="bbox 2124 808 3799 882">
    <p class='ocr_par' dir='ltr' id='par_1_50' title="bbox 2124 808 3799 882">
     <span class='ocr_line' id='line_1_50' title="bbox 2124 808 3799 882; baseline 0.004 -23"><span class='ocrx_word' id='word_1_382' title='bbox 2124 824 2252 859; x_wconf 90' lang='lat' dir='ltr'>cum</span> <span class='ocrx_word' id='word_1_383' title='bbox 2288 809 2452 860; x_wconf 87' lang='lat' dir='ltr'>Patre</span> <span class='ocrx_word' id='word_1_384' title='bbox 2483 826 2545 860; x_wconf 94' lang='lat' dir='ltr'>ac</span> <span class='ocrx_word' id='word_1_385' title='bbox 2580 808 2721 860; x_wconf 89' lang='lat' dir='ltr'>Filio</span> <span class='ocrx_word' id='word_1_386' title='bbox 2770 808 3005 860; x_wconf 89' lang='lat' dir='ltr'>unitatis</span> <span class='ocrx_word' id='word_1_387' title='bbox 3054 810 3497 878; x_wconf 86' lang='lat' dir='ltr'>plenitudinem,</span> <span class='ocrx_word' id='word_1_388' title='bbox 3553 819 3606 866; x_wconf 86' lang='lat' dir='ltr'>et</span> <span class='ocrx_word' id='word_1_389' title='bbox 3637 814 3799 882; x_wconf 87' lang='lat' dir='ltr'>pleni-</span> 
     </span>
    </p>
   </div>
   <div class='ocr_carea' id='block_1_51' title="bbox 2128 896 3799 963">
    <p class='ocr_par' dir='ltr' id='par_1_51' title="bbox 2128 896 3799 963">
     <span class='ocr_line' id='line_1_51' title="bbox 2128 896 3799 963; baseline 0.003 -14"><span class='ocrx_word' id='word_1_390' title='bbox 2128 896 2346 950; x_wconf 87' lang='lat' dir='ltr'>tudinis</span> <span class='ocrx_word' id='word_1_391' title='bbox 2377 897 2680 957; x_wconf 79' lang='lat' dir='ltr'>unitatem,</span> <span class='ocrx_word' id='word_1_392' title='bbox 2732 902 2796 949; x_wconf 89' lang='lat' dir='ltr'>ut</span> <span class='ocrx_word' id='word_1_393' title='bbox 2845 902 3000 949; x_wconf 81' lang='lat' dir='ltr'>totus</span> <span class='ocrx_word' id='word_1_394' title='bbox 3050 915 3081 950; x_wconf 88' lang='lat' dir='ltr'>a</span> <span class='ocrx_word' id='word_1_395' title='bbox 3127 899 3311 963; x_wconf 85' lang='lat' dir='ltr'>Patre,</span> <span class='ocrx_word' id='word_1_396' title='bbox 3346 905 3501 952; x_wconf 88' lang='lat' dir='ltr'>totus</span> <span class='ocrx_word' id='word_1_397' title='bbox 3548 900 3799 954; x_wconf 84' lang='lat' dir='ltr'>habeatur</span> 
     </span>
    </p>
   </div>
   <div class='ocr_carea' id='block_1_52' title="bbox 2123 985 3799 1055">
    <p class='ocr_par' dir='ltr' id='par_1_52' title="bbox 2123 985 3799 1055">
     <span class='ocr_line' id='line_1_52' title="bbox 2123 985 3799 1055; baseline 0.004 -20"><span class='ocrx_word' id='word_1_398' title='bbox 2123 1000 2155 1035; x_wconf 90' lang='lat' dir='ltr'>a</span> <span class='ocrx_word' id='word_1_399' title='bbox 2189 985 2347 1037; x_wconf 89' lang='lat' dir='ltr'>Filio.</span> <span class='ocrx_word' id='word_1_400' title='bbox 2384 987 2505 1038; x_wconf 80' lang='lat' dir='ltr'>Non</span> <span class='ocrx_word' id='word_1_401' title='bbox 2545 1001 2681 1053; x_wconf 90' lang='lat' dir='ltr'>ergo</span> <span class='ocrx_word' id='word_1_402' title='bbox 2709 986 2926 1055; x_wconf 89' lang='lat' dir='ltr'>accepit</span> <span class='ocrx_word' id='word_1_403' title='bbox 2955 986 3230 1055; x_wconf 90' lang='lat' dir='ltr'>Spiritum</span> <span class='ocrx_word' id='word_1_404' title='bbox 3263 994 3525 1042; x_wconf 87' lang='lat' dir='ltr'>sanctum</span> <span class='ocrx_word' id='word_1_405' title='bbox 3560 990 3799 1042; x_wconf 70' lang='lat' dir='ltr'>divinitas</span> 
     </span>
    </p>
   </div>
   <div class='ocr_carea' id='block_1_53' title="bbox 2126 1074 3798 1145">
    <p class='ocr_par' dir='ltr' id='par_1_53' title="bbox 2126 1074 3798 1145">
     <span class='ocr_line' id='line_1_53' title="bbox 2126 1074 3798 1145; baseline 0.004 -20"><span class='ocrx_word' id='word_1_406' title='bbox 2126 1074 2270 1139; x_wconf 89' lang='lat' dir='ltr'>Filii,</span> <span class='ocrx_word' id='word_1_407' title='bbox 2305 1090 2434 1126; x_wconf 90' lang='lat' dir='ltr'>cum</span> <span class='ocrx_word' id='word_1_408' title='bbox 2468 1090 2579 1143; x_wconf 87' lang='lat' dir='ltr'>qua</span> <span class='ocrx_word' id='word_1_409' title='bbox 2623 1075 2791 1127; x_wconf 87' lang='grc'><strong>11111115</strong></span> <span class='ocrx_word' id='word_1_410' title='bbox 2835 1080 2917 1126; x_wconf 80' lang='lat' dir='ltr'>est</span> <span class='ocrx_word' id='word_1_411' title='bbox 2952 1082 3171 1128; x_wconf 75' lang='lat' dir='ltr'>naturas</span> <span class='ocrx_word' id='word_1_412' title='bbox 3200 1076 3445 1145; x_wconf 84' lang='lat' dir='ltr'>Spiritus</span> <span class='ocrx_word' id='word_1_413' title='bbox 3484 1086 3727 1137; x_wconf 81' lang='lat' dir='ltr'>sanctus,</span> <span class='ocrx_word' id='word_1_414' title='bbox 3758 1085 3798 1131; x_wconf 87' lang='lat' dir='ltr'>et</span> 
     </span>
    </p>
   </div>
   <div class='ocr_carea' id='block_1_54' title="bbox 2122 1162 3799 1235">
    <p class='ocr_par' dir='ltr' id='par_1_54' title="bbox 2122 1162 3799 1235">
     <span class='ocr_line' id='line_1_54' title="bbox 2122 1162 3799 1235; baseline 0.004 -22"><span class='ocrx_word' id='word_1_415' title='bbox 2122 1178 2187 1213; x_wconf 84' lang='lat' dir='ltr'>ex</span> <span class='ocrx_word' id='word_1_416' title='bbox 2217 1178 2329 1231; x_wconf 90' lang='lat' dir='ltr'>qua</span> <span class='ocrx_word' id='word_1_417' title='bbox 2377 1162 2547 1215; x_wconf 84' lang='lat' dir='ltr'>habet</span> <span class='ocrx_word' id='word_1_418' title='bbox 2594 1162 2874 1233; x_wconf 89' lang='lat' dir='ltr'>quidquid</span> <span class='ocrx_word' id='word_1_419' title='bbox 2909 1163 3097 1227; x_wconf 84' lang='lat' dir='ltr'>habet,</span> <span class='ocrx_word' id='word_1_420' title='bbox 3151 1165 3267 1217; x_wconf 88' lang='lat' dir='ltr'>imo</span> <span class='ocrx_word' id='word_1_421' title='bbox 3318 1166 3384 1217; x_wconf 91' lang='lat' dir='ltr'>de</span> <span class='ocrx_word' id='word_1_422' title='bbox 3434 1182 3549 1235; x_wconf 89' lang='lat' dir='ltr'>qua</span> <span class='ocrx_word' id='word_1_423' title='bbox 3603 1172 3681 1219; x_wconf 91' lang='lat' dir='ltr'>est</span> <span class='ocrx_word' id='word_1_424' title='bbox 3714 1169 3799 1220; x_wconf 88' lang='lat' dir='ltr'>hoc</span> 
     </span>
    </p>
   </div>
   <div class='ocr_carea' id='block_1_55' title="bbox 2121 1251 3797 1321">
    <p class='ocr_par' dir='ltr' id='par_1_55' title="bbox 2121 1251 3797 1321">
     <span class='ocr_line' id='line_1_55' title="bbox 2121 1251 3797 1321; baseline 0.002 -20"><span class='ocrx_word' id='word_1_425' title='bbox 2121 1251 2273 1318; x_wconf 88' lang='lat' dir='ltr'>quod</span> <span class='ocrx_word' id='word_1_426' title='bbox 2321 1257 2443 1315; x_wconf 84' lang='lat' dir='ltr'>est;</span> <span class='ocrx_word' id='word_1_427' title='bbox 2495 1251 2629 1321; x_wconf 89' lang='lat' dir='ltr'>quia</span> <span class='ocrx_word' id='word_1_428' title='bbox 2675 1253 2825 1321; x_wconf 87' lang='lat' dir='ltr'>quod</span> <span class='ocrx_word' id='word_1_429' title='bbox 2877 1253 3214 1305; x_wconf 88' lang='lat' dir='ltr'>naturaliter</span> <span class='ocrx_word' id='word_1_430' title='bbox 3258 1254 3446 1319; x_wconf 87' lang='lat' dir='ltr'>habet,</span> <span class='ocrx_word' id='word_1_431' title='bbox 3496 1256 3607 1307; x_wconf 91' lang='lat' dir='ltr'>hoc</span> <span class='ocrx_word' id='word_1_432' title='bbox 3653 1261 3747 1307; x_wconf 87' lang='lat' dir='ltr'>est.</span> <span class='ocrx_word' id='word_1_433' title='bbox 3777 1277 3797 1303; x_wconf 72' lang='grc'>11</span> 
     </span>
    </p>
   </div>
   <div class='ocr_carea' id='block_1_56' title="bbox 2124 1338 3801 1409">
    <p class='ocr_par' dir='ltr' id='par_1_56' title="bbox 2124 1338 3801 1409">
     <span class='ocr_line' id='line_1_56' title="bbox 2124 1338 3801 1409; baseline 0.004 -20"><span class='ocrx_word' id='word_1_434' title='bbox 2124 1338 2298 1391; x_wconf 84' lang='lat' dir='ltr'>Locus</span> <span class='ocrx_word' id='word_1_435' title='bbox 2336 1340 2441 1393; x_wconf 89' lang='lat' dir='ltr'>iste</span> <span class='ocrx_word' id='word_1_436' title='bbox 2474 1344 2751 1393; x_wconf 88' lang='lat' dir='ltr'>tractatur</span> <span class='ocrx_word' id='word_1_437' title='bbox 2783 1341 2851 1392; x_wconf 90' lang='lat' dir='ltr'>de</span> <span class='ocrx_word' id='word_1_438' title='bbox 2899 1341 3257 1409; x_wconf 89' lang='lat' dir='ltr'>plenitudine</span> <span class='ocrx_word' id='word_1_439' title='bbox 3308 1342 3632 1395; x_wconf 72' lang='lat' dir='ltr'>divinitatis</span> <span class='ocrx_word' id='word_1_440' title='bbox 3669 1345 3801 1397; x_wconf 75' lang='lat' dir='ltr'>Chri-</span> 
     </span>
    </p>
   </div>
   <div class='ocr_carea' id='block_1_57' title="bbox 2122 1428 3800 1501">
    <p class='ocr_par' dir='ltr' id='par_1_57' title="bbox 2122 1428 3800 1501">
     <span class='ocr_line' id='line_1_57' title="bbox 2122 1428 3800 1501; baseline 0.002 -21"><span class='ocrx_word' id='word_1_441' title='bbox 2122 1428 2212 1489; x_wconf 86' lang='lat' dir='ltr'>sti,</span> <span class='ocrx_word' id='word_1_442' title='bbox 2246 1428 2396 1481; x_wconf 91' lang='lat' dir='ltr'>etde</span> <span class='ocrx_word' id='word_1_443' title='bbox 2448 1428 2627 1498; x_wconf 90' lang='lat' dir='ltr'>ipsius</span> <span class='ocrx_word' id='word_1_444' title='bbox 2674 1429 3068 1482; x_wconf 85' lang='lat' dir='ltr'>humanitate:</span> <span class='ocrx_word' id='word_1_445' title='bbox 3122 1431 3543 1484; x_wconf 89' lang='lat' dir='ltr'>humanitatem</span> <span class='ocrx_word' id='word_1_446' title='bbox 3589 1432 3800 1501; x_wconf 80' lang='lat' dir='ltr'>quidem</span> 
     </span>
    </p>
   </div>
   <div class='ocr_carea' id='block_1_58' title="bbox 2119 1516 3798 1589">
    <p class='ocr_par' dir='ltr' id='par_1_58' title="bbox 2119 1516 3798 1589">
     <span class='ocr_line' id='line_1_58' title="bbox 2119 1516 3798 1589; baseline 0.002 -20"><span class='ocrx_word' id='word_1_447' title='bbox 2119 1516 2258 1569; x_wconf 88' lang='lat' dir='ltr'>dicit</span> <span class='ocrx_word' id='word_1_448' title='bbox 2302 1517 2583 1585; x_wconf 79' lang='lat' dir='ltr'>accepisse</span> <span class='ocrx_word' id='word_1_449' title='bbox 2633 1516 2911 1585; x_wconf 86' lang='lat' dir='ltr'>Spiritum</span> <span class='ocrx_word' id='word_1_450' title='bbox 2966 1523 3247 1582; x_wconf 88' lang='lat' dir='ltr'>sanctum,</span> <span class='ocrx_word' id='word_1_451' title='bbox 3307 1536 3419 1571; x_wconf 89' lang='lat' dir='ltr'>non</span> <span class='ocrx_word' id='word_1_452' title='bbox 3469 1521 3702 1589; x_wconf 88' lang='lat' dir='ltr'>quidem</span> <span class='ocrx_word' id='word_1_453' title='bbox 3746 1522 3798 1573; x_wconf 86' lang='lat' dir='ltr'>ad</span> 
     </span>
    </p>
   </div>
   <div class='ocr_carea' id='block_1_59' title="bbox 2122 1606 3800 1676">
    <p class='ocr_par' dir='ltr' id='par_1_59' title="bbox 2122 1606 3800 1676">
     <span class='ocr_line' id='line_1_59' title="bbox 2122 1606 3800 1676; baseline 0.003 -20"><span class='ocrx_word' id='word_1_454' title='bbox 2122 1620 2468 1669; x_wconf 88' lang='lat' dir='ltr'>mensuram,</span> <span class='ocrx_word' id='word_1_455' title='bbox 2515 1606 2651 1674; x_wconf 90' lang='lat' dir='ltr'>quia</span> <span class='ocrx_word' id='word_1_456' title='bbox 2716 1606 3031 1659; x_wconf 78' lang='lat' dir='ltr'>divinitatis</span> <span class='ocrx_word' id='word_1_457' title='bbox 3099 1608 3397 1676; x_wconf 89' lang='lat' dir='ltr'>plenitudo</span> <span class='ocrx_word' id='word_1_458' title='bbox 3466 1609 3724 1661; x_wconf 87' lang='lat' dir='ltr'>consistit</span> <span class='ocrx_word' id='word_1_459' title='bbox 3753 1610 3800 1661; x_wconf 89' lang='lat' dir='ltr'>in</span> 
     </span>
    </p>
   </div>
   <div class='ocr_carea' id='block_1_60' title="bbox 2125 1693 3798 1761">
    <p class='ocr_par' dir='ltr' id='par_1_60' title="bbox 2125 1693 3798 1761">
     <span class='ocr_line' id='line_1_60' title="bbox 2125 1693 3798 1761; baseline 0.002 -17"><span class='ocrx_word' id='word_1_460' title='bbox 2125 1693 2238 1757; x_wconf 90' lang='lat' dir='ltr'>illa,</span> <span class='ocrx_word' id='word_1_461' title='bbox 2292 1693 2437 1745; x_wconf 89' lang='lat' dir='ltr'>sicut</span> <span class='ocrx_word' id='word_1_462' title='bbox 2484 1694 2851 1761; x_wconf 84' lang='lat' dir='ltr'>Evangelium</span> <span class='ocrx_word' id='word_1_463' title='bbox 2898 1699 3159 1757; x_wconf 88' lang='lat' dir='ltr'>testatur,</span> <span class='ocrx_word' id='word_1_464' title='bbox 3206 1696 3397 1748; x_wconf 86' lang='lat' dir='ltr'>dicens</span> <span class='ocrx_word' id='word_1_465' title='bbox 3433 1697 3504 1749; x_wconf 92' lang='lat' dir='ltr'>de</span> <span class='ocrx_word' id='word_1_466' title='bbox 3556 1698 3798 1750; x_wconf 84' lang='lat' dir='ltr'>Christo:</span> 
     </span>
    </p>
   </div>
   <div class='ocr_carea' id='block_1_61' title="bbox 2052 1755 3801 1851">
    <p class='ocr_par' dir='ltr' id='par_1_61' title="bbox 2052 1755 3801 1851">
     <span class='ocr_line' id='line_1_61' title="bbox 2052 1755 3801 1851; baseline 0.002 -19"><span class='ocrx_word' id='word_1_467' title='bbox 2052 1755 2092 1807; x_wconf 73' lang='grc' dir='ltr'>Β</span> <span class='ocrx_word' id='word_1_468' title='bbox 2124 1784 2192 1833; x_wconf 79' lang='lat' dir='ltr'>Et</span> <span class='ocrx_word' id='word_1_469' title='bbox 2232 1780 2470 1834; x_wconf 75' lang='lat' dir='ltr'>vidimus</span> <span class='ocrx_word' id='word_1_470' title='bbox 2518 1783 2748 1847; x_wconf 79' lang='lat' dir='ltr'>gloriam</span> <span class='ocrx_word' id='word_1_471' title='bbox 2796 1783 2931 1849; x_wconf 72' lang='lat' dir='ltr'>ejus,</span> <span class='ocrx_word' id='word_1_472' title='bbox 2982 1784 3213 1849; x_wconf 74' lang='lat' dir='ltr'>gloriam</span> <span class='ocrx_word' id='word_1_473' title='bbox 3269 1788 3428 1851; x_wconf 81' lang='lat' dir='ltr'>quasi</span> <span class='ocrx_word' id='word_1_474' title='bbox 3483 1789 3801 1851; x_wconf 79' lang='lat' dir='ltr'>unigenitia</span> 
     </span>
    </p>
   </div>
   <div class='ocr_carea' id='block_1_62' title="bbox 2118 1871 3803 1943">
    <p class='ocr_par' dir='ltr' id='par_1_62' title="bbox 2118 1871 3803 1943">
     <span class='ocr_line' id='line_1_62' title="bbox 2118 1871 3803 1943; baseline 0.002 -22"><span class='ocrx_word' id='word_1_475' title='bbox 2118 1871 2294 1935; x_wconf 78' lang='lat' dir='ltr'>Patre,</span> <span class='ocrx_word' id='word_1_476' title='bbox 2348 1872 2565 1937; x_wconf 80' lang='lat' dir='ltr'>plenum</span> <span class='ocrx_word' id='word_1_477' title='bbox 2613 1874 2806 1936; x_wconf 59' lang='lat' dir='ltr'>gratim</span> <span class='ocrx_word' id='word_1_478' title='bbox 2848 1877 2897 1925; x_wconf 79' lang='lat' dir='ltr'>et</span> <span class='ocrx_word' id='word_1_479' title='bbox 2926 1874 3175 1925; x_wconf 79' lang='lat' dir='ltr'>veritatis</span> <span class='ocrx_word' id='word_1_480' title='bbox 3226 1874 3401 1940; x_wconf 82' lang='lat' dir='ltr'>(Joan.</span> <span class='ocrx_word' id='word_1_481' title='bbox 3457 1890 3496 1937; x_wconf 91' lang='grc'>1,</span> <span class='ocrx_word' id='word_1_482' title='bbox 3544 1874 3664 1943; x_wconf 64' lang='grc'><strong>14).</strong></span> <span class='ocrx_word' id='word_1_483' title='bbox 3716 1875 3803 1925; x_wconf 79' lang='lat' dir='ltr'>Ve-</span> 
     </span>
    </p>
   </div>
   <div class='ocr_carea' id='block_1_63' title="bbox 2121 1958 3803 2025">
    <p class='ocr_par' dir='ltr' id='par_1_63' title="bbox 2121 1958 3803 2025">
     <span class='ocr_line' id='line_1_63' title="bbox 2121 1958 3803 2025; baseline 0.003 -15"><span class='ocrx_word' id='word_1_484' title='bbox 2121 1958 2255 2011; x_wconf 91' lang='lat' dir='ltr'>ritas</span> <span class='ocrx_word' id='word_1_485' title='bbox 2305 1960 2373 2012; x_wconf 90' lang='lat' dir='ltr'>ad</span> <span class='ocrx_word' id='word_1_486' title='bbox 2419 1959 2796 2023; x_wconf 88' lang='lat' dir='ltr'>divinitatem,</span> <span class='ocrx_word' id='word_1_487' title='bbox 2840 1961 3019 2025; x_wconf 84' lang='lat' dir='ltr'>gratia</span> <span class='ocrx_word' id='word_1_488' title='bbox 3071 1962 3319 2014; x_wconf 82' lang='lat' dir='ltr'>refertur</span> <span class='ocrx_word' id='word_1_489' title='bbox 3370 1964 3437 2016; x_wconf 89' lang='lat' dir='ltr'>ad</span> <span class='ocrx_word' id='word_1_490' title='bbox 3471 1963 3713 2016; x_wconf 83' lang='lat' dir='ltr'>donum.</span> <span class='ocrx_word' id='word_1_491' title='bbox 3747 1965 3803 2015; x_wconf 82' lang='lat' dir='ltr'>Ut</span> 
     </span>
    </p>
   </div>
   <div class='ocr_carea' id='block_1_64' title="bbox 2118 2047 3801 2117">
    <p class='ocr_par' dir='ltr' id='par_1_64' title="bbox 2118 2047 3801 2117">
     <span class='ocr_line' id='line_1_64' title="bbox 2118 2047 3801 2117; baseline 0.001 -19"><span class='ocrx_word' id='word_1_492' title='bbox 2118 2048 2274 2099; x_wconf 84' lang='lat' dir='ltr'>enim</span> <span class='ocrx_word' id='word_1_493' title='bbox 2320 2047 2493 2100; x_wconf 88' lang='lat' dir='ltr'>homo</span> <span class='ocrx_word' id='word_1_494' title='bbox 2540 2048 2608 2100; x_wconf 90' lang='lat' dir='ltr'>de</span> <span class='ocrx_word' id='word_1_495' title='bbox 2654 2048 2883 2113; x_wconf 75' lang='lat' dir='ltr'>Virgine</span> <span class='ocrx_word' id='word_1_496' title='bbox 2922 2054 3087 2101; x_wconf 86' lang='lat' dir='ltr'>natus</span> <span class='ocrx_word' id='word_1_497' title='bbox 3130 2051 3415 2117; x_wconf 63' lang='lat' dir='ltr'>perfectus</span> <span class='ocrx_word' id='word_1_498' title='bbox 3465 2056 3619 2103; x_wconf 85' lang='lat' dir='ltr'>esset</span> <span class='ocrx_word' id='word_1_499' title='bbox 3651 2053 3801 2107; x_wconf 82' lang='lat' dir='ltr'>Deus,</span> 
     </span>
    </p>
   </div>
   <div class='ocr_carea' id='block_1_65' title="bbox 2118 2136 3801 2208">
    <p class='ocr_par' dir='ltr' id='par_1_65' title="bbox 2118 2136 3801 2208">
     <span class='ocr_line' id='line_1_65' title="bbox 2118 2136 3801 2208; baseline 0.002 -23"><span class='ocrx_word' id='word_1_500' title='bbox 2118 2136 2263 2187; x_wconf 89' lang='lat' dir='ltr'>sicut</span> <span class='ocrx_word' id='word_1_501' title='bbox 2305 2136 2587 2205; x_wconf 88' lang='lat' dir='ltr'>perfectus</span> <span class='ocrx_word' id='word_1_502' title='bbox 2635 2142 2721 2189; x_wconf 86' lang='lat' dir='ltr'>est</span> <span class='ocrx_word' id='word_1_503' title='bbox 2771 2138 2964 2199; x_wconf 91' lang='lat' dir='ltr'>homo,</span> <span class='ocrx_word' id='word_1_504' title='bbox 3026 2154 3141 2189; x_wconf 90' lang='lat' dir='ltr'>non</span> <span class='ocrx_word' id='word_1_505' title='bbox 3198 2140 3417 2205; x_wconf 84' lang='lat' dir='ltr'>merito,</span> <span class='ocrx_word' id='word_1_506' title='bbox 3471 2139 3568 2192; x_wconf 90' lang='lat' dir='ltr'>sed</span> <span class='ocrx_word' id='word_1_507' title='bbox 3621 2140 3801 2208; x_wconf 77' lang='lat' dir='ltr'>gratize</span> 
     </span>
    </p>
   </div>
   <div class='ocr_carea' id='block_1_66' title="bbox 2119 2224 3803 2294">
    <p class='ocr_par' dir='ltr' id='par_1_66' title="bbox 2119 2224 3803 2294">
     <span class='ocr_line' id='line_1_66' title="bbox 2119 2224 3803 2294; baseline 0.002 -19"><span class='ocrx_word' id='word_1_508' title='bbox 2119 2224 2325 2276; x_wconf 75' lang='lat' dir='ltr'>divinae</span> <span class='ocrx_word' id='word_1_509' title='bbox 2356 2225 2506 2277; x_wconf 90' lang='lat' dir='ltr'>dono</span> <span class='ocrx_word' id='word_1_510' title='bbox 2558 2226 2830 2294; x_wconf 87' lang='lat' dir='ltr'>percepit.</span> <span class='ocrx_word' id='word_1_511' title='bbox 2884 2231 2954 2278; x_wconf 73' lang='lat' dir='ltr'>At.</span> <span class='ocrx_word' id='word_1_512' title='bbox 2993 2242 3128 2278; x_wconf 86' lang='lat' dir='ltr'>vero</span> <span class='ocrx_word' id='word_1_513' title='bbox 3161 2228 3427 2280; x_wconf 81' lang='lat' dir='ltr'>divinitas</span> <span class='ocrx_word' id='word_1_514' title='bbox 3468 2229 3803 2281; x_wconf 86' lang='lat' dir='ltr'>naturaliter</span> 
     </span>
    </p>
   </div>
   <div class='ocr_carea' id='block_1_67' title="bbox 2119 2312 3803 2385">
    <p class='ocr_par' dir='ltr' id='par_1_67' title="bbox 2119 2312 3803 2385">
     <span class='ocr_line' id='line_1_67' title="bbox 2119 2312 3803 2385; baseline 0.002 -21"><span class='ocrx_word' id='word_1_515' title='bbox 2119 2312 2311 2379; x_wconf 86' lang='lat' dir='ltr'>habet,</span> <span class='ocrx_word' id='word_1_516' title='bbox 2362 2318 2426 2366; x_wconf 88' lang='lat' dir='ltr'>ut</span> <span class='ocrx_word' id='word_1_517' title='bbox 2472 2314 2543 2365; x_wconf 90' lang='lat' dir='ltr'>sit</span> <span class='ocrx_word' id='word_1_518' title='bbox 2591 2314 2761 2381; x_wconf 90' lang='lat' dir='ltr'>plena</span> <span class='ocrx_word' id='word_1_519' title='bbox 2809 2320 2979 2383; x_wconf 87' lang='lat' dir='ltr'>atque</span> <span class='ocrx_word' id='word_1_520' title='bbox 3028 2315 3297 2382; x_wconf 85' lang='lat' dir='ltr'>perfecta,</span> <span class='ocrx_word' id='word_1_521' title='bbox 3350 2317 3564 2369; x_wconf 90' lang='lat' dir='ltr'>nullius</span> <span class='ocrx_word' id='word_1_522' title='bbox 3598 2317 3803 2385; x_wconf 80' lang='lat' dir='ltr'>indiga,</span> 
     </span>
    </p>
   </div>
   <div class='ocr_carea' id='block_1_68' title="bbox 2118 2400 3805 2474">
    <p class='ocr_par' dir='ltr' id='par_1_68' title="bbox 2118 2400 3805 2474">
     <span class='ocr_line' id='line_1_68' title="bbox 2118 2400 3805 2474; baseline 0.004 -22"><span class='ocrx_word' id='word_1_523' title='bbox 2118 2417 2221 2452; x_wconf 91' lang='lat' dir='ltr'>nec</span> <span class='ocrx_word' id='word_1_524' title='bbox 2253 2400 2698 2454; x_wconf 89' lang='lat' dir='ltr'>minorationem</span> <span class='ocrx_word' id='word_1_525' title='bbox 2730 2403 2923 2454; x_wconf 87' lang='lat' dir='ltr'>valens</span> <span class='ocrx_word' id='word_1_526' title='bbox 2964 2404 3240 2472; x_wconf 86' lang='lat' dir='ltr'>accipere,</span> <span class='ocrx_word' id='word_1_527' title='bbox 3294 2420 3396 2457; x_wconf 92' lang='lat' dir='ltr'>nec</span> <span class='ocrx_word' id='word_1_528' title='bbox 3438 2413 3805 2474; x_wconf 81' lang='lat' dir='ltr'>augmentum</span> 
     </span>
    </p>
   </div>
   <div class='ocr_carea' id='block_1_69' title="bbox 2118 2488 3807 2561">
    <p class='ocr_par' dir='ltr' id='par_1_69' title="bbox 2118 2488 3807 2561">
     <span class='ocr_line' id='line_1_69' title="bbox 2118 2488 3807 2561; baseline 0.004 -21"><span class='ocrx_word' id='word_1_529' title='bbox 2118 2488 2414 2541; x_wconf 87' lang='lat' dir='ltr'>sustinere.</span> <span class='ocrx_word' id='word_1_530' title='bbox 2467 2490 2790 2542; x_wconf 82' lang='lat' dir='ltr'>Secundum</span> <span class='ocrx_word' id='word_1_531' title='bbox 2833 2491 2977 2544; x_wconf 89' lang='lat' dir='ltr'>hanc</span> <span class='ocrx_word' id='word_1_532' title='bbox 3026 2492 3340 2544; x_wconf 84' lang='lat' dir='ltr'>divinitatis</span> <span class='ocrx_word' id='word_1_533' title='bbox 3398 2493 3807 2561; x_wconf 83' lang='lat' dir='ltr'>plenitudinem</span> 
     </span>
    </p>
   </div>
   <div class='ocr_carea' id='block_1_70' title="bbox 2120 2578 3808 2649">
    <p class='ocr_par' dir='ltr' id='par_1_70' title="bbox 2120 2578 3808 2649">
     <span class='ocr_line' id='line_1_70' title="bbox 2120 2578 3808 2649; baseline 0.002 -20"><span class='ocrx_word' id='word_1_534' title='bbox 2120 2578 2294 2630; x_wconf 90' lang='lat' dir='ltr'>Filius</span> <span class='ocrx_word' id='word_1_535' title='bbox 2361 2578 2460 2630; x_wconf 91' lang='lat' dir='ltr'>Dei</span> <span class='ocrx_word' id='word_1_536' title='bbox 2523 2579 2779 2631; x_wconf 75' lang='lat' dir='ltr'>Christus</span> <span class='ocrx_word' id='word_1_537' title='bbox 2840 2597 2952 2632; x_wconf 91' lang='lat' dir='ltr'>non</span> <span class='ocrx_word' id='word_1_538' title='bbox 2999 2581 3189 2649; x_wconf 88' lang='lat' dir='ltr'>potuit</span> <span class='ocrx_word' id='word_1_539' title='bbox 3234 2582 3512 2649; x_wconf 87' lang='lat' dir='ltr'>Spiritum</span> <span class='ocrx_word' id='word_1_540' title='bbox 3557 2588 3808 2635; x_wconf 87' lang='lat' dir='ltr'>sanctum</span> 
     </span>
    </p>
   </div>
   <div class='ocr_carea' id='block_1_71' title="bbox 2117 2667 3811 2739">
    <p class='ocr_par' dir='ltr' id='par_1_71' title="bbox 2117 2667 3811 2739">
     <span class='ocr_line' id='line_1_71' title="bbox 2117 2667 3811 2739; baseline 0.003 -21"><span class='ocrx_word' id='word_1_541' title='bbox 2117 2667 2397 2735; x_wconf 89' lang='lat' dir='ltr'>accipere,</span> <span class='ocrx_word' id='word_1_542' title='bbox 2449 2667 2914 2736; x_wconf 88' lang='lat' dir='ltr'>quandoquidem</span> <span class='ocrx_word' id='word_1_543' title='bbox 2977 2670 3097 2739; x_wconf 89' lang='lat' dir='ltr'>ipse</span> <span class='ocrx_word' id='word_1_544' title='bbox 3160 2671 3404 2739; x_wconf 86' lang='lat' dir='ltr'>Spiritus</span> <span class='ocrx_word' id='word_1_545' title='bbox 3465 2677 3699 2723; x_wconf 88' lang='lat' dir='ltr'>sanctus</span> <span class='ocrx_word' id='word_1_546' title='bbox 3744 2672 3811 2723; x_wconf 89' lang='lat' dir='ltr'>sic</span> 
     </span>
    </p>
   </div>
   <div class='ocr_carea' id='block_1_72' title="bbox 2117 2755 3813 2829">
    <p class='ocr_par' dir='ltr' id='par_1_72' title="bbox 2117 2755 3813 2829">
     <span class='ocr_line' id='line_1_72' title="bbox 2117 2755 3813 2829; baseline 0.002 -22"><span class='ocrx_word' id='word_1_547' title='bbox 2117 2755 2385 2824; x_wconf 90' lang='lat' dir='ltr'>procedat</span> <span class='ocrx_word' id='word_1_548' title='bbox 2415 2755 2485 2808; x_wconf 90' lang='lat' dir='ltr'>ab</span> <span class='ocrx_word' id='word_1_549' title='bbox 2520 2756 2665 2824; x_wconf 89' lang='lat' dir='ltr'>ipso,</span> <span class='ocrx_word' id='word_1_550' title='bbox 2713 2756 2858 2809; x_wconf 90' lang='lat' dir='ltr'>sicut</span> <span class='ocrx_word' id='word_1_551' title='bbox 2888 2762 2944 2809; x_wconf 89' lang='lat' dir='ltr'>et</span> <span class='ocrx_word' id='word_1_552' title='bbox 2976 2775 3007 2810; x_wconf 90' lang='lat' dir='ltr'>a</span> <span class='ocrx_word' id='word_1_553' title='bbox 3038 2760 3203 2811; x_wconf 88' lang='lat' dir='ltr'>Patre</span> <span class='ocrx_word' id='word_1_554' title='bbox 3248 2760 3523 2829; x_wconf 82' lang='lat' dir='ltr'>procedit,</span> <span class='ocrx_word' id='word_1_555' title='bbox 3566 2766 3629 2813; x_wconf 88' lang='lat' dir='ltr'>et</span> <span class='ocrx_word' id='word_1_556' title='bbox 3659 2761 3813 2813; x_wconf 89' lang='lat' dir='ltr'>detur</span> 
     </span>
    </p>
   </div>
   <div class='ocr_carea' id='block_1_73' title="bbox 2116 2843 3808 2915">
    <p class='ocr_par' dir='ltr' id='par_1_73' title="bbox 2116 2843 3808 2915">
     <span class='ocr_line' id='line_1_73' title="bbox 2116 2843 3808 2915; baseline 0.004 -20"><span class='ocrx_word' id='word_1_557' title='bbox 2116 2844 2187 2896; x_wconf 89' lang='lat' dir='ltr'>ab</span> <span class='ocrx_word' id='word_1_558' title='bbox 2217 2844 2316 2895; x_wconf 93' lang='lat' dir='ltr'>illo</span> <span class='ocrx_word' id='word_1_559' title='bbox 2367 2843 2760 2911; x_wconf 90' lang='lat' dir='ltr'>nihilominus,</span> <span class='ocrx_word' id='word_1_560' title='bbox 2814 2847 3298 2915; x_wconf 88' lang='lat' dir='ltr'>quemadmodum</span> <span class='ocrx_word' id='word_1_561' title='bbox 3351 2848 3521 2900; x_wconf 91' lang='lat' dir='ltr'>datur</span> <span class='ocrx_word' id='word_1_562' title='bbox 3565 2866 3595 2899; x_wconf 89' lang='lat' dir='ltr'>a</span> <span class='ocrx_word' id='word_1_563' title='bbox 3635 2851 3808 2902; x_wconf 88' lang='lat' dir='ltr'>Patre.</span> 
     </span>
    </p>
   </div>
   <div class='ocr_carea' id='block_1_74' title="bbox 2116 2930 3808 3007">
    <p class='ocr_par' dir='ltr' id='par_1_74' title="bbox 2116 2930 3808 3007">
     <span class='ocr_line' id='line_1_74' title="bbox 2116 2930 3808 3007; baseline 0.004 -24"><span class='ocrx_word' id='word_1_564' title='bbox 2116 2930 2237 2993; x_wconf 88' lang='lat' dir='ltr'>Qua</span> <span class='ocrx_word' id='word_1_565' title='bbox 2276 2931 2346 2984; x_wconf 91' lang='lat' dir='ltr'>de</span> <span class='ocrx_word' id='word_1_566' title='bbox 2392 2948 2451 2984; x_wconf 91' lang='lat' dir='ltr'>re</span> <span class='ocrx_word' id='word_1_567' title='bbox 2501 2932 2772 2985; x_wconf 88' lang='lat' dir='ltr'>divinitas</span> <span class='ocrx_word' id='word_1_568' title='bbox 2820 2934 2965 2997; x_wconf 89' lang='lat' dir='ltr'>Filii,</span> <span class='ocrx_word' id='word_1_569' title='bbox 3021 2935 3091 2988; x_wconf 88' lang='lat' dir='ltr'>de</span> <span class='ocrx_word' id='word_1_570' title='bbox 3144 2952 3257 3004; x_wconf 91' lang='lat' dir='ltr'>qua</span> <span class='ocrx_word' id='word_1_571' title='bbox 3305 2937 3481 2989; x_wconf 89' lang='lat' dir='ltr'>sumit</span> <span class='ocrx_word' id='word_1_572' title='bbox 3527 2937 3808 3007; x_wconf 79' lang='lat' dir='ltr'>originem</span> 
     </span>
    </p>
   </div>
   <div class='ocr_carea' id='block_1_75' title="bbox 2070 3019 3806 3107">
    <p class='ocr_par' dir='ltr' id='par_1_75' title="bbox 2070 3019 3806 3107">
     <span class='ocr_line' id='line_1_75' title="bbox 2070 3019 3806 3107; baseline 0.003 -34"><span class='ocrx_word' id='word_1_573' title='bbox 2070 3054 2088 3107; x_wconf 44' lang='grc' dir='ltr'><strong>Σ</strong></span> <span class='ocrx_word' id='word_1_574' title='bbox 2114 3019 2360 3088; x_wconf 89' lang='lat' dir='ltr'>Spiritus</span> <span class='ocrx_word' id='word_1_575' title='bbox 2391 3032 2629 3085; x_wconf 86' lang='lat' dir='ltr'>sanctus,</span> <span class='ocrx_word' id='word_1_576' title='bbox 2680 3038 2795 3075; x_wconf 92' lang='lat' dir='ltr'>non</span> <span class='ocrx_word' id='word_1_577' title='bbox 2827 3024 2977 3076; x_wconf 88' lang='lat' dir='ltr'>valet</span> <span class='ocrx_word' id='word_1_578' title='bbox 3008 3024 3263 3093; x_wconf 86' lang='lat' dir='ltr'>accipere</span> <span class='ocrx_word' id='word_1_579' title='bbox 3303 3025 3637 3093; x_wconf 86' lang='lat' dir='ltr'>largitatem</span> <span class='ocrx_word' id='word_1_580' title='bbox 3673 3027 3806 3093; x_wconf 88' lang='lat' dir='ltr'>ejus,</span> 
     </span>
    </p>
   </div>
   <div class='ocr_carea' id='block_1_76' title="bbox 2118 3108 3809 3181">
    <p class='ocr_par' dir='ltr' id='par_1_76' title="bbox 2118 3108 3809 3181">
     <span class='ocr_line' id='line_1_76' title="bbox 2118 3108 3809 3181; baseline 0.001 -20"><span class='ocrx_word' id='word_1_581' title='bbox 2118 3108 2209 3161; x_wconf 93' lang='lat' dir='ltr'>cui</span> <span class='ocrx_word' id='word_1_582' title='bbox 2257 3110 2328 3162; x_wconf 91' lang='lat' dir='ltr'>sit</span> <span class='ocrx_word' id='word_1_583' title='bbox 2374 3126 2541 3163; x_wconf 87' lang='lat' dir='ltr'>causa</span> <span class='ocrx_word' id='word_1_584' title='bbox 2575 3111 2849 3164; x_wconf 80' lang='lat' dir='ltr'>existcndi</span> <span class='ocrx_word' id='word_1_585' title='bbox 2884 3129 2896 3165; x_wconf 89' lang='lat'>:</span> <span class='ocrx_word' id='word_1_586' title='bbox 2931 3117 3013 3164; x_wconf 89' lang='lat' dir='ltr'>est</span> <span class='ocrx_word' id='word_1_587' title='bbox 3044 3113 3196 3165; x_wconf 90' lang='lat' dir='ltr'>enim</span> <span class='ocrx_word' id='word_1_588' title='bbox 3242 3114 3338 3165; x_wconf 92' lang='lat' dir='ltr'>ille</span> <span class='ocrx_word' id='word_1_589' title='bbox 3375 3114 3623 3181; x_wconf 89' lang='lat' dir='ltr'>Spiritus</span> <span class='ocrx_word' id='word_1_590' title='bbox 3668 3119 3809 3167; x_wconf 86' lang='lat' dir='ltr'>totus</span> 
     </span>
    </p>
   </div>
   <div class='ocr_carea' id='block_1_77' title="bbox 2120 3196 3809 3267">
    <p class='ocr_par' dir='ltr' id='par_1_77' title="bbox 2120 3196 3809 3267">
     <span class='ocr_line' id='line_1_77' title="bbox 2120 3196 3809 3267; baseline 0.001 -18"><span class='ocrx_word' id='word_1_591' title='bbox 2120 3196 2320 3264; x_wconf 87' lang='lat' dir='ltr'>Patris,</span> <span class='ocrx_word' id='word_1_592' title='bbox 2352 3202 2410 3250; x_wconf 90' lang='lat' dir='ltr'>et</span> <span class='ocrx_word' id='word_1_593' title='bbox 2440 3202 2589 3249; x_wconf 91' lang='lat' dir='ltr'>totus</span> <span class='ocrx_word' id='word_1_594' title='bbox 2619 3199 2781 3265; x_wconf 88' lang='lat' dir='ltr'>Filii;</span> <span class='ocrx_word' id='word_1_595' title='bbox 2817 3203 2874 3251; x_wconf 90' lang='lat' dir='ltr'>et</span> <span class='ocrx_word' id='word_1_596' title='bbox 2902 3214 3031 3251; x_wconf 91' lang='lat' dir='ltr'>cum</span> <span class='ocrx_word' id='word_1_597' title='bbox 3071 3199 3143 3250; x_wconf 84' lang='lat' dir='ltr'>sit</span> <span class='ocrx_word' id='word_1_598' title='bbox 3169 3200 3472 3252; x_wconf 89' lang='lat' dir='ltr'>amborum</span> <span class='ocrx_word' id='word_1_599' title='bbox 3515 3206 3701 3267; x_wconf 88' lang='lat' dir='ltr'>totus,</span> <span class='ocrx_word' id='word_1_600' title='bbox 3730 3202 3809 3253; x_wconf 85' lang='lat' dir='ltr'>vel</span> 
     </span>
    </p>
   </div>
   <div class='ocr_carea' id='block_1_78' title="bbox 2117 3285 3811 3351">
    <p class='ocr_par' dir='ltr' id='par_1_78' title="bbox 2117 3285 3811 3351">
     <span class='ocr_line' id='line_1_78' title="bbox 2117 3285 3811 3351; baseline 0.002 -15"><span class='ocrx_word' id='word_1_601' title='bbox 2117 3285 2446 3338; x_wconf 89' lang='lat' dir='ltr'>alterutrius</span> <span class='ocrx_word' id='word_1_602' title='bbox 2497 3291 2665 3351; x_wconf 88' lang='lat' dir='ltr'>totus,</span> <span class='ocrx_word' id='word_1_603' title='bbox 2719 3302 2836 3339; x_wconf 91' lang='lat' dir='ltr'>non</span> <span class='ocrx_word' id='word_1_604' title='bbox 2886 3288 3361 3340; x_wconf 86' lang='lat' dir='ltr'>convertibilitate</span> <span class='ocrx_word' id='word_1_605' title='bbox 3403 3289 3485 3351; x_wconf 83' lang='lat' dir='ltr'>tit,</span> <span class='ocrx_word' id='word_1_606' title='bbox 3537 3294 3599 3340; x_wconf 90' lang='lat' dir='ltr'>ut</span> <span class='ocrx_word' id='word_1_607' title='bbox 3655 3291 3811 3342; x_wconf 88' lang='lat' dir='ltr'>Pater</span> 
     </span>
    </p>
   </div>
   <div class='ocr_carea' id='block_1_79' title="bbox 2117 3374 3810 3445">
    <p class='ocr_par' dir='ltr' id='par_1_79' title="bbox 2117 3374 3810 3445">
     <span class='ocr_line' id='line_1_79' title="bbox 2117 3374 3810 3445; baseline 0.001 -20"><span class='ocrx_word' id='word_1_608' title='bbox 2117 3378 2174 3425; x_wconf 90' lang='lat' dir='ltr'>et</span> <span class='ocrx_word' id='word_1_609' title='bbox 2207 3374 2379 3426; x_wconf 89' lang='lat' dir='ltr'>Filius</span> <span class='ocrx_word' id='word_1_610' title='bbox 2411 3374 2675 3427; x_wconf 88' lang='lat' dir='ltr'>dicantur</span> <span class='ocrx_word' id='word_1_611' title='bbox 2721 3391 2840 3427; x_wconf 86' lang='lat' dir='ltr'>esse</span> <span class='ocrx_word' id='word_1_612' title='bbox 2875 3375 3119 3445; x_wconf 91' lang='lat' dir='ltr'>Spiritus</span> <span class='ocrx_word' id='word_1_613' title='bbox 3168 3382 3394 3429; x_wconf 88' lang='lat' dir='ltr'>sanctus</span> <span class='ocrx_word' id='word_1_614' title='bbox 3425 3378 3583 3429; x_wconf 88' lang='lat' dir='ltr'>velut</span> <span class='ocrx_word' id='word_1_615' title='bbox 3616 3378 3690 3430; x_wconf 87' lang='lat' dir='ltr'>ab</span> <span class='ocrx_word' id='word_1_616' title='bbox 3722 3379 3810 3431; x_wconf 87' lang='lat' dir='ltr'>illo</span> 
     </span>
    </p>
   </div>
   <div class='ocr_carea' id='block_1_80' title="bbox 2117 3461 3811 3535">
    <p class='ocr_par' dir='ltr' id='par_1_80' title="bbox 2117 3461 3811 3535">
     <span class='ocr_line' id='line_1_80' title="bbox 2117 3461 3811 3535; baseline 0.003 -23"><span class='ocrx_word' id='word_1_617' title='bbox 2117 3461 2489 3530; x_wconf 85' lang='lat' dir='ltr'>suscipientes</span> <span class='ocrx_word' id='word_1_618' title='bbox 2519 3462 2740 3515; x_wconf 89' lang='lat' dir='ltr'>cssendi</span> <span class='ocrx_word' id='word_1_619' title='bbox 2788 3480 3053 3530; x_wconf 88' lang='lat' dir='ltr'>causam;</span> <span class='ocrx_word' id='word_1_620' title='bbox 3089 3480 3192 3517; x_wconf 90' lang='lat' dir='ltr'>nec</span> <span class='ocrx_word' id='word_1_621' title='bbox 3240 3465 3393 3517; x_wconf 85' lang='lat' dir='ltr'>solus</span> <span class='ocrx_word' id='word_1_622' title='bbox 3430 3465 3608 3518; x_wconf 85' lang='lat' dir='ltr'>Filius</span> <span class='ocrx_word' id='word_1_623' title='bbox 3636 3466 3811 3535; x_wconf 88' lang='lat' dir='ltr'>Spiri-</span> 
     </span>
    </p>
   </div>
   <div class='ocr_carea' id='block_1_81' title="bbox 2115 3550 3814 3623">
    <p class='ocr_par' dir='ltr' id='par_1_81' title="bbox 2115 3550 3814 3623">
     <span class='ocr_line' id='line_1_81' title="bbox 2115 3550 3814 3623; baseline 0.002 -22"><span class='ocrx_word' id='word_1_624' title='bbox 2115 3555 2207 3602; x_wconf 87' lang='lat' dir='ltr'>tus</span> <span class='ocrx_word' id='word_1_625' title='bbox 2251 3550 2430 3602; x_wconf 88' lang='lat' dir='ltr'>sancti</span> <span class='ocrx_word' id='word_1_626' title='bbox 2498 3550 2691 3616; x_wconf 88' lang='lat' dir='ltr'>Filius,</span> <span class='ocrx_word' id='word_1_627' title='bbox 2744 3552 2899 3605; x_wconf 89' lang='lat' dir='ltr'>velut</span> <span class='ocrx_word' id='word_1_628' title='bbox 2948 3552 3017 3605; x_wconf 88' lang='lat' dir='ltr'>ab</span> <span class='ocrx_word' id='word_1_629' title='bbox 3061 3553 3161 3605; x_wconf 88' lang='lat' dir='ltr'>illo</span> <span class='ocrx_word' id='word_1_630' title='bbox 3201 3554 3525 3623; x_wconf 90' lang='lat' dir='ltr'>percipiens</span> <span class='ocrx_word' id='word_1_631' title='bbox 3576 3556 3814 3607; x_wconf 82' lang='lat' dir='ltr'>existen-</span> 
     </span>
    </p>
   </div>
   <div class='ocr_carea' id='block_1_82' title="bbox 2114 3638 3811 3711">
    <p class='ocr_par' dir='ltr' id='par_1_82' title="bbox 2114 3638 3811 3711">
     <span class='ocr_line' id='line_1_82' title="bbox 2114 3638 3811 3711; baseline 0.004 -22"><span class='ocrx_word' id='word_1_632' title='bbox 2114 3638 2275 3699; x_wconf 85' lang='lat' dir='ltr'>tiam,</span> <span class='ocrx_word' id='word_1_633' title='bbox 2335 3639 2607 3708; x_wconf 89' lang='lat' dir='ltr'>quoniam</span> <span class='ocrx_word' id='word_1_634' title='bbox 2672 3641 3011 3693; x_wconf 88' lang='lat' dir='ltr'>naturaliter</span> <span class='ocrx_word' id='word_1_635' title='bbox 3061 3657 3208 3694; x_wconf 88' lang='lat' dir='ltr'>unus</span> <span class='ocrx_word' id='word_1_636' title='bbox 3259 3642 3503 3711; x_wconf 90' lang='lat' dir='ltr'>Spiritus</span> <span class='ocrx_word' id='word_1_637' title='bbox 3565 3648 3652 3695; x_wconf 89' lang='lat' dir='ltr'>est</span> <span class='ocrx_word' id='word_1_638' title='bbox 3702 3648 3811 3695; x_wconf 89' lang='lat' dir='ltr'>tam</span> 
     </span>
    </p>
   </div>
   <div class='ocr_carea' id='block_1_83' title="bbox 2118 3727 3809 3797">
    <p class='ocr_par' dir='ltr' id='par_1_83' title="bbox 2118 3727 3809 3797">
     <span class='ocr_line' id='line_1_83' title="bbox 2118 3727 3809 3797; baseline 0.002 -19"><span class='ocrx_word' id='word_1_639' title='bbox 2118 3727 2317 3793; x_wconf 85' lang='lat' dir='ltr'>Patris,</span> <span class='ocrx_word' id='word_1_640' title='bbox 2380 3743 2553 3796; x_wconf 89' lang='lat' dir='ltr'>quam</span> <span class='ocrx_word' id='word_1_641' title='bbox 2623 3728 2771 3792; x_wconf 85' lang='lat' dir='ltr'>Filii,</span> <span class='ocrx_word' id='word_1_642' title='bbox 2836 3729 3156 3797; x_wconf 90' lang='lat' dir='ltr'>percipiens</span> <span class='ocrx_word' id='word_1_643' title='bbox 3206 3729 3274 3782; x_wconf 90' lang='lat' dir='ltr'>ab</span> <span class='ocrx_word' id='word_1_644' title='bbox 3324 3730 3435 3783; x_wconf 88' lang='lat' dir='ltr'>illis</span> <span class='ocrx_word' id='word_1_645' title='bbox 3477 3731 3809 3783; x_wconf 89' lang='lat' dir='ltr'>essentiam.</span> 
     </span>
    </p>
   </div>
   <div class='ocr_carea' id='block_1_84' title="bbox 2115 3815 3814 3885">
    <p class='ocr_par' dir='ltr' id='par_1_84' title="bbox 2115 3815 3814 3885">
     <span class='ocr_line' id='line_1_84' title="bbox 2115 3815 3814 3885; baseline 0.002 -18"><span class='ocrx_word' id='word_1_646' title='bbox 2115 3815 2358 3867; x_wconf 65' lang='lat' dir='ltr'>Proinde</span> <span class='ocrx_word' id='word_1_647' title='bbox 2411 3816 2555 3867; x_wconf 90' lang='lat' dir='ltr'>sicut</span> <span class='ocrx_word' id='word_1_648' title='bbox 2612 3816 2811 3869; x_wconf 87' lang='lat' dir='ltr'>beatus</span> <span class='ocrx_word' id='word_1_649' title='bbox 2862 3816 3192 3885; x_wconf 88' lang='lat' dir='ltr'>Fulgentius</span> <span class='ocrx_word' id='word_1_650' title='bbox 3243 3822 3503 3881; x_wconf 87' lang='lat' dir='ltr'>testatur,</span> <span class='ocrx_word' id='word_1_651' title='bbox 3556 3824 3719 3871; x_wconf 89' lang='lat' dir='ltr'>totus</span> <span class='ocrx_word' id='word_1_652' title='bbox 3750 3820 3814 3872; x_wconf 88' lang='lat' dir='ltr'>de</span> 
     </span>
    </p>
   </div>
   <div class='ocr_carea' id='block_1_85' title="bbox 2114 3903 3815 3974">
    <p class='ocr_par' dir='ltr' id='par_1_85' title="bbox 2114 3903 3815 3974">
     <span class='ocr_line' id='line_1_85' title="bbox 2114 3903 3815 3974; baseline 0.001 -19"><span class='ocrx_word' id='word_1_653' title='bbox 2114 3903 2276 3958; x_wconf 88' lang='lat' dir='ltr'>Patre</span> <span class='ocrx_word' id='word_1_654' title='bbox 2319 3903 2598 3972; x_wconf 87' lang='lat' dir='ltr'>procedit,</span> <span class='ocrx_word' id='word_1_655' title='bbox 2651 3908 2707 3956; x_wconf 91' lang='lat' dir='ltr'>et</span> <span class='ocrx_word' id='word_1_656' title='bbox 2751 3908 2905 3956; x_wconf 89' lang='lat' dir='ltr'>totus</span> <span class='ocrx_word' id='word_1_657' title='bbox 2942 3905 3011 3957; x_wconf 92' lang='lat' dir='ltr'>de</span> <span class='ocrx_word' id='word_1_658' title='bbox 3065 3905 3252 3958; x_wconf 85' lang='lat' dir='ltr'>Filio:</span> <span class='ocrx_word' id='word_1_659' title='bbox 3304 3922 3422 3958; x_wconf 91' lang='lat' dir='ltr'>non</span> <span class='ocrx_word' id='word_1_660' title='bbox 3471 3906 3634 3959; x_wconf 88' lang='lat' dir='ltr'>enim</span> <span class='ocrx_word' id='word_1_661' title='bbox 3685 3923 3815 3974; x_wconf 85' lang='lat' dir='ltr'>pars</span> 
     </span>
    </p>
   </div>
   <div class='ocr_carea' id='block_1_86' title="bbox 2111 3991 3816 4064">
    <p class='ocr_par' dir='ltr' id='par_1_86' title="bbox 2111 3991 3816 4064">
     <span class='ocr_line' id='line_1_86' title="bbox 2111 3991 3816 4064; baseline -0.001 -20"><span class='ocrx_word' id='word_1_662' title='bbox 2111 3991 2267 4044; x_wconf 90' lang='lat' dir='ltr'>illius</span> <span class='ocrx_word' id='word_1_663' title='bbox 2295 4009 2323 4043; x_wconf 90' lang='lat' dir='ltr'>a</span> <span class='ocrx_word' id='word_1_664' title='bbox 2356 3993 2537 4053; x_wconf 90' lang='lat' dir='ltr'>Patre,</span> <span class='ocrx_word' id='word_1_665' title='bbox 2574 4009 2705 4060; x_wconf 86' lang='lat' dir='ltr'>pars</span> <span class='ocrx_word' id='word_1_666' title='bbox 2753 4009 2983 4062; x_wconf 87' lang='lat' dir='ltr'>quoque</span> <span class='ocrx_word' id='word_1_667' title='bbox 3031 3994 3291 4062; x_wconf 82' lang='lat' dir='ltr'>procedit</span> <span class='ocrx_word' id='word_1_668' title='bbox 3321 4011 3353 4046; x_wconf 91' lang='lat' dir='ltr'>a</span> <span class='ocrx_word' id='word_1_669' title='bbox 3400 3994 3585 4060; x_wconf 89' lang='lat' dir='ltr'>Filio;</span> <span class='ocrx_word' id='word_1_670' title='bbox 3623 4012 3816 4064; x_wconf 83' lang='lat' dir='ltr'>neque.</span> 
     </span>
    </p>
   </div>
   <div class='ocr_carea' id='block_1_87' title="bbox 2111 4081 3816 4150">
    <p class='ocr_par' dir='ltr' id='par_1_87' title="bbox 2111 4081 3816 4150">
     <span class='ocr_line' id='line_1_87' title="bbox 2111 4081 3816 4150; baseline 0.001 -18"><span class='ocrx_word' id='word_1_671' title='bbox 2111 4096 2244 4150; x_wconf 88' lang='lat' dir='ltr'>pars</span> <span class='ocrx_word' id='word_1_672' title='bbox 2283 4086 2479 4133; x_wconf 90' lang='lat' dir='ltr'>manet</span> <span class='ocrx_word' id='word_1_673' title='bbox 2517 4084 2639 4149; x_wconf 83' lang='lat' dir='ltr'>ejus</span> <span class='ocrx_word' id='word_1_674' title='bbox 2680 4081 2740 4133; x_wconf 89' lang='lat' dir='ltr'>in</span> <span class='ocrx_word' id='word_1_675' title='bbox 2770 4082 2955 4145; x_wconf 89' lang='lat' dir='ltr'>Patre,</span> <span class='ocrx_word' id='word_1_676' title='bbox 3006 4098 3138 4150; x_wconf 89' lang='lat' dir='ltr'>pars</span> <span class='ocrx_word' id='word_1_677' title='bbox 3170 4098 3366 4134; x_wconf 87' lang='lat' dir='ltr'>rursus</span> <span class='ocrx_word' id='word_1_678' title='bbox 3406 4083 3465 4134; x_wconf 91' lang='lat' dir='ltr'>in</span> <span class='ocrx_word' id='word_1_679' title='bbox 3512 4083 3686 4136; x_wconf 85' lang='lat' dir='ltr'>Filio.</span> <span class='ocrx_word' id='word_1_680' title='bbox 3726 4085 3816 4136; x_wconf 81' lang='lat' dir='ltr'>Est</span> 
     </span>
    </p>
   </div>
   <div class='ocr_carea' id='block_1_88' title="bbox 2111 4169 3818 4240">
    <p class='ocr_par' dir='ltr' id='par_1_88' title="bbox 2111 4169 3818 4240">
     <span class='ocr_line' id='line_1_88' title="bbox 2111 4169 3818 4240; baseline 0.002 -19"><span class='ocrx_word' id='word_1_681' title='bbox 2111 4169 2265 4222; x_wconf 89' lang='lat' dir='ltr'>enim</span> <span class='ocrx_word' id='word_1_682' title='bbox 2298 4169 2641 4231; x_wconf 87' lang='lat' dir='ltr'>insecabilis,</span> <span class='ocrx_word' id='word_1_683' title='bbox 2683 4174 2740 4221; x_wconf 89' lang='lat' dir='ltr'>et</span> <span class='ocrx_word' id='word_1_684' title='bbox 2786 4169 3173 4237; x_wconf 85' lang='lat' dir='ltr'>impartibilis,</span> <span class='ocrx_word' id='word_1_685' title='bbox 3224 4187 3409 4240; x_wconf 87' lang='lat' dir='ltr'>neque</span> <span class='ocrx_word' id='word_1_686' title='bbox 3455 4187 3518 4223; x_wconf 77' lang='lat' dir='ltr'>ex</span> <span class='ocrx_word' id='word_1_687' title='bbox 3570 4172 3818 4226; x_wconf 87' lang='lat' dir='ltr'>diversis</span> 
     </span>
    </p>
   </div>
   <div class='ocr_carea' id='block_1_89' title="bbox 2110 4258 3816 4330">
    <p class='ocr_par' dir='ltr' id='par_1_89' title="bbox 2110 4258 3816 4330">
     <span class='ocr_line' id='line_1_89' title="bbox 2110 4258 3816 4330; baseline 0.003 -21"><span class='ocrx_word' id='word_1_688' title='bbox 2110 4261 2498 4326; x_wconf 84' lang='lat' dir='ltr'>compositus:</span> <span class='ocrx_word' id='word_1_689' title='bbox 2552 4263 2606 4309; x_wconf 89' lang='lat' dir='ltr'>et</span> <span class='ocrx_word' id='word_1_690' title='bbox 2650 4258 2730 4309; x_wconf 90' lang='lat' dir='ltr'>sic</span> <span class='ocrx_word' id='word_1_691' title='bbox 2768 4274 3006 4310; x_wconf 86' lang='lat' dir='ltr'>manens</span> <span class='ocrx_word' id='word_1_692' title='bbox 3049 4264 3109 4311; x_wconf 91' lang='lat' dir='ltr'>ut</span> <span class='ocrx_word' id='word_1_693' title='bbox 3158 4259 3449 4328; x_wconf 84' lang='lat' dir='ltr'>procedat,</span> <span class='ocrx_word' id='word_1_694' title='bbox 3495 4259 3575 4312; x_wconf 86' lang='lat' dir='ltr'>sic</span> <span class='ocrx_word' id='word_1_695' title='bbox 3609 4277 3816 4330; x_wconf 84' lang='lat' dir='ltr'>proce-</span> 
     </span>
    </p>
   </div>
   <div class='ocr_carea' id='block_1_90' title="bbox 307 4345 3816 4418">
    <p class='ocr_par' dir='ltr' id='par_1_90' title="bbox 307 4345 3816 4418">
     <span class='ocr_line' id='line_1_90' title="bbox 307 4345 3816 4418; baseline 0 -16"><span class='ocrx_word' id='word_1_696' title='bbox 307 4350 470 4414; x_wconf 90' lang='lat' dir='ltr'>dunt,</span> <span class='ocrx_word' id='word_1_697' title='bbox 505 4349 695 4402; x_wconf 89' lang='lat' dir='ltr'>dicant</span> <span class='ocrx_word' id='word_1_698' title='bbox 726 4348 864 4418; x_wconf 86' lang='lat' dir='ltr'>quid</span> <span class='ocrx_word' id='word_1_699' title='bbox 897 4348 969 4400; x_wconf 86' lang='lat' dir='ltr'>sit</span> <span class='ocrx_word' id='word_1_700' title='bbox 1001 4352 1052 4399; x_wconf 90' lang='lat' dir='ltr'>ei</span> <span class='ocrx_word' id='word_1_701' title='bbox 1084 4349 1402 4416; x_wconf 88' lang='lat' dir='ltr'>proprium.</span> <span class='ocrx_word' id='word_1_702' title='bbox 1446 4347 1587 4398; x_wconf 84' lang='lat' dir='ltr'>Nam</span> <span class='ocrx_word' id='word_1_703' title='bbox 1623 4345 1903 4413; x_wconf 88' lang='lat' dir='ltr'>processio</span> <span class='ocrx_word' id='word_1_704' title='bbox 1930 4346 1997 4398; x_wconf 91' lang='lat' dir='ltr'>de</span> <span class='ocrx_word' id='word_1_705' title='bbox 2041 4355 2082 4408; x_wconf 86' lang='lat'>1)</span> <span class='ocrx_word' id='word_1_706' title='bbox 2115 4345 2253 4397; x_wconf 91' lang='lat' dir='ltr'>dens</span> <span class='ocrx_word' id='word_1_707' title='bbox 2287 4350 2349 4397; x_wconf 90' lang='lat' dir='ltr'>ut</span> <span class='ocrx_word' id='word_1_708' title='bbox 2387 4351 2633 4398; x_wconf 89' lang='lat' dir='ltr'>maneat.</span> <span class='ocrx_word' id='word_1_709' title='bbox 2670 4346 3017 4399; x_wconf 82' lang='lat' dir='ltr'>Naturaliter</span> <span class='ocrx_word' id='word_1_710' title='bbox 3061 4347 3215 4399; x_wconf 90' lang='lat' dir='ltr'>enim</span> <span class='ocrx_word' id='word_1_711' title='bbox 3260 4348 3433 4400; x_wconf 87' lang='lat' dir='ltr'>habet</span> <span class='ocrx_word' id='word_1_712' title='bbox 3462 4363 3596 4401; x_wconf 88' lang='lat' dir='ltr'>cum</span> <span class='ocrx_word' id='word_1_713' title='bbox 3648 4351 3816 4402; x_wconf 84' lang='lat' dir='ltr'>Patre</span> 
     </span>
    </p>
   </div>
   <div class='ocr_carea' id='block_1_91' title="bbox 310 4433 2001 4502">
    <p class='ocr_par' dir='ltr' id='par_1_91' title="bbox 310 4433 2001 4502">
     <span class='ocr_line' id='line_1_91' title="bbox 310 4433 2001 4502; baseline -0.004 -11"><span class='ocrx_word' id='word_1_714' title='bbox 310 4440 473 4491; x_wconf 88' lang='lat' dir='ltr'>Patre</span> <span class='ocrx_word' id='word_1_715' title='bbox 529 4437 851 4490; x_wconf 89' lang='lat' dir='ltr'>communis</span> <span class='ocrx_word' id='word_1_716' title='bbox 907 4442 994 4488; x_wconf 89' lang='lat' dir='ltr'>est</span> <span class='ocrx_word' id='word_1_717' title='bbox 1042 4436 1214 4487; x_wconf 90' lang='lat' dir='ltr'>etiam</span> <span class='ocrx_word' id='word_1_718' title='bbox 1274 4434 1443 4498; x_wconf 79' lang='lat' dir='ltr'>Filio;</span> <span class='ocrx_word' id='word_1_719' title='bbox 1503 4433 1774 4502; x_wconf 90' lang='lat' dir='ltr'>quoniam</span> <span class='ocrx_word' id='word_1_720' title='bbox 1831 4448 2001 4486; x_wconf 88' lang='lat' dir='ltr'>omne</span> 
     </span>
    </p>
   </div>
   <div class='ocr_carea' id='block_1_92' title="bbox 308 4522 2003 4597">
    <p class='ocr_par' dir='ltr' id='par_1_92' title="bbox 308 4522 2003 4597">
     <span class='ocr_line' id='line_1_92' title="bbox 308 4522 2003 4597; baseline -0.004 -16"><span class='ocrx_word' id='word_1_721' title='bbox 308 4528 460 4597; x_wconf 87' lang='lat' dir='ltr'>quod</span> <span class='ocrx_word' id='word_1_722' title='bbox 494 4526 747 4580; x_wconf 87' lang='lat' dir='ltr'>nascitur</span> <span class='ocrx_word' id='word_1_723' title='bbox 795 4524 1055 4595; x_wconf 89' lang='lat' dir='ltr'>procedit</span> <span class='ocrx_word' id='word_1_724' title='bbox 1112 4524 1306 4585; x_wconf 87' lang='lat' dir='ltr'>etiam,</span> <span class='ocrx_word' id='word_1_725' title='bbox 1358 4538 1493 4587; x_wconf 84' lang='lat' dir='ltr'>ergo</span> <span class='ocrx_word' id='word_1_726' title='bbox 1552 4522 1865 4574; x_wconf 90' lang='lat' dir='ltr'>secundum</span> <span class='ocrx_word' id='word_1_727' title='bbox 1910 4522 2003 4575; x_wconf 35' lang='lat' dir='ltr'>dos</span> 
     </span>
    </p>
   </div>
   <div class='ocr_carea' id='block_1_93' title="bbox 307 4608 2003 4684">
    <p class='ocr_par' dir='ltr' id='par_1_93' title="bbox 307 4608 2003 4684">
     <span class='ocr_line' id='line_1_93' title="bbox 307 4608 2003 4684; baseline -0.004 -15"><span class='ocrx_word' id='word_1_728' title='bbox 307 4616 478 4669; x_wconf 89' lang='lat' dir='ltr'>ctoris</span> <span class='ocrx_word' id='word_1_729' title='bbox 510 4615 682 4684; x_wconf 87' lang='lat' dir='ltr'>hujus</span> <span class='ocrx_word' id='word_1_730' title='bbox 731 4612 1093 4676; x_wconf 88' lang='lat' dir='ltr'>sententiam,</span> <span class='ocrx_word' id='word_1_731' title='bbox 1136 4608 1434 4680; x_wconf 88' lang='lat' dir='ltr'>proprium</span> <span class='ocrx_word' id='word_1_732' title='bbox 1483 4614 1569 4662; x_wconf 90' lang='lat' dir='ltr'>est</span> <span class='ocrx_word' id='word_1_733' title='bbox 1605 4608 1850 4677; x_wconf 89' lang='lat' dir='ltr'>Spiritus</span> <span class='ocrx_word' id='word_1_734' title='bbox 1880 4625 2003 4662; x_wconf 87' lang='lat' dir='ltr'>san-</span> 
     </span>
    </p>
   </div>
   <div class='ocr_carea' id='block_1_94' title="bbox 306 4697 2000 4775">
    <p class='ocr_par' dir='ltr' id='par_1_94' title="bbox 306 4697 2000 4775">
     <span class='ocr_line' id='line_1_94' title="bbox 306 4697 2000 4775; baseline -0.004 -18"><span class='ocrx_word' id='word_1_735' title='bbox 306 4706 380 4758; x_wconf 93' lang='lat' dir='ltr'>cti</span> <span class='ocrx_word' id='word_1_736' title='bbox 415 4722 528 4775; x_wconf 89' lang='lat' dir='ltr'>quo</span> <span class='ocrx_word' id='word_1_737' title='bbox 561 4706 631 4759; x_wconf 91' lang='lat' dir='ltr'>de</span> <span class='ocrx_word' id='word_1_738' title='bbox 665 4706 829 4758; x_wconf 91' lang='lat' dir='ltr'>Patre</span> <span class='ocrx_word' id='word_1_739' title='bbox 866 4702 1123 4771; x_wconf 87' lang='lat' dir='ltr'>Filioque</span> <span class='ocrx_word' id='word_1_740' title='bbox 1163 4698 1440 4768; x_wconf 82' lang='lat' dir='ltr'>procedit,</span> <span class='ocrx_word' id='word_1_741' title='bbox 1490 4697 1645 4767; x_wconf 91' lang='lat' dir='ltr'>quod</span> <span class='ocrx_word' id='word_1_742' title='bbox 1692 4713 1795 4751; x_wconf 87' lang='lat' dir='ltr'>nec</span> <span class='ocrx_word' id='word_1_743' title='bbox 1848 4698 2000 4751; x_wconf 90' lang='lat' dir='ltr'>Patri</span> 
     </span>
    </p>
   </div>
   <div class='ocr_carea' id='block_1_95' title="bbox 306 4785 2002 4855">
    <p class='ocr_par' dir='ltr' id='par_1_95' title="bbox 306 4785 2002 4855">
     <span class='ocr_line' id='line_1_95' title="bbox 306 4785 2002 4855; baseline -0.005 -7"><span class='ocrx_word' id='word_1_744' title='bbox 306 4811 409 4847; x_wconf 90' lang='lat' dir='ltr'>nec</span> <span class='ocrx_word' id='word_1_745' title='bbox 438 4795 578 4847; x_wconf 88' lang='lat' dir='ltr'>Filio</span> <span class='ocrx_word' id='word_1_746' title='bbox 609 4793 865 4847; x_wconf 88' lang='lat' dir='ltr'>cernitur</span> <span class='ocrx_word' id='word_1_747' title='bbox 914 4805 1036 4844; x_wconf 91' lang='lat' dir='ltr'>esse</span> <span class='ocrx_word' id='word_1_748' title='bbox 1093 4801 1437 4840; x_wconf 88' lang='lat' dir='ltr'>commune:</span> <span class='ocrx_word' id='word_1_749' title='bbox 1495 4785 1777 4855; x_wconf 89' lang='lat' dir='ltr'>siquidem</span> <span class='ocrx_word' id='word_1_750' title='bbox 1836 4788 2002 4839; x_wconf 88' lang='lat' dir='ltr'>Pater</span> 
     </span>
    </p>
   </div>
   <div class='ocr_carea' id='block_1_96' title="bbox 306 4873 1998 4946">
    <p class='ocr_par' dir='ltr' id='par_1_96' title="bbox 306 4873 1998 4946">
     <span class='ocr_line' id='line_1_96' title="bbox 306 4873 1998 4946; baseline -0.005 -8"><span class='ocrx_word' id='word_1_751' title='bbox 306 4884 374 4937; x_wconf 88' lang='lat' dir='ltr'>de</span> <span class='ocrx_word' id='word_1_752' title='bbox 406 4885 585 4946; x_wconf 87' lang='lat' dir='ltr'>nullo,</span> <span class='ocrx_word' id='word_1_753' title='bbox 624 4883 796 4936; x_wconf 87' lang='lat' dir='ltr'>Filius</span> <span class='ocrx_word' id='word_1_754' title='bbox 842 4896 975 4933; x_wconf 82' lang='lat' dir='ltr'>vero</span> <span class='ocrx_word' id='word_1_755' title='bbox 1010 4879 1081 4933; x_wconf 92' lang='lat' dir='ltr'>de</span> <span class='ocrx_word' id='word_1_756' title='bbox 1125 4878 1244 4931; x_wconf 92' lang='lat' dir='ltr'>solo</span> <span class='ocrx_word' id='word_1_757' title='bbox 1291 4876 1475 4942; x_wconf 87' lang='lat' dir='ltr'>Patre,</span> <span class='ocrx_word' id='word_1_758' title='bbox 1524 4873 1771 4943; x_wconf 89' lang='lat' dir='ltr'>Spiritus</span> <span class='ocrx_word' id='word_1_759' title='bbox 1808 4881 1998 4929; x_wconf 91' lang='lat' dir='ltr'>autem</span> 
     </span>
    </p>
   </div>
   <div class='ocr_carea' id='block_1_97' title="bbox 310 4972 930 5040">
    <p class='ocr_par' dir='ltr' id='par_1_97' title="bbox 310 4972 930 5040">
     <span class='ocr_line' id='line_1_97' title="bbox 310 4972 930 5040; baseline -0.005 -15"><span class='ocrx_word' id='word_1_760' title='bbox 310 4978 538 5025; x_wconf 89' lang='lat' dir='ltr'>sanctus</span> <span class='ocrx_word' id='word_1_761' title='bbox 566 4972 634 5025; x_wconf 89' lang='lat' dir='ltr'>de</span> <span class='ocrx_word' id='word_1_762' title='bbox 671 4976 930 5040; x_wconf 87' lang='lat' dir='ltr'>utroque.</span> 
     </span>
    </p>
   </div>
   <div class='ocr_carea' id='block_1_98' title="bbox 377 5051 1998 5128">
    <p class='ocr_par' dir='ltr' id='par_1_98' title="bbox 377 5051 1998 5128">
     <span class='ocr_line' id='line_1_98' title="bbox 377 5051 1998 5128; baseline -0.006 -15"><span class='ocrx_word' id='word_1_763' title='bbox 377 5060 517 5113; x_wconf 91' lang='lat' dir='ltr'>Item</span> <span class='ocrx_word' id='word_1_764' title='bbox 547 5059 607 5113; x_wconf 90' lang='lat' dir='ltr'>in</span> <span class='ocrx_word' id='word_1_765' title='bbox 656 5055 1182 5128; x_wconf 87' lang='lat' dir='ltr'>consequentibus:</span> <span class='ocrx_word' id='word_1_766' title='bbox 1235 5074 1256 5101; x_wconf 74' lang='grc' dir='ltr'><strong><em>α</em></strong></span> <span class='ocrx_word' id='word_1_767' title='bbox 1295 5054 1419 5107; x_wconf 87' lang='lat' dir='ltr'>Non</span> <span class='ocrx_word' id='word_1_768' title='bbox 1447 5068 1584 5123; x_wconf 91' lang='lat' dir='ltr'>ergo</span> <span class='ocrx_word' id='word_1_769' title='bbox 1631 5051 1823 5122; x_wconf 91' lang='lat' dir='ltr'>potuit</span> <span class='ocrx_word' id='word_1_770' title='bbox 1870 5052 1998 5123; x_wconf 89' lang='lat' dir='ltr'>Spi-</span> 
     </span>
    </p>
   </div>
   <div class='ocr_carea' id='block_1_99' title="bbox 307 5140 1999 5211">
    <p class='ocr_par' dir='ltr' id='par_1_99' title="bbox 307 5140 1999 5211">
     <span class='ocr_line' id='line_1_99' title="bbox 307 5140 1999 5211; baseline -0.003 -12"><span class='ocrx_word' id='word_1_771' title='bbox 307 5147 480 5200; x_wconf 88' lang='lat' dir='ltr'>ritum</span> <span class='ocrx_word' id='word_1_772' title='bbox 540 5152 797 5200; x_wconf 89' lang='lat' dir='ltr'>sanctum</span> <span class='ocrx_word' id='word_1_773' title='bbox 849 5145 1118 5199; x_wconf 89' lang='lat' dir='ltr'>divinitas</span> <span class='ocrx_word' id='word_1_774' title='bbox 1167 5143 1293 5196; x_wconf 88' lang='lat' dir='ltr'>Filii</span> <span class='ocrx_word' id='word_1_775' title='bbox 1362 5142 1642 5211; x_wconf 88' lang='lat' dir='ltr'>accipere,</span> <span class='ocrx_word' id='word_1_776' title='bbox 1689 5156 1819 5193; x_wconf 90' lang='lat' dir='ltr'>cum</span> <span class='ocrx_word' id='word_1_777' title='bbox 1880 5140 1999 5211; x_wconf 91' lang='lat' dir='ltr'>ipse</span> 
     </span>
    </p>
   </div>
   <div class='ocr_carea' id='block_1_100' title="bbox 308 5228 1999 5305">
    <p class='ocr_par' dir='ltr' id='par_1_100' title="bbox 308 5228 1999 5305">
     <span class='ocr_line' id='line_1_100' title="bbox 308 5228 1999 5305; baseline -0.005 -16"><span class='ocrx_word' id='word_1_778' title='bbox 308 5234 553 5305; x_wconf 90' lang='lat' dir='ltr'>Spiritus</span> <span class='ocrx_word' id='word_1_779' title='bbox 610 5239 837 5287; x_wconf 87' lang='lat' dir='ltr'>sanctus</span> <span class='ocrx_word' id='word_1_780' title='bbox 896 5233 974 5285; x_wconf 90' lang='lat' dir='ltr'>sic</span> <span class='ocrx_word' id='word_1_781' title='bbox 1034 5230 1364 5301; x_wconf 87' lang='lat' dir='ltr'>procedata</span> <span class='ocrx_word' id='word_1_782' title='bbox 1414 5230 1576 5293; x_wconf 88' lang='lat' dir='ltr'>Filio,</span> <span class='ocrx_word' id='word_1_783' title='bbox 1627 5228 1769 5281; x_wconf 90' lang='lat' dir='ltr'>sicut</span> <span class='ocrx_word' id='word_1_784' title='bbox 1798 5243 1999 5296; x_wconf 84' lang='lat' dir='ltr'>proce-</span> 
     </span>
    </p>
   </div>
   <div class='ocr_carea' id='block_1_101' title="bbox 308 5317 1999 5387">
    <p class='ocr_par' dir='ltr' id='par_1_101' title="bbox 308 5317 1999 5387">
     <span class='ocr_line' id='line_1_101' title="bbox 308 5317 1999 5387; baseline -0.005 -10"><span class='ocrx_word' id='word_1_785' title='bbox 308 5324 392 5377; x_wconf 91' lang='lat' dir='ltr'>dit</span> <span class='ocrx_word' id='word_1_786' title='bbox 422 5341 451 5376; x_wconf 88' lang='lat' dir='ltr'>a</span> <span class='ocrx_word' id='word_1_787' title='bbox 485 5324 685 5387; x_wconf 85' lang='lat' dir='ltr'>Patre;</span> <span class='ocrx_word' id='word_1_788' title='bbox 728 5327 784 5376; x_wconf 90' lang='lat' dir='ltr'>et</span> <span class='ocrx_word' id='word_1_789' title='bbox 814 5323 893 5374; x_wconf 86' lang='lat' dir='ltr'>sic</span> <span class='ocrx_word' id='word_1_790' title='bbox 950 5322 1119 5375; x_wconf 88' lang='lat' dir='ltr'>detur</span> <span class='ocrx_word' id='word_1_791' title='bbox 1154 5336 1188 5373; x_wconf 90' lang='lat' dir='ltr'>a</span> <span class='ocrx_word' id='word_1_792' title='bbox 1238 5319 1401 5379; x_wconf 87' lang='lat' dir='ltr'>Filio,</span> <span class='ocrx_word' id='word_1_793' title='bbox 1459 5318 1604 5371; x_wconf 89' lang='lat' dir='ltr'>sicut</span> <span class='ocrx_word' id='word_1_794' title='bbox 1634 5317 1801 5370; x_wconf 89' lang='lat' dir='ltr'>datur</span> <span class='ocrx_word' id='word_1_795' title='bbox 1830 5332 1862 5368; x_wconf 91' lang='lat' dir='ltr'>a</span> <span class='ocrx_word' id='word_1_796' title='bbox 1894 5317 1999 5370; x_wconf 93' lang='lat' dir='ltr'>Pa-</span> 
     </span>
    </p>
   </div>
   <div class='ocr_carea' id='block_1_102' title="bbox 307 5404 2001 5478">
    <p class='ocr_par' dir='ltr' id='par_1_102' title="bbox 307 5404 2001 5478">
     <span class='ocr_line' id='line_1_102' title="bbox 307 5404 2001 5478; baseline -0.004 -15"><span class='ocrx_word' id='word_1_797' title='bbox 307 5415 412 5465; x_wconf 90' lang='lat' dir='ltr'>tre.</span> <span class='ocrx_word' id='word_1_798' title='bbox 452 5413 563 5465; x_wconf 83' lang='lat' dir='ltr'>Nec</span> <span class='ocrx_word' id='word_1_799' title='bbox 614 5412 710 5464; x_wconf 90' lang='lat' dir='ltr'>illa</span> <span class='ocrx_word' id='word_1_800' title='bbox 763 5415 985 5476; x_wconf 89' lang='lat' dir='ltr'>natura,</span> <span class='ocrx_word' id='word_1_801' title='bbox 1039 5409 1192 5462; x_wconf 90' lang='lat' dir='ltr'>unde</span> <span class='ocrx_word' id='word_1_802' title='bbox 1245 5407 1490 5478; x_wconf 88' lang='lat' dir='ltr'>Spiritus</span> <span class='ocrx_word' id='word_1_803' title='bbox 1542 5410 1770 5458; x_wconf 88' lang='lat' dir='ltr'>sanctus</span> <span class='ocrx_word' id='word_1_804' title='bbox 1828 5404 2001 5458; x_wconf 87' lang='lat' dir='ltr'>habet</span> 
     </span>
    </p>
   </div>
   <div class='ocr_carea' id='block_1_103' title="bbox 305 5493 1998 5569">
    <p class='ocr_par' dir='ltr' id='par_1_103' title="bbox 305 5493 1998 5569">
     <span class='ocr_line' id='line_1_103' title="bbox 305 5493 1998 5569; baseline -0.003 -17"><span class='ocrx_word' id='word_1_805' title='bbox 305 5499 609 5569; x_wconf 90' lang='lat' dir='ltr'>originem,</span> <span class='ocrx_word' id='word_1_806' title='bbox 652 5500 839 5569; x_wconf 89' lang='lat' dir='ltr'>potuit</span> <span class='ocrx_word' id='word_1_807' title='bbox 872 5498 956 5553; x_wconf 89' lang='lat' dir='ltr'>vel</span> <span class='ocrx_word' id='word_1_808' title='bbox 994 5500 1316 5568; x_wconf 84' lang='lat' dir='ltr'>exspectare</span> <span class='ocrx_word' id='word_1_809' title='bbox 1366 5495 1450 5547; x_wconf 91' lang='lat' dir='ltr'>vel</span> <span class='ocrx_word' id='word_1_810' title='bbox 1481 5494 1734 5563; x_wconf 88' lang='lat' dir='ltr'>accipere</span> <span class='ocrx_word' id='word_1_811' title='bbox 1767 5493 1998 5562; x_wconf 82' lang='lat' dir='ltr'>largita-</span> 
     </span>
    </p>
   </div>
   <div class='ocr_carea' id='block_1_104' title="bbox 304 5582 1995 5659">
    <p class='ocr_par' dir='ltr' id='par_1_104' title="bbox 304 5582 1995 5659">
     <span class='ocr_line' id='line_1_104' title="bbox 304 5582 1995 5659; baseline -0.002 -18"><span class='ocrx_word' id='word_1_812' title='bbox 304 5592 441 5642; x_wconf 88' lang='lat' dir='ltr'>tem.</span> <span class='ocrx_word' id='word_1_813' title='bbox 483 5588 728 5659; x_wconf 87' lang='lat' dir='ltr'>Spiritus</span> <span class='ocrx_word' id='word_1_814' title='bbox 774 5589 870 5641; x_wconf 89' lang='lat' dir='ltr'>ille</span> <span class='ocrx_word' id='word_1_815' title='bbox 910 5592 1065 5641; x_wconf 88' lang='lat' dir='ltr'>totus</span> <span class='ocrx_word' id='word_1_816' title='bbox 1111 5590 1197 5638; x_wconf 89' lang='lat' dir='ltr'>est</span> <span class='ocrx_word' id='word_1_817' title='bbox 1244 5583 1446 5647; x_wconf 88' lang='lat' dir='ltr'>Patris,</span> <span class='ocrx_word' id='word_1_818' title='bbox 1497 5587 1649 5634; x_wconf 86' lang='lat' dir='ltr'>totus</span> <span class='ocrx_word' id='word_1_819' title='bbox 1689 5587 1775 5634; x_wconf 91' lang='lat' dir='ltr'>est</span> <span class='ocrx_word' id='word_1_820' title='bbox 1823 5582 1995 5646; x_wconf 87' lang='lat' dir='ltr'>Filii;</span> 
     </span>
    </p>
   </div>
   <div class='ocr_carea' id='block_1_105' title="bbox 2112 4434 3815 4505">
    <p class='ocr_par' dir='ltr' id='par_1_105' title="bbox 2112 4434 3815 4505">
     <span class='ocr_line' id='line_1_105' title="bbox 2112 4434 3815 4505; baseline 0.003 -19"><span class='ocrx_word' id='word_1_821' title='bbox 2112 4450 2174 4487; x_wconf 88' lang='lat' dir='ltr'>ac</span> <span class='ocrx_word' id='word_1_822' title='bbox 2205 4434 2346 4487; x_wconf 84' lang='lat' dir='ltr'>Filio</span> <span class='ocrx_word' id='word_1_823' title='bbox 2376 4435 2797 4503; x_wconf 89' lang='lat' dir='ltr'>plenitudinem</span> <span class='ocrx_word' id='word_1_824' title='bbox 2845 4435 3100 4501; x_wconf 91' lang='lat' dir='ltr'>unitatis,</span> <span class='ocrx_word' id='word_1_825' title='bbox 3151 4442 3203 4490; x_wconf 90' lang='lat' dir='ltr'>et</span> <span class='ocrx_word' id='word_1_826' title='bbox 3238 4438 3516 4490; x_wconf 90' lang='lat' dir='ltr'>unitatem</span> <span class='ocrx_word' id='word_1_827' title='bbox 3548 4438 3815 4505; x_wconf 81' lang='lat' dir='ltr'>plenitu-</span> 
     </span>
    </p>
   </div>
   <div class='ocr_carea' id='block_1_106' title="bbox 2111 4522 3812 4589">
    <p class='ocr_par' dir='ltr' id='par_1_106' title="bbox 2111 4522 3812 4589">
     <span class='ocr_line' id='line_1_106' title="bbox 2111 4522 3812 4589; baseline 0.003 -15"><span class='ocrx_word' id='word_1_828' title='bbox 2111 4522 2279 4589; x_wconf 88' lang='lat' dir='ltr'>dinis,</span> <span class='ocrx_word' id='word_1_829' title='bbox 2309 4529 2366 4575; x_wconf 89' lang='lat' dir='ltr'>et</span> <span class='ocrx_word' id='word_1_830' title='bbox 2411 4527 2562 4575; x_wconf 86' lang='lat' dir='ltr'>totus</span> <span class='ocrx_word' id='word_1_831' title='bbox 2612 4524 2854 4577; x_wconf 89' lang='lat' dir='ltr'>habetur</span> <span class='ocrx_word' id='word_1_832' title='bbox 2883 4542 2915 4577; x_wconf 90' lang='lat' dir='ltr'>a</span> <span class='ocrx_word' id='word_1_833' title='bbox 2964 4526 3149 4589; x_wconf 88' lang='lat' dir='ltr'>Patre,</span> <span class='ocrx_word' id='word_1_834' title='bbox 3193 4531 3247 4578; x_wconf 89' lang='lat' dir='ltr'>et</span> <span class='ocrx_word' id='word_1_835' title='bbox 3292 4532 3445 4579; x_wconf 89' lang='lat' dir='ltr'>totus</span> <span class='ocrx_word' id='word_1_836' title='bbox 3493 4526 3752 4581; x_wconf 87' lang='lat' dir='ltr'>habetur</span> <span class='ocrx_word' id='word_1_837' title='bbox 3782 4544 3812 4579; x_wconf 90' lang='lat' dir='ltr'>a</span> 
     </span>
    </p>
   </div>
   <div class='ocr_carea' id='block_1_107' title="bbox 2112 4611 3812 4683">
    <p class='ocr_par' dir='ltr' id='par_1_107' title="bbox 2112 4611 3812 4683">
     <span class='ocr_line' id='line_1_107' title="bbox 2112 4611 3812 4683; baseline 0.002 -18"><span class='ocrx_word' id='word_1_838' title='bbox 2112 4611 2270 4665; x_wconf 88' lang='lat' dir='ltr'>Filio.</span> <span class='ocrx_word' id='word_1_839' title='bbox 2312 4612 2436 4665; x_wconf 86' lang='lat' dir='ltr'>Non</span> <span class='ocrx_word' id='word_1_840' title='bbox 2497 4628 2630 4682; x_wconf 88' lang='lat' dir='ltr'>ergo</span> <span class='ocrx_word' id='word_1_841' title='bbox 2689 4613 2955 4667; x_wconf 90' lang='lat' dir='ltr'>divinitas</span> <span class='ocrx_word' id='word_1_842' title='bbox 3023 4614 3148 4666; x_wconf 88' lang='lat' dir='ltr'>Filii</span> <span class='ocrx_word' id='word_1_843' title='bbox 3205 4614 3481 4683; x_wconf 89' lang='lat' dir='ltr'>Spiritum</span> <span class='ocrx_word' id='word_1_844' title='bbox 3538 4621 3812 4669; x_wconf 87' lang='lat' dir='ltr'>sanctum</span> 
     </span>
    </p>
   </div>
   <div class='ocr_carea' id='block_1_108' title="bbox 2109 4700 3814 4772">
    <p class='ocr_par' dir='ltr' id='par_1_108' title="bbox 2109 4700 3814 4772">
     <span class='ocr_line' id='line_1_108' title="bbox 2109 4700 3814 4772; baseline 0.004 -20"><span class='ocrx_word' id='word_1_845' title='bbox 2109 4700 2344 4771; x_wconf 89' lang='lat' dir='ltr'>accepit,</span> <span class='ocrx_word' id='word_1_846' title='bbox 2395 4717 2566 4770; x_wconf 91' lang='lat' dir='ltr'>quem</span> <span class='ocrx_word' id='word_1_847' title='bbox 2624 4701 2783 4771; x_wconf 90' lang='lat' dir='ltr'>prius</span> <span class='ocrx_word' id='word_1_848' title='bbox 2823 4718 2938 4754; x_wconf 92' lang='lat' dir='ltr'>non</span> <span class='ocrx_word' id='word_1_849' title='bbox 2988 4702 3209 4767; x_wconf 90' lang='lat' dir='ltr'>habuit,</span> <span class='ocrx_word' id='word_1_850' title='bbox 3263 4719 3393 4755; x_wconf 92' lang='lat' dir='ltr'>cum</span> <span class='ocrx_word' id='word_1_851' title='bbox 3447 4704 3518 4756; x_wconf 86' lang='lat' dir='ltr'>sit</span> <span class='ocrx_word' id='word_1_852' title='bbox 3558 4704 3814 4772; x_wconf 89' lang='lat' dir='ltr'>Spiritus</span> 
     </span>
    </p>
   </div>
   <div class='ocr_carea' id='block_1_109' title="bbox 2110 4786 3813 4861">
    <p class='ocr_par' dir='ltr' id='par_1_109' title="bbox 2110 4786 3813 4861">
     <span class='ocr_line' id='line_1_109' title="bbox 2110 4786 3813 4861; baseline 0.004 -20"><span class='ocrx_word' id='word_1_853' title='bbox 2110 4794 2338 4841; x_wconf 88' lang='lat' dir='ltr'>sanctus</span> <span class='ocrx_word' id='word_1_854' title='bbox 2378 4790 2628 4857; x_wconf 89' lang='lat' dir='ltr'>ejusdem</span> <span class='ocrx_word' id='word_1_855' title='bbox 2676 4794 2896 4843; x_wconf 70' lang='lat' dir='ltr'>naturas</span> <span class='ocrx_word' id='word_1_856' title='bbox 2940 4791 3103 4859; x_wconf 90' lang='lat' dir='ltr'>cujus</span> <span class='ocrx_word' id='word_1_857' title='bbox 3147 4797 3228 4843; x_wconf 90' lang='lat' dir='ltr'>est</span> <span class='ocrx_word' id='word_1_858' title='bbox 3272 4786 3458 4855; x_wconf 87' lang='lat' dir='ltr'>Filius,</span> <span class='ocrx_word' id='word_1_859' title='bbox 3497 4799 3703 4861; x_wconf 90' lang='lat' dir='ltr'>utpote</span> <span class='ocrx_word' id='word_1_860' title='bbox 3744 4795 3813 4847; x_wconf 92' lang='lat' dir='ltr'>de</span> 
     </span>
    </p>
   </div>
   <div class='ocr_carea' id='block_1_110' title="bbox 2109 4878 3817 4949">
    <p class='ocr_par' dir='ltr' id='par_1_110' title="bbox 2109 4878 3817 4949">
     <span class='ocr_line' id='line_1_110' title="bbox 2109 4878 3817 4949; baseline 0.003 -21"><span class='ocrx_word' id='word_1_861' title='bbox 2109 4892 2224 4946; x_wconf 91' lang='lat' dir='ltr'>quo</span> <span class='ocrx_word' id='word_1_862' title='bbox 2278 4878 2493 4946; x_wconf 90' lang='lat' dir='ltr'>accepit</span> <span class='ocrx_word' id='word_1_863' title='bbox 2537 4878 2815 4947; x_wconf 89' lang='lat' dir='ltr'>quidquid</span> <span class='ocrx_word' id='word_1_864' title='bbox 2867 4878 3056 4943; x_wconf 88' lang='lat' dir='ltr'>habet,</span> <span class='ocrx_word' id='word_1_865' title='bbox 3120 4879 3235 4931; x_wconf 89' lang='lat' dir='ltr'>imo</span> <span class='ocrx_word' id='word_1_866' title='bbox 3284 4880 3353 4932; x_wconf 91' lang='lat' dir='ltr'>de</span> <span class='ocrx_word' id='word_1_867' title='bbox 3400 4896 3516 4949; x_wconf 89' lang='lat' dir='ltr'>quo</span> <span class='ocrx_word' id='word_1_868' title='bbox 3562 4887 3654 4933; x_wconf 89' lang='lat' dir='ltr'>est</span> <span class='ocrx_word' id='word_1_869' title='bbox 3704 4883 3817 4935; x_wconf 92' lang='lat' dir='ltr'>hoc</span> 
     </span>
    </p>
   </div>
   <div class='ocr_carea' id='block_1_111' title="bbox 2109 4964 3819 5035">
    <p class='ocr_par' dir='ltr' id='par_1_111' title="bbox 2109 4964 3819 5035">
     <span class='ocr_line' id='line_1_111' title="bbox 2109 4964 3819 5035; baseline 0.003 -17"><span class='ocrx_word' id='word_1_870' title='bbox 2109 4964 2263 5035; x_wconf 91' lang='lat' dir='ltr'>quod</span> <span class='ocrx_word' id='word_1_871' title='bbox 2294 4970 2415 5029; x_wconf 87' lang='lat' dir='ltr'>est;</span> <span class='ocrx_word' id='word_1_872' title='bbox 2449 4966 2724 5035; x_wconf 90' lang='lat' dir='ltr'>quoniam</span> <span class='ocrx_word' id='word_1_873' title='bbox 2769 4967 3219 5020; x_wconf 89' lang='lat' dir='ltr'>substantialiter</span> <span class='ocrx_word' id='word_1_874' title='bbox 3249 4968 3318 5020; x_wconf 91' lang='lat' dir='ltr'>de</span> <span class='ocrx_word' id='word_1_875' title='bbox 3351 4968 3651 5023; x_wconf 86' lang='lat' dir='ltr'>divinitate</span> <span class='ocrx_word' id='word_1_876' title='bbox 3687 4971 3819 5023; x_wconf 85' lang='lat' dir='ltr'>Filii</span> 
     </span>
    </p>
   </div>
   <div class='ocr_carea' id='block_1_112' title="bbox 2108 5053 3819 5126">
    <p class='ocr_par' dir='ltr' id='par_1_112' title="bbox 2108 5053 3819 5126">
     <span class='ocr_line' id='line_1_112' title="bbox 2108 5053 3819 5126; baseline 0.002 -21"><span class='ocrx_word' id='word_1_877' title='bbox 2108 5058 2210 5106; x_wconf 89' lang='lat' dir='ltr'>est.</span> <span class='ocrx_word' id='word_1_878' title='bbox 2261 5053 2477 5116; x_wconf 88' lang='lat' dir='ltr'>Quibus</span> <span class='ocrx_word' id='word_1_879' title='bbox 2527 5054 2796 5107; x_wconf 90' lang='lat' dir='ltr'>omnibus</span> <span class='ocrx_word' id='word_1_880' title='bbox 2839 5055 3133 5108; x_wconf 89' lang='lat' dir='ltr'>evidenter</span> <span class='ocrx_word' id='word_1_881' title='bbox 3188 5055 3513 5109; x_wconf 89' lang='lat' dir='ltr'>ostenditur</span> <span class='ocrx_word' id='word_1_882' title='bbox 3560 5057 3819 5126; x_wconf 87' lang='lat' dir='ltr'>Spiritus</span> 
     </span>
    </p>
   </div>
   <div class='ocr_carea' id='block_1_113' title="bbox 2109 5141 3821 5214">
    <p class='ocr_par' dir='ltr' id='par_1_113' title="bbox 2109 5141 3821 5214">
     <span class='ocr_line' id='line_1_113' title="bbox 2109 5141 3821 5214; baseline 0.004 -21"><span class='ocrx_word' id='word_1_883' title='bbox 2109 5141 2286 5194; x_wconf 88' lang='lat' dir='ltr'>sancti</span> <span class='ocrx_word' id='word_1_884' title='bbox 2327 5142 2611 5211; x_wconf 90' lang='lat' dir='ltr'>processio</span> <span class='ocrx_word' id='word_1_885' title='bbox 2662 5158 2779 5195; x_wconf 94' lang='lat' dir='ltr'>non</span> <span class='ocrx_word' id='word_1_886' title='bbox 2826 5142 3017 5195; x_wconf 90' lang='lat' dir='ltr'>minus</span> <span class='ocrx_word' id='word_1_887' title='bbox 3062 5158 3182 5195; x_wconf 84' lang='lat' dir='ltr'>esse</span> <span class='ocrx_word' id='word_1_888' title='bbox 3215 5144 3283 5196; x_wconf 92' lang='lat' dir='ltr'>de</span> <span class='ocrx_word' id='word_1_889' title='bbox 3335 5144 3477 5196; x_wconf 84' lang='lat' dir='ltr'>Filio</span> <span class='ocrx_word' id='word_1_890' title='bbox 3520 5161 3702 5214; x_wconf 89' lang='lat' dir='ltr'>quam</span> <span class='ocrx_word' id='word_1_891' title='bbox 3751 5146 3821 5199; x_wconf 89' lang='lat' dir='ltr'>de</span> 
     </span>
    </p>
   </div>
   <div class='ocr_carea' id='block_1_114' title="bbox 2107 5230 3823 5303">
    <p class='ocr_par' dir='ltr' id='par_1_114' title="bbox 2107 5230 3823 5303">
     <span class='ocr_line' id='line_1_114' title="bbox 2107 5230 3823 5303; baseline 0.003 -22"><span class='ocrx_word' id='word_1_892' title='bbox 2107 5230 2309 5282; x_wconf 90' lang='lat' dir='ltr'>Patre:</span> <span class='ocrx_word' id='word_1_893' title='bbox 2372 5230 2525 5300; x_wconf 91' lang='lat' dir='ltr'>quod</span> <span class='ocrx_word' id='word_1_894' title='bbox 2570 5230 2833 5301; x_wconf 89' lang='lat' dir='ltr'>quisquis</span> <span class='ocrx_word' id='word_1_895' title='bbox 2901 5246 3111 5300; x_wconf 92' lang='lat' dir='ltr'>negare</span> <span class='ocrx_word' id='word_1_896' title='bbox 3174 5232 3508 5298; x_wconf 86' lang='lat' dir='ltr'>intenderit,</span> <span class='ocrx_word' id='word_1_897' title='bbox 3576 5235 3823 5303; x_wconf 85' lang='lat' dir='ltr'>negabit</span> 
     </span>
    </p>
   </div>
   <div class='ocr_carea' id='block_1_115' title="bbox 2108 5316 3819 5390">
    <p class='ocr_par' dir='ltr' id='par_1_115' title="bbox 2108 5316 3819 5390">
     <span class='ocr_line' id='line_1_115' title="bbox 2108 5316 3819 5390; baseline 0.004 -22"><span class='ocrx_word' id='word_1_898' title='bbox 2108 5316 2325 5387; x_wconf 90' lang='lat' dir='ltr'>pariter</span> <span class='ocrx_word' id='word_1_899' title='bbox 2367 5318 2612 5387; x_wconf 90' lang='lat' dir='ltr'>Spiritus</span> <span class='ocrx_word' id='word_1_900' title='bbox 2642 5318 2821 5372; x_wconf 89' lang='lat' dir='ltr'>sancti</span> <span class='ocrx_word' id='word_1_901' title='bbox 2862 5319 3328 5373; x_wconf 86' lang='lat' dir='ltr'>subsistentiam:</span> <span class='ocrx_word' id='word_1_902' title='bbox 3382 5322 3662 5390; x_wconf 84' lang='lat' dir='ltr'>quoniam</span> <span class='ocrx_word' id='word_1_903' title='bbox 3697 5339 3819 5375; x_wconf 89' lang='lat' dir='ltr'>non</span> 
     </span>
    </p>
   </div>
   <div class='ocr_carea' id='block_1_116' title="bbox 2107 5406 3817 5478">
    <p class='ocr_par' dir='ltr' id='par_1_116' title="bbox 2107 5406 3817 5478">
     <span class='ocr_line' id='line_1_116' title="bbox 2107 5406 3817 5478; baseline 0.004 -20"><span class='ocrx_word' id='word_1_904' title='bbox 2107 5409 2295 5474; x_wconf 90' lang='lat' dir='ltr'>potest</span> <span class='ocrx_word' id='word_1_905' title='bbox 2334 5406 2664 5474; x_wconf 89' lang='lat' dir='ltr'>subsistere,</span> <span class='ocrx_word' id='word_1_906' title='bbox 2692 5408 2801 5460; x_wconf 90' lang='lat' dir='ltr'>nisi</span> <span class='ocrx_word' id='word_1_907' title='bbox 2850 5408 3156 5461; x_wconf 79' lang='lat' dir='ltr'>essentiam</span> <span class='ocrx_word' id='word_1_908' title='bbox 3207 5409 3448 5478; x_wconf 90' lang='lat' dir='ltr'>accipiat</span> <span class='ocrx_word' id='word_1_909' title='bbox 3498 5409 3569 5463; x_wconf 89' lang='lat' dir='ltr'>ab</span> <span class='ocrx_word' id='word_1_910' title='bbox 3612 5411 3711 5464; x_wconf 92' lang='lat' dir='ltr'>illo</span> <span class='ocrx_word' id='word_1_911' title='bbox 3747 5412 3817 5464; x_wconf 89' lang='lat' dir='ltr'>de</span> 
     </span>
    </p>
   </div>
   <div class='ocr_carea' id='block_1_117' title="bbox 2109 5495 3816 5569">
    <p class='ocr_par' dir='ltr' id='par_1_117' title="bbox 2109 5495 3816 5569">
     <span class='ocr_line' id='line_1_117' title="bbox 2109 5495 3816 5569; baseline 0.003 -23"><span class='ocrx_word' id='word_1_912' title='bbox 2109 5510 2223 5564; x_wconf 91' lang='lat' dir='ltr'>quo</span> <span class='ocrx_word' id='word_1_913' title='bbox 2284 5495 2648 5564; x_wconf 88' lang='lat' dir='ltr'>procedendo</span> <span class='ocrx_word' id='word_1_914' title='bbox 2717 5497 2991 5550; x_wconf 88' lang='lat' dir='ltr'>subsistit.</span> <span class='ocrx_word' id='word_1_915' title='bbox 3036 5498 3146 5551; x_wconf 86' lang='lat' dir='ltr'>Hoc</span> <span class='ocrx_word' id='word_1_916' title='bbox 3196 5503 3424 5551; x_wconf 88' lang='lat' dir='ltr'>sanctus</span> <span class='ocrx_word' id='word_1_917' title='bbox 3475 5499 3816 5569; x_wconf 84' lang='lat' dir='ltr'>Fulgentius</span> 
     </span>
    </p>
   </div>
   <div class='ocr_carea' id='block_1_118' title="bbox 2109 5582 3816 5658">
    <p class='ocr_par' dir='ltr' id='par_1_118' title="bbox 2109 5582 3816 5658">
     <span class='ocr_line' id='line_1_118' title="bbox 2109 5582 3816 5658; baseline 0.003 -23"><span class='ocrx_word' id='word_1_918' title='bbox 2109 5582 2381 5635; x_wconf 67' lang='lat' dir='ltr'>adversus</span> <span class='ocrx_word' id='word_1_919' title='bbox 2422 5583 2690 5637; x_wconf 83' lang='lat' dir='ltr'>Arianam</span> <span class='ocrx_word' id='word_1_920' title='bbox 2741 5585 3043 5655; x_wconf 79' lang='lat' dir='ltr'>perﬁdiam</span> <span class='ocrx_word' id='word_1_921' title='bbox 3093 5588 3390 5657; x_wconf 73' lang='lat' dir='ltr'>disputans</span> <span class='ocrx_word' id='word_1_922' title='bbox 3445 5587 3518 5640; x_wconf 90' lang='lat' dir='ltr'>de</span> <span class='ocrx_word' id='word_1_923' title='bbox 3563 5589 3816 5658; x_wconf 85' lang='lat' dir='ltr'>Spiritus</span> 
     </span>
    </p>
   </div>
  </div>
