3890 6230
345 360 447 413 299

1487 349 1855 406 RATRAMNI
1893 348 2356 406 CORBEIENSIS
2394 346 2699 403 MONACIII
3756 347 3839 399 300

345 496 548 557 morat,
581 491 727 545 dona
770 489 948 543 sancti
978 487 1221 559 Spiritus
1259 503 1379 541 esse
1413 502 1582 540 nemo
1609 486 1868 541 ﬁdelium
1901 502 2030 539 am-
2069 488 2115 539 Α
2145 489 2359 549 sancto,
2432 498 2630 536 verum
2691 482 2759 535 de
2828 482 2998 535 rebus
3080 481 3478 536 materialibus
3545 483 3837 551 sumpsisse

343 581 504 650 bigit.
545 579 799 634 Interens
840 585 1036 631 autem
1084 578 1144 630 in
1194 576 1563 630 conclusione
1608 577 1730 628 haec
1763 575 2038 644 Spiritum

343 673 600 722 sanctum
650 684 838 737 posse,
885 666 1157 736 quoniam
1202 666 1271 719 de
1314 666 1475 718 unita
1532 664 1885 735 plenitudine
1937 668 2042 727 est,

342 757 594 827 profecto
623 756 927 809 conﬁtetur
966 755 1119 824 quod
1166 753 1233 806 de
1270 754 1432 806 Patre
1482 753 1735 821 Filioque
1767 751 2036 821 procedit.

344 846 511 898 Unita
561 860 815 914 namque
877 844 1177 912 plenitudo
1227 841 1543 894 divinitatis
1598 841 1778 893 Patris
1838 844 1921 891 est
1984 844 2041 889 et

343 934 471 987 Filii
503 951 515 987 :
550 950 680 987 nam
734 949 863 986 cum
907 933 976 984 sit
1012 932 1180 1001 plena
1212 930 1481 983 divinitas
1532 928 1731 993 Patris,
1784 933 1840 980 et
1870 928 2042 997 plena

341 1022 603 1077 divinitas
651 1022 796 1086 Filii,
839 1020 972 1091 quia
1035 1019 1301 1090 perfecta,
1352 1017 1487 1089 quia
1537 1033 1655 1070 non
1696 1016 1887 1071 valens
1940 1032 2041 1068 au-

342 1111 492 1181 geri;
522 1111 600 1164 ita
645 1116 836 1163 tamen
866 1109 1049 1172 unita,
1083 1113 1147 1161 ut
1187 1124 1303 1160 non
1350 1108 1475 1159 dum
1508 1104 1909 1176 plenitudines,
1943 1104 2041 1157 sed

342 1216 458 1252 una
518 1199 859 1269 plenitudo;
920 1198 1064 1249 sicut
1124 1212 1225 1249 nec
1282 1196 1409 1248 dum
1469 1195 1728 1261 deitates,
1787 1194 1881 1247 sed
1928 1210 2042 1246 una

342 1288 520 1341 deitas
550 1292 605 1339 et
652 1287 892 1350 dicatur,
928 1290 983 1338 et
1011 1285 1250 1350 existat;
1297 1288 1352 1336 et
1379 1283 1448 1336 de
1495 1284 1600 1336 hac
1648 1283 1809 1335 unita
1855 1283 2039 1352 pleni—

341 1375 537 1428 tudine
569 1373 749 1427 Patris
782 1378 837 1425 et
871 1373 996 1425 Filii
1039 1370 1316 1441 procedit,
1354 1372 1559 1439 plenus
1606 1376 1661 1422 et
1686 1370 1808 1439 ipse
1858 1370 2042 1422 consi-

340 1470 495 1517 stens
524 1464 688 1525 Deus,
724 1462 859 1532 quia
881 1478 997 1514 non
1029 1462 1219 1513 valens
1249 1460 1545 1529 augmenti
1580 1460 1830 1528 recipere
1862 1475 2036 1529 quan-

340 1551 581 1605 titatem.
642 1550 699 1603 Si
757 1550 911 1603 enim
958 1550 1121 1619 juxta
1170 1565 1375 1601 novam
1438 1549 1698 1601 haeresim
1754 1548 1820 1600 dc
1878 1549 2038 1601 Patre

339 1643 561 1692 tantum
611 1637 867 1707 procedit
918 1637 1182 1706 Spiritus,
1218 1652 1335 1688 non
1374 1636 1443 1689 de
1476 1636 1634 1689 unita
1682 1636 2039 1705 plenitudine

340 1727 616 1797 procedit,
667 1726 941 1796 quoniam
1002 1740 1117 1777 non
1166 1729 1250 1777 est
1304 1724 1421 1777 illic
1464 1724 1843 1777 communitas
1892 1723 2036 1788 Filii,

343 1815 711 1884 singularitas
751 1813 850 1867 ubi
908 1817 990 1865 est
1038 1813 1236 1865 Patris.
1300 1813 1395 1865 Est
1441 1818 1633 1866 autem
1678 1813 1787 1865 hoc
1832 1812 2035 1865 falsum

343 1910 515 1972 atque
583 1902 864 1955 haeretica;
922 1901 1218 1970 pravitatis
1275 1902 1534 1970 plenum.
1591 1900 1819 1954 Dicatur
1867 1901 2042 1969 igitur

337 1992 497 2059 juxta
537 1990 687 2042 beati
728 1990 1025 2042 Athanasii
1072 1989 1436 2051 sententiam,
1480 1990 1549 2043 de
1593 1990 1753 2042 unita
1783 1989 2039 2058 plenitu—

344 2079 476 2130 dine
527 2078 829 2146 procedere
880 2077 1126 2146 Spiritus
1166 2082 1411 2142 sanctus,
1454 2078 1725 2147 quoniam
1783 2077 2040 2130 consistit

343 2166 412 2217 de
447 2182 571 2217 vera
602 2166 809 2218 deitate
846 2170 959 2217 tam
994 2165 1173 2217 Patris
1205 2182 1378 2235 quam
1406 2166 1530 2218 Filii
1560 2182 1726 2219 verus
1760 2166 1927 2218 Deus.

416 2255 553 2306 Item
594 2253 788 2306 infra:
842 2271 871 2301 α
937 2254 1082 2322 Ergo
1134 2254 1271 2323 quia
1326 2254 1510 2307 dixit:
1586 2254 1753 2307 Verbo
1818 2254 2040 2307 Domini

341 2343 457 2395 σανιὶ
507 2343 717 2401 firmati
762 2348 906 2408 sunt,
941 2348 990 2395 ct
1046 2342 1262 2410 Spiritu
1311 2345 1420 2396 oris
1480 2344 1596 2410 ejus
1649 2345 1818 2396 omnis
1862 2344 2037 2396 virtus

340 2446 519 2483 eorum
562 2432 731 2497 (Psal.
775 2447 945 2492 χχιιι,
998 2433 1071 2499 6),
1123 2446 1402 2499 cognosce
1444 2431 1551 2484 hoc
1609 2431 1857 2485 Verbum
1897 2432 2034 2484 sub-

343 2518 651 2570 stantivum
684 2533 796 2570 non
828 2518 1055 2570 aliunde
1086 2533 1260 2587 quam
1293 2519 1360 2571 de
1395 2520 1560 2571 Patre
1604 2519 1901 2589 proprium
1934 2536 2035 2573 na-

344 2609 466 2657 tum
505 2604 711 2669 fuisse;
744 2605 837 2657 sed
872 2610 930 2657 et
979 2603 1256 2673 Spiritum
1291 2605 1405 2658 oris
1438 2606 1562 2675 ejus
1606 2623 1733 2659 cum
1762 2607 2037 2677 Spiritum

342 2693 503 2758 dixit,
538 2694 637 2762 qui
670 2692 737 2745 de
767 2692 888 2762 ipsa
922 2695 1085 2745 unita
1118 2693 1440 2746 substantia
1464 2695 1755 2763 processit.
1788 2716 1813 2743 ››
1842 2695 2037 2749 Ariani

344 2782 635 2852 negabant
667 2786 782 2834 tam
814 2781 1015 2834 Filium
1050 2798 1223 2851 quam
1257 2781 1529 2851 Spiritum
1566 2790 1822 2837 sanctum
1857 2784 2038 2838 Patris

344 2888 464 2924 esse
486 2869 1023 2929 consubstantiales.
1051 2876 1105 2923 et
1136 2871 1266 2923 ideo
1298 2886 1402 2939 per
1431 2870 1607 2924 totius
1635 2871 2038 2941 disputationis

343 2964 557 3012 textum
610 2964 955 3027 praesentem
1006 2962 1121 3011 tam
1173 2958 1299 3011 Filii
1351 2974 1524 3028 quam
1570 2960 1747 3011 sancti
1795 2960 2037 3029 Spiritus

344 3046 887 3099 consubstantialem
941 3045 1211 3099 deitatem
1267 3046 1420 3099 Patri
1478 3046 1773 3099 contendit
1821 3064 2034 3117 appro-

347 3136 480 3187 bare
520 3150 531 3186 :
567 3134 1055 3203 quemadmodum
1105 3136 1229 3187 loco
1255 3135 1547 3203 praesenti,
1590 3135 1773 3188 Verbo
1809 3136 2036 3189 Domini

344 3223 513 3276 caelos
580 3222 835 3275 ﬁrmatos
890 3221 1104 3287 dicens,
1168 3222 1296 3275 Filii
1361 3222 1761 3291 divinitatem;
1822 3223 2038 3292 Spiritu

344 3325 475 3362 vero
507 3308 622 3361 oris
654 3308 776 3378 ejus
808 3324 1040 3361 omnem
1084 3308 1349 3361 virtutem
1380 3325 1600 3374 eorum,
1637 3309 1881 3379 Spiritus
1908 3328 2035 3364 san-

344 3397 417 3449 cti
447 3396 1100 3450 consubstantialitatem
1141 3396 1441 3466 signiﬁcat.
1482 3398 1555 3450 De
1606 3414 1719 3468 quo
1746 3398 2040 3470 subjungit

344 3486 540 3553 etiam,
576 3485 725 3555 quod
773 3486 841 3538 de
875 3485 999 3555 ipsa
1039 3486 1200 3539 unita
1240 3486 1555 3538 substantia
1595 3486 1889 3557 processit.
1942 3489 2036 3541 In-

342 3573 577 3627 sinuans
623 3573 877 3643 profecto
922 3575 1072 3645 quod
1123 3576 1192 3628 de
1241 3574 1401 3627 Patre
1449 3574 1703 3645 Filioque
1745 3576 2036 3645 procedat,

344 3678 587 3733 quorum
631 3666 715 3715 est
736 3662 898 3715 unita
929 3662 1266 3717 substantia.
1300 3662 1438 3715 Hinc
1468 3669 1880 3733 consequenter
1910 3664 1991 3717 ait
2021 3681 2033 3718 :

345 3770 371 3799 ‹‹
404 3750 495 3804 Sic
522 3756 711 3804 autem
744 3750 1071 3804 invenimus
1102 3766 1220 3803 non
1251 3766 1316 3803 ex
1345 3750 1456 3803 alia
1495 3756 1701 3804 natura
1743 3768 1915 3822 quam
1967 3752 2036 3806 de

341 3839 481 3908 ipsa.
515 3861 541 3887 ››
576 3839 924 3893 Subauditur
954 3855 1074 3893 esse
1108 3839 1386 3909 Spiritum
1438 3844 1717 3894 sanctum.
1765 3841 2032 3911 Blasphe-

342 3929 574 3980 mabant
597 3928 794 3980 Ariani
822 3927 1101 3997 Spiritum
1142 3933 1400 3980 sanctum
1432 3943 1501 3982 ex
1535 3928 1645 3981 alia
1674 3933 1883 3982 natura
1910 3929 2034 3983 fore

342 4031 513 4083 quam
564 4016 634 4066 sit
668 4016 830 4068 Pater
864 4032 875 4068 :
908 4031 1040 4067 nam
1066 4015 1485 4068 contendebant
1537 4031 1668 4069 eum
1721 4032 1841 4069 esse
1872 4033 2031 4070 crea-

342 4108 549 4154 turam.
584 4102 734 4164 Quos
768 4103 1077 4170 explodens
1106 4102 1305 4155 beatus
1335 4103 1696 4169 Athanasius,
1734 4103 1871 4157 dicit
1899 4121 2030 4158 eum

342 4204 453 4241 non
497 4204 563 4240 ex
603 4190 713 4240 alia
761 4194 963 4241 natura
1016 4206 1139 4243 esse
1188 4206 1361 4260 quam
1414 4191 1599 4255 Pater,
1649 4196 1708 4243 et
1758 4191 1828 4244 de
1872 4193 2030 4245 unita

342 4274 655 4327 substantia
700 4276 879 4327 Patris
923 4276 1163 4346 Filiique
1207 4278 1565 4347 processisse.
1619 4281 1697 4331 Ac
1771 4295 1874 4348 per
1924 4281 2031 4333 hoc

2150 573 2565 626 similitudinem
2625 571 2747 639 ejus
2810 571 2914 635 rei,
2984 586 3112 640 qua:
3176 586 3290 623 non
3366 575 3454 624 est
3519 571 3835 634 materialis,

2149 662 2235 713 vel
2277 661 2399 714 loco
2441 660 2770 723 divisibilis;
2813 665 2868 713 et
2908 675 3025 711 non
3061 676 3125 712 ex
3165 664 3298 723 toto,
3343 660 3441 713 sed
3484 676 3592 728 pro
3654 665 3833 729 parte:

2150 766 2265 803 non
2316 750 2470 803 enim
2521 753 2777 801 creatura
2829 752 3017 817 potest
3064 764 3131 800 ex
3184 748 3340 799 omni
3387 753 3553 816 parte
3602 748 3838 800 Creatori

2150 838 2464 891 consimilis
2531 836 2798 899 inveniri,
2864 852 2977 906 qua
3044 836 3112 889 de
3171 852 3227 888 re
3290 851 3525 889 sensum
3579 836 3839 889 debemus

2152 928 2345 997 potius
2406 926 2799 997 intelligentiae
2869 926 3246 995 perpendere.
3299 926 3441 978 Dicit
3498 926 3683 990 enim,
3744 942 3837 978 non

2155 1016 2290 1085 quia
2346 1016 2592 1084 Spiritus
2638 1020 2865 1068 sanctus
2923 1015 2991 1067 de
3048 1015 3213 1067 Patre
3272 1014 3529 1084 Filioque
3589 1015 3837 1083 procedit

2150 1108 2422 1173 tanquam
2456 1104 2523 1157 de
2556 1103 2779 1156 duobus
2812 1102 2982 1172 lignis
3026 1118 3174 1155 unus
3203 1102 3351 1171 ignis
3382 1109 3439 1155 et
3489 1103 3839 1172 inseparabi-

2150 1193 2237 1259 lis,
2290 1192 2565 1261 Spiritum
2621 1196 2881 1244 sanctum
2936 1190 3148 1243 idcirco
3197 1191 3579 1259 separabilem
3640 1192 3836 1251 videri;

2150 1281 2232 1333 vel
2268 1285 2542 1351 tanquam
2585 1280 2730 1333 duos
2768 1280 3023 1349 spiritus,
3069 1296 3250 1332 unum
3293 1279 3472 1332 Patris
3509 1287 3567 1333 et
3606 1281 3839 1333 alterum

2153 1369 2299 1435 Filii,
2328 1369 2421 1422 sed
2444 1385 2621 1422 unum
2649 1368 3033 1438 eamdemque
3056 1367 3333 1437 Spiritum
3358 1374 3642 1429 sanctum,
3676 1385 3838 1421 unam

2149 1458 2530 1527 eamdemque
2561 1458 2789 1510 deitatis
2823 1458 3090 1509 virtutem
3121 1456 3451 1521 habentem,
3474 1472 3654 1526 quam
3686 1456 3842 1509 habet

2150 1547 2315 1599 Pater
2340 1552 2395 1599 et
2427 1546 2620 1612 Filius,
2669 1562 2700 1598 a
2748 1546 2955 1615 quibus
2986 1545 3264 1615 procedit.
3317 1545 3427 1597 Nec
3460 1545 3569 1597 hoc
3623 1544 3716 1596 vel
3766 1546 3843 1595 im-

2147 1634 2441 1703 possibile,
2494 1636 2579 1687 vel
2622 1634 2954 1687 incredibile
3008 1633 3208 1693 videri,
3264 1633 3537 1703 quoniam
3579 1634 3641 1685 in
3685 1633 3841 1685 rebus

2152 1722 2542 1774 materialibus
2601 1722 2928 1774 inveniatur
2990 1721 3207 1791 aliquid
3277 1722 3345 1774 de
3416 1721 3647 1774 duobus
3705 1724 3841 1773 nasci

2149 1810 2302 1880 quod
2336 1810 2700 1881 singulariter
2731 1810 3017 1869 subsistat,
3054 1827 3155 1863 nec
3196 1810 3529 1863 dualitatem
3589 1811 3838 1876 recipiat.

2148 1902 2287 1952 Item
2330 1899 2389 1952 in
2421 1899 2619 1953 eodem
2662 1898 2806 1951 libro
2841 1915 2853 1951 :
2893 1919 2918 1945 ‹‹
2954 1900 3123 1951 Pater
3172 1899 3229 1950 in
3275 1899 3434 1963 Filio,
3486 1903 3543 1950 et
3589 1899 3770 1952 Filius
3801 1900 3844 1949 in

2149 1989 2355 2053 Patre;
2416 1987 2659 2057 Spiritus
2737 1992 2925 2040 autem
2970 1992 3197 2039 sanctus
3255 1987 3585 2055 conjunctio
3648 1988 3845 2039 divina

2149 2077 2392 2137 virtutis,
2434 2081 2489 2129 et
2538 2076 2725 2128 unitas
2756 2076 3067 2128 Trinitatis.
3105 2096 3132 2123 ››
3184 2076 3310 2128 Ηωε
3350 2075 3545 2128 dicens
3599 2075 3845 2127 ostendit

2146 2164 2419 2234 Spiritum
2473 2170 2733 2217 sanctum
2791 2163 3129 2216 charitatem
3162 2179 3283 2215 esse
3341 2163 3522 2216 Patris
3586 2167 3645 2215 et
3705 2164 3842 2221 Filii,

2146 2269 2334 2321 neque
2367 2252 2521 2304 enim
2553 2251 2705 2304 aliud
2741 2256 2823 2304 est
2848 2267 2961 2320 quo
2996 2251 3287 2320 potentius
3330 2256 3385 2303 et
3413 2250 3847 2303 convenientius

2145 2340 2337 2393 unitas
2392 2344 2597 2393 sanctae
2619 2340 2909 2393 Trinitatis
2940 2340 3289 2408 perficiatur.
3346 2340 3466 2393 Non
3519 2346 3728 2393 tamen
3779 2342 3844 2391 sic

2146 2428 2541 2498 accipiendum
2589 2428 2680 2481 hic
2726 2428 3081 2494 charitatem,
3134 2445 3261 2498 quas
3308 2434 3393 2481 est
3429 2427 3685 2497 Spiritus
3730 2444 3845 2480 san-

2145 2523 2287 2583 ctus,
2323 2522 2387 2569 ut
2419 2517 2489 2569 sit
2518 2517 2781 2586 qualitas,
2816 2521 2873 2570 et
2922 2533 3035 2570 non
3066 2517 3407 2581 substantia,
3441 2522 3573 2569 cum
3625 2532 3749 2569 una
3790 2517 3849 2567 sit

2144 2622 2391 2675 persona
2454 2610 2659 2658 sanctae
2724 2604 3034 2657 Trinitatis.
3105 2604 3582 2673 Conjunctionem
3657 2612 3845 2658 autem

2146 2694 2395 2763 appellat
2439 2693 2714 2762 Spiritum
2767 2699 3049 2756 sanctum,
3095 2695 3181 2745 vel
3235 2694 3520 2746 unitatem
3566 2694 3760 2746 Patris
3804 2700 3850 2744 et

2149 2783 2294 2848 Filii,
2330 2782 2606 2852 quoniam
2637 2782 2706 2835 de
2738 2787 2980 2851 utroque
3011 2782 3325 2852 procedens
3361 2788 3685 2852 utrumque
3715 2798 3844 2834 con-

2142 2871 2358 2940 jungit,
2392 2886 2629 2923 manens
2664 2871 2786 2940 ipse
2827 2886 2940 2923 non
2982 2870 3221 2936 divisus,
3269 2886 3388 2924 non
3431 2877 3763 2939 separatus,
3804 2876 3851 2921 et

2145 2959 2671 3026 consubstantialis,
2725 2959 2999 3029 quoniam
3070 2965 3277 3013 sancta:
3344 2959 3640 3013 Trinitatis
3715 2976 3853 3012 unus

2152 3048 2367 3102 existit.

2102 3118 2117 3135 ’
2219 3137 2360 3189 Item
2404 3116 2465 3189 in
2511 3136 2704 3189 libello
2756 3136 2913 3189 Fidei
2960 3136 3078 3205 (tib.
3132 3152 3168 3188 ιι
3225 3136 3289 3188 de
3338 3135 3468 3204 ﬁdei
3518 3138 3743 3189 unitate
3790 3136 3857 3188 ad

2152 3222 2520 3292 Theophilum)
2569 3222 2648 3275 sic
2694 3222 2819 3275 ait:
2879 3246 2898 3270 ι
2942 3224 3109 3276 Pater
3152 3238 3319 3275 verus
3385 3222 3587 3290 genuit
3648 3221 3855 3274 Filium

2148 3325 2366 3376 verum,
2425 3311 2604 3363 Deum
2639 3310 2707 3363 de
2741 3311 2877 3374 Deo,
2926 3310 3123 3363 lumen
3172 3310 3240 3363 de
3272 3310 3513 3374 lumine,
3559 3308 3750 3362 vitam
3796 3325 3853 3360 ex

2144 3398 2272 3459 vita.
2311 3398 2629 3467 perfectum
2664 3398 2733 3452 de
2766 3398 3038 3468 perfecto,
3080 3403 3267 3451 totum
3298 3414 3330 3451 a
3360 3402 3503 3465 toto,
3539 3398 3792 3467 plenum
3823 3414 3851 3449 a

2144 3488 2355 3556 pleno;
2399 3502 2518 3540 non
2567 3492 2841 3552 creatum,
2890 3487 2988 3540 sed
3019 3488 3303 3556 genitum,
3356 3502 3472 3539 non
3520 3502 3589 3539 ex
3632 3486 3845 3547 nihilo,

2147 3574 2245 3628 sed
2285 3591 2314 3626 a
2356 3576 2539 3635 Patre,
2574 3576 2746 3628 unius
2790 3574 3123 3633 substantiae
3164 3591 3294 3628 cum
3326 3576 3489 3627 Patre
3521 3592 3534 3628 :
3570 3580 3630 3629 et
3673 3575 3855 3646 Spiri-

2145 3667 2264 3716 tum
2307 3668 2566 3717 sanctum
2610 3681 2808 3717 verum
2856 3665 3053 3730 Deum,
3101 3680 3219 3717 non
3262 3664 3618 3733 ingenitum,
3668 3681 3860 3735 neque

2144 3751 2422 3819 genitum,
2474 3768 2589 3804 non
2645 3757 2920 3817 creatum,
2972 3767 3076 3805 nec
3124 3752 3358 3810 factum,
3403 3751 3501 3805 sed
3559 3754 3758 3806 Patris
3806 3760 3856 3805 et

2149 3840 2295 3906 Filii,
2352 3856 2580 3910 semper
2620 3841 2677 3893 in
2738 3843 2901 3894 Patre
2932 3844 2987 3893 et
3034 3840 3258 3893 Filio.»
3308 3840 3373 3893 Et
3421 3840 3514 3893 hic
3569 3841 3860 3911 Spiritum

2144 3932 2401 3982 sanctum
2436 3945 2540 3983 nec
2579 3930 2837 3999 genitum
2877 3929 3014 3983 dicit
3056 3945 3195 3995 esse,
3242 3945 3345 3982 nec
3384 3929 3748 3999 ingenitum,
3793 3948 3858 3983 eo

2143 4017 2294 4088 quod
2344 4018 2518 4072 Filius
2559 4019 2633 4073 sit
2671 4018 2921 4087 genitus,
2972 4018 3115 4070 sicut
3158 4017 3420 4087 superius
3463 4018 3633 4085 dixit,
3686 4021 3867 4074 Pater

2144 4112 2336 4160 autem
2368 4106 2685 4176 ingenitus,
2727 4123 2828 4160 nec
2868 4111 3062 4159 tamen
3098 4112 3405 4177 propterea
3442 4107 3531 4159 vel
3563 4115 3863 4169 creatum,

2140 4195 2226 4247 vel
2260 4194 2489 4261 factum,
2523 4211 2650 4248 cum
2684 4195 2755 4248 sit
2807 4194 2988 4248 Patris
3028 4200 3085 4248 et
3126 4194 3248 4248 Filii
3293 4194 3563 4264 Spiritus,
3612 4212 3865 4267 semper

2143 4283 2202 4335 in
2256 4283 2418 4335 Patre
2461 4289 2516 4335 et
2566 4281 2707 4336 Filio
2756 4298 3119 4352 permanens.
3174 4282 3373 4336 Dicens
3419 4288 3615 4336 autem
3671 4287 3870 4339 Patris

341 4369 581 4415 testatur
610 4362 826 4415 unitam
865 4380 985 4416 esse
1034 4366 1217 4418 Patris
1267 4370 1323 4418 et
1370 4366 1493 4419 Filii
1539 4370 1595 4418 et
1625 4366 1867 4436 Spiritus
1903 4384 2035 4421 san-
2075 4376 2117 4429 Ι)
2150 4370 2389 4440 Filiique
2420 4386 2541 4423 esse
2581 4369 2878 4440 Spiritum,
2919 4387 3035 4424 non
3086 4376 3278 4423 tamen
3320 4376 3600 4437 creatum,
3662 4390 3868 4445 neque

339 4453 409 4504 cti
438 4451 834 4517 substantiam,
859 4452 1238 4522 quamGrzeci
1270 4453 1467 4505 dicunt
1499 4452 1679 4504 οὐσίαν
1724 4460 1779 4507 et
1811 4456 2032 4510 unitam

339 4540 713 4610 ejusdemque
745 4556 867 4592 esse
900 4540 1192 4593 Trinitatis
1222 4541 1637 4611 operationem.

407 4638 431 4662 ⁸
464 4629 524 4682 In
558 4628 705 4681 libro
739 4634 935 4681 octavo
976 4646 989 4681 :
1026 4648 1054 4678 «ι
1090 4628 1386 4691 Quomodo
1414 4644 1549 4699 ergo
1577 4630 1689 4683 duo
1720 4629 1877 4700 ligna
1902 4648 2033 4686 con-

330 4716 531 4785 juncta
560 4716 734 4769 missa
763 4716 822 4768 in
854 4716 1146 4769 fornacem
1192 4714 1365 4785 ignis,
1414 4722 1470 4769 et
1508 4717 1577 4770 de
1608 4717 1826 4771 duobus
1859 4719 2029 4790 lignis

335 4803 595 4872 procedit
636 4803 870 4855 flamma
899 4800 1319 4871 inseparabilis,
1364 4802 1442 4855 sic
1487 4803 1555 4857 de
1604 4805 1768 4857 Patre
1816 4810 1874 4858 et
1906 4808 2029 4860 Filii

336 4891 545 4944 virtute
602 4891 861 4958 procedit
913 4889 1158 4959 Spiritus
1211 4894 1459 4956 sanctus,
1516 4890 1700 4960 ipsam
1757 4892 2027 4948 virtutem

334 4977 559 5031 deitatis
626 4978 863 5031 habens.
904 4999 924 5024 ιο
992 4978 1169 5030 Nemo
1233 4984 1396 5047 putet
1448 4979 1624 5031 Deum
1686 4981 1909 5034 Patrem
1973 4990 2030 5037 et

336 5066 514 5119 Deum
546 5066 752 5119 Filium
784 5072 1060 5134 tanquam
1095 5065 1206 5118 duo
1237 5066 1393 5135 ligna
1427 5067 1595 5120 unius
1625 5069 1874 5122 flammae
1923 5086 2027 5124 vo-

334 5154 507 5207 luisse
540 5154 729 5207 dicere
777 5153 1012 5207 beatum
1044 5153 1421 5208 Athanasium
1455 5155 1741 5224 subjectos
1785 5156 2028 5227 Spiritui

404 5286 427 5309 ³
460 5279 520 5330 In
553 5276 691 5329 libro
742 5282 949 5330 octavo.
994 5278 1052 5332 Si
1095 5277 1249 5332 edita
1300 5279 1582 5340 consulas,
1643 5280 1764 5333 haec
1808 5296 1925 5334 non
1966 5282 2027 5335 in

334 5347 478 5401 libro
527 5354 725 5419 octavo
774 5353 1045 5402 tractatus
1083 5349 1153 5401 de
1195 5351 1441 5419 propriis
1485 5352 1766 5416 Personis,
1814 5353 1910 5406 sed
1967 5354 2027 5406 in

331 5419 551 5491 decimo
577 5418 646 5491 de
685 5418 819 5471 ﬁdei
863 5419 1085 5472 Unitate
1116 5418 1384 5491 reperies.
1416 5424 1502 5473 An
1528 5422 1704 5491 igitur
1732 5422 2027 5476 Athanasii

330 5488 517 5542 locum
542 5506 575 5540 a
601 5489 909 5563 Ratramno
943 5492 1103 5563 male;
1129 5488 1441 5563 indicatum
1469 5488 1767 5547 dicemus?
1801 5494 2025 5563 Nequa-

329 5575 502 5632 quam
526 5578 541 5625 ;
562 5575 701 5632 nam
733 5564 788 5613 et
819 5562 1041 5627 zEneas,
1076 5561 1407 5632 Parisiensis
1433 5564 1751 5632 episcopus,
1784 5561 1916 5632 capi
1962 5567 2024 5615 1Ξὶ

330 5629 461 5683 libri
508 5629 778 5684 adversus
820 5633 1044 5685 Grecos
1091 5631 1260 5700 infra,
1294 5647 1324 5684 e
1358 5629 1502 5684 libro
1546 5629 1743 5687 octavo
1786 5629 1867 5685 de'
1893 5634 2025 5687 ﬁdei

2143 4460 2377 4523 factum,
2413 4460 2664 4512 ostendit
2702 4459 2771 4512 ab
2808 4464 3050 4530 utroque
3094 4459 3521 4529 procedentem,
3566 4464 3673 4530 qui
3727 4470 3875 4517 tan-

2141 4562 2316 4616 quam
2346 4547 2846 4601 consubstantialis
2877 4553 2933 4600 et
2961 4553 3279 4601 coaeternus
3306 4549 3362 4602 in
3396 4549 3562 4602 Patre
3596 4550 3677 4604 sit
3709 4569 3873 4606 sem-

2140 4650 2243 4705 per
2282 4639 2337 4687 et
2363 4635 2423 4688 in
2454 4635 2615 4701 Filio,
2649 4652 2763 4705 quo
2795 4640 3005 4689 sanctae
3032 4636 3325 4690 Trinitatis
3355 4637 3548 4691 unitos
3580 4654 3693 4692 nec
3733 4642 3872 4695 loco

2139 4740 2245 4777 nec
2273 4728 2533 4794 tempore.
2567 4724 2900 4793 separabilis
2930 4730 3133 4778 exstat.
3177 4726 3317 4778 Item
3346 4724 3408 4778 in
3438 4725 3590 4779 libro
3619 4727 3874 4783 decimo

2139 4828 2360 4881 ponens
2404 4812 2799 4865 testimonium
2845 4812 3099 4882 Apostoli
3139 4811 3422 4865 dicentis:
3461 4832 3487 4858 α
3529 4814 3667 4877 Quis
3721 4824 3873 4869 enim

2138 4902 2386 4966 cognovit
2415 4914 2628 4953 sensum
2659 4902 2875 4955 Domini
2916 4903 3014 4968 qui
3052 4904 3295 4954 instruat
3325 4902 3481 4953 eum?
3514 4902 3627 4955 Nos
3668 4912 3873 4958 autem

2136 5002 2350 5041 sensum
2392 4988 2601 5043 Christi
2633 4988 2887 5041 habemus
2935 4990 2991 5052 (I
3024 4990 3153 5042 Cor.
3209 5006 3269 5055 ll,
3309 4992 3411 5054 l6).
3446 5011 3473 5037 »
3498 4988 3626 5052 Quo
3662 4994 3873 5060 posite

2137 5076 2435 5145 subjungit
2480 5092 2493 5129 :
2550 5094 2578 5126 ‹‹
2613 5076 2854 5130 Sensum
2898 5081 3091 5130 autem
3140 5078 3271 5130 Jesu
3337 5077 3543 5131 Christi
3600 5079 3661 5131 in
3724 5084 3871 5135 διώ-

2138 5164 2347 5217 stantia
2405 5163 2642 5234 propria
2696 5165 2999 5234 Apostolus
3053 5164 3328 5234 Spiritum
3399 5170 3665 5219 sanctum
3734 5185 3871 5224 esse

2141 5285 2366 5339 Unitate
2408 5285 2607 5339 eadem
2666 5286 2907 5339 attexuit
2952 5286 3151 5340 iisdem
3200 5287 3404 5340 verbis.
3454 5286 3871 5349 Quamobrem

2139 5356 2404 5408 librarios
2465 5357 2777 5410 Ratramno
2824 5363 2881 5409 et
2932 5358 3104 5410 mnea
3165 5359 3511 5426 posteriores
3573 5360 3869 5419 ordinet:

2137 5426 2418 5479 librorum
2501 5427 2793 5480 Athanasii
2877 5428 3177 5480 invertisse
3242 5429 3429 5481 dicere
3519 5431 3851 5487 malumu<

2137 5503 2310 5577 atque
2354 5495 2491 5577 inde
2519 5497 2654 5578 ﬁeri
2694 5503 2759 5578 ut
2801 5499 3061 5578 quaehah
3101 5499 3351 5578 antiquis
3410 5515 3438 5578 e
3485 5515 3711 5578 magno
3772 5506 3869 5560 iilt

2136 5567 2259 5621 viro
2289 5566 2571 5637 exscripta
2598 5573 2751 5633 sunt,
2784 5566 2902 5622 non
2932 5569 3012 5623 ita
3034 5568 3198 5623 facile
3232 5566 3623 5623 inveniantur.
