3890 6230
121 300 206 350 301
1120 298 1386 353 CONTRA
1430 298 1657 353 GRIEC(

1120 298 1386 353 CONTRA
1430 298 1827 353 GRIECORUM
1869 297 2224 353 OPPOSITA.
2251 328 2318 335 —
2351 296 2486 352 LIB.
2536 296 2631 351 ΙῘΙ.

3521 302 3626 355 302

116 430 405 501 professus
437 434 542 485 est.
598 452 626 479 »
673 430 1059 484 Substantiam
1099 430 1390 501 propriam
1432 431 1639 484 Christi
1688 431 1813 484 bea-
1850 432 1895 484 Α
1926 431 2188 485 tenderet
2219 431 2324 484 hoc
2349 447 2469 484 esse
2502 447 2535 483 a
2574 446 2633 484 se
2678 430 2956 501 accipere,
3007 430 3159 502 quod
3191 434 3275 485 est
3324 430 3493 485 etiam
3558 433 3627 485 de

117 526 202 572 tus
232 520 586 572 Athanasius
628 521 878 589 appellat
900 519 1269 589 {divinitatem
1298 521 1440 589 ejus,
1487 521 1646 587 cujus
1688 521 1818 573 sub-

118 608 343 660 stantiae
400 624 634 661 sensum
684 608 960 677 Spiritum
1004 613 1263 661 sanctum
1314 624 1434 661 esse
1481 610 1816 678 profitetur:

118 712 349 750 sensum
396 703 594 751 autem
646 697 705 749 in
752 698 857 750 hoc
906 696 1030 749 loco
1070 713 1183 750 non
1224 697 1535 749 secundum
1582 696 1823 749 humani

118 787 377 854 corporis
428 787 516 839 vel
570 786 854 851 auditum,
903 786 989 838 vel
1036 786 1223 838 visum
1285 786 1672 851 sentiendum,
1724 786 1823 839 sed

118 875 440 927 secundum
490 875 645 944 quod
698 875 1054 945 appellamus
1085 891 1313 928 sensum
1343 874 1562 943 (animi,
1600 874 1821 927 intelle-

119 970 267 1015 ctum
304 963 432 1032 ejus
486 964 808 1032 signiﬁcare
866 964 1135 1017 volentes.
1187 964 1331 1017 Dicit
1372 969 1561 1017 autem
1608 963 1824 1016 intelle-

121 1057 270 1103 ctum
301 1053 437 1105 Jesu
472 1053 675 1105 Christi
706 1050 981 1121 Spiritum
1016 1058 1295 1118 sanctum,
1342 1068 1458 1105 non
1509 1052 1662 1121 quod
1709 1068 1824 1105 non

118 1139 411 1209 intelligat
440 1156 474 1191 a
506 1156 585 1202 se,
637 1144 696 1191 ut
745 1139 1068 1192 intellectus
1125 1140 1247 1209 ejus
1301 1139 1372 1191 sit
1412 1138 1659 1208 Spiritus
1700 1155 1824 1191 san-

120 1232 276 1292 ctus;
341 1234 429 1280 est
477 1228 632 1280 enim
686 1227 963 1297 sapientia
1013 1228 1227 1281 Patris:
1287 1229 1577 1294 Atlingens
1638 1244 1672 1280 a
1722 1231 1826 1294 ﬁne

120 1330 287 1382 usque
334 1316 409 1367 ad
435 1316 598 1381 finem
643 1317 881 1381 fortiter,
923 1320 972 1368 et
1016 1316 1304 1384 disponens
1356 1319 1535 1369 omnia
1586 1319 1826 1371 suaviter

120 1404 276 1472 (Sap.
312 1420 430 1465 wn,
482 1405 567 1468 tl;
616 1404 712 1457 sed
764 1404 893 1457 ideo
944 1404 1064 1457 vult
1115 1404 1324 1459 Christi
1371 1421 1599 1457 sensum
1647 1404 1824 1473 accipi

119 1493 404 1561 Spiritum
435 1497 716 1558 sanctum,
758 1497 821 1545 ut
878 1508 982 1545 nos
1021 1493 1268 1557 instruat
1320 1493 1387 1547 de
1431 1493 1638 1547 Christi
1692 1494 1825 1547 sub-

120 1582 333 1634 stantia
392 1581 669 1650 Spiritum
730 1598 850 1634 esse
891 1588 1184 1634 sanctum:
1239 1581 1383 1635 sicut
1432 1583 1585 1634 enim
1626 1598 1825 1634 sensus

121 1670 305 1722 animi
350 1686 470 1722 non
500 1675 688 1739 potest
745 1670 814 1723 ab
863 1669 1057 1723 animo
1106 1670 1375 1739 separari,
1433 1687 1538 1723 nec
1594 1671 1825 1723 aliunde

121 1774 299 1828 quam
334 1759 405 1812 ab
453 1759 646 1811 animo
692 1758 963 1823 nascitur,
1017 1759 1094 1811 ita
1138 1758 1384 1829 Spiritus
1436 1765 1663 1812 sanctus
1694 1775 1823 1812 cum

120 1847 347 1900 dicatur
426 1847 745 1900 secundum
818 1847 1150 1915 Apostolum
1224 1863 1423 1899 sensus
1499 1863 1617 1900 esse
1693 1848 1825 1899 Jesu

122 1934 355 1996 Christi,
390 1951 507 1988 non
553 1952 583 1987 a
625 1935 939 1987 substantia
983 1935 1295 1989 divinitatis
1343 1935 1550 1989 Christi
1598 1951 1824 2004 separa-

121 2027 235 2089 tur,
294 2040 397 2077 nec
438 2024 672 2077 aliunde
718 2040 890 2093 quam
950 2040 1017 2077 ex
1074 2040 1139 2076 ea
1195 2024 1494 2094 procedit:
1546 2028 1631 2077 est
1670 2023 1824 2077 enim

88 2113 631 2166 consubstantialis
687 2113 834 2177 Filii,
905 2113 1332 2182 processionem
1380 2112 1596 2165 habens
1647 2112 1826 2181 ipsius

128 2202 195 2254 de
230 2202 425 2255 divina
455 2200 796 2255 substantia.

195 2291 263 2343 Et
292 2291 617 2360 posterius:
651 2310 677 2340 α
728 2289 1040 2343 Audientes
1088 2305 1225 2357 ergo
1276 2294 1331 2342 et
1360 2289 1705 2343 Salvatorem
1746 2289 1827 2342 di-

125 2384 388 2431 centem:
422 2381 535 2445 Ego
584 2394 703 2432 sum
751 2381 865 2430 vita
928 2378 1109 2447 (Joan.
1160 2394 1273 2443 xw,
1320 2379 1410 2445 6);
1472 2383 1528 2431 et
1587 2379 1825 2432 Paulum

127 2466 514 2520 scribentem:
574 2468 685 2520 Lex
730 2469 872 2519 enim
914 2467 1156 2532 Spiritus
1206 2470 1332 2519 vita:
1386 2468 1551 2533 (Rom.
1593 2483 1707 2533 VIII,
1734 2470 1823 2532 '2};

128 2562 180 2608 et
220 2571 494 2609 rursum:
530 2555 687 2609 Misit
742 2557 883 2609 Deus
932 2554 1206 2622 Spiritum
1260 2554 1398 2607 Filii
1442 2556 1529 2607 sui
1564 2557 1621 2607 in
1665 2556 1826 2609 corda

124 2650 315 2697 nostra
343 2642 496 2710 (Gal.
532 2660 603 2706 Iv,
650 2644 704 2711 6)
767 2642 1068 2707 ;videntes
1117 2642 1290 2694 etiam
1344 2641 1709 2710 Unigenitum
1769 2641 1829 2693 in

128 2732 335 2785 faciem
384 2733 776 2801 apostolorum
826 2731 1223 2800 inspirantem,
1274 2734 1330 2782 et
1366 2730 1681 2783 dicentem:
1718 2732 1828 2784 Ac-

127 2824 294 2889 cipite
336 2823 608 2889 Spiritum
651 2825 897 2873 sanctum
928 2820 1124 2889 (Joan.
1186 2835 1277 2885 xx,
1332 2820 1460 2887 22):
1499 2818 1827 2889 inspiratio-

127 2927 258 2963 nem
322 2909 453 2963 Filii
504 2910 561 2961 in
596 2908 828 2978 propria
860 2908 974 2961 vita
1032 2913 1089 2961 et
1146 2907 1461 2960 substantia
1519 2908 1827 2971 manentis,

1931 522 2097 572 Patre
2148 520 2474 589 sumpsisse,
2539 519 2658 572 ait:
2718 520 2840 573 Ideo
2888 520 3033 583 dimi,
3088 524 3161 574 Dc
3215 536 3327 573 meo
3377 523 3627 590 accipiet,

1933 611 2063 676 quia
2093 608 2274 661 omnia
2323 624 2440 675 qua:
2496 609 2652 661 habet
2701 610 2879 673 Pater,
2931 624 3048 661 mea
3104 614 3229 662 sunt
3275 609 3463 677 (lbid.,
3521 610 3625 678 l5).

1934 697 2101 749 Vides
2171 713 2307 765 ergo
2376 696 2653 766 Spiritum
2720 702 2977 749 sanctum
3036 713 3068 749 a
3125 703 3287 766 patre
3362 703 3418 751 et
3489 698 3628 751 Filio

1933 802 2049 838 non
2099 801 2220 838 esse
2250 786 2579 849 discretum,
2634 784 2771 838 dum
2813 801 2878 837 ea
2910 784 3167 854 loquitur
3209 802 3335 855 qua:
3370 786 3549 839 Patris
3575 791 3631 838 et

1936 873 2062 925 Filii
2093 872 2327 941 propria
2358 890 2478 925 esse
2523 878 2862 926 noscuntur.
2895 893 2920 922 ι)
2955 873 3102 925 Luce
3128 873 3336 926 clarius
3381 872 3632 926 ostendit

1932 961 2206 1029 Spiritum
2258 966 2514 1014 sanctum
2546 961 2613 1014 de
2663 962 2827 1013 Patre
2886 961 3143 1031 Filioque
3200 961 3509 1030 procedere
3568 965 3623 1013 et

1932 1049 2214 1103 ambobus
2264 1066 2384 1103 esse
2447 1049 3008 1103 consubstantialem.
3068 1050 3164 1102 Ait
3212 1050 3365 1102 enim
3415 1067 3545 1103 eum
3600 1069 3633 1104 a

1933 1139 2110 1191 Patris
2150 1144 2204 1191 et
2238 1138 2363 1191 Filii
2393 1139 2711 1192 substantia
2750 1155 2868 1191 non
2896 1155 3015 1192 esse
3047 1139 3324 1206 alienum,
3357 1139 3632 1209 quoniam

1935 1244 2050 1280 non
2083 1227 2157 1279 sit
2194 1243 2227 1279 a
2275 1228 2602 1296 semetipso,
2650 1228 2745 1280 sed
2793 1227 2861 1279 ab
2894 1226 2976 1279 eis
3023 1244 3053 1279 ει
3087 1226 3297 1297 quibus
3340 1227 3629 1296 procedit:

1934 1321 1990 1368 et
2019 1316 2293 1385 quoniam
2326 1316 2398 1369 sit
2423 1317 2678 1385 ejusdem
2710 1321 2931 1369 naturae
2980 1315 3425 1386 substantiaeque
3472 1317 3635 1386 cujus

1934 1409 2018 1457 est
2048 1406 2213 1457 Pater
2245 1409 2301 1458 et
2333 1406 2527 1471 Filius,
2560 1420 2677 1457 non
2728 1404 2985 1476 loquitur
3038 1404 3309 1474 propria,
3350 1405 3447 1458 sed
3504 1420 3633 1475 quae

1935 1494 2116 1547 Patris
2145 1499 2199 1545 et
2224 1494 2349 1546 Filii
2380 1498 2512 1546 sunt
2535 1494 2880 1547 communia.
2911 1494 3036 1546 Non
3063 1493 3218 1546 enim
3248 1498 3330 1546 est
3351 1510 3383 1547 a
3418 1494 3628 1563 seipso,

1936 1588 1991 1635 et
2013 1582 2219 1635 idcirco
2250 1599 2377 1651 quae
2410 1583 2684 1652 loquitur,
2719 1599 2918 1636 eorum
2951 1599 3075 1635 esse
3108 1587 3327 1635 constat
3356 1599 3387 1635 a
3424 1583 3632 1653 quibus

1935 1672 2171 1742 accepit,
2202 1677 2267 1725 ut
2297 1677 2353 1723 et
2376 1672 2465 1735 sit,
2518 1677 2571 1723 et
2617 1676 2767 1741 agat,
2816 1677 2871 1724 et
2909 1671 3195 1741 loquatur.
3230 1672 3383 1725 Sicut
3428 1688 3531 1725 nec
3564 1673 3632 1726 de

1934 1758 2182 1826 propriis
2213 1759 2491 1828 loquitur,
2525 1760 2621 1813 sed
2671 1776 2703 1811 a
2735 1761 2896 1812 Patre
2937 1760 3088 1829 quod
3120 1760 3376 1829 loquitur
3395 1762 3629 1831 accepit.

1935 1847 2120 1899 Omnis
2150 1850 2247 1914 qui
2296 1849 2537 1916 loquitur
2598 1849 2937 1901 mmidacium
2989 1849 3054 1901 de
3096 1852 3343 1917 propriis
3392 1850 3634 1918 loquitur

1935 1934 2125 2003 (Joan.
2162 1952 2274 1994 VIII.
2309 1936 2397 2003 44)
2426 1953 2439 1993 :
2484 1940 2537 1989 et
2570 1935 2778 1989 idcirco
2829 1937 3028 1989 beatus
3075 1936 3417 1990 Athanasius
3449 1938 3634 2007 Spiri-

1934 2029 2057 2077 tum
2090 2031 2347 2077 sanctum
2389 2025 2526 2078 dicit
2559 2041 2756 2079 verum
2796 2025 2974 2095 loqui,
3031 2024 3167 2095 quia
3212 2041 3329 2078 non
3378 2025 3635 2095 loquitur

1937 2113 2005 2165 de
2038 2129 2170 2183 pro;
2188 2113 2294 2179 rio,
2328 2130 2444 2165 non
2494 2114 2646 2166 enim
2693 2119 2780 2165 est
2826 2130 2859 2166 a
2902 2113 3105 2182 seipso,
3132 2114 3229 2166 sed
3276 2130 3341 2165 ea
3380 2114 3636 2183 loquitur

1935 2218 2064 2271 qua:
2097 2206 2228 2254 sunt
2258 2202 2437 2255 Patris
2467 2206 2524 2255 et
2556 2202 2711 2268 Filii;
2756 2201 3029 2271 quoniam
3079 2201 3226 2254 sicut
3256 2202 3637 2255 consubstan-

1937 2289 2085 2341 tialis
2118 2293 2201 2341 est
2230 2288 2363 2355 illis,
2397 2289 2474 2342 ita
2504 2290 2760 2359 percepit
2799 2290 2869 2343 ab
2898 2289 3009 2343 illis
3039 2306 3166 2360 qua:
3206 2290 3481 2360 loquitur,
3518 2307 3635 2343 non

1937 2376 2095 2446 prius
2153 2376 2469 2443 existendo,
2526 2383 2581 2430 et
2628 2382 2825 2447 postea
2878 2377 3225 2446 accipiendo,
3286 2377 3382 2430 sed
3434 2394 3626 2447 proce-

1939 2465 2126 2518 dendo
2172 2464 2474 2534 accipiens.
2523 2466 2589 2517 Et
2632 2464 2851 2517 inducit
2910 2465 3114 2517 Filium
3162 2465 3488 2519 dicentem:
3561 2470 3636 2520 De

1936 2570 2067 2617 meo,
2119 2553 2323 2623 inquit,
2357 2556 2586 2621 accipiet
2641 2559 2690 2606 et
2720 2554 3066 2607 anmmtiabit
3094 2554 3243 2607 vobis
3293 2554 3479 2623 (Joan.
3524 2571 3632 2617 xw,

1942 2642 2047 2710 14).
2073 2644 2133 2693 Et
2154 2657 2254 2693 cur
2270 2641 2375 2693 hoc
2396 2640 2621 2706 dixerit,
2646 2641 3020 2711 exponitcum
3042 2641 3337 2712 subjungit
3361 2659 3373 2695 :
3400 2643 3509 2695 Hoc
3532 2648 3634 2705 est,

1938 2729 2228 2800 inquiens,
2260 2729 2329 2782 de
2362 2730 2503 2782 Filio
2537 2730 2812 2798 accipere,
2844 2730 2993 2799 quod
3044 2736 3130 2783 est
3159 2731 3332 2783 etiam
3374 2731 3441 2783 de
3470 2732 3635 2785 Patre

1939 2819 2284 2888 sumpsisse:
2320 2818 2594 2887 quoniam
2626 2820 2790 2871 Pater
2837 2824 2892 2871 et
2921 2819 3094 2871 Filius
3142 2819 3285 2871 sicut
3324 2819 3640 2873 substantia

1941 2924 2059 2960 non
2115 2912 2469 2977 separantur,
2524 2908 2603 2960 ita
2662 2908 2722 2960 in
2766 2908 3125 2976 processione
3164 2910 3340 2959 sancti
3394 2907 3639 2976 Spiritus

129 2999 411 3067 Spiritum
455 3013 574 3051 esse
613 2997 906 3051 docemur.
961 2997 1025 3049 Et
1073 3012 1258 3066 neque
1309 2996 1590 3065 genitum,
1645 3013 1832 3066 neque
1873 3031 1912 3084 Ο
1942 2996 2097 3047 nullo
2134 2994 2303 3048 modo
2335 2995 2684 3047 dividuntur.
2738 2994 2947 3047 Idcirco
2979 2994 3279 3063 subjungit
3316 2994 3520 3047 Filium
3553 2995 3641 3047 di-

128 3092 387 3139 creatum
448 3102 569 3139 esse
608 3102 641 3138 a
679 3086 819 3139 Filio
868 3085 1175 3154 sapiamus.
1228 3106 1254 3133 ››
1297 3085 1512 3148 Quibus
1568 3086 1835 3137 omnibus

132 3176 475 3228 instruimur
503 3175 779 3243 Spiritum
827 3178 1084 3226 sanctum
1116 3174 1182 3226 de
1218 3174 1358 3226 Filio
1399 3174 1731 3243 procedere,
1780 3177 1836 3225 et

132 3264 189 3315 in
218 3264 461 3333 propria
504 3263 619 3315 vita
662 3263 1094 3331 substantiaque
1143 3278 1397 3316 manere.
1452 3264 1514 3315 Et
1570 3264 1702 3315 licet
1745 3263 1833 3315 in-

128 3352 381 3419 spiretur
412 3368 444 3403 a
476 3350 640 3411 Filio,
688 3348 843 3420 quod
901 3354 983 3401 est
1031 3365 1162 3401 eum
1212 3350 1278 3402 de
1332 3349 1469 3402 Filio
1503 3349 1834 3420 procedere,

130 3455 245 3491 non
270 3454 393 3491 esse
443 3443 636 3490 tamen
685 3454 871 3508 neque
923 3442 1201 3504 creatum,
1244 3453 1430 3506 neque
1462 3438 1725 3506 genitum
1763 3437 1833 3490 ab

128 3528 249 3579 illo.
299 3527 428 3580 Non
482 3531 568 3579 est
621 3526 772 3579 enim
832 3542 1018 3596 neque
1076 3525 1269 3592 Filius,
1338 3543 1519 3596 neque
1577 3531 1836 3579 creatura

130 3616 376 3685 Spiritus
418 3621 667 3668 sanctus.
720 3614 936 3677 Quibus
984 3614 1277 3668 evidenter
1314 3614 1547 3667 instruit
1579 3615 1835 3684 ejusdem

132 3704 415 3773 Spiritum
443 3709 705 3756 sanctum
752 3720 871 3755 esse
923 3702 1258 3755 substantiae
1308 3703 1470 3772 cujus
1520 3708 1603 3756 est
1642 3708 1697 3756 et
1747 3704 1836 3756 Fi-

131 3792 260 3859 lius,
292 3798 498 3863 utpote
526 3792 841 3862 procedens
883 3791 951 3844 ab
982 3791 1080 3844 illo
1111 3808 1124 3857 ;
1170 3807 1271 3845 nec
1329 3792 1428 3861 qui
1468 3791 1541 3844 sit
1588 3808 1737 3845 unus
1769 3792 1837 3845 de

132 3882 431 3948 creaturis,
480 3882 576 3934 sed
619 3885 1009 3934 creaturarum
1053 3879 1449 3933 sanctiﬁcator.
1503 3881 1659 3933 Unde
1707 3896 1836 3934 cum

132 3972 271 4023 dicit
298 3988 433 4023 eum
479 3971 794 4023 secundum
842 3970 1176 4039 Apostolum
1214 3968 1489 4038 Spiritum
1540 3969 1685 4033 Filii,
1722 3985 1836 4022 non

134 4062 255 4113 vult
299 4076 436 4112 eum
468 4059 714 4127 intelligi
760 4058 1100 4127 subjectum,
1146 4057 1281 4127 quia
1311 4074 1427 4109 non
1460 4062 1543 4109 est
1573 4062 1834 4121 creatus;

134 4149 232 4202 sed
266 4149 387 4201 vult
434 4152 500 4200 ut
542 4146 900 4215 intelligatur
927 4145 1266 4216 procedens,
1294 4161 1409 4198 non
1460 4151 1650 4198 tamen
1679 4144 1837 4213 geni-

134 4244 225 4289 tus
250 4238 386 4307 quia
416 4251 537 4289 non
567 4240 651 4288 est
700 4235 892 4288 Filius.
934 4234 1165 4303 Accepit
1197 4238 1391 4286 tamen
1420 4234 1489 4286 de.
1524 4233 1840 4286 substantia

1944 3084 2091 3137 xisse
2119 3101 2131 3137 :
2164 3086 2474 3152 Propterea,
2504 3083 2712 3153 inquit,
2744 3083 2902 3136 dixi:
2954 3084 3031 3136 De
3059 3099 3179 3137 mea
3219 3085 3465 3152 accipiet,
3510 3086 3639 3151 quia

1944 3176 2125 3227 omnia
2182 3189 2299 3241 qua:
2383 3172 2540 3226 habet
2611 3175 2789 3233 Pater,
2870 3187 2992 3227 mea
3048 3178 3175 3225 sunt
3252 3172 3446 3239 (Ibid.,
3528 3172 3633 3239 15).

1944 3261 2262 3315 Ostendens
2304 3261 2577 3331 Spiritum
2619 3268 2876 3315 sanctum
2913 3278 3043 3315 cum
3085 3262 3343 3331 procedit
3375 3278 3406 3314 a
3451 3263 3638 3326 Patre,

1945 3350 2216 3420 procedat
2239 3355 2295 3403 et
2325 3366 2356 3403 a
2382 3350 2519 3403 Filio
2557 3370 2571 3417 ;
2599 3356 2656 3404 et
2680 3366 2807 3403 cum
2840 3350 3098 3420 procedit
3118 3367 3150 3402 a
3184 3350 3345 3416 Filio,
3374 3350 3642 3419 procedat

1946 3440 2117 3491 etiam
2140 3454 2171 3489 a
2202 3439 2386 3491 Patre.
2420 3438 2573 3491 Unde
2604 3439 2663 3490 in
2696 3438 2809 3491 ﬁne
2850 3438 3199 3492 concludens
3220 3438 3320 3502 ait,
3367 3438 3640 3507 Spiritum

1947 3532 2202 3579 sanctum
2228 3542 2260 3578 a
2293 3528 2457 3579 Patre
2487 3526 2741 3596 Filioque
2784 3542 2901 3579 non
2929 3543 3048 3579 esse
3071 3526 3404 3591 discretum,
3434 3526 3643 3596 quibus

1946 3620 2000 3665 et
2032 3619 2234 3667 natura
2276 3614 2541 3684 jungitur
2598 3619 2655 3667 et
2684 3614 3034 3683 operatione.
3098 3614 3235 3666 Nam
3271 3630 3337 3666 ea
3388 3614 3644 3684 loquitur

1948 3708 2005 3755 et
2043 3703 2123 3755 ait
2153 3719 2281 3773 quae
2314 3703 2495 3756 Patris
2531 3708 2587 3755 et
2628 3702 2749 3755 Filii
2784 3702 3018 3771 propria
3052 3717 3171 3754 esse
3202 3705 3537 3767 noscuntur,
3572 3703 3643 3753 ab

1945 3796 2190 3861 utroque
2239 3791 2574 3861 procedens,
2610 3791 2678 3843 ab
2723 3796 2966 3860 utroque
3006 3790 3327 3859 percipiens
3358 3790 3505 3842 sicut
3550 3807 3644 3841 es—

1946 3880 2212 3947 sentiam,
2245 3880 2323 3931 sic
2370 3879 2785 3947 operationem,
2830 3877 3110 3931 indivisus
3142 3877 3209 3929 ab
3243 3877 3324 3930 eis
3377 3882 3493 3930 tam
3549 3892 3642 3930 vo-

1900 4024 1911 4031 ,
1948 3968 2164 4020 luntate
2196 3982 2366 4036 quam
2392 3967 2619 4031 virtute,
2656 3970 2850 4035 utpote
2880 3981 3028 4017 unus
3058 3964 3238 4033 ipsius
3271 3964 3643 4034 ejusdemque

1948 4060 2150 4107 sanctze
2200 4054 2489 4107 Trinitatis
2538 4054 2801 4106 existens.
2859 4054 2983 4106 Haec
3037 4053 3239 4106 beatus
3292 4053 3641 4106 Athanasius

1947 4144 2015 4197 de
2046 4144 2405 4212 processione
2438 4142 2619 4195 sancti
2648 4142 2895 4211 Spiritus
2924 4142 3335 4213 dogmatizans.
3369 4141 3649 4211 approbat

1948 4248 2106 4300 eum,
2132 4232 2438 4301 procedere
2487 4235 2602 4284 tam
2657 4232 2724 4284 de
2772 4232 2935 4285 Patre
2985 4247 3159 4301 quam
3217 4231 3284 4284 de
3335 4231 3497 4284 Filio.
3547 4229 3650 4284 Cui

134 4326 265 4379 Filii
300 4324 598 4395 propriam
630 4324 1010 4389 existentiam,
1043 4322 1320 4392 quoniam
1364 4328 1450 4375 est
1481 4337 1596 4375 una
1626 4325 1836 4373 sanctae
1876 4322 1918 4375 D
1946 4322 2269 4375 Graecorum
2327 4320 2698 4389 imperatores
2755 4318 2802 4372 si
2862 4319 3040 4372 velint
3094 4319 3497 4384 contradicere,
3561 4319 3652 4370 vi-

132 4414 431 4467 Trinitatis
462 4428 730 4482 persona.-

204 4504 351 4556 ltem
376 4503 434 4555 in
458 4502 608 4555 libro
641 4500 1050 4571 Disputationis
1079 4500 1347 4553 adversus
1376 4498 1612 4551 Arium:
1666 4518 1692 4545 «
1722 4499 1841 4566 Ap-

136 4596 305 4662 paret
339 4590 620 4661 Spiritum
660 4595 919 4642 sauctum
964 4604 997 4640 a
1036 4586 1220 4641 Patris
1261 4592 1316 4640 et
1357 4584 1484 4640 Filii
1524 4584 1842 4638 substantia

138 4698 254 4733 non
299 4696 421 4732 esse
453 4678 729 4743 alienum,
771 4677 907 4731 dum
938 4692 1053 4729 non
1084 4692 1115 4727 a
1151 4676 1335 4744 seipso
1379 4680 1649 4744 tanquam
1700 4673 1841 4725 alie-

137 4786 245 4823 nus
275 4774 339 4822 et
384 4772 711 4831 extraneas,
757 4766 852 4820 sed
888 4769 1082 4836 utpote
1124 4766 1293 4817 unius
1332 4763 1703 4833 ejusdemque
1744 4777 1843 4813 na-

140 4866 284 4912 turae
329 4857 537 4918 socius.
573 4872 701 4925 quae
748 4853 928 4908 Patris
958 4858 1014 4907 et
1046 4852 1173 4907 Filii
1203 4851 1533 4905 communia
1571 4854 1702 4902 sunt
1730 4848 1848 4918 agit

138 4954 192 4999 et
219 4946 529 5015 loquitur;
564 4960 700 4997 nam
732 4943 777 4995 si
832 4943 901 4997 de
940 4940 1192 5012 propriis
1223 4940 1576 5010 loqueretur,
1611 4954 1726 4991 non
1757 4954 1845 4990 so-

140 5038 255 5087 lum
293 5052 329 5086 a
363 5035 530 5086 Patre
559 5032 801 5098 alienus,
851 5031 949 5083 sed
976 5036 1029 5083 et
1062 5030 1231 5083 fallax
1263 5035 1319 5081 et
1348 5028 1620 5097 deceptor
1652 5026 1847 5095 procul

139 5123 324 5176 dubio
375 5122 707 5174 haberetur.
743 5119 1044 5183 Quoniam,
1077 5122 1140 5169 ut
1171 5116 1250 5169 ait
1292 5115 1494 5169 Filius:
1542 5116 1724 5169 Omnis
1756 5116 1853 5181 qui

141 5212 392 5279 loquitur
440 5208 802 5269 mendacium,
846 5207 910 5259 de
936 5208 1180 5275 propriis
1212 5206 1455 5274 loquitur
1497 5204 1685 5268 (Joan.
1729 5218 1848 5266 vni,

139 5302 247 5368 43),
277 5306 340 5353 et
384 5299 517 5352 ideo
566 5297 661 5349 hic
701 5312 897 5348 verum
944 5295 1220 5365 loquitur,
1277 5294 1413 5364 quia
1453 5309 1570 5346 non
1609 5293 1678 5345 de
1726 5307 1853 5361 pro-

140 5392 288 5458 prio,
320 5387 379 5440 id
412 5390 521 5449 cst,
558 5400 675 5436 non
700 5399 732 5435 a
756 5384 1083 5452 semetipso,
1119 5383 1217 5436 sed
1252 5381 1431 5435 Patris
1454 5386 1508 5433 et
1545 5380 1689 5433 Fillii
1725 5394 1851 5447 qua:

145 5475 439 5548 loquenda
461 5477 602 5526 sunt
652 5472 935 5541 loquitur:
968 5474 1039 5525 De
1086 5486 1216 5535 meo,
1254 5469 1445 5540 inquit
1485 5468 1677 5532 Filius,
1719 5467 1854 5518 acci-

144 5570 273 5636 piet,
329 5569 383 5618 et
426 5560 785 5616 annuntiabit
828 5562 975 5614 vobis
1028 5561 1201 5630 (Joan.
1258 5575 1371 5620 xvx,
1419 5557 1521 5627 14).
1574 5557 1637 5609 Et
1669 5559 1732 5607 ut
1763 5570 1852 5606 os-

1949 4410 2123 4462 deant
2161 4409 2218 4461 in
2250 4408 2604 4477 professione
2639 4413 2845 4460 sanctae
2874 4408 3165 4461 Trinitatis
3218 4424 3362 4477 quos
3404 4423 3650 4476 sequan-

1950 4502 2043 4549 tur
2072 4500 2350 4549 auctores.
2388 4496 2525 4548 Nam
2557 4495 2719 4548 istius
2764 4495 3075 4548 beatissimi
3111 4493 3652 4562 catholicissimique

1952 4586 2057 4638 viri
2108 4585 2505 4638 auctoritatem
2559 4584 2743 4637 omnis
2792 4583 3069 4636 catholica
3117 4582 3325 4637 Christi
3356 4581 3649 4650 amplecti-

1953 4680 2045 4727 tur
2078 4672 2344 4739 Ecclesia,
2372 4677 2676 4725 veneratur
2715 4677 2771 4723 et
2792 4671 3063 4724 defendit.

2024 4760 2321 4815 Sufﬁciunt
2347 4760 2454 4813 ista
2490 4776 2592 4814 nos
2617 4759 2822 4813 dixisse
2848 4760 2917 4812 de
2956 4757 3171 4827 Spiritu
3204 4760 3421 4821 sancto,
3453 4760 3649 4807 aucto-

1956 4853 2181 4903 ritatem
2212 4850 2495 4917 majorum
2546 4852 2866 4917 sequentes,
2912 4849 3348 4912 sanctarumque
3392 4843 3652 4912 Scriptu-

1955 4954 2151 4993 rarum
2196 4936 2589 5007 magisterium
2638 4935 2944 4999 imitantes,
3000 4950 3100 4986 uos
3155 4932 3387 5003 quidem
3438 4948 3652 5003 appro-

1956 5027 2091 5079 bare
2123 5026 2373 5078 volentes
2405 5024 2555 5093 quod
2592 5024 2737 5077 Deus
2764 5022 2832 5074 sit
2861 5028 2919 5075 et
2953 5021 3452 5075 consubstantialis
3502 5020 3651 5074 Patri

1962 5114 2215 5181 Filioque
2262 5116 2594 5173 coaeternus,
2632 5114 2685 5163 et
2732 5125 2835 5179 per
2865 5109 3058 5162 omnia
3107 5108 3309 5162 similis
3356 5110 3650 5179 potentiae.

1961 5201 2161 5254 similis
2210 5199 2451 5259 virtutis,
2495 5198 2664 5251 unius
2708 5198 3085 5268 ejusdemque
3136 5198 3465 5267 majestatis.
3522 5198 3655 5252 Haec

1960 5303 2210 5357 namque
2272 5287 2514 5357 quazstio
2589 5292 2913 5340 sanctorum
2972 5287 3360 5356 disputatione
3425 5288 3654 5340 Patrum

1962 5376 2233 5429 ventilata
2264 5380 2433 5444 atque
2468 5374 2849 5428 determinata
2895 5380 2999 5442 est,
3031 5375 3485 5447 expugnantium
3525 5390 3653 5445 per-

1961 5464 2155 5519 ﬁdiam
2187 5462 2610 5529 haereticorum,
2645 5464 2743 5533 qui
2771 5463 2839 5517 de
2863 5465 3079 5535 Spiritu
3114 5469 3305 5517 sancto
3342 5464 3487 5517 male
3528 5479 3655 5516 sen-

1965 5551 2172 5604 tientes
2224 5551 2512 5619 negabant
2542 5567 2674 5605 eum
2707 5568 2827 5606 esse
2861 5554 3041 5607 Deum
3071 5568 3267 5606 verum
3298 5568 3308 5605 :
3346 5551 3505 5603 nobis
3551 5567 3650 5604 au-
