3890 6230
276 303 376 352 303
1429 292 1782 349 RATRAMNI
1816 287 2278 348 CORBEIENSIS
2319 292 2625 346 MONACHI

3684 296 3777 346 30';

273 439 388 484 tem
419 447 486 483 ex
512 430 616 482 hoc
646 444 757 481 non
789 427 969 480 multa
991 424 1320 494 disputandi
1344 424 1648 477 necessitas
1677 423 1955 476 incubuit.
1999 426 2042 475 A
2072 429 2341 491 arrogant
2373 423 2496 486 sibi,
2550 429 2608 474 ut
2642 423 2922 493 quidquid
2971 429 3252 490 asserunt,
3296 425 3621 478 auctoritas
3667 440 3778 477 esse

274 517 534 588 quamvis
581 532 698 570 non
749 531 927 585 pauca
961 514 1075 567 sint
1101 531 1131 566 a
1165 513 1329 566 nobis
1385 529 1450 564 ex
1497 513 1603 565 hoc
1635 512 1804 571 dicta.
1838 528 1964 564 cum

273 608 514 660 selocus
563 605 791 658 obtulit.
851 605 927 658 De
981 603 1347 672 processionc
1404 617 1536 653 vero
1595 599 1773 668 ipsius
1803 600 1966 666 plura

272 701 404 748 sunt
433 695 600 759 dicta,
632 694 700 747 de
755 710 870 763 qua
902 692 1141 762 quaestio
1194 695 1326 744 nata
1378 695 1454 742 est
1484 706 1496 753 ;
1550 705 1678 758 quir
1710 687 1966 740 sufﬁcere

269 783 555 836 credimus
587 782 854 851 pietatem
896 780 1244 842 amantibus,
1292 783 1344 831 et
1396 778 1692 830 veritatem
1725 776 1967 845 diligen-

268 872 442 937 tibus,
493 870 791 940 magisque
823 869 1117 938 sapientiae
1159 869 1351 920 lumen
1384 882 1553 936 quam
1591 864 1854 917 tenebras
1886 879 1969 914 er-

270 963 415 1014 roris
447 958 812 1013 sectantibus.
875 959 949 1012 De
981 958 1191 1027 quibus
1229 955 1485 1024 utrisque
1533 953 1786 1023 loquitur
1843 951 1965 1021 Spi-

269 1050 414 1103 ritus
471 1053 696 1101 sanctus
749 1049 805 1100 in
862 1047 1186 1104 Salomone,
1251 1044 1474 1097 dicens:
1560 1044 1682 1095 Noli
1740 1056 1971 1107 arguere

270 1136 583 1196 derisorem,
615 1148 680 1185 ne
724 1133 897 1184 oderit
938 1137 1003 1184 te.
1041 1134 1225 1195 Argue
1249 1131 1564 1196 sapientem,
1608 1132 1657 1179 et
1683 1127 1970 1190 festinabit

270 1226 512 1291 accipere
559 1221 736 1289 (Prov.
781 1235 851 1282 Ix,
889 1222 960 1281 8).
1016 1220 1080 1272 Et
1123 1233 1391 1270 rursum:
1445 1218 1508 1270 In
1549 1215 1780 1268 auribus
1828 1217 1966 1266 insi-

269 1312 534 1379 pientium
561 1325 626 1361 ne
660 1310 899 1376 loquaris
940 1321 951 1361 :
982 1322 1084 1360 non
1115 1309 1254 1358 enim
1305 1307 1563 1373 recipient
1609 1305 1718 1356 nisi
1765 1301 1971 1355 dixeris

269 1400 367 1450 illa
412 1413 531 1466 qua
576 1403 864 1450 versantur
910 1398 964 1447 in
1015 1394 1172 1448 corde
1218 1409 1398 1446 eorum
1451 1395 1633 1455 (Prov.
1687 1405 1840 1454 χχιιι,
1876 1390 1966 1453 ix).

269 1486 626 1554 Quapropter
680 1484 908 1536 videant
973 1482 1220 1552 Spiritus
1292 1482 1470 1533 sancti
1529 1480 1969 1532 calumniatores

269 1588 340 1626 ne
370 1573 630 1625 nolentes
661 1572 913 1641 recipere
943 1570 1240 1639 sapientiae
1270 1567 1654 1638 disciplinam,
1687 1568 1798 1619 illis
1815 1583 1966 1619 com-

269 1665 562 1728 parentur,
599 1659 696 1728 qui
721 1676 878 1711 suam
905 1661 1174 1728 praeferre
1193 1658 1391 1710 volunt
1424 1656 1812 1724 insipientiam
1834 1672 1968 1708 san-

270 1752 487 1800 ctarum
526 1748 740 1816 regulis
779 1747 1225 1816 Scripturarum.
1258 1745 1371 1798 Hos
1403 1751 1595 1798 tamen
1637 1745 1965 1804 modernos,

274 1851 386 1887 non
418 1835 818 1904 disputatores,
841 1835 974 1904 quia
988 1835 1132 1887 nihil
1165 1849 1231 1885 ex
1255 1833 1473 1886 ratione
1490 1834 1576 1885 vel
1600 1833 1968 1901 redarguunt,

277 1925 359 1975 vel
394 1929 676 1990 astrnunt,
724 1923 818 1976 sed
852 1923 1115 1975 novitatis
1142 1929 1470 1986 assertores,
1514 1921 1721 1989 quibus
1753 1921 1970 1973 similes

274 2025 394 2064 esse
445 2011 751 2064 dicamus?
802 2011 942 2064 Cum
993 2009 1145 2062 enim
1188 2025 1398 2078 negare
1448 2010 1648 2062 volunt
1695 2008 1969 2077 Spiritum

274 2105 528 2152 sanctum
565 2100 632 2152 de
667 2099 805 2153 Filio
845 2099 1174 2169 procedere,
1228 2098 1376 2151 unde
1408 2097 1559 2168 quod
1590 2097 1786 2151 dicunt
1817 2114 1968 2150 com.

272 2188 534 2256 probent,
585 2188 805 2240 nullam
859 2187 945 2239 vel
1005 2186 1526 2252 ratiocinationem,
1583 2187 1666 2238 vel
1718 2186 1966 2238 auctori-

269 2280 443 2328 tatem
478 2275 826 2328 ostendunt:
863 2274 1017 2327 unde
1074 2279 1266 2327 tumor
1312 2274 1504 2343 potius
1551 2274 1798 2326 levitatis
1849 2290 1970 2326 esse

268 2363 515 2429 videtur,
574 2379 744 2433 quam
799 2362 1120 2433 prudentiae.
1181 2364 1446 2431 gravitas.
1508 2362 1667 2416 Adeo
1722 2362 1969 2432 denique

2080 511 2376 564 videatur:
2413 511 2627 563 similes
2670 510 2752 563 eis
2796 511 2894 581 qui
2941 513 3073 564 caeci
3105 529 3220 566 non
3272 513 3536 566 videntes
3578 513 3778 579 lucem,

2074 601 2274 668 jnrant
2295 598 2424 651 solis
2456 599 2821 668 praesentiam
2855 616 2969 653 non
3019 617 3138 653 esse
3185 617 3359 672 super
3389 607 3628 667 terram,
3661 617 3779 654 cum

2081 688 2201 741 dies
2232 705 2435 741 sereno
2488 690 2702 741 lumine
2751 688 2986 758 fulgeat.
3025 689 3132 743 Sed
3171 690 3428 743 dicamus
3463 690 3580 742 illis
3629 691 3776 758 quod

2079 776 2338 829 Salvator
2399 777 2609 829 Iudaeis
2675 776 2967 846 loquitur:
3033 778 3370 831 Scrutamini
3424 778 3782 846 Srripturas:

2079 867 2186 917 illa:
2219 870 2343 917 sunt
2371 867 2506 916 enim
2531 881 2649 932 quae
2669 865 3038 919 testimonium
3060 868 3344 934 perhibent
3377 868 3442 918 de
3481 882 3566 918 me
3602 867 3782 935 (Joan.

2081 969 2133 1018 γ,
2164 952 2275 1018 39).
2309 952 2397 1006 Sic
2445 959 2500 1005 et
2530 954 2621 1005 isti
2673 969 2962 1006 sacrarum
3016 955 3308 1007 volumina
3356 954 3782 1024 Scripturarum

2081 1047 2420 1094 scrutentur.
2467 1043 2532 1094 Et
2560 1042 2669 1094 illm
2720 1048 2854 1095 sunt
2883 1059 3011 1112 qua:
3053 1044 3446 1096 testimonium
3483 1043 3788 1114 perhibent

2081 1131 2313 1198 quidem
2347 1129 2587 1197 Spiritui
2617 1136 2808 1182 sancto
2837 1129 2988 1199 quod
3021 1131 3091 1183 de
3127 1132 3290 1183 Patre
3344 1131 3608 1200 Filioque
3659 1147 3785 1200 pro-

2081 1218 2260 1271 cedat.
2312 1218 2581 1271 Evolvant
2618 1218 3027 1271 catholicorum
3090 1219 3359 1288 dogmata
3407 1220 3688 1284 Patrum;
3739 1226 3787 1271 et

2082 1306 2370 1376 reperient
2392 1307 2543 1359 unde
2567 1323 2732 1360 suum
2757 1306 3046 1376 corrigant
3069 1323 3345 1371 errorem,
3369 1308 3783 1377 deponantque

2082 1395 2336 1448 stultitiae
2368 1401 2673 1460 tumorem,
2723 1411 2838 1466 quo
2869 1400 3075 1465 putant
3119 1396 3222 1449 sibi
3259 1397 3449 1466 potius
3479 1412 3658 1467 quam
3702 1412 3789 1448 ve-

2082 1483 2235 1536 ritati
2269 1483 2637 1536 credendum.
2672 1489 2728 1536 et
2756 1485 3036 1553 majorum
3083 1485 3478 1537 auctoritatem
3526 1501 3648 1536 ςιιει³
3703 1501 3788 1534 ve-

2083 1573 2256 1624 saniae
2289 1573 2784 1641 postponendam:
2840 1573 3058 1625 discant
3109 1575 3268 1642 prius
3313 1573 3464 1643 quod
3510 1580 3791 1642 appetunt

2082 1661 2304 1724 docere,
2341 1677 2410 1712 ne
2444 1662 2578 1713 dum
2631 1661 2980 1730 imperitiam
3043 1677 3200 1714 suam
3253 1678 3356 1731 pro
3415 1677 3647 1713 summa
3702 1677 3790 1729 pe-

2083 1749 2212 1800 ritia
2242 1749 2525 1800 voluerint
2567 1748 2803 1816 jactare,
2861 1749 3076 1802 similes
3118 1749 3208 1801 isti
3261 1749 3416 1812 tiant,
3479 1749 3580 1818 qui
3640 1757 3789 1818 post-

2081 1853 2250 1906 quam
2285 1837 2466 1888 elatus
2499 1845 2581 1888 est.
2612 1838 2668 1889 in
2703 1837 2969 1903 sublime,
3020 1837 3242 1889 dicente
3285 1836 3619 1897 Salomone,
3659 1838 3788 1888 stul-

2082 1931 2172 1978 tus
2203 1925 2488 1994 apparuit.

2154 2015 2358 2065 Verum
2394 2015 2619 2080 tempus
2651 2017 2735 2064 est
2768 2012 2885 2079 jam
2929 2012 2994 2064 ad
3028 2011 3252 2081 reliqua
3305 2027 3434 2080 qua:
3476 2012 3786 2064 criminose

2079 2101 2395 2170 proferunt,
2457 2099 2724 2163 transire,
2784 2099 2986 2169 quibus
3049 2100 3184 2152 dum
3256 2101 3504 2168 gestiunt
3564 2100 3788 2152 Latinos

2079 2187 2517 2256 reprehendere,
2591 2203 2762 2256 quam
2824 2188 2934 2240 sint
2994 2187 3103 2256 ipsi
3165 2185 3676 2256 reprehensibiles,
3730 2188 3787 2239 Ii-

2079 2276 2253 2345 quido
2284 2276 2704 2329 demonstrant:

1607 2647 1884 2718 LIBER
1946 2645 2418 2730 QUARTUS.

839 2920 1061 2975 CAPUT
1106 2922 1393 2975 PRIMUM.

2070 2925 2124 2972 et
2185 2919 2430 2989 Spiritus
2495 2921 2698 2987 sancti,
2751 2920 2958 2990 aequali
3023 2921 3376 2975 confessione
3436 2925 3780 2995 quicunque

273 3032 343 3082 De
383 3029 612 3081 diversis
659 3028 907 3081 Ecclesiae
957 3027 1450 3080 consuetudinibus.
1505 3027 1646 3092 Quid
1694 3030 1748 3079 in
1784 3029 1809 3080 Ι

2244 3026 2268 3061 s
2297 3008 2604 3062 Christiani
2636 3016 2899 3062 tenemus
2928 3015 2978 3062 et
3006 3009 3368 3064 conﬁtemur.
3406 3011 3465 3064 In
3496 3012 3585 3066 his
3618 3014 3773 3066 enim

338 3101 422 3152 sia
478 3101 829 3164 uniformiter
877 3097 945 3149 ab
1011 3099 1257 3150 omnibus
1315 3098 1620 3150 tenendum.
1682 3100 1966 3151 Mutantur

339 3169 642 3236 aliquando
666 3168 1090 3221 consuetudines.

339 3275 569 3346 Objecta
626 3291 755 3344 qua:
813 3279 1129 3343 sequuntur
1187 3273 1321 3326 dum
1385 3273 1678 3343 sapientiae
1737 3289 1961 3343 parum,

267 3364 571 3434 imperitiae
627 3379 761 3415 vero
837 3379 950 3415 non
1014 3377 1215 3432 parum
1284 3361 1575 3414 continere
1643 3362 1958 3419 videantur.

266 3457 532 3521 poterant
590 3451 799 3518 omitti,
850 3451 894 3501 si
952 3466 1061 3503 non
1114 3448 1304 3503 minus
1336 3449 1714 3520 prudentibus
1753 3451 1962 3503 erroris

265 3539 591 3594 scandalum
634 3539 965 3592 viderentur
1021 3554 1184 3607 posse
1239 3537 1542 3607 parturire.
1608 3539 1750 3591 Dum
1808 3539 1960 3592 enim

267 3629 396 3683 talia
437 3629 550 3681 sint
579 3644 707 3698 quin
753 3627 996 3680 formam
1046 3627 1278 3697 pietatis
1316 3626 1611 3680 videantur
1640 3627 1958 3686 ostendere.

263 3716 544 3785 plurimos
574 3716 762 3768 valent
796 3715 1052 3768 incautos
1085 3713 1368 3784 decipere,
1399 3732 1511 3768 non
1545 3715 1799 3767 valentes
1842 3715 1958 3767 (lis-

261 3821 492 3858 cernere
523 3804 657 3874 quid
710 3803 862 3856 inter
908 3819 1099 3856 veram
1142 3803 1586 3874 simulatamque
1617 3803 1783 3856 distet
1827 3803 1957 3855 reli-

260 3893 512 3961 gionem.
554 3893 773 3946 Etenim
821 3908 952 3945 cum
1000 3892 1138 3945 nihil
1193 3893 1262 3945 de
1313 3892 1579 3960 dogmate
1612 3891 1741 3945 ﬁdei
1777 3893 1958 3944 conti-

259 3987 452 4047 neant,
509 3981 568 4034 in
635 3997 750 4050 quo
825 3980 1265 4034 Christianitatis
1332 3980 1628 4049 plenitudo
1677 3980 1957 4045 consistit,

261 4083 458 4119 verum
503 4067 974 4119 consuetudinem
1044 4083 1161 4120 suae
1225 4068 1482 4120 Ecclesia:
1555 4067 1957 4120 tantummodo

259 4159 513 4218 narrent,
548 4153 686 4206 nihil
721 4153 931 4205 isthinc
964 4155 1048 4206 vel
1082 4154 1543 4224 approbandum,
1576 4155 1660 4206 vel
1709 4155 1957 4208 refutan-

258 4243 394 4296 dum
429 4246 636 4294 nostrae.
685 4241 933 4294 restabat
965 4241 1248 4295 Ecclesize.
1285 4243 1404 4295 Non
1446 4242 1599 4294 enim
1633 4242 1959 4296 continetur

2070 3097 2325 3150 obsecrat
2390 3114 2490 3150 nos
2546 3096 2850 3166 Apostolus
2910 3097 3062 3151 idem
3115 3114 3335 3168 sapere,
3389 3116 3507 3153 non
3557 3101 3783 3155 diversa

2073 3187 2304 3238 sentire.

2143 3271 2421 3324 Cmterum
2478 3272 2916 3326 consuetudines
2975 3272 3348 3326 Ecclesiarum
3408 3289 3513 3326 nec
3579 3276 3782 3329 eadem

2071 3363 2204 3410 sunt
2251 3373 2465 3425 omnes,
2513 3375 2616 3411 nec
2664 3359 2732 3412 ab
2791 3359 3058 3412 omnibus
3115 3365 3354 3429 possunt
3415 3361 3783 3414 uniformiter

2070 3446 2288 3500 haberi.
2323 3445 2608 3516 Principio
2665 3447 2947 3518 siquidem
3009 3447 3291 3500 nascentis
3324 3449 3588 3502 Ecclesia!
3641 3466 3783 3519 apo-

2069 3535 2346 3587 stolorum
2378 3536 2514 3587 Acta
2543 3539 2824 3588 testantur
2857 3535 3011 3605 quod
3044 3535 3143 3606 qui
3180 3536 3593 3606 Hierosolymis
3616 3547 3780 3590 erant

2068 3623 2383 3683 credentes,
2439 3624 2584 3676 nihil
2631 3625 2925 3694 proprium
2980 3625 3350 3693 possideant:
3383 3627 3779 3694 possessiones

2069 3718 2258 3766 autem
2294 3728 2435 3782 quas
2493 3712 2799 3776 habebant,
2851 3714 3194 3779 vendebant,
3243 3730 3562 3784 earumque
3595 3717 3785 3785 pretia

2067 3817 2255 3853 coram
2330 3800 2570 3870 pedibus
2623 3801 3018 3871 apostolorum
3078 3801 3386 3873 ponebant,
3457 3803 3782 3858 distribue-

2069 3889 2321 3958 bantque
2348 3890 2589 3958 singulis
2621 3893 2792 3959 prout
2821 3891 3026 3959 cuique
3058 3906 3202 3960 Opus
3236 3896 3384 3944 erat:
3420 3897 3590 3944 erant
3623 3894 3780 3944 enim

2067 3977 2146 4030 eis
2203 3977 2398 4030 omnia
2455 3977 2783 4030 communia
2814 3979 2956 4047 (Act.
2993 3994 3064 4042 iv,
3119 3978 3206 4038 3i.
3267 3980 3375 4044 35).
3430 3981 3498 4032 At
3534 3995 3673 4032 vero
3714 3981 3783 4032 de

2065 4065 2334 4135 gentibus
2365 4065 2463 4136 qui
2485 4066 2847 4119 crediderant
2878 4083 2991 4118 non
3015 4066 3215 4119 eadem
3249 4065 3545 4134 religionis
3592 4067 3782 4122 forma

2067 4152 2392 4215 detinebat;
2429 4153 2696 4208 scribitur
2744 4155 2897 4208 enim
2929 4154 2988 4207 in
3019 4154 3230 4208 eisdem
3292 4154 3442 4207 Actis
3482 4157 3780 4224 apostolo-

2067 4257 2216 4306 rum,
2251 4258 2380 4312 quze
2404 4258 2505 4312 per
2534 4242 2814 4312 apostolos
2851 4247 3131 4312 praecepta
3181 4249 3572 4312 susceperant,
3621 4261 3780 4315 qna!-

259 4332 314 4383 in
359 4331 464 4382 hoc
508 4329 648 4382 illud
679 4329 961 4399 Apostolis
993 4330 1263 4384 dicentis:
1300 4331 1526 4385 Obsecro
1569 4345 1661 4383 vos
1710 4336 1768 4382 ut
1811 4331 1950 4384 idem
1993 4323 2033 4374 Ι)
2067 4346 2177 4399 que
2211 4333 2514 4398 [servantes
2559 4331 2758 4384 salutis
2805 4338 3035 4384 internae.
3078 4330 3388 4401 participes
3436 4330 3778 4387 existerent.

259 4419 460 4470 dicatis
485 4433 699 4482 omnes;
731 4423 907 4470 etnon
962 4419 1074 4471 sint
1122 4420 1178 4470 in
1225 4418 1376 4472 vobis
1427 4419 1541 4472 ulla
1589 4419 1879 4471 schismata
1902 4420 1955 4485 (Ι

258 4506 377 4560 Cor.
403 4521 440 4567 ι,
478 4505 582 4570 10).
619 4503 756 4567 Qute
787 4503 901 4556 sint
930 4509 1119 4556 autem
1155 4504 1224 4556 de
1263 4504 1471 4573 quibus
1505 4503 1762 4557 obsecrat
1799 4504 1951 4558 idem

258 4593 488 4660 sentire,
538 4591 691 4646 idem
750 4591 935 4662 loqui,
1011 4608 1114 4645 nec
1180 4593 1354 4646 ullam
1414 4590 1539 4645 fieri
1595 4591 1950 4658 divisionem,

256 4686 538 4735 monstrat
591 4681 742 4744 alibi,
798 4679 1028 4733 dicens:
1090 4681 1237 4734 Unus
1301 4682 1582 4746 Dominus,
1636 4696 1745 4733 una
1795 4681 1952 4747 ﬁdes,

255 4785 419 4824 unum
469 4770 758 4839 baptisma.
815 4770 964 4824 Unus
1022 4771 1158 4823 Deus
1220 4773 1270 4821 et
1323 4773 1483 4836 pater
1551 4772 1809 4832 omnium,
1859 4773 1956 4837 qui

252 4872 414 4925 super
445 4873 622 4911 omnes
653 4862 749 4923 est,
779 4862 830 4910 et
869 4859 926 4910 in
967 4857 1212 4911 omnibus
1250 4857 1401 4910 vobis
1428 4857 1648 4927 (Ephes.
1682 4873 1756 4922 ιν,
1791 4861 1842 4924 5,
1875 4860 1946 4927 6).

255 4945 317 4999 In
349 4947 437 4998 his
485 4947 639 4999 enim
689 4947 846 4999 nulla
875 4945 938 4999 ﬁt
979 4946 1277 4999 diversitas
1307 4946 1685 5011 credentium,
1721 4947 1949 5016 quando

253 5039 461 5086 sanctae
492 5034 785 5087 Trinitatis
817 5033 1254 5099 confessionem,
1297 5039 1354 5087 et
1406 5034 1709 5088 Salvatoris
1768 5035 1949 5088 nostri

250 5121 377 5172 Jesu
453 5121 660 5175 Christi
723 5122 1078 5175 nativitatem
1146 5138 1209 5175 ex
1277 5122 1530 5192 Virgine,
1598 5122 1945 5191 passionem,

251 5203 518 5268 mortem,
568 5209 1066 5276 resurrectionem,
1125 5211 1182 5264 in
1222 5210 1394 5264 caelos
1434 5210 1844 5276 ascensionem,
1879 5211 1945 5264 ad

251 5297 506 5349 dextram
541 5297 724 5349 Patris
768 5298 1214 5363 consessionem,
1252 5303 1310 5352 et
1340 5299 1510 5352 corde
1551 5299 1854 5366 credimus,
1887 5304 1947 5351 ut

242 5383 648 5454 justiticemur,
682 5389 738 5438 et
779 5403 877 5440 ore
907 5387 1270 5454 conﬁtemur,
1312 5392 1376 5440 ut
1405 5389 1729 5441 salvemur:
1764 5387 1858 5441 sed
1891 5392 1946 5440 et

247 5473 436 5543 ipsum
467 5476 773 5527 venturum
814 5479 930 5528 tam
965 5475 1224 5529 vivorum
1255 5491 1426 5545 quam
1469 5480 1825 5528 mortuorum
1848 5475 1942 5544 ju-

247 5560 472 5616 dicem:
503 5566 559 5615 et
595 5577 775 5618 unum
829 5562 1112 5634 baptisma
1144 5564 1202 5618 in
1235 5565 1465 5619 nomine
1499 5563 1678 5619 Patris
1712 5569 1768 5617 et
1817 5564 1941 5619 Filii

2066 4420 2196 4474 llam
2225 4423 2416 4472 autem
2450 4423 2632 4486 erant,
2668 4424 2727 4472 ut
2758 4419 3111 4473 abstinerent
3161 4435 3219 4472 se
3262 4435 3294 4470 a
3325 4420 3777 4475 simulacrorum

2063 4507 2304 4572 cultura,
2340 4523 2370 4558 a
2414 4507 2811 4572 fornicatione,
2871 4515 2927 4559 et
2981 4506 3282 4570 sanguine,
3335 4511 3391 4559 et
3439 4506 3768 4562 suffocato:

2064 4594 2205 4648 nihil
2239 4594 2392 4647 enim
2443 4611 2617 4664 supra
2666 4596 2972 4648 voluerunt
3002 4594 3083 4647 eis
3122 4594 3438 4664 imponere,
3490 4595 3639 4649 sicut
3687 4598 3776 4651 lit-

2062 4687 2196 4735 teras
2230 4687 2511 4736 testantur
2561 4683 2923 4736 credentibus
2969 4681 3039 4736 de
3071 4683 3350 4752 praeputio
3413 4682 3482 4735 ab
3535 4691 3775 4754 aposto-

2061 4770 2130 4823 lis
2162 4772 2369 4836 missaa,
2427 4771 2486 4823 in
2519 4771 2727 4841 quibus
2767 4771 2873 4824 hoc
2920 4769 3246 4836 ferebatur;
3311 4771 3497 4824 Visum
3542 4778 3648 4832 est,
3683 4773 3770 4826 in-

2059 4858 2286 4929 quiunt,
2319 4860 2563 4927 Spiritui
2610 4865 2796 4913 sancto
2831 4865 2880 4912 et
2912 4859 3062 4912 nobis
3114 4859 3252 4912 nihil
3297 4860 3442 4911 ultra
3492 4862 3777 4928 imponere

2056 4947 2205 4999 vobis
2236 4950 2430 5009 oneris,
2475 4963 2637 5014 quam
2693 4948 2800 5000 haec
2837 4947 3177 5011 necessaria;
3226 4952 3285 4999 ut
3316 4945 3641 5000 abstineatis
3673 4964 3770 5002 vos

2056 5035 2124 5088 ab
2183 5036 2478 5089 immolatis
2516 5036 2950 5099 simulacrorum,
2985 5039 3091 5088 etc.
3127 5035 3190 5088 Et
3234 5034 3289 5087 in
3350 5034 3765 5090 conclusione:

2055 5125 2103 5177 Α
2144 5123 2341 5192 quibus
2387 5123 2742 5177 custodientes
2798 5137 2889 5176 vos
2921 5123 3046 5175 bene
3096 5125 3267 5189 agetis
3300 5125 3444 5188 (Act.
3503 5139 3593 5185 xv,
3665 5127 3762 5189 28,

2057 5211 2170 5278 29).
2248 5209 2385 5275 Quis
2447 5226 2560 5263 non
2643 5211 2833 5263 videat
2904 5210 3186 5263 diversam
3263 5225 3384 5262 esse
3459 5210 3767 5281 religionis

2053 5297 2562 5364 consuetudinem;
2649 5297 2793 5351 nihil
2888 5296 3186 5367 proprium
3267 5297 3582 5367 possidere,
3662 5301 3766 5353 sed

2051 5386 2431 5440 communiter
2489 5387 2696 5451 vivere,
2779 5391 2836 5439 et
2903 5385 3098 5438 omnia
3158 5401 3262 5439 sua
3329 5386 3597 5449 retinere,
3660 5402 3766 5439 ne-

2050 5490 2162 5546 que
2219 5475 2326 5529 nisi
2400 5474 2760 5544 paucissimis
2817 5472 3118 5544 praeceptis
3165 5473 3528 5544 mancipari?
3583 5475 3759 5529 Aliud

2049 5570 2132 5618 est
2196 5577 2445 5634 namque
2491 5562 2858 5635 perfectionis
2919 5577 3203 5616 summam
3279 5562 3542 5634 assequi;
3601 5563 3762 5635 quod
