3890 6230
86 398 176 451 305

1071 398 1343 456 CONTRA
1381 396 1787 456 GRA‘ZCORUM
1825 397 2181 456 OPPOSITA.
2213 429 2274 440 -
2308 398 2435 456 LIB.
2477 400 2561 456 ιν.

3477 406 3579 458 306

84 533 329 587 fecerunt
380 534 482 605 qui
531 539 741 590 cuncta
800 552 902 589 sua
944 534 1253 589 vendentes
1315 535 1663 605 pauperibus
1709 551 1776 588 ea
1814 537 1858 588 Α
1888 534 2201 591 sideratum
2249 554 2423 608 quam
2484 539 2867 593 necessarium
2947 539 3175 611 corpori
3241 539 3582 612 indulgeant

82 623 517 690 distribuebant,
552 630 608 678 et
656 641 971 694 pauperem
1022 624 1309 678 Christum
1340 624 1448 694 ipsi
1500 640 1777 695 pauperes

84 712 255 764 ell'ecti
313 719 446 766 sunt
497 714 718 766 secuti:
775 714 930 767 aliud
983 718 1174 765 autem
1221 713 1318 780 qui
1367 712 1451 765 vix
1495 720 1777 781 przecepta

79 816 248 866 pauca
281 801 733 869 complectentes
767 801 915 852 inter
965 799 1125 852 initia
1175 800 1470 869 religionis
1517 800 1775 852 contine-

78 887 304 950 bantur,
338 906 439 941 nec
468 894 662 942 tamen
697 890 767 943 ob
800 890 906 941 hoc
936 887 1108 940 alieni
1139 888 1267 941 facti
1298 894 1431 940 sunt
1461 887 1532 940 ab
1565 888 1646 939 eis
1677 886 1778 956 qui

74 992 295 1029 summa
351 978 647 1041 tenebant,
710 977 801 1031 isti
852 977 950 1047 qui
1021 976 1282 1043 minima,
1334 976 1506 1029 veluti
1569 976 1775 1039 dicam,

76 1071 363 1133 przeCepta
395 1066 774 1118 sectabantur.
827 1065 1046 1118 Etenim
1084 1063 1209 1117 licet
1240 1063 1614 1117 observantiae
1647 1064 1777 1117 fue-

78 1153 184 1204 rint
236 1154 519 1222 qualitate
567 1155 843 1223 dispares,
894 1153 1030 1206 lidei
1077 1158 1270 1205 tamen
1325 1152 1545 1205 unitate
1596 1153 1775 1205 socia-

76 1242 299 1293 bantur.

140 1329 421 1381 Eusebius
466 1329 831 1384 Caesariensis
863 1329 1163 1399 episcopus
1214 1330 1269 1381 in
1309 1329 1551 1382 Historia
1596 1331 1773 1382 eccle-

75 1418 295 1470 siastica
330 1418 451 1483 (lib.
488 1435 546 1479 ll,
592 1434 711 1487 cap.
768 1422 854 1485 lii)
905 1418 1102 1471 scribit
1151 1418 1218 1471 de
1269 1417 1630 1472 credentibus
1675 1417 1775 1489 qui

77 1505 451 1558 morabantur
520 1505 897 1569 Alexandriae,
967 1507 1117 1576 quod
1183 1506 1474 1577 religionis
1553 1507 1772 1560 fervore

75 1594 498 1659 detinebantur,
549 1611 721 1664 quam
756 1595 1053 1648 excellenti
1085 1596 1535 1648 conversationis
1589 1595 1772 1664 philo-

75 1682 270 1751 sophia
328 1699 452 1735 sese
508 1683 803 1752 gerebant.
846 1684 939 1736 Ait
968 1700 1141 1753 ergo:
1180 1708 1206 1731 ιι
1236 1683 1424 1737 Primo
1456 1684 1719 1737 omnium
1750 1693 1774 1716 ει

77 1770 409 1823 renuntiant
431 1771 647 1824 cunctis
676 1771 1042 1825 facultatibus
1075 1771 1211 1836 suis,
1249 1771 1349 1839 qui
1380 1788 1437 1824 se
1467 1772 1536 1825 ad
1572 1773 1771 1841 hujus-

76 1858 227 1911 inodi
269 1859 701 1928 philosophiam
750 1859 1030 1923 dederint,
1082 1866 1137 1912 et
1190 1859 1354 1912 bonis
1405 1860 1521 1913 suis
1567 1860 1773 1930 quibus

76 1948 381 2010 intersunt,
433 1948 662 2000 cedunt.
711 1949 852 2002 Tum
905 1948 1112 2003 deinde
1157 1949 1309 2019 quod
1361 1965 1559 2003 omnes
1599 1950 1773 2002 etiam

76 2040 195 2091 vitae
227 2039 652 2092 sollicitudines
698 2040 894 2107 procul
940 2041 1229 2110 abjiciant,
1290 2046 1345 2094 et
1382 2048 1541 2096 extra
1573 2043 1773 2096 urbem

76 2128 287 2196 egressi
324 2129 381 2181 in
418 2127 683 2194 hortulis,
738 2129 819 2180 vel
876 2128 1097 2199 exiguis
1146 2130 1469 2200 quibusque
1513 2132 1774 2200 agellulis

77 2216 303 2284 degant,
354 2216 704 2285 refugientes
752 2217 989 2287 imparis
1032 2218 1309 2288 propositi
1359 2220 1665 2280 consortia,
1718 2224 1776 2273 et

77 2304 193 2357 vitae
245 2306 544 2358 dissimilis
593 2306 1019 2359 contubernia:
1069 2307 1308 2360 scientes
1359 2308 1771 2378 impedimento

78 2410 187 2446 esse
216 2394 340 2447 haec
372 2393 621 2448 arduum
653 2395 974 2448 volentibus
1005 2395 1115 2449 iter
1166 2396 1389 2449 virtutis
1421 2397 1705 2451 incedere.
1744 2417 1770 2447 ››

77 2484 131 2535 Et
153 2488 287 2551 post
318 2482 469 2535 alia:
507 2503 532 2533 α
569 2483 662 2535 Est
713 2487 926 2548 autem,
962 2483 1168 2553 inquit,
1221 2484 1279 2536 in
1340 2484 1581 2553 singulis
1636 2486 1772 2538 locis

75 2576 403 2623 consecrata
429 2571 707 2624 orationis
730 2571 957 2636 domus,
991 2588 1118 2642 quae
1145 2572 1467 2642 appellatur
1486 2574 1768 2639 semnion,

73 2658 147 2709 vel
182 2659 631 2712 monasterium.
662 2660 933 2713 Semnion
967 2665 1160 2713 autem
1209 2658 1531 2730 signiﬁcare
1585 2669 1774 2731 potest

74 2748 445 2799 honestorum
496 2748 979 2816 conventiculum,
1008 2748 1069 2801 in
1102 2748 1257 2818 quod
1304 2751 1634 2802 secedentes
1663 2750 1772 2803 ho-

72 2840 222 2887 nesta
268 2840 327 2888 et
379 2840 533 2888 casta
581 2836 711 2889 vitm
764 2836 1034 2906 mysteria
1080 2837 1387 2891 celebrant.
1441 2838 1590 2891 Nihil
1637 2838 1773 2891 illuc

70 2939 304 2991 prorsus
339 2924 490 2993 quod
514 2924 582 2976 ad
608 2924 798 2977 cibum
819 2930 1134 2994 potumque
1166 2925 1414 2994 pertinet
1439 2925 1770 2992 inferentes,

72 3010 147 3061 vel
178 3009 410 3080 reliqua
444 3010 683 3063 humani
706 3012 961 3081 corporis
986 3011 1328 3080 ministeria,
1361 3012 1459 3066 sed
1488 3013 1631 3083 legis
1652 3018 1773 3066 tan-

69 3106 185 3150 tum
216 3098 421 3163 libros,
455 3103 510 3151 et
543 3099 836 3153 volumina
865 3100 1302 3169 prophetarum,
1339 3101 1583 3171 hymnos
1623 3117 1767 3172 quo-

70 3203 174 3256 que
224 3186 284 3238 in
348 3187 549 3251 Deum,
606 3194 927 3259 caeteraque
974 3188 1061 3241 his
1124 3188 1351 3242 similia.
1410 3190 1472 3242 In
1521 3206 1768 3259 quorum

69 3274 390 3344 disciplinis
420 3282 477 3328 et
518 3275 798 3328 exercitiis
845 3276 1114 3341 instituti,
1166 3277 1234 3330 ad
1270 3278 1581 3346 perfectam
1635 3278 1768 3331 bea-

70 3368 300 3433 tamque
349 3364 525 3416 vitam
583 3364 780 3417 studiis
830 3365 1068 3435 jugibus
1125 3366 1459 3419 coalescant.
1511 3366 1593 3419 Ab
1642 3373 1768 3419 ortu

68 3457 256 3505 autem
305 3453 422 3506 diei
473 3469 653 3523 usque
704 3453 773 3506 ad
816 3469 1109 3523 vesperam
1167 3470 1336 3507 omne
1386 3454 1466 3507 eis
1522 3455 1767 3525 spatium

67 3539 391 3592 studiorum
444 3539 727 3592 exercitiis
787 3540 1055 3594 ducitur:
1110 3542 1318 3611 quibus
1384 3541 1453 3595 ad
1517 3542 1768 3595 divinam

65 3627 498 3697 philosophiam
530 3645 635 3698 per
662 3645 846 3683 sacras
877 3629 1093 3682 litteras
1128 3630 1502 3695 imbuuntur;
1541 3632 1769 3685 Patrum

67 3718 214 3785 leges
242 3716 303 3768 in
340 3717 708 3786 allegoricam
740 3716 1182 3787 intelligentiam
1211 3717 1554 3771 deducentes
1582 3739 1596 3784 ;
1623 3735 1770 3788 quo-

66 3806 214 3857 niam
247 3806 471 3858 formas
496 3822 618 3857 esse
652 3811 707 3858 et
736 3805 1016 3875 imagines
1058 3821 1123 3858 ea
1157 3821 1285 3875 qua:
1318 3805 1378 3858 in
1410 3806 1549 3874 legis
1584 3807 1772 3860 littera

64 3893 275 3962 scripta
306 3898 466 3957 sunt,
500 3892 830 3961 opinantur,
868 3893 1097 3946 latentis
1123 3893 1468 3947 intrinsecus
1498 3894 1770 3964 profundi

64 3980 366 4048 cujusdam
398 3980 696 4051 divinique
718 3981 994 4050 mysterii.
1030 4003 1048 4027 ι
1078 3982 1142 4034 Et
1165 3980 1225 4033 in
1246 3981 1729 4051 consequentibus
1754 3999 1765 4035 :

68 4092 81 4111 ‹
118 4068 555 4123 Continentiam
604 4085 735 4122 vero
788 4070 940 4123 velut
994 4070 1285 4139 quoddam
1328 4070 1769 4124 fundamentum

62 4156 247 4224 primo
286 4158 346 4210 in
395 4156 592 4210 anima
638 4158 954 4222 collocant;
992 4164 1050 4211 et
1102 4158 1179 4210 ita
1228 4157 1463 4211 demum
1520 4158 1771 4228 reliquas

56 4260 226 4313 super
260 4246 417 4298 hanc
447 4248 699 4314 pergunt
718 4246 1001 4300 aediﬁcare
1026 4246 1283 4299 virtutes.
1310 4247 1510 4299 Cibum
1540 4251 1767 4316 potum-

61 4349 161 4402 que
197 4335 405 4387 nullus
436 4349 640 4386 eorum
675 4334 823 4403 capit
856 4340 988 4387 ante
1017 4333 1150 4387 solis
1181 4351 1442 4387 occasum
1470 4352 1482 4401 ;
1510 4334 1771 4388 videlicet

1813 1833 1853 1886 Β

1811 3127 1851 3181 C

1884 624 2094 679 cibum.
2136 648 2154 673 ι

1957 715 2081 767 Haec
2125 716 2375 769 scribens
2424 715 2492 768 de
2542 714 2971 768 conversatione
3020 717 3395 783 credentium,
3464 734 3576 771 non

1884 803 2240 856 Alexandriae
2291 809 2535 869 tantum,
2608 820 2801 856 verum
2870 819 2970 872 per
3015 806 3316 875 [Egyptum
3368 806 3576 876 passim

1886 890 2355 959 inhabitantium,
2400 892 2565 944 docet
2614 898 2891 961 quantum
2943 892 3181 946 istorum
3221 896 3577 947 conversatio

1885 979 2128 1033 distabat
2159 997 2188 1031 a
2210 980 2429 1032 caeteris
2464 995 2563 1049 per
2595 979 2767 1031 totius
2799 979 2955 1032 orbis
2987 981 3425 1048 amplitudinem
3457 999 3579 1047 ore:

1883 1066 2171 1120 dentibus.
2205 1067 2496 1137 Siquidem
2531 1068 2589 1121 hi
2623 1068 2905 1121 desiderio
2934 1069 3135 1137 patria:
3166 1070 3406 1123 caelestis
3437 1070 3577 1123 adeo

1884 1155 2259 1219 incaluerant,
2301 1162 2360 1207 ut
2393 1156 2480 1209 liis
2527 1155 2733 1209 merito
2791 1156 3111 1210 diceretur:
3164 1160 3350 1211 Vestra
3401 1165 3579 1212 autem

1884 1247 2213 1297 conversatio
2267 1248 2323 1297 in
2371 1247 2510 1299 castis
2566 1252 2645 1298 est
2693 1247 2952 1315 (Philipp.
3010 1263 3089 1313 ιιι,
3142 1248 3257 1316 20).
3319 1248 3376 1299 ln
3410 1264 3577 1301 carne

1883 1333 2165 1403 siquidem
2215 1339 2653 1397 commorantes,
2708 1335 3049 1403 angelicam,
3100 1341 3161 1388 ut
3207 1338 3287 1389 ita
3316 1335 3578 1404 dixerim,

1883 1420 1942 1474 in
1989 1422 2156 1474 terris
2202 1422 2372 1475 vitam
2423 1424 2689 1492 agebant.
2745 1424 2943 1475 Fertur
2990 1424 3140 1476 enim
3194 1440 3296 1494 per
3341 1424 3577 1478 beatum

1885 1511 2129 1563 Marcum
2162 1512 2593 1579 evangelistam,
2628 1526 2797 1580 quem
2857 1511 3089 1564 miserat
3140 1514 3430 1580 apostolus
3469 1513 3575 1565 Pe-

1882 1603 2001 1650 trus
2031 1614 2062 1650 a
2095 1599 2274 1651 Roma
2316 1599 2719 1652 Alexandriam
2755 1605 2814 1651 ut
2855 1599 3224 1668 Evangelium
3258 1601 3467 1653 Christl
3493 1600 3575 1653 illi

1880 1687 2105 1756 regioni
2146 1688 2503 1756 praedicaret,
2554 1687 2727 1739 fuisse
2761 1687 2842 1740 sic
2889 1688 3203 1740 institutos.
3251 1689 3396 1741 Num
3446 1705 3577 1739 vero

1882 1782 2187 1847 propterea
2239 1782 2471 1829 caateras
2554 1775 2612 1827 in
2663 1775 2798 1828 orbe
2846 1780 2967 1828 toto
3026 1775 3231 1830 Christi
3307 1777 3575 1830 Ecclesias

1882 1865 2055 1934 longe
2101 1864 2267 1918 aliter
2315 1865 2607 1933 degentes,
2661 1879 2761 1916 sua
2809 1864 3215 1916 communione
3263 1865 3573 1933 privarant,

1884 1954 1970 2007 vel
2002 1953 2061 2006 in
2093 1969 2224 2006 suos
2252 1952 2396 2004 ritus
2444 1967 2724 2021 suamque
2769 1952 3244 2004 consuetudinem
3298 1957 3576 2005 transmu-

1882 2046 2002 2095 tare
2034 2040 2399 2111 gestiebant?
2453 2041 2737 2093 Noverant
2789 2039 2941 2093 enim
2991 2040 3298 2110 unicuique
3331 2057 3445 2093 non
3486 2058 3575 2094 so-

1882 2131 2002 2183 lum
2049 2129 2372 2193 hominum,
2424 2145 2619 2181 verum
2675 2127 2849 2181 etiam
2899 2128 3157 2182 Ecclesia:
3215 2128 3402 2181 datam
3456 2145 3578 2180 esse

1882 2218 2124 2289 gratiam
2164 2218 2477 2271 secundum
2502 2232 2829 2269 mensuram
2855 2216 3178 2269 donationis
3200 2215 3406 2270 Christi
3435 2236 3449 2282 ;
3476 2233 3579 2269 nec

1883 2316 2077 2363 tamen
2124 2306 2237 2372 isti,
2289 2306 2423 2375 quia
2470 2305 2881 2358 continentiam
2933 2306 3089 2358 velut
3136 2304 3576 2358 fundamentum

1883 2396 2172 2465 quoddam
2232 2395 2418 2465 primo
2474 2395 2913 2447 consecrandam
2981 2392 3412 2459 constituerant,
3474 2408 3577 2446 nu-

1882 2485 2028 2555 ptias
2054 2484 2543 2538 condemnabant:
2596 2482 2704 2536 nisi
2750 2482 2892 2537 forte
2929 2481 3245 2551 putandum
3290 2481 3440 2551 apud
3482 2498 3577 2533 eos

1882 2574 2180 2644 episcopos
2229 2578 2400 2642 atque
2449 2571 2813 2641 presbyteros
2877 2587 3079 2624 uxores
3126 2570 3374 2636 duxisse,
3425 2571 3575 2640 apud

1883 2680 2025 2733 quos
2055 2667 2279 2715 constat
2316 2661 2467 2730 ipsos
2512 2659 2684 2713 etiam
2740 2659 2911 2712 laicos
2953 2658 3166 2728 nuptiis
3210 2658 3570 2711 abstinuisse.

1880 2753 1988 2807 Sed
2018 2767 2203 2822 neque
2256 2749 2619 2820 prandebant
2657 2747 2815 2802 omni
2866 2748 3128 2809 Sabbato,
3171 2764 3313 2818 quos
3358 2752 3578 2801 constat

1884 2854 2063 2911 usque
2113 2838 2177 2892 ad
2211 2852 2508 2907 vesperam
2558 2834 2891 2889 continuata
2939 2835 3267 2904 perduxisse
3311 2834 3572 2904 jejunia;

1882 2927 2275 2998 plurimosque
2319 2926 2546 2979 illorum
2597 2923 2656 2978 in
2704 2923 2875 2977 tertia
2920 2923 3005 2977 vel
3055 2928 3209 2975 sexta
3261 2921 3352 2976 die
3383 2921 3609 2975 cibum.

1880 3015 2107 3086 corpori
2137 3015 2223 3068 vix
2250 3013 2580 3083 praebuisse.

1954 3104 2191 3157 Videant
2220 3103 2395 3172 igitur
2425 3102 2748 3155 Graecorum
2772 3099 3077 3169 sapientes,
3108 3098 3191 3150 vel
3215 3102 3394 3151 certes
3415 3097 3573 3167 prin-

1880 3192 2053 3262 cipes,
2090 3208 2263 3261 quam
2287 3191 2443 3260 juste
2470 3188 2899 3259 reprehendant
2921 3189 3209 3242 Romanos
3240 3187 3296 3239 in
3327 3186 3574 3241 Sabbato

1873 3279 2220 3350 jejunantes.
2258 3280 2401 3347 Ergo
2442 3276 2865 3346 reprehendant
2910 3282 2966 3328 et
3012 3275 3146 3328 istos
3177 3274 3337 3328 omni
3366 3273 3456 3327 die
3482 3273 3574 3343 je-

1873 3370 2191 3439 junantes;
2238 3366 2664 3436 reprehendant
2712 3365 2881 3418 etiam
2932 3368 3110 3417 totam
3158 3362 3573 3417 hebdomadam

1871 3457 2098 3527 jejunio
2130 3455 2552 3509 continuantes.
2588 3453 2749 3517 Quod
2784 3452 2917 3522 quia
2950 3452 3187 3505 stultum
3235 3467 3356 3503 esse
3386 3449 3573 3503 cerni-

1880 3551 1991 3609 tur,
2025 3560 2090 3598 ex
2127 3544 2235 3597 hoc
2263 3542 2464 3595 saltem
2498 3542 2665 3594 velim
2714 3542 2796 3593 vel
2836 3540 3260 3610 imprudentiae,
3312 3540 3397 3591 vel
3431 3537 3572 3590 levi-

1879 3634 2010 3687 tatis
2057 3649 2173 3686 suae
2232 3631 2580 3702 perspiciant
2628 3645 2903 3696 errorem,
2957 3635 3014 3681 et
3067 3628 3331 3680 studeant
3380 3626 3573 3695 potius

1878 3721 2103 3774 virtutis
2132 3720 2445 3773 imitatores
2478 3718 2738 3782 existere,
2773 3733 2944 3787 quam
2981 3714 3377 3785 jejunantibus
3405 3714 3569 3767 dero-

1878 3825 2032 3879 gare.
2068 3811 2185 3864 Non
2230 3810 2392 3872 enim,
2426 3807 2505 3859 ait
2542 3807 2867 3876 Apostolus,
2914 3820 3158 3871 regnum,
3207 3805 3311 3856 Dei
3349 3806 3427 3856 est
3454 3817 3572 3855 esca

1878 3903 1929 3952 et
1974 3902 2152 3966 potus,
2198 3896 2293 3949 scd
2329 3896 2553 3963 justitia
2579 3899 2628 3947 et
2657 3896 2832 3961 pietas
2861 3895 3034 3960 (Rom.
3069 3908 3180 3957 xiv,
3223 3894 3324 3955 l7).
3357 3890 3420 3943 Et
3451 3889 3570 3942 Sal-

1882 3990 2038 4040 vator
2062 3984 2355 4037 diabolum
2400 3998 2514 4035 non
2552 3982 2911 4051 prandendo,
2944 3980 3037 4033 sed
3082 3978 3402 4049 jejunando
3440 3975 3574 4029 vicit

1882 4075 2094 4143 (Matth.
2125 4073 2219 4142 1v).
2256 4072 2366 4126 Nec
2396 4088 2510 4125 suae
2540 4069 3013 4124 consuetudinem
3046 4066 3341 4136 religionis
3372 4081 3574 4120 omnes

1880 4161 2088 4217 Christi
2144 4162 2320 4214 velint
2368 4160 2637 4214 Ecclesias
2682 4167 2874 4211 tenere
2917 4174 2929 4222 ;
2982 4173 3110 4210 cum
3174 4156 3408 4210 videant
3454 4160 3569 4207 tam

1879 4252 2265 4320 apostolorum
2294 4248 2669 4317 temporibus,
2699 4262 2872 4316 quam
2902 4246 3313 4316 discipulorum
3349 4258 3570 4305 eorum,

1879 4339 2128 4392 diversas
2158 4337 2625 4390 observationum
2662 4334 3049 4388 institutiones
3091 4332 3301 4398 fuisse;
3345 4347 3448 4385 nec
3496 4336 3575 4383 ta-

62 4428 283 4492 tempus
330 4423 477 4475 lucis
507 4439 637 4474 cum
689 4423 1067 4493 philosophiae
1117 4423 1337 4488 studiis,
1390 4439 1585 4476 curam
1639 4439 1771 4476 vero
1813 4420 1855 4473 D
1886 4442 2013 4478 men
2054 4425 2165 4479 lide
2195 4424 2466 4488 diversos,
2513 4423 2645 4476 licet
2689 4421 3050 4475 observantia
3104 4420 3361 4491 dispares
3405 4419 3575 4472 exsti-

66 4513 317 4579 corporis
350 4527 485 4563 cum
522 4515 687 4563 nocte
715 4511 1011 4563 sociantes.
1069 4510 1337 4563 Nonnulli
1365 4515 1557 4563 autem
1601 4511 1772 4563 etiam

66 4606 181 4666 post
223 4599 502 4652 triduum
544 4598 602 4650 in
650 4598 1119 4651 communionem
1169 4599 1407 4652 veniunt
1452 4598 1584 4664 cibi,
1630 4615 1775 4669 quos

66 4686 273 4739 scilicet
309 4687 553 4739 edacior
593 4686 917 4739 studiorum
952 4686 1130 4739 fames
1161 4690 1446 4755 perurget.
1486 4687 1611 4741 Jam
1640 4701 1774 4739 vero

66 4772 111 4825 hi
144 4775 246 4844 qui
281 4774 349 4827 in
407 4773 834 4827 eruditionibus
864 4774 1182 4844 sapientiae,
1225 4780 1282 4826 et
1312 4775 1370 4826 in
1403 4774 1776 4845 profundiore

64 4862 455 4933 intelligentia
488 4879 784 4916 sacrorum
808 4863 1622 4931 voluminumconversantur,
1657 4868 1779 4916 tan-

63 4966 225 5019 quam
260 4951 527 5021 copiosis
558 4951 805 5020 dapibus
855 4951 1166 5014 inhiantas,
1218 4951 1431 5021 expleri
1462 4958 1775 5021 nequeunt,

64 5044 107 5089 et
132 5038 483 5093 conmendo
515 5039 706 5091 acrius
742 5039 1198 5102 inﬂammantur,
1232 5039 1308 5092 ita
1336 5046 1396 5092 ut
1436 5056 1541 5094 nec
1573 5046 1778 5109 quarto

60 5128 187 5195 μω,
222 5145 339 5182 nec
375 5128 608 5197 quinto,
648 5127 745 5180 sed
778 5134 934 5180 sexto
968 5128 1058 5180 die
1092 5127 1347 5193 demum,
1383 5144 1495 5181 non
1527 5134 1644 5182 tam
1676 5129 1779 5183 de-

128 5329 149 5351 ⁸
194 5321 401 5374 Primo
450 5322 717 5373 omnium.
768 5320 867 5372 Hic
906 5320 1292 5373 necessarium
1346 5320 1615 5374 duximus
1658 5336 1781 5374 mo-

75 5406 213 5455 aere,
266 5393 670 5445 Hatramnum
717 5390 941 5443 Eusebii
998 5391 1172 5443 tidem
1224 5395 1499 5457 secutum,
1548 5392 1626 5445 ita
1656 5408 1784 5461 quae

75 5462 154 5513 ille
200 5462 606 5530 exscripserat
639 5477 669 5513 e
718 5460 954 5513 Philone
1005 5462 1311 5530 accepisse,
1364 5476 1427 5513 ac
1476 5461 1521 5513 si
1569 5460 1783 5514 nemini

76 5532 302 5587 dubium
342 5549 474 5586 esse
502 5537 703 5602 posset
728 5530 865 5601 quin
906 5531 1011 5584 viri
1032 5532 1115 5584 illi
1138 5547 1383 5601 quorum
1409 5547 1595 5585 mores
1623 5532 1784 5585 Philo

74 5603 349 5671 depinxit,
389 5604 544 5656 inter
590 5602 951 5656 Christianos
1003 5608 1392 5656 censerentur.
1445 5602 1605 5665 Quod
1658 5618 1785 5671 pro-

76 5674 204 5727 fecto
237 5691 366 5729 non
403 5675 484 5727 ita
535 5690 668 5727 esse
712 5678 924 5725 norunt
955 5688 1173 5737 omnes,
1218 5673 1316 5744 qui
1367 5673 1445 5726 rei
1492 5673 1786 5727 litterariae

1878 4513 2073 4568 terint.

2556 4600 2781 4654 CAPUT
2833 4599 2899 4651 ll.

1882 4709 2015 4761 Item
2062 4707 2127 4759 de
2171 4707 2400 4759 diversis
2451 4706 2707 4758 Ecclesiae
2756 4701 3251 4757 consuetudinibus.
3301 4700 3575 4766 Jejunium

1956 4777 2430 4847 quadragesimale
2490 4775 2847 4847 diversimﬁode
2898 4775 3025 4847 oliui
3076 4771 3417 4847 celebratum,
3478 4784 3571 4847 ra-

1956 4840 2445 4902 riorum'ciborum
2515 4861 2662 4899 usus.
2735 4846 2889 4898 Ritus
2960 4843 3180 4894 diversi.
3241 4842 3377 4906 Quot
3441 4840 3575 4891 olim

1957 4919 2107 4987 apud
2135 4918 2345 4971 Judasos
2374 4922 2543 4969 sectae.

1959 5040 2164 5095 Scribit
2210 5037 2512 5108 Apostolus
2565 5033 3209 5089 Thessalonicensibus:
3266 5036 3368 5088 Vos
3412 5036 3573 5098 enim,

1889 5129 2097 5199 inquit,
2132 5130 2430 5181 imitatores
2457 5127 2597 5190 facti
2624 5127 2771 5189 estis,
2803 5125 3028 5189 fratres,
3062 5124 3427 5177 Ecclesiarum
3479 5124 3578 5174 Dei

1891 5336 2123 5389 operam
2157 5320 2313 5373 dant.
2347 5319 2685 5387 Quanquam
2718 5317 2873 5389 enim
2921 5316 3160 5371 Eusebio
3200 5316 3407 5389 deinde
3452 5315 3580 5389 asti-

1893 5386 2068 5462 pulati
2112 5392 2227 5443 sint
2267 5391 2374 5443 viri
2415 5395 2470 5442 et
2515 5386 2843 5462 superioris
2877 5394 2936 5462 et
2961 5386 3429 5462 _nostrie__zetatis
3459 5388 3579 5462 _do-

1892 5457 2146 5525 ctissimi,
2180 5478 2295 5514 non
2324 5475 2535 5531 paucos
2554 5458 2718 5513 video
2751 5459 2850 5531 qui
2874 5459 2931 5513 in
2959 5458 3122 5513 lcetis
3143 5457 3580 5531 illis‘nihildum

1892 5532 2107 5595 vident,
2141 5532 2291 5602 quod
2324 5527 2683 5586 Christianos
2716 5527 2904 5602 potius
2955 5545 3128 5602 quam
3174 5527 3398 5602 Judaeos
3429 5527 3579 5602 indi-

1895 5609 2001 5666 cet,
2051 5608 2107 5654 et
2159 5597 2317 5655 litem
2350 5602 2533 5655 adhuc
2572 5616 2693 5653 esse
2718 5597 2853 5654 _sub
2900 5597 3093 5670 judice
3135 5614 3252 5651 non
3294 5597 3581 5651 immerito

1896 5674 2121 5729 dixeris.
