3890 6230
293 399 391 449 307

1447 396 1804 451 RATBAMNI
1844 395 2305 451 CORBEIENSIS
2347 392 2656 449 MONACHI

2229 396 2305 449 ilS
2347 392 2656 449 MONACHI
3684 399 3765 449 308

292 546 412 599 quae
440 534 567 583 sunt
607 533 666 583 in
703 530 894 583 Judwa
940 534 999 584 in
1043 531 1259 587 Christo
1304 534 1430 586 Jesu
1479 535 1540 602 (Ι
1572 534 1724 587 Thes.
1780 550 1834 598 ιι,
1882 534 1981 599 li).
2024 532 2070 584 A
2099 532 2477 586 Sabbatorum
2510 547 2611 601 per
2639 531 2894 602 singulas
2945 530 3333 585 hebdomadas
3380 530 3658 585 sacriﬁcia
3696 548 3768 585 ce-

290 620 402 674 Ista
442 620 635 673 dicens
685 620 935 674 ostendit
987 620 1158 675 etiam
1209 622 1478 675 Ecclesias
1527 624 1877 677 credentium
1917 624 1985 677 de

292 709 560 779 gentibus
606 726 721 762 non
770 710 1027 780 ejusdem
1085 726 1204 764 esse
1248 712 1489 779 virtutis,
1532 729 1727 765 verum
1779 713 1987 766 diversi

292 797 569 864 muneris,
616 814 679 850 ac
710 813 814 867 per
848 798 952 851 hoc
982 798 1219 851 diversae
1264 816 1494 870 quoque
1533 800 1983 854 consuetudinis.

294 888 456 950 Quod
489 886 662 940 etiam
692 887 892 940 beatus
948 887 1324 957 Hieronymus
1359 889 1416 940 in
1448 890 1689 958 Prologo
1721 890 1988 957 epistola-

294 990 425 1027 rum
474 974 637 1028 Pauli
701 979 958 1041 testatur,
1037 976 1261 1029 dicens:
1319 977 1442 1030 Non
1491 993 1582 1030 eas
1619 977 1877 1031 ordinem
1926 983 1990 1032 ut

298 1062 527 1132 scriptae
548 1068 699 1128 sunt,
734 1065 829 1117 sed
878 1064 1184 1134 quemdam
1216 1065 1498 1135 graduum
1549 1072 1741 1120 tenere
1788 1083 1989 1136 prove-

297 1157 492 1216 ctum;
530 1156 589 1204 ut
634 1153 887 1221 primum
938 1154 1124 1206 locum
1169 1154 1427 1224 epistolae
1472 1155 1825 1222 contineant,
1860 1172 1990 1225 quae

298 1239 487 1293 missze
516 1240 744 1294 fuerant
779 1241 847 1294 ad
871 1242 1164 1307 Ecclesias,
1199 1242 1406 1312 quibus
1459 1242 1645 1296 minor
1694 1243 1993 1296 observan-

299 1328 394 1381 tiae
426 1328 681 1382 doctrina
713 1330 797 1381 vel
826 1329 999 1383 virtus
1030 1330 1232 1384 inerat.
1282 1331 1525 1384 Medium
1558 1349 1691 1384 vero
1737 1338 1989 1396 teneant,

300 1432 432 1485 quas
466 1416 649 1469 missae
680 1417 906 1471 fuerant
955 1418 1044 1470 his
1074 1436 1203 1489 quae
1245 1422 1362 1489 jam
1414 1420 1483 1472 ab
1524 1420 1702 1473 initiis
1747 1436 1992 1474 recesse-

300 1511 448 1571 rant,
494 1506 733 1559 necdum
788 1512 981 1560 tamen
1032 1509 1398 1577 perfectionis
1459 1511 1687 1563 culmen
1737 1509 1992 1563 obtinue-

301 1599 449 1646 rant.
480 1595 756 1647 Ultimum
787 1612 942 1661 vero,
968 1610 1096 1665 quae
1128 1597 1310 1650 missa:
1354 1599 1582 1652 fuerant
1629 1597 1995 1667 perfectionis

301 1682 544 1750 gradum
568 1683 978 1751 obtinentibus,
1004 1701 1131 1754 quae
1150 1691 1266 1738 tam
1289 1686 1540 1741 scientia:
1574 1703 1747 1757 quam
1774 1687 1997 1740 virtutis

303 1770 615 1824 eminentia
646 1774 1080 1841 praepollebant,
1108 1780 1169 1828 ut
1196 1775 1346 1828 infra
1377 1793 1434 1829 se
1471 1777 1703 1844 multos,
1737 1792 1908 1845 supra
1939 1793 1995 1829 se

302 1874 437 1911 vero
471 1860 660 1913 nullos
690 1861 987 1915 haberent.
1022 1864 1182 1926 Quod
1220 1864 1375 1917 enim
1406 1865 1463 1916 in
1510 1865 1597 1918 his
1627 1870 1995 1932 monstratur,

306 1946 415 1999 nisi
463 1964 706 2017 quarum
757 1954 876 2003 erat
932 1950 1255 2005 differentia
1305 1952 1364 2005 in
1404 1952 1638 2006 scientia
1684 1959 1740 2006 et
1788 1954 1996 2006 virtute

306 2031 709 2100 Ecclesiarum,
735 2050 932 2087 earum
961 2051 1190 2105 quoque
1223 2053 1337 2093 non
1366 2037 1563 2091 eadem
1587 2043 1733 2091 esset
1764 2055 1998 2091 consue-

304 2120 442 2173 tudo
498 2121 815 2188 religionis.
866 2124 1159 2193 Siquidem
1207 2126 1373 2195 longe
1423 2126 1587 2180 aliter
1630 2144 1686 2179 se
1726 2128 2001 2197 gerebant

306 2208 405 2277 qui
434 2208 839 2279 Hierosolymis
867 2212 1094 2265 fuerant
1140 2214 1522 2267 communiter
1550 2214 1821 2280 viventes,
1856 2220 1911 2268 et
1941 2216 2001 2268 in

303 2297 546 2350 factione
597 2300 761 2367 panis
791 2300 1303 2368 communicantes,
1347 2308 1403 2356 et
1452 2304 1708 2356 oratione
1739 2320 1998 2373 perseve—

304 2392 513 2453 rantes,
549 2386 687 2441 nihil
720 2389 1024 2459 proprium
1055 2390 1411 2459 possidentes
1438 2408 1449 2444 :
1483 2396 1653 2461 atque
1686 2394 1854 2462 longe
1896 2391 2000 2445 ali-

303 2480 409 2541 ter,
445 2475 543 2545 qui
576 2492 676 2529 sua
707 2493 834 2546 quae
880 2478 1258 2546 possederant
1304 2480 1635 2545 retinentes,
1686 2482 1999 2534 secundum

307 2562 550 2651 gratiam
582 2564 690 2616 sibi
713 2565 982 2619 divinitus
1005 2566 1353 2636 impertitam
1382 2569 1749 2638 Evangelium
1774 2569 1998 2651 Christi,

306 2649 439 2715 vita,
494 2651 769 2717 moribus,
833 2657 888 2705 et
928 2654 1040 2706 fide
1108 2656 1607 2710 commendabant.
1661 2658 1812 2710 Inter
1857 2649 2001 2727 quos

307 2738 622 2805 plurimum
669 2741 890 2793 extollit
936 2744 1243 2810 Apostolus
1283 2744 1826 2807 Thessalonicenses,
1882 2745 2001 2815 qui-

309 2826 414 2879 bus
440 2827 714 2880 donatum
745 2834 828 2882 est
860 2835 920 2883 ut
949 2831 1149 2884 eadem
1181 2837 1513 2901 paterentur
1536 2851 1567 2886 a
1588 2833 2001 2887 contribulibus

310 2913 445 2980 suis,
480 2930 607 2983 quae
638 2915 788 2984 passi
840 2921 973 2970 sunt
1017 2924 1075 2971 et
1121 2919 1178 2972 hi
1215 2920 1315 2989 qui
1364 2921 1767 2991 Hierosolymis
1808 2938 1997 2975 mora—

309 3001 518 3053 bantur
548 3019 579 3054 a
606 3002 835 3056 Judazis.

2096 621 2408 686 lebrentur,
2444 621 2550 673 hoc
2576 621 2633 673 in
2660 620 3003 674 Alexandria
3023 625 3079 673 et
3108 620 3289 675 Roma
3319 620 3579 690 quadam
3612 620 3771 689 prisca

2095 709 2401 762 traditione
2470 725 2586 762 non
2649 709 2886 762 faciunt.
2940 709 3183 778 A-Igyptii
3248 724 3383 762 vero
3432 709 3770 764 Alexandria:

2096 798 2287 862 vicini,
2337 804 2394 850 et
2437 797 2738 851 Thebaidis
2804 797 3166 861 lmlvilatores,
3243 797 3487 851 Sabbato
3564 798 3771 867 quidem

2098 886 2361 939 collectas
2390 890 2589 956 agunt,
2625 886 2724 940 sed
2755 902 2872 939 non
2904 888 3049 939 sicut
3095 885 3272 939 moris
3321 891 3406 939 est
3440 891 3774 939 sacramenta

2097 974 2457 1044 percipiunt:
2494 989 2626 1026 nam
2674 978 2983 1043 postquam
3030 973 3242 1027 fuerint
3272 972 3511 1043 epulati,
3559 978 3613 1026 et
3656 973 3774 1025 cibis

2099 1063 2366 1115 omnibus
2414 1061 2732 1132 adimpleti,
2778 1062 2926 1115 circa
2967 1078 3262 1131 vesperam
3310 1061 3606 1115 oblatione
3651 1060 3777 1114 facta

2100 1151 2548 1205 communicant.
2581 1152 2797 1205 Rursus
2844 1156 3041 1205 autem
3092 1151 3152 1204 in
3199 1149 3550 1204 Alexandria
3599 1155 3779 1219 quarta

2101 1244 2157 1294 et
2186 1246 2342 1294 sexta
2382 1241 2525 1293 feria
2579 1240 2886 1309 Scriptura;
2939 1240 3229 1308 leguntur,
3284 1255 3495 1308 easque
3540 1239 3779 1291 doctores

2102 1330 2590 1399 interpretantur;
2651 1334 2707 1381 et
2765 1328 2961 1381 omnia
3009 1329 3155 1381 tiunt
3222 1335 3431 1398 praeter
3479 1328 3778 1380 solemnem

2103 1417 2373 1471 orationis
2406 1433 2648 1471 morem.
2685 1438 2711 1465 ››
2745 1417 2885 1469 Item
2932 1417 3117 1470 infra:
3152 1438 3178 1464 «
3209 1417 3271 1469 In
3313 1416 3512 1470 eadem
3561 1415 3782 1468 Alexan-

2104 1507 2227 1560 dria
2255 1508 2520 1571 lectores,
2564 1510 2619 1558 et
2648 1506 2853 1575 psalmi
2883 1505 3371 1574 pronuntiatores,
3401 1504 3785 1558 indifferenter

2104 1598 2271 1663 fiunt,
2319 1596 2433 1647 sive
2485 1592 2898 1659 catechumeni,
2963 1595 3080 1647 sive
3120 1594 3240 1662 jam
3288 1592 3622 1657 Christiani,
3663 1592 3783 1645 dum

2106 1701 2304 1738 omnes
2334 1684 2595 1737 Ecclesiae
2621 1683 2740 1752 jam
2781 1682 2977 1736 ﬁdeles
3018 1682 3077 1735 in
3107 1682 3196 1735 his
3243 1682 3548 1737 ordinibus
3595 1682 3785 1735 habere

2106 1774 2423 1826 videantur.
2460 1774 2577 1841 Ego
2624 1788 2853 1842 quoque
2894 1771 3137 1841 cognovi
3188 1772 3247 1824 in
3288 1773 3586 1826 Thessalia
3634 1772 3784 1825 aliam

2107 1860 2620 1914 consuetudinem:
2659 1860 2798 1913 dum
2848 1859 3084 1930 quidam
3136 1859 3372 1912 clericus
3414 1866 3551 1913 ante
3582 1859 3790 1913 clerica-

2109 1955 2233 2002 tum
2256 1948 2507 2019 legitime
2548 1948 2804 2001 duxisset
2847 1963 3106 2012 uxorem,
3150 1947 3285 2017 quia
3323 1964 3453 2000 cum
3485 1964 3555 2000 ea
3605 1947 3789 2001 mistus

2109 2038 2281 2091 fuerit
2319 2043 2446 2109 post
2473 2038 2823 2101 clericatum,
2849 2036 3141 2089 abdicatus
3162 2040 3245 2089 est
3270 2055 3284 2101 ;
3314 2036 3449 2089 dum
3484 2036 3545 2088 in
3576 2036 3791 2091 Oriente

2108 2126 2297 2179 cuncti
2331 2132 2645 2195 spontanee
2680 2125 2986 2190 voluntate,
3010 2130 3067 2177 et
3086 2141 3203 2177 non
3234 2124 3421 2195 aliqua
3444 2125 3789 2184 necessitate,

2110 2216 2284 2268 etiam
2316 2214 2566 2285 episcopi
2616 2215 2950 2284 semetipsos
2995 2213 3339 2267 abstineant.
3376 2212 3624 2266 Plurimi
3654 2212 3795 2265 enim

2110 2320 2307 2357 eorum
2339 2304 2511 2356 etiam
2542 2303 2901 2373 episcopatus
2945 2308 3203 2371 tempore
3235 2318 3298 2355 ex
3340 2302 3605 2371 legitima
3636 2316 3793 2353 uxore

2110 2393 2282 2445 etiam
2315 2393 2459 2445 filios
2488 2392 2829 2445 habuerunt.
2866 2393 2979 2446 Hoc
3011 2407 3239 2462 quoque
3270 2391 3331 2444 in
3359 2391 3657 2444 Thessalia
3685 2405 3792 2443 ser-

2109 2482 2229 2534 vari
2257 2481 2515 2551 cognovi,
2565 2481 2838 2551 quoniam
2885 2481 3036 2550 apud
3080 2498 3176 2533 eos
3227 2480 3282 2533 in
3332 2480 3531 2534 diebus
3577 2479 3795 2533 Pascha:

2110 2570 2506 2624 tantummodo
2554 2569 2922 2638 baptizatur:
2971 2576 3323 2639 quapropter
3384 2568 3626 2637 plurimi
3688 2568 3796 2620 sine

2108 2660 2447 2729 baptismate
2492 2658 2834 2712 moriuntur.
2870 2659 2934 2711 In
2985 2658 3288 2712 Antiochia
3319 2674 3450 2711 vero
3500 2657 3683 2728 Syrias
3723 2657 3797 2709 al-

2111 2756 2231 2803 tare
2262 2765 2376 2802 non
2419 2748 2488 2801 ad
2521 2747 2813 2801 Orientem
2866 2747 3145 2811 Ecclesiae,
3181 2747 3279 2800 sed
3329 2747 3511 2816 magis
3540 2748 3619 2800 ad
3652 2745 3799 2802 Occi-

2112 2839 2339 2892 dentem
2380 2838 2610 2891 habent.
2648 2838 2709 2891 ln
2760 2836 3012 2902 Hellada,
3071 2835 3497 2906 Hierosolymis,
3544 2841 3607 2888 et
3646 2836 3802 2889 Thes-

2110 2926 2250 2978 salia
2280 2927 2350 2979 ad
2383 2930 2611 2994 tempus
2639 2925 3029 2994 vespertinum
3060 2924 3346 2977 orationes
3377 2924 3596 2976 similes
3629 2924 3800 2977 Nova-

2109 3016 2276 3069 tianis
2306 3014 2862 3083 Constantinopolim
2888 3012 3225 3082 degentibus
3257 3012 3488 3065 habent.
3525 3012 3589 3065 In
3623 3012 3802 3065 Caesa-

381 3090 459 3142 De
508 3090 944 3185 varia-quoque
1003 3095 1381 3149 Ecclesiarum
1442 3098 1857 3151 consuetudine
1904 3097 1995 3151 So-
2040 3126 2080 3179 ρ
2113 3120 2205 3156 rea
2237 3102 2629 3173 Cappadociae,
2663 3107 2719 3155 et
2744 3103 2950 3171 Cypro,
2996 3101 3087 3185 die
3135 3100 3368 3154 Sabbati
3418 3105 3473 3152 et
3511 3100 3801 3153 Dominico

308 3182 490 3230 crates
522 3178 583 3231 in
629 3179 872 3234 Historia
912 3183 1290 3237 ecclesiastica
1334 3186 1447 3255 (lib.
1504 3203 1558 3247 v,
1604 3203 1722 3254 cap.
1782 3189 1875 3255 21)
1923 3186 2002 3238 sic

310 3266 602 3335 loquitur:
634 3289 661 3316 ‹‹
684 3268 844 3331 Quod
876 3287 1009 3323 vero
1042 3288 1111 3325 ex
1145 3274 1555 3328 consuetudine
1606 3276 1853 3345 quadam
1902 3294 2004 3345 per

308 3355 630 3422 provincias
692 3358 1010 3412 celebratur
1073 3362 1303 3427 Pascha,
1373 3362 1504 3416 hinc
1566 3364 1786 3418 aestimo
1852 3368 2003 3437 quod

310 3444 469 3497 nulla
502 3444 704 3516 religio
744 3448 971 3501 easdem
1018 3449 1279 3504 videatur
1326 3468 1549 3506 servare
1594 3455 2000 3509 solemnitates.

316 3532 454 3586 Nam
485 3549 611 3587 cum
649 3535 818 3589 unius
848 3536 962 3590 sint
991 3538 1147 3605 fidei,
1181 3541 1430 3609 plurima
1460 3546 1651 3595 tamen
1691 3544 2007 3613 disponunt

312 3621 457 3674 circa
497 3624 711 3677 Pascha
766 3625 1059 3696 legitima;
1131 3630 1282 3683 unde
1331 3646 1513 3700 pauca
1563 3631 1801 3686 dicenda
1851 3638 1999 3686 sunt.

313 3710 453 3764 Nam
484 3711 545 3765 in
573 3712 712 3782 ipsis
741 3714 977 3784 jejuniis
1002 3716 1168 3772 aliter
1198 3720 1346 3789 apud
1380 3720 1522 3773 alios
1557 3722 1778 3774 invenis
1818 3721 2008 3776 obser-

310 3798 466 3854 vari:
518 3801 760 3856 Romani
807 3806 963 3858 enim
1029 3823 1123 3859 sex
1174 3815 1304 3861 ante
1370 3810 1583 3862 Pascha
1633 3811 2001 3880 septimanas,

307 3894 515 3956 praeter
558 3891 931 3959 Dominicam,
965 3896 1069 3948 sub
1092 3897 1524 3951 continuatione
1551 3900 1836 3968 jejunant.
1872 3901 2004 3969 Illy‘

308 3976 409 4029 rici
439 3993 571 4031 vero
618 3986 675 4033 et
712 3986 826 4035 tota
863 3984 1066 4049 Hellas,
1118 3985 1461 4039 Alexandria
1492 4004 1720 4057 quoque
1752 3994 1882 4042 ante
1909 4004 2003 4042 sex

310 4064 656 4133 septimanas
679 4068 984 4136 jejunant;
1039 4088 1218 4140 eaque
1243 4074 1466 4143 jejunia
1497 4075 2004 4145 Quadragesimam

308 4158 533 4206 vocant.
580 4155 693 4208 Alii
742 4172 873 4209 vero
939 4164 1066 4212 ante
1126 4168 1344 4229 septem
1404 4164 1616 4217 Pascha
1660 4165 2005 4233 septimanas

303 4239 661 4309 jejuniorum
694 4243 879 4298 facere
910 4253 1223 4301 nascuntur
1251 4250 1431 4306 initia.
1466 4274 1493 4300 ››
1531 4253 1593 4305 Et
1630 4258 1761 4321 post
1784 4269 2001 4322 pauca:

314 4350 341 4375 ‹‹
372 4329 480 4383 Sed
523 4330 695 4384 etiam
743 4333 998 4388 ciborum
1030 4337 1432 4392 abstinentiam
1482 4356 1597 4392 non
1637 4340 1883 4394 similem
1911 4342 2005 4394 ha-

309 4416 482 4469 bent:
518 4433 647 4471 nam
681 4419 778 4472 alii
825 4422 1058 4475 omnino
1107 4426 1177 4477 ab
1228 4427 1490 4480 animatis
1534 4429 1876 4495 observant;
1909 4430 2002 4483 alii

309 4505 691 4561 animantium
741 4510 924 4579 pisces
976 4514 1332 4568 solummodo
1380 4518 1721 4583 comedunt;
1769 4518 2004 4587 quidam

308 4610 436 4647 cum
470 4596 721 4664 piscibus
770 4606 1074 4653 vescuntur
1118 4609 1173 4655 et
1202 4604 1545 4669 volatilibus,
1588 4606 1840 4659 dicentes
1885 4608 2005 4660 haec

308 4682 619 4736 secundum
660 4684 889 4755 Moysen
922 4703 985 4740 ex
1018 4704 1165 4758 aqua
1207 4690 1420 4744 habere
1459 4692 1830 4745 substantiam
1859 4712 1874 4760 ;
1908 4694 2003 4747 alii

308 4786 440 4823 vero
491 4772 660 4825 etiam
705 4775 964 4828 caulibus
1012 4783 1067 4830 et
1128 4779 1246 4831 ovis
1312 4780 1591 4834 abstinere
1649 4788 2000 4835 noscuntur:

306 4859 538 4926 quidam
580 4862 726 4915 sicco
773 4869 997 4918 tantum
1058 4883 1204 4935 pane
1254 4874 1601 4937 vescuntur;
1672 4871 1769 4923 alii
1815 4887 2002 4940 neque

306 4944 447 4997 hos:
514 4947 612 5000 alii
685 4965 865 5018 usque
932 4966 1144 5003 nonam
1193 4953 1524 5022 jejununtes
1600 4956 1819 5022 horam,
1880 4958 2001 5009 sine

305 5032 648 5088 discretione
707 5037 965 5092 ciborum
1022 5040 1380 5094 reficiuntur.
1442 5044 1506 5097 Et
1552 5044 2002 5098 innumerabiles

306 5125 751 5178 consuetudines
793 5128 945 5196 apud
1010 5129 1263 5183 diversos
1320 5131 1709 5186 inveniuntur.
1764 5134 1829 5186 Et
1868 5134 2001 5203 quia

306 5210 463 5264 nulla
503 5212 670 5265 lectio
698 5230 765 5266 ex
805 5215 908 5268 hoc
958 5217 1248 5271 invenitur
1282 5222 1539 5291 antiqua,
1588 5228 1728 5290 puto
1778 5228 2001 5292 aposto-

306 5296 389 5349 los
426 5296 785 5366 singulorum
836 5301 942 5354 hoc
989 5304 1286 5374 reliquisse
1340 5308 1659 5374 sententiae,
1716 5313 1781 5363 ut
1828 5326 1999 5363 unus-

306 5384 548 5454 quisque
575 5394 848 5455 operetur
894 5406 1010 5444 non
1056 5393 1282 5461 timore,
1310 5412 1423 5449 non
1455 5399 1813 5465 necessitate,
1844 5399 1997 5469 quod

305 5472 517 5527 bonum
569 5480 673 5528 est.
723 5476 830 5531 Sed
879 5479 1050 5534 etiam
1096 5482 1243 5536 circa
1295 5484 1683 5539 celebritatem
1740 5488 1999 5540 collecta-

301 5577 431 5617 l'um
481 5564 747 5633 quendam
796 5567 1094 5623 diversitas
1163 5572 1467 5626 invenitur.
1521 5574 1661 5627 Nam
1701 5575 1837 5629 dum
1893 5591 1998 5644 per

302 5650 573 5706 Ecclesias
604 5652 665 5707 in
700 5655 961 5711 universo
1007 5662 1288 5713 terrarum
1342 5661 1477 5715 orbe
1512 5663 1866 5728 constitutas,
1904 5663 1996 5717 die

2111 3192 2258 3245 circa
2302 3206 2597 3260 vesperam
2628 3206 2755 3243 cum
2799 3189 3131 3242 lucernariis
3169 3188 3420 3259 episcopi
3462 3194 3642 3259 atque
3686 3204 3803 3257 pre-

2114 3280 2319 3349 sbyteri
2350 3278 2671 3348 Scripturas
2717 3277 3180 3346 interpretantur.
3212 3278 3273 3330 In
3307 3276 3652 3331 Alexandria
3686 3291 3803 3345 pre-

2114 3369 2307 3437 sbyter
2352 3385 2467 3421 non
2516 3366 2650 3420 facit
2719 3382 3083 3432 sermonem;
3155 3370 3212 3418 et
3255 3365 3377 3419 hazc
3432 3381 3524 3418 res
3577 3365 3804 3417 initium

2113 3457 2327 3525 accepit
2365 3471 2429 3509 ex
2471 3471 2584 3524 quo
2616 3454 2781 3507 Arius
2820 3453 3129 3506 Ecclesiam
3175 3453 3557 3506 conturbavit.
3612 3453 3807 3505 Roma:

2115 3545 2357 3598 Sabbata
2394 3544 2656 3596 universa
2696 3542 2981 3612 jejunant.
3024 3542 3086 3595 In
3135 3543 3387 3595 Caesarea
3432 3541 3806 3611 Cappodociae

2114 3649 2212 3685 eos
2239 3632 2335 3701 qui
2393 3636 2522 3700 post
2568 3631 2851 3699 baptisma
2909 3630 3271 3700 delinquunt,
3317 3646 3350 3682 a
3395 3629 3811 3683 communione

2113 3721 2485 3790 suspendunt.
2521 3718 2821 3773 Novatiani
2869 3720 3015 3773 circa
3064 3718 3367 3789 Phrygiam
3397 3717 3649 3772 binubos
3700 3735 3810 3771 non

2116 3809 2415 3877 recipiunt.
2453 3807 3006 3876 Constantinopolim
3040 3824 3194 3874 vero,
3222 3824 3407 3877 neque
3434 3813 3634 3876 aperte
3670 3808 3809 3861 reci-

2114 3898 2301 3967 piunt,
2352 3912 2537 3965 neque
2584 3895 2767 3965 palam
2816 3911 3113 3948 removere
3158 3901 3508 3948 noscuntur:
3545 3895 3608 3948 in
3660 3895 3813 3949 occi-

2114 3984 2442 4039 dentalibus
2467 4000 2599 4036 vero
2630 3983 2889 4051 partibus
2920 3989 3111 4053 aperte
3143 3984 3444 4053 recipiunt,
3473 4006 3495 4031 ι

2186 4076 2441 4144 Longum
2474 4072 2571 4126 ﬁet
2601 4072 2646 4126 si
2695 4078 2899 4126 cuncta
2944 4074 3288 4127 voluerimus
3337 4074 3635 4143 colligere,
3685 4093 3815 4146 qua:

2114 4179 2216 4230 per
2244 4162 2516 4216 Ecclesias
2552 4165 2672 4214 toto
2723 4161 2861 4214 orbe
2909 4161 3207 4230 dispositas
3258 4162 3559 4231 multiplex
3619 4165 3816 4217 varie-

2115 4255 2197 4304 tas
2228 4252 2525 4304 observare
2574 4250 2949 4318 dignoscitur,
2998 4251 3084 4303 vel
3137 4251 3451 4320 antiquitus
3480 4251 3818 4305 observasse

2114 4339 2583 4410 deprehenditur.
2634 4338 2742 4392 Sed
2799 4338 3043 4391 sufficiat
3087 4338 3195 4392 ista
3245 4338 3489 4391 breviter
3519 4356 3591 4393 ex
3643 4342 3820 4394 unius

2045 4427 2085 4478 D
2114 4428 2404 4498 scriptoris
2452 4427 2689 4481 historia
2738 4427 3051 4496 collegisse.
3105 4434 3161 4479 et
3208 4428 3313 4480 hoc
3360 4413 3577 4481 Graeci:
3622 4436 3823 4498 quate-

2116 4534 2222 4569 nus
2254 4517 2632 4585 imperatores
2664 4515 2992 4585 intelligant
3019 4517 3347 4570 Grmcorum
3375 4532 3549 4585 quam
3578 4518 3821 4587 injuste,

2115 4622 2287 4674 quam
2355 4604 2619 4673 imperite
2678 4604 2967 4657 Romanos
3023 4604 3386 4674 redarguant,
3456 4606 3616 4674 quod
3686 4623 3825 4659 suas

2114 4693 2552 4747 consuetudines
2594 4708 2697 4761 per
2761 4692 2955 4744 omnia
3016 4708 3134 4745 non
3203 4692 3529 4745 observent.
3595 4694 3823 4763 Cogant

2113 4798 2250 4849 ergo
2316 4781 2648 4834 universum
2713 4780 3088 4834 Ecclesiarum
3158 4780 3365 4834 Christi
3432 4797 3644 4849 corpus
3695 4790 3823 4835 toto

2111 4871 2244 4923 orbe
2278 4870 2545 4923 diffusum
2594 4868 2653 4920 in
2711 4885 2943 4921 suarum
2992 4870 3146 4938 leges
3201 4869 3714 4936 Consuetudinum,
3770 4878 3827 4924 et

2111 4964 2231 5011 tum
2257 4958 2303 5010 si
2351 4959 2542 5010 valent
2578 4957 2865 5009 Romanos
2909 4957 3222 5025 dijudicent
3259 4974 3431 5026 super
3474 4974 3593 5011 suae
3626 4960 3825 5013 varie-

2112 5051 2223 5100 tate
2274 5046 2604 5115 religionis,
2656 5046 2811 5116 quod
2849 5062 2881 5098 a
2914 5046 3553 5115 Constantinopolitana
3598 5047 3824 5101 diversi

2110 5136 2411 5188 videantur
2450 5136 2650 5189 haberi
2700 5136 3135 5188 consuetudine.
3186 5141 3271 5188 An
3320 5145 3472 5187 certe
3520 5135 3824 5191 doctiores

2107 5229 2242 5277 sunt
2272 5225 2562 5294 apostolis,
2595 5231 2696 5278 aut
2743 5241 2811 5278 ex
2862 5224 3229 5293 antiquorum
3272 5223 3516 5278 lectione
3565 5234 3826 5293 possunt

2109 5313 2408 5366 ostendere
2437 5329 2598 5366 suam
2631 5312 2915 5383 potiorem
2956 5314 3077 5365 fore
3127 5313 3383 5365 Romana
3425 5316 3823 5368 consuetudi-

2107 5400 2283 5454 nem?
2341 5400 2847 5470 Historiographus
2900 5400 3186 5470 siquidem
3256 5400 3488 5454 illorum
3537 5407 3820 5473 testatur,

2105 5488 2465 5558 singulorum
2498 5488 2606 5541 hoc
2635 5488 2936 5557 reliquisse
2966 5489 3265 5542 sententiae
3298 5496 3523 5544 sanctos
3564 5498 3821 5561 aposto-

2104 5577 2212 5643 los,
2277 5580 2339 5629 ut
2383 5576 2776 5646 unusquisque
2826 5592 2942 5630 non
2992 5576 3218 5643 timore,
3284 5594 3401 5632 non
3439 5581 3817 5647 necessitate,

2106 5664 2253 5733 quod
2286 5663 2503 5716 bonum
2537 5670 2620 5716 est;
2649 5672 2954 5733 operetur;
2989 5666 3083 5718 sed
3118 5666 3298 5731 magis
3332 5667 3577 5736 propriae
3607 5669 3819 5721 volun-
