3890 6230
116 304 196 355 30'.)
1107 296 1379 353 CONTRA
1422 297 1824 356 GRASCORUM
1865 301 2220 360 OPPOSlTA.
2255 333 2318 342 —
2352 305 2478 358 LIB.
2516 303 2602 357 ιν.

3505 308 3606 359 310

108 438 225 491 tatis
250 436 496 503 judicio.
532 434 830 506 Siquidem
872 449 1001 488 cum
1044 433 1157 488 sint
1194 434 1365 488 unius
1397 451 1596 488 omnes
1638 436 1790 502 fidei,
1834 438 1878 490 A
1910 437 2125 491 tiantur
2158 438 2536 507 imperatores
2568 440 2918 504 Graecorum,
2960 438 3116 509 quod
3162 438 3222 493 in
3272 443 3391 493 toto
3430 441 3605 494 susti-

109 526 312 579 diversa
354 531 558 577 tamen
604 524 914 592 disponunt
942 529 1057 576 tam
1089 523 1237 575 circa
1266 523 1479 576 Pascha
1519 524 1797 593 legitima,

108 630 262 683 quam
313 613 464 665 circa
510 613 867 681 jejuniorum
922 610 1363 677 observationes,
1415 612 1542 663 aliis
1586 614 1798 681 plures,

108 703 217 755 aliis
264 702 573 772 pauciores
614 700 967 771 jejuniorum
1018 700 1140 754 dies
1198 700 1637 753 celebrantibus.
1689 701 1801 753 Nec

107 792 217 859 ipsa
236 789 468 858 jejunia
500 805 601 841 sua
656 789 738 841 vel
770 804 1049 852 escarum,
1094 788 1177 839 vel
1223 787 1498 857 temporis
1529 787 1797 841 similitu-

108 880 245 937 dine,
296 879 384 931 vel
410 877 740 947 aequalitate
769 876 1289 946 frequentantibus,
1324 892 1513 929 verum
1546 875 1799 945 singulos

108 968 183 1019 vel
210 968 528 1035 provinciae
575 980 711 1029 suae,
768 966 851 1016 vel
896 964 1183 1032 majorum
1234 964 1666 1029 consuetudine,
1711 965 1799 1017 vel

108 1069 402 1124 corporum
436 1053 675 1117 viribus,
707 1055 827 1105 fore
858 1056 1176 1105 contentos.
1215 1052 1506 1114 Collectas,
1542 1069 1795 1122 quoque,

112 1146 157 1196 id
187 1148 269 1195 est
311 1149 632 1195 conventus
676 1141 895 1211 populi,
949 1157 1050 1193 nec
1095 1140 1298 1193 eodem
1353 1147 1633 1210 tempore,
1696 1158 1799 1194 nec

109 1249 210 1284 uno
246 1246 410 1283 more
440 1246 642 1283 omnes
694 1235 891 1282 tenent
945 1229 1205 1282 Ecclesiae
1242 1245 1254 1281 :
1306 1229 1586 1299 siquidem
1632 1230 1800 1282 aliter

108 1318 465 1371 Alexandrini
514 1324 569 1370 et
604 1318 877 1381 Romani;
928 1318 1091 1370 aliter
1134 1317 1387 1386 ngyptii
1434 1322 1606 1387 atque
1653 1318 1797 1370 The-

109 1407 227 1459 bani
255 1422 354 1459 eas
394 1405 729 1458 celebrant:
775 1421 907 1457 nam
956 1422 1062 1458 nec
1112 1404 1354 1458 Romani
1392 1421 1493 1458 nec
1553 1407 1799 1458 Alexan-

109 1495 243 1548 drini
291 1494 391 1547 die
452 1495 697 1547 Sabbato
744 1500 1054 1547 conventus
1119 1494 1355 1559 faciunt,
1406 1494 1559 1563 quod
1616 1496 1798 1547 facere

108 1582 546 1651 comprobantur
592 1583 651 1635 in
687 1582 949 1635 universo
982 1581 1211 1635 Oriente
1254 1582 1463 1637 Christi
1512 1583 1796 1650 Ecclesiae,
1834 1610 1841 1613 -

109 1680 157 1724 et
204 1672 457 1742 Aigyptii
517 1672 753 1741 quidem
810 1671 926 1725 sive
984 1669 1292 1725 Thebaida;
1349 1678 1794 1727 commorantes.

112 1778 433 1832 quanquam
491 1766 823 1829 conventus,
868 1760 925 1813 id
975 1767 1059 1814 est
1107 1761 1384 1827 collectas,
1436 1760 1646 1814 faciant
1706 1762 1797 1815 die

109 1848 366 1913 Sabbato,
403 1865 515 1902 non
561 1854 755 1903 tamen
784 1854 1139 1902 sacramenta
1178 1848 1433 1918 corporis
1463 1854 1518 1902 et
1556 1848 1796 1919 sangui-

110 1936 185 1988 nis
230 1937 443 1990 Christi
492 1937 783 2006 accipiunt
807 1937 1015 2006 jejuni,
1070 1938 1167 1991 sed
1216 1937 1287 1991 ad
1320 1954 1616 2007 vesperam
1670 1943 1798 2007 post

108 2024 353 2077 ciborum
382 2026 764 2095 repletionem
795 2031 994 2078 contra
1021 2025 1197 2078 totius
1228 2026 1381 2078 orbis
1420 2026 1797 2079 consuetudi—

112 2128 245 2165 nem.
304 2114 545 2166 Addunt
594 2114 768 2167 etiam
816 2130 933 2167 suae
982 2113 1384 2167 consuetudini
1425 2113 1797 2168 Alexandrini

110 2208 357 2269 quartam
392 2208 447 2254 et
475 2207 693 2255 sextam
724 2202 947 2269 feriam,
982 2203 1191 2272 quibus
1218 2202 1451 2272 quidem
1481 2208 1797 2257 conventus

112 2290 308 2342 faciunt
356 2291 687 2359 Scripturas
743 2307 931 2344 sacras
986 2293 1261 2362 legentes,
1320 2292 1645 2344 doctoribus
1702 2308 1796 2345 eas

113 2380 628 2448 interpretantibus,
686 2396 801 2433 non
857 2386 1053 2433 tamen
1118 2381 1433 2433 solemnem
1491 2379 1798 2433 oblationis

114 2483 313 2519 morem
340 2483 406 2519 in
456 2467 544 2520 his
574 2468 778 2521 diebus
824 2472 1035 2537 agunt;
1067 2484 1169 2520 nec
1208 2473 1397 2521 tamen
1431 2474 1663 2537 propter
1691 2470 1798 2522 ista

110 2556 378 2609 aeseteris
431 2556 807 2610 orientalibus
865 2556 1125 2610 Ecclesiis
1172 2558 1720 2622 excommunicatur,
1765 2574 1797 2611 a

111 2646 304 2713 quibus
333 2661 461 2697 esse
492 2645 702 2698 diversi
754 2644 1042 2699 videntur.
1076 2644 1363 2698 Thessalia
1395 2661 1627 2715 quoque
1664 2662 1793 2698 cum

112 2734 331 2786 diverse
383 2734 459 2785 sit
508 2733 940 2786 consuetudinis
1003 2750 1036 2786 a
1103 2733 1325 2786 caeteris
1377 2734 1791 2787 orientalibus:

111 2837 228 2874 nam
271 2827 403 2890 post
466 2822 764 2874 clericatus
824 2822 1271 2890 susceptionem,
1325 2838 1439 2875 non
1498 2822 1797 2892 patiuntur

109 2910 366 2979 aliquem,
425 2910 569 2963 sicut
615 2909 1112 2979 historiographus
1165 2910 1263 2963 ille
1323 2914 1579 2977 testatur,
1624 2911 1794 2963 etiam

1913 532 2008 579 net
2037 527 2174 580 orbe
2209 526 2542 579 universalis
2575 527 2835 592 Ecclesia,
2872 532 2927 580 et
2959 528 3133 581 velint
3162 545 3194 581 a
3241 544 3343 581 sua
3372 545 3605 582 consue-

1911 614 2107 667 tudine
2166 631 2270 668 nec
2329 614 2637 680 Romanos,
2684 632 2784 668 nec
2842 616 3214 670 occidentales
3263 617 3602 688 discrepare,

1910 702 2381 773 quandoquidem
2406 703 2722 756 Orientales
2760 704 3097 757 multimoda
3128 711 3465 774 separentur
3509 723 3605 759 va-

1910 791 2128 845 rietate.
2184 793 2311 845 Haec
2358 792 2483 860 ipsa
2522 791 3045 861 Constantinopolis
3088 792 3257 845 unius
3304 798 3603 848 consuetu-

1910 879 2059 932 dinis
2079 886 2163 932 est
2198 896 2353 933 more
2376 878 2684 933 contenta?

1980 970 2185 1022 Parum
2218 974 2301 1021 est
2349 968 2419 1022 de
2463 967 2875 1021 consuetudine
2919 968 3277 1022 credentium
3326 970 3385 1023 in
3435 971 3604 1024 Chri-

1909 1061 2061 1109 stum
2090 1056 2309 1109 diversa
2352 1056 2580 1121 dixisse,
2641 1057 2687 1109 si
2723 1073 2838 1109 non
2868 1056 3040 1110 etiam
3069 1057 3398 1111 Iudaeorum
3449 1059 3601 1129 quod

1909 1161 2023 1198 non
2064 1145 2238 1198 fuerit
2286 1145 2590 1198 uniformis
2648 1145 2946 1216 religionis
3005 1147 3327 1200 observatio
3361 1147 3602 1201 demon-

1908 1237 2174 1287 stremus.
2219 1233 2488 1296 Quamvis
2535 1233 2688 1286 enim
2743 1233 2843 1287 uni
2893 1235 3005 1287 Deo
3037 1235 3319 1289 culturam
3352 1235 3601 1289 debitam

1906 1321 2261 1387 exhiberem,
2314 1327 2369 1374 et
2423 1321 2676 1375 Mosaicae
2715 1320 2857 1390 legis
2888 1322 3187 1392 praeceptis
3235 1324 3603 1378 contineren-

1907 1414 2019 1472 tur,
2053 1410 2202 1463 circa
2240 1417 2433 1462 tamen
2458 1410 2682 1464 vivendi
2702 1411 3198 1475 consuetudinem,
3234 1427 3599 1481 morumque,

1908 1498 2136 1568 regulas
2170 1515 2286 1552 non
2328 1498 2687 1552 uniformiter
2743 1499 3081 1567 agebantur,
3136 1499 3283 1553 sicut
3313 1500 3595 1569 Josephus

1907 1585 2403 1655 historiographus
2458 1586 2687 1639 illorum
2766 1587 2852 1639 his
2929 1588 3116 1640 verbis
3193 1594 3604 1641 commemorat

1908 1675 2024 1743 (lib.
2058 1690 2211 1738 xvm,
2263 1690 2382 1743 cap.
2418 1677 2471 1739 2,
2523 1676 2670 1743 init.)
2702 1690 2715 1727 :
2753 1696 2781 1723 «
2826 1674 3058 1733 Iudaeis.
3104 1675 3314 1745 inquit,
3353 1675 3603 1745 philoso-

1910 1763 2059 1832 phiae
2087 1768 2200 1816 tres
2226 1770 2389 1816 erant
2417 1763 2487 1815 ab
2518 1762 2679 1816 initio
2726 1763 3000 1815 institutis
3030 1763 3228 1832 patriis
3272 1763 3596 1817 derelictas:

1907 1852 2264 1916 Essenorum,
2322 1850 2786 1913 Sadducaaorum,
2853 1857 2915 1905 et
2973 1851 3144 1904 tertia
3198 1868 3313 1921 qua
3342 1851 3596 1921 philoso-

1904 1940 2231 2010 phabantur
2269 1939 2370 2009 qui
2400 1939 2737 1993 dicebantur
2786 1938 3081 1993 Pharisaei.
3136 1940 3409 1993 Pharisaei
3441 1939 3597 1993 enim

1904 2027 2302 2098 quotidianam
2356 2029 2843 2081 conversationem
2906 2027 3170 2095 exiguam
3233 2028 3468 2091 habent,
3547 2033 3603 2081 et

1905 2133 2137 2186 prorsus
2190 2116 2497 2185 abjectam;
2550 2116 2694 2169 nihil
2739 2116 3137 2170 mollitudini!
3177 2120 3276 2169 aut
3327 2116 3599 2171 delicatu-

1906 2205 2025 2259 dini
2057 2205 2287 2275 penitus
2318 2204 2704 2273 indulgentes,
2728 2205 2824 2258 sed
2856 2220 3215 2276 quaecunque
3250 2205 3467 2274 judicio
3507 2221 3599 2258 ra-

1906 2294 2081 2348 tionis
2114 2300 2377 2363 oportere
2404 2296 2696 2363 comperta
2728 2298 2877 2357 sunt,
2932 2293 3030 2346 illa
3060 2298 3400 2363 sequuntur.
3456 2295 3601 2347 Prae-

1905 2383 2105 2453 positis
2128 2382 2285 2436 nullo
2330 2382 2501 2435 modo
2546 2383 2930 2448 reluctantur;
2972 2383 3215 2452 majores
3256 2387 3393 2435 natu
3440 2397 3598 2435 com-

1906 2470 2121 2542 petenti
2175 2471 2392 2524 honore
2442 2475 2806 2536 venerantur,
2867 2469 2947 2523 ita
3000 2474 3197 2523 utnec
3242 2470 3595 2523 contrarium

1904 2559 2179 2630 quiddam
2226 2558 2534 2629 aliquando
2583 2557 2979 2627 respondeant.
3042 2558 3176 2611 Fato
3224 2557 3348 2627 geri
3406 2558 3599 2611 omnia

1904 2648 2176 2713 credunt;
2210 2648 2305 2701 sed
2328 2662 2515 2717 neque
2546 2646 2793 2700 liberum
2824 2645 3124 2699 arbitrium
3152 2644 3403 2698 hominis
3433 2645 3599 2698 aufe-

1904 2741 2054 2790 runt.
2087 2735 2368 2790 Iudicium
2400 2734 2499 2788 Dei
2530 2735 2786 2787 futurum
2812 2738 2959 2786 esset
2985 2733 3238 2786 sentiunt
3264 2752 3279 2799 ;
3314 2733 3431 2786 illic
3460 2748 3598 2786 cun-

1903 2830 2023 2879 ctos
2046 2824 2311 2878 homines
2349 2823 2579 2892 propria
2604 2822 2810 2876 merita
2842 2827 3195 2892 recepturos,
3230 2826 3343 2875 tam
3371 2837 3470 2875 eos
3498 2820 3598 2891 qui

1903 2913 2215 2967 secundum
2254 2912 2524 2964 virtutem
2560 2910 2822 2976 vixerint,
2859 2926 3032 2981 quam
3052 2910 3179 2963 illos
3210 2910 3308 2978 qui
3342 2908 3599 2978 nequitia

110 2998 383 3067 propriam
439 3014 614 3067 quam
672 3004 802 3051 ante
851 2999 1181 3051 clericatum
1228 2998 1482 3068 legitime
1532 2998 1793 3065 duxerat,
1834 3029 1871 3082 ρ
1907 3000 2200 3070 depravati
2226 3004 2376 3053 sunt.
2435 2998 2674 3055 Animas
2729 3005 2925 3052 autem
2970 2998 3321 3051 immortales
3364 2997 3597 3062 dicunt;

111 3102 442 3154 cognoscere
478 3102 739 3151 uxorem,
772 3087 922 3156 quod
974 3086 1021 3139 si
1050 3086 1266 3147 fecerit,
1308 3086 1627 3139 ministerio
1670 3088 1795 3157 pri-

109 3185 254 3227 vatur
284 3191 418 3228 cum
448 3190 551 3244 per
579 3180 811 3227 casteras
854 3174 1101 3227 Orientis
1152 3174 1422 3227 Ecclesias
1472 3176 1663 3228 nullus
1694 3178 1798 3228 hac

109 3264 216 3332 lege
245 3264 698 3331 constringatur,
740 3278 936 3315 verum
977 3262 1212 3332 proprio
1251 3263 1608 3331 relinquatur
1639 3262 1800 3331 judi-

108 3351 182 3403 cio
208 3367 446 3422 suaeque
477 3350 788 3404 voluntatis
817 3351 1074 3417 arbitrio,
1123 3357 1187 3404 ut
1217 3368 1332 3404 non
1364 3352 1549 3404 solum
1589 3352 1796 3420 reliqui

108 3441 299 3505 gradus
350 3440 742 3504 ecclesiastici,
806 3456 1003 3515 verum
1051 3439 1369 3509 presbyteri
1430 3445 1485 3493 et
1545 3439 1796 3510 episcopi

108 3529 348 3598 proprias
384 3545 532 3598 quas
581 3533 709 3581 ante
750 3528 1175 3582 ordinationem
1222 3528 1509 3596 legitimas
1542 3528 1794 3582 habuere

111 3632 314 3683 uxores,
356 3616 407 3669 si
451 3616 652 3682 velint,
684 3617 1000 3681 retineant;
1050 3631 1167 3669 non
1221 3621 1416 3669 tamen
1463 3616 1633 3670 liceat
1679 3633 1795 3670 non

110 3706 437 3759 habentibus
486 3706 715 3770 ducere,
766 3720 869 3758 nec
912 3705 1197 3775 prioribus
1238 3705 1520 3758 defunctis
1548 3706 1795 3759 secunda

110 3794 279 3847 sortiri
338 3792 737 3846 matrimonia.
801 3794 913 3847 Nec
972 3798 1168 3846 tamen
1225 3793 1348 3847 haec
1401 3793 1696 3846 diversitas
1761 3810 1795 3846 a

109 3881 505 3935 communione
548 3897 897 3951 quemquam
939 3885 1219 3950 segregat,
1277 3897 1406 3934 cum
1443 3881 1791 3935 consuetudo

108 3970 390 4023 discernat.
438 3969 506 4021 In
554 3968 908 4037 baptismatis
940 3984 1167 4038 quoque
1199 3972 1457 4037 tempore
1505 3968 1793 4023 diversita-

108 4062 205 4110 tem
268 4056 800 4111 Thessalonicensis
880 4057 1126 4110 Ecclesia
1202 4056 1353 4125 gerit
1436 4074 1469 4110 a
1540 4056 1788 4123 caeteris;

107 4145 568 4215 quandoquidem
646 4144 702 4196 in
767 4143 969 4198 Pascha
1047 4144 1449 4197 tantummodo
1519 4144 1789 4212 baptizat,

107 4250 217 4287 cum
248 4235 363 4287 duo
400 4234 521 4287 sint
567 4238 828 4301 tempora
879 4233 1161 4299 majorum
1210 4234 1552 4285 auctoritate
1596 4232 1791 4303 bapti-

107 4323 251 4375 smati
283 4324 543 4387 decreta,
578 4322 805 4374 Pascha
833 4320 1089 4373 videlicet
1128 4326 1181 4373 et
1202 4322 1575 4374 Pentecostes.

163 4412 299 4474 Quid
351 4410 682 4464 Antiochia:
741 4409 918 4479 Syriae
969 4424 1308 4475 memorem,
1370 4409 1461 4462 cui
1515 4425 1638 4462 mos
1706 4415 1794 4462 est

111 4502 260 4553 altare
292 4516 410 4553 non
471 4499 544 4552 ad
576 4498 856 4550 orientem
911 4497 1192 4563 Ecclesiae,
1228 4498 1326 4550 sed
1366 4497 1548 4566 magis
1592 4497 1662 4551 ad
1698 4514 1789 4551 oc-

110 4590 367 4642 cidentem
400 4587 660 4641 habere?
717 4586 1386 4655 ConstantinOpolitanos
1426 4585 1579 4639 idem
1620 4585 1790 4639 histo-

110 4676 437 4748 riographus
491 4675 685 4740 refert,
740 4675 800 4727 in
849 4674 1181 4743 recipiendo
1230 4676 1318 4727 vel
1371 4674 1679 4742 rejiciendo
1710 4674 1790 4727 bi-

110 4766 265 4819 nubos
294 4782 412 4819 non
460 4764 616 4817 idem
665 4762 903 4826 sentire,
956 4763 1054 4816 sed
1116 4779 1236 4816 esse
1283 4762 1513 4831 divisos,
1563 4762 1794 4832 quibus.

109 4853 213 4907 dam
278 4852 673 4907 sentientibus
730 4866 928 4904 eorum
984 4850 1396 4920 receptionem,
1446 4850 1791 4921 quibusdam

111 4940 568 4995 dissentientibus
599 4944 789 4991 ratum
833 4955 956 4991 esse
990 4955 1003 4993 :
1034 4955 1163 4992 cum
1196 4939 1561 4992 occidentalis
1604 4940 1792 4993 omnis

113 5030 325 5083 Ecclesia
354 5031 489 5083 sine
531 5028 978 5082 contradictione
1011 5030 1200 5097 palam
1247 5028 1523 5098 recipiat;
1572 5045 1675 5082 nec
1713 5034 1791 5083 ta-

112 5134 216 5172 men
248 5119 326 5172 sic
366 5119 531 5172 inter
585 5133 644 5170 se
681 5117 1098 5170 consuetudine
1144 5116 1331 5183 divisi,
1370 5118 1789 5171 communionis

114 5209 296 5260 unitate
368 5212 741 5276 separantur.
807 5206 993 5275 Rogo,
1045 5221 1172 5275 qua:
1224 5205 1298 5258 sit
1328 5204 1436 5259 ista
1492 5205 1791 5275 sapientia,

114 5296 179 5348 vel
200 5312 369 5349 sacrae
403 5294 570 5348 zelus
602 5292 915 5363 religionis,
961 5298 1026 5347 ut
1054 5293 1199 5347 circa
1231 5293 1517 5347 Romanos
1545 5309 1663 5347 non
1692 5310 1793 5363 pa-

166 5503 184 5530 ι
232 5491 382 5545 Nihil
461 5486 825 5542 mollitudini.
906 5487 995 5541 Sic
1066 5486 1392 5540 emendavit
1460 5485 1789 5551 Cotelerius,

118 5575 254 5627 quem
320 5560 638 5614 consulere
709 5564 875 5627 potes
942 5562 1096 5610 tomo
1165 5558 1183 5611 Ι
1240 5558 1589 5610 Monument.
1648 5557 1787 5609 Eccl.

1905 3090 2002 3144 sed
2035 3090 2205 3143 etiam
2255 3089 2314 3142 in
2348 3088 2571 3141 inferno
2619 3104 2874 3157 congrua
2911 3086 3223 3157 unicuique
3272 3085 3597 3140 habitacula

1907 3194 2009 3248 pro
2041 3178 2246 3232 merito
2278 3177 2365 3230 vel
2393 3175 2618 3230 virtutis
2676 3177 2763 3229 vel
2812 3175 3133 3246 iniquitatis
3165 3173 3420 3239 attribui,
3454 3173 3599 3227 sicut

1909 3265 2217 3335 unicuique
2264 3264 2473 3317 viventi
2512 3264 2816 3334 gerebatur
2862 3263 3159 3328 studium;
3208 3268 3263 3316 et
3298 3263 3437 3316 alias
3467 3262 3598 3332 qui-

1905 3354 2034 3407 dem
2066 3354 2284 3408 animas
2315 3355 2545 3408 asternis
2576 3353 2796 3407 retrudi
2821 3352 3172 3406 carceribus:
3207 3351 3348 3404 alias
3404 3358 3597 3403 autem

1903 3442 2234 3496 facilitatem
2270 3442 2645 3496 reviviscendi
2700 3441 3017 3512 percipere.
3072 3440 3140 3493 Et
3178 3438 3249 3491 ob
3303 3438 3424 3491 haec
3463 3435 3597 3506 qui-

1904 3532 2034 3584 dem
2066 3532 2292 3600 populis
2337 3530 2737 3601 acceptabiles,
2790 3529 3205 3597 credibilesque
3254 3526 3592 3579 consistunt.

1903 3620 2575 3689 Quantumcunqueitem
2608 3619 2676 3671 ad
2731 3617 3041 3671 divinitatis
3084 3616 3367 3668 culturam
3416 3612 3591 3683 perti-

1900 3712 2058 3773 nent,
2087 3708 2413 3761 orationum
2444 3706 2875 3769 celebrationes,
2926 3704 3277 3773 templorum
3316 3699 3589 3754 constitu-

1902 3796 2082 3849 tiones
2126 3796 2574 3866 expositionibus
2622 3796 2737 3847 suis
2784 3793 3042 3847 facienda
3089 3808 3211 3844 esse
3254 3788 3590 3859 praedicant.

1901 3885 2043 3937 Nam
2069 3887 2289 3936 tantum
2323 3883 2495 3935 studii
2526 3898 2723 3935 eorum
2752 3880 3056 3951 prwlatum
3088 3884 3173 3932 est
3198 3876 3591 3932 testimonium

1900 3977 1965 4025 ut
1992 3971 2061 4024 ad
2096 3987 2190 4024 eos
2238 3970 2500 4041 plurimae
2549 3970 2824 4034 civitates,
2877 3974 2932 4023 et
2961 3968 3212 4021 maxima
3259 3964 3589 4028 multitudo,

1901 4076 2030 4113 cum
2062 4060 2250 4113 studio
2294 4059 2498 4130 grandi
2528 4059 2834 4119 confluant,
2886 4058 3158 4128 opinione
3190 4054 3421 4109 adducti
3478 4070 3592 4124 qua

1903 4149 2169 4202 meliores
2209 4149 2430 4202 caeteris
2458 4148 2832 4201 aestimantur.
2875 4145 3173 4202 Sadducazi
3217 4151 3412 4199 autem
3468 4143 3591 4196 ani-

1901 4252 2021 4289 mas
2053 4237 2320 4288 mortales
2351 4235 2700 4300 existimant,
2752 4235 3039 4304 simulque
3096 4249 3225 4286 cum
3258 4231 3594 4301 corporibus

1832 4324 1874 4377 D
1905 4323 2171 4387 interire;
2214 4324 2403 4376 nullas
2433 4340 2565 4376 vero
2604 4323 2745 4378 alias
2776 4322 3203 4377 observationes
3249 4326 3461 4391 praeter
3508 4320 3589 4372 le-

1898 4428 2027 4481 gem
2060 4412 2388 4465 custodiunt
2418 4428 2431 4465 :
2467 4412 2739 4465 adversus
2792 4412 3049 4465 doctores
3085 4417 3278 4463 autem
3337 4408 3591 4477 philoso-

1895 4501 2044 4570 phire
2085 4516 2201 4553 suae
2251 4505 2466 4553 certare
2498 4506 2553 4554 et
2604 4500 2771 4554 reniti
2812 4500 3125 4569 gloriosum
3177 4502 3589 4559 annumerant;

1898 4589 1995 4641 sed
2029 4587 2100 4641 ad
2140 4604 2351 4657 paucos
2382 4588 2690 4641 admodum
2732 4587 2991 4641 doctrina
3024 4585 3304 4655 pervenit,
3336 4585 3424 4637 vel
3464 4599 3591 4637 mo-

1900 4676 2005 4730 dus
2030 4676 2472 4730 exercitationis.
2507 4677 2784 4730 Primates
2831 4679 3022 4729 autem
3071 4672 3222 4742 apud
3266 4688 3363 4725 eos
3412 4671 3594 4739 digni-

1898 4764 2112 4818 tatibus
2166 4766 2593 4836 honoribusque
2637 4765 3014 4818 celebrantur.
3051 4760 3242 4815 Esseni
3270 4765 3466 4813 autem
3520 4759 3590 4812 ad

1900 4854 2080 4907 Deum
2108 4860 2311 4907 cuncta
2340 4854 2629 4921 redigunt.
2658 4853 3044 4906 Immortalem
3068 4850 3320 4902 animum
3351 4848 3586 4901 dicunt:

1893 4941 2176 5010 justitiam
2203 4947 2394 4994 autem
2446 4956 2567 4994 rem
2601 4941 2934 5009 pretiosam,
2990 4954 3094 5009 pro
3127 4953 3239 5008 qua
3291 4951 3471 5006 usque
3522 4936 3589 4988 ad

1900 5036 2146 5081 mortem
2180 5029 2557 5097 pugnandum
2591 5044 2712 5080 esse
2742 5027 3075 5095 pradicant.
3130 5027 3193 5079 ln
3244 5024 3461 5093 templo
3502 5039 3594 5076 au-

1902 5123 2014 5169 tem
2076 5116 2440 5169 anathemata
2498 5114 2823 5185 prohibent.
2883 5113 3169 5168 Sacrificia
3228 5112 3313 5165 vel
3381 5111 3592 5165 hostias

1900 5221 2029 5258 cum
2062 5204 2274 5275 populo
2306 5220 2418 5256 non
2445 5203 2755 5265 celebrant,
2789 5203 2938 5271 quod
2976 5218 3034 5254 se
3067 5202 3381 5271 plurimum
3411 5200 3481 5252 ab
3512 5199 3592 5253 eis

1900 5298 2104 5364 putant
2133 5292 2417 5346 munditia
2437 5292 2523 5345 vel
2547 5290 2844 5345 sanctitate
2869 5289 3101 5344 differre
3136 5296 3193 5344 et
3239 5288 3446 5343 merito
3478 5305 3490 5343 :
3534 5304 3591 5340 se

1901 5485 2127 5564 Graecas,
2187 5499 2301 5554 pag
2368 5486 2490 5538 762.
2570 5485 2750 5536 Antea
2825 5482 3123 5553 legebatur
3191 5480 3577 5535 multitudini:

1904 5568 2119 5624 inepte.
