3890 6230
294 285 385 337 3H

1376 280 1605 339 RATRA
1618 282 1734 339 MNI
1781 282 2232 340 COBBEIENSIS
2281 281 2591 339 MONACHI

3689 288 3775 339 312

293 432 323 467 a
354 414 645 468 communi
679 413 1122 483 congregatione
1153 412 1505 479 discernunt,
1548 413 1606 467 in
1639 415 1871 468 remotis
1901 431 1983 467 sa-
2023 419 2063 469 A
2089 413 2379 484 jejunent;
2437 414 2907 485 quandoquidem
2969 414 3077 486 ipsi
3126 414 3211 469 vel
3261 413 3585 471 Orientales
3638 416 3773 470 omni

290 504 504 558 criticia
534 503 843 563 facientes;
895 503 1052 556 cultu
1101 519 1234 557 vero
1276 520 1503 557 morum
1553 508 1722 574 atque
1749 520 1984 558 conver-

291 593 510 645 satione
540 592 766 660 optimi,
802 592 867 644 ad
905 592 1204 645 colendam
1248 596 1459 644 terram
1502 596 1556 645 et
1608 592 1983 645 exercendam

292 681 447 733 omni
482 681 670 734 studio
709 680 933 734 intenti.
990 680 1136 733 Illud
1181 681 1351 733 etiam
1396 680 1612 734 habent
1652 680 1893 750 dignum
1932 686 1987 733 et

290 769 454 822 valde
487 769 770 835 mirabile,
803 771 952 840 quod
984 770 1044 822 in
1077 769 1200 822 aliis
1234 786 1348 822 non
1392 769 1649 822 invenias
1698 770 1984 838 gentibus,

292 863 410 910 tam
456 859 785 911 Graecorum
814 875 985 928 quam
1033 858 1205 911 etiam
1236 858 1635 921 barbarorum,
1684 858 1840 927 quod
1872 873 1989 910 om-

294 962 393 999 nes
424 946 538 999 illis
570 946 631 999 in
682 947 871 1000 medio
913 964 1048 1017 opes
1084 952 1236 1010 sunt,
1275 953 1329 999 et
1376 946 1445 999 ab
1485 947 1565 999 eis
1608 947 1800 999 omnia
1839 962 1989 999 com-

296 1034 495 1088 munia
546 1036 912 1105 possidentur
972 1051 983 1088 :
1022 1035 1160 1087 nihil
1213 1035 1460 1103 amplius
1492 1035 1642 1087 inter
1690 1051 1783 1087 eos
1816 1034 1991 1087 ditior

296 1124 526 1186 fruitur,
577 1124 716 1177 nihil
780 1124 1126 1194 pauperibus
1186 1123 1572 1188 defraudatur,
1625 1142 1687 1177 ac
1751 1125 1796 1177 si
1846 1124 1987 1177 nihil

296 1211 534 1265 omnino
565 1212 944 1281 possideatur.
969 1212 1112 1265 Sunt
1135 1217 1322 1264 autem
1345 1228 1516 1281 super
1541 1219 1788 1282 quatuor
1813 1213 1991 1265 millia

297 1300 600 1354 hominum
632 1317 891 1354 numero.
950 1301 1157 1353 Uxores
1202 1317 1318 1353 non
1367 1302 1611 1366 ducunt;
1657 1317 1837 1371 neque
1869 1318 1987 1354 ser-

298 1404 398 1441 vos
431 1389 643 1441 habere
678 1388 973 1454 festinant;
1020 1388 1173 1441 aliud
1199 1389 1412 1458 quippe
1456 1390 1794 1459 iniquitatis,
1835 1391 1988 1444 aliud

292 1476 587 1530 seditionis
637 1476 1131 1546 opportunitatem
1175 1479 1479 1531 aestimant.
1534 1480 1629 1531 Isti
1693 1496 1831 1548 ergo
1898 1496 1988 1533 se-

298 1565 500 1618 motim
547 1566 698 1635 apud
749 1566 1083 1636 semetipsos
1114 1566 1406 1635 adjuvant,
1442 1572 1642 1620 mutua
1673 1568 1779 1620 sibi
1828 1568 1989 1621 vicis-

297 1653 543 1707 situdine
577 1654 984 1707 ministrantes.
1040 1655 1406 1723 Susceptores
1455 1661 1648 1708 autem
1701 1656 1988 1709 redituum

295 1748 655 1811 promovent,
722 1748 1128 1812 curatoresque
1195 1742 1575 1807 constituunt,
1635 1745 1733 1812 qui
1789 1750 1991 1798 cuncta

300 1847 430 1900 quae
462 1836 613 1883 terra
643 1832 859 1900 profert
908 1832 966 1884 in
1013 1848 1149 1885 usus
1179 1832 1529 1885 necessarios
1570 1833 1988 1887 administrent.

300 1919 625 1973 Sacerdotes
654 1924 844 1972 autem
889 1919 1138 1989 optimos
1175 1921 1325 1973 viros
1374 1920 1636 1989 eligunt:
1673 1922 1833 1974 cibus
1881 1922 1994 1975 illis

300 2007 543 2075 simplex
580 2013 683 2073 est,
718 2008 948 2061 habitus
979 2009 1414 2078 insumptuosus
1445 2015 1501 2063 et
1532 2012 1799 2064 mundus.
1840 2035 1860 2059 ι
1888 2013 1989 2064 De-

300 2095 495 2148 scribit
529 2095 1015 2165 adhchosephus
1061 2097 1164 2150 iste
1197 2098 1393 2163 (Ibid.,
1434 2101 1490 2151 in
1534 2099 1686 2169 ﬁne),
1732 2106 1992 2169 quartam

301 2183 547 2253 speciem
583 2184 983 2254 philosophiae,
1047 2201 1176 2254 quas
1217 2202 1391 2254 penes
1427 2188 1655 2240 Judteos
1695 2189 1992 2257 agebatur,

302 2272 465 2341 cujus
512 2273 827 2343 principem
876 2273 1015 2326 dicit
1062 2274 1262 2326 Judam
1328 2276 1625 2342 exstitisse,
1687 2293 1858 2346 quam
1908 2278 1992 2330 vel

302 2362 537 2428 propter
588 2359 919 2413 brevitatem
962 2360 1280 2427 omisimus,
1321 2363 1404 2414 vel
1461 2363 1615 2432 quia,
1650 2367 1872 2417 noviter
1902 2381 1996 2418 re-

304 2452 486 2516 perta,
517 2448 732 2501 caeteris
762 2447 1001 2501 inferior
1030 2449 1364 2503 habebatur.

376 2535 673 2588 Posuimus
703 2535 810 2589 ista
833 2537 1165 2591 Judaeorum
1198 2539 1455 2592 volentes
1503 2541 1799 2593 ostendere
1848 2540 1997 2594 circa

308 2623 626 2677 Divinitatis
670 2625 905 2695 quidem
954 2628 1259 2693 culturam,
1314 2633 1370 2680 et
1420 2628 1677 2681 Mosaicae
1721 2629 1862 2699 legis
1907 2629 1995 2682 ob-

305 2712 668 2779 servantiam,
705 2730 815 2766 non
839 2713 1171 2768 dissimilem
1204 2731 1372 2768 usum
1414 2717 1699 2782 habuisse,
1759 2717 1996 2787 parique

305 2799 491 2853 studio
519 2801 799 2855 ferbuisse
824 2819 835 2868 ;
870 2808 928 2855 at
956 2818 1089 2856 vero
1120 2804 1454 2857 moralitatis
1481 2806 1995 2874 conversationem,

306 2891 360 2939 et
390 2888 685 2958 religionis
714 2889 971 2943 habitum
995 2892 1165 2960 longe
1189 2892 1527 2946 dissimilem
1561 2893 1830 2946 tenuisse.
1873 2895 1997 2947 Non

306 2975 462 3043 quod
493 2976 721 3029 illorum
745 2978 953 3030 nostris
975 2980 1335 3048 temporibus
1358 2980 1741 3051 approbemus
1770 2981 1999 3051 religio-

304 3078 466 3130 nem;
492 3080 687 3117 verum
721 3070 1041 3119 monstrare
1064 3067 1315 3120 volentes
1347 3068 1497 3137 quod
1548 3069 1604 3121 in
1636 3070 1807 3122 unius
1841 3071 1995 3123 cultu

308 3150 625 3204 Divinitatis
654 3169 783 3205 cum
817 3153 1030 3208 similes
1069 3156 1430 3221 exstitissent,
1468 3157 1663 3209 habitu
1692 3174 1826 3211 vero
1867 3176 1997 3211 con-

305 3239 641 3292 versationis
695 3241 1021 3309 dissimiles,
1067 3259 1183 3296 non
1233 3250 1425 3297 tamen
1468 3250 1769 3315 propterea
1818 3262 1876 3300 se
1927 3249 1997 3300 ab

307 3327 583 3381 alterutra
639 3330 1039 3385 communione
1083 3332 1471 3398 secernebant,
1520 3333 1617 3385 sed
1651 3334 1710 3386 in
1766 3335 1997 3388 unitatis

307 3413 635 3468 societatem
680 3422 997 3483 manentes,
1042 3418 1457 3487 patientissime
1509 3421 1831 3475 tolerabant
1872 3438 1995 3474 mo-

306 3517 435 3555 rum
461 3504 936 3558 consuetudinem
982 3521 1095 3558 non
1145 3506 1404 3560 omnium
1436 3509 1556 3561 fore
1605 3509 1993 3576 consimilem;

305 3590 546 3643 scientes
574 3590 715 3644 nihil
748 3591 883 3644 fidei
916 3608 1033 3645 suas
1068 3610 1393 3663 repugnare
1426 3596 1768 3651 moralitatis
1810 3598 1994 3651 diver-

306 3678 527 3731 sitatam
562 3695 573 3731 :
608 3680 1077 3751 quandoquidem
1108 3682 1175 3735 de
1218 3685 1352 3749 Deo,
1386 3684 1569 3754 deque
1611 3685 1753 3757 legis
1796 3686 1996 3740 obser-

307 3767 496 3819 vantia
542 3774 962 3839 praeceptorum
1024 3772 1289 3825 eumdem
1342 3774 1622 3827 haberent
1676 3792 1992 3829 assensum.

308 3853 371 3906 Et
407 3869 533 3907 ecce
563 3856 886 3935 Graecorum
932 3859 1308 3928 imperatores
1354 3863 1604 3930 graviter
1644 3864 1835 3916 ferunt
1885 3865 1994 3918 Ro-

303 3956 501 3995 manos
523 3959 640 3996 non
673 3945 875 3998 eodem
924 3962 1037 4016 quo
1087 3948 1169 4000 illi
1227 3965 1385 4001 more
1429 3952 1773 4016 conversari,
1808 3968 1995 4021 neque

303 4030 616 4083 secundum
664 4047 824 4085 suam
864 4036 1359 4103 consuetudinem,
1413 4038 1468 4091 id
1515 4044 1597 4091 est
1646 4040 1990 4102 Graecorum,

302 4114 554 4185 ingredi;
588 4134 718 4172 cum
751 4120 861 4173 ista
898 4137 1001 4174 nec
1049 4124 1199 4192 apud
1231 4125 1504 4178 Ecclesias
1536 4127 1745 4181 Christi
1775 4128 1997 4197 possint

302 4203 563 4272 reperiri,
600 4221 701 4259 nec
728 4208 879 4275 apud
926 4210 1176 4277 Judteos,
1217 4228 1394 4279 penes
1429 4230 1569 4283 quos
1596 4221 1729 4268 ante
1775 4216 1993 4285 praedi-

2031 1715 2068 1766 Β

2094 502 2336 556 Sabbato
2383 503 2724 572 prandeant,
2777 503 3117 569 nescientes,
3171 508 3234 557 ut
3285 504 3598 568 credimus,
3644 506 3774 573 quod

2097 608 2208 644 non
2246 608 2444 644 omnes
2481 592 2868 646 Occidentales
2914 592 3174 645 Ecclesiae
3225 593 3328 646 hac
3376 592 3777 646 consuetudine

2096 686 2421 743 teneantur,
2464 681 2558 733 sed
2607 681 2744 733 Rom
2771 698 2881 737 HN.
2917 682 3001 733 vel
3053 682 3175 733 alite
3230 682 3504 751 quaedam
3539 681 3777 734 Occiden-

2095 770 2234 821 tales
2260 768 2543 821 Ecclesiae:
2582 768 2867 838 siquidem
2922 769 3106 838 major
3138 785 3413 822 numerus
3459 768 3777 821 Occidenta-

2096 856 2237 909 lium
2285 856 2341 908 in
2375 856 2622 911 Sabbato
2665 872 2779 909 non
2810 856 3071 926 jejunat:
3122 873 3227 909 nec
3258 862 3459 910 tamen
3510 857 3777 910 Romanus

2097 950 2404 1013 propterea
2440 944 2768 1014 jejunantes
2818 945 3268 1014 reprehendunt,
3309 947 3395 997 vel
3454 960 3488 997 a
3522 945 3777 998 Romanis

2091 1034 2490 1101 jejunantibus
2538 1034 2645 1103 ipsi
2698 1033 3224 1102 reprehenduntur.
3300 1034 3603 1086 Noverunt
3647 1035 3777 1085 enim

2098 1124 2170 1175 ab
2227 1123 2499 1191 Apostolo
2553 1123 2818 1175 dictum:
2869 1123 2971 1187 Qui
3026 1123 3340 1188 manducet,
3394 1139 3506 1175 non
3568 1123 3777 1174 mandu-

2098 1216 2304 1263 cantem
2357 1210 2502 1281 [non]
2572 1214 2824 1278 spernat;
2876 1216 2927 1263 et
2975 1213 3070 1278 qui
3137 1212 3453 1277 manducat,
3498 1226 3609 1264 non
3654 1227 3780 1262 mau-

2099 1299 2382 1352 ducantcm
2441 1315 2545 1352 non
2590 1297 2803 1367 judicet
2857 1301 3027 1364 (Rom.
3098 1316 3206 1365 xiv,
3282 1300 3353 1367 3).
3432 1301 3549 1352 Nec
3610 1304 3779 1351 tamen

2101 1403 2300 1440 omnes
2350 1387 2667 1441 Orientales
2721 1387 2976 1440 Ecclesia:
3030 1388 3276 1443 Sabbato
3328 1388 3494 1457 l[non]
3539 1387 3779 1456 jejunare

2100 1476 2631 1545 deprehenduntur.
2702 1476 3082 1529 Alexandrina
3149 1492 3397 1546 namque
3478 1492 3616 1529 cum
3689 1477 3779 1529 Ro-

2101 1581 2271 1617 mana
2328 1565 2513 1634 prisca
2553 1566 2676 1634 jam
2720 1565 3028 1618 traditione
3079 1581 3251 1634 super
3290 1565 3523 1634 jejunio
3575 1563 3781 1619 Sabbati

2101 1651 2399 1704 consentit.
2433 1652 2653 1705 Etenim
2686 1653 2937 1705 collectae
2980 1669 3094 1705 non
3128 1654 3274 1705 tiunt
3320 1669 3387 1706 eo
3422 1653 3521 1706 die
3553 1653 3784 1706 Alexan-

2103 1740 2264 1807 driae,
2325 1740 2490 1793 sicuti
2534 1757 2636 1793 nec
2686 1741 2902 1794 Romae.
2956 1742 3111 1795 Unde
3158 1747 3513 1795 monstratur
3564 1743 3783 1796 Alexan-

2103 1829 2299 1882 drinos
2351 1829 2593 1882 Sabbato
2643 1845 2756 1882 non
2796 1829 3099 1899 prandere,
3152 1831 3297 1883 sicut
3348 1848 3452 1884 nec
3494 1832 3782 1885 Romanos.

2105 1919 2165 1970 In
2198 1918 2396 1971 diebus
2430 1918 2584 1970 enim
2608 1918 2971 1971 collectarum
3014 1923 3071 1971 et
3104 1926 3462 1972 sacramenta
3495 1920 3675 1972 moris
3722 1922 3789 1971 est

2103 2007 2383 2059 coniicere
2428 2011 2599 2075 atque
2636 2005 2952 2075 percipere,
2989 2010 3044 2059 et
3083 2007 3304 2077 jejunia
3336 2008 3592 2073 solvere;
3636 2023 3786 2077 penes

2104 2100 2299 2148 tamen
2330 2094 2648 2148 Thebaidos
2699 2100 2753 2146 et
2796 2096 3090 2165 Algyptios
3127 2096 3483 2149 consuetudo
3538 2102 3625 2149 est
3658 2095 3781 2164 jeju-

2105 2184 2266 2236 nium
2297 2183 2529 2253 quidem
2564 2183 2809 2236 Sabbato
2844 2185 3082 2245 solvere,
3117 2190 3477 2239 sacramenta
3526 2200 3660 2237 vero
3693 2185 3780 2236 Do-

2105 2271 2301 2325 minici
2332 2271 2589 2341 corporis
2619 2277 2675 2324 et
2724 2271 3019 2341 sanguinis
3066 2288 3180 2326 non
3239 2273 3350 2326 nisi
3384 2273 3455 2327 ad
3508 2287 3785 2341 vesperam

2107 2361 2399 2429 percipere
2430 2365 2558 2428 post
2586 2360 2845 2413 ciborum
2897 2361 3312 2429 expletionem;
3365 2378 3470 2414 nec
3513 2368 3706 2415 tamen
3733 2376 3783 2411 ex

2106 2447 2212 2500 hoc
2244 2448 2315 2500 ob
2348 2448 2471 2499 aliis
2505 2447 2763 2500 Ecclesiis
2790 2448 3471 2518 redarguiinveniuntur,
3511 2449 3644 2502 licet
3673 2448 3784 2499 nul-

2106 2536 2217 2589 lam
2254 2551 2429 2605 super
2458 2536 2561 2588 hac
2584 2551 2644 2589 re
2672 2536 2968 2589 inveniant
2996 2537 3301 2590 Ecclesiam
3331 2538 3499 2605 cujus
3558 2552 3781 2605 sequan-

2105 2629 2198 2676 tur
2227 2623 2725 2687 consuetudinem;
2767 2628 2962 2676 utrum
2997 2628 3189 2676 tamen
3220 2628 3275 2676 et
3323 2623 3393 2676 ab
3434 2622 3559 2676 istis
3613 2637 3783 2691 repre-

2106 2712 2447 2765 hensorihus
2486 2711 2724 2764 novellis
2770 2711 3208 2780 redarguantur,
3236 2712 3525 2764 nescimus
3560 2711 3785 2764 :scimus

2106 2806 2298 2852 tamen
2355 2800 2639 2852 Romanos
2671 2799 2741 2851 ab
2787 2800 3049 2869 apostolo
3081 2801 3245 2853 Petro
3291 2799 3609 2863 institutos,
3661 2799 3785 2850 sicut

2107 2888 2475 2957 antiquorum
2532 2887 2641 2940 fert
2698 2887 2954 2952 traditio,
3006 2894 3070 2941 ut
3113 2888 3169 2941 in
3224 2888 3465 2942 Sabbato
3514 2889 3782 2957 jejunent.

2038 3011 2076 3063 C
2109 2977 2384 3031 Scribitur
2415 2976 2568 3029 enim
2621 2979 2850 3030 Petrum
2898 2980 2953 3029 et
2984 2978 3224 3031 Paulum
3275 2977 3569 3047 apostolos
3608 2980 3783 3028 contra

2108 3066 2398 3118 Simonem
2427 3065 2649 3134 Magum
2702 3065 3074 3118 dimicaturos
3095 3065 3185 3119 die
3207 3064 3780 3135 Sabbatojejunasse:

2106 3151 2211 3204 hac
2258 3151 2326 3205 de
2361 3169 2525 3205 causa
2580 3153 2846 3207 Romanis
2895 3154 3368 3207 consuetudinem
3422 3154 3629 3207 factam
3678 3165 3781 3203 esse

2108 3239 2167 3292 in
2199 3240 2358 3293 omni
2390 3240 2973 3311 Sabbatojejunandi.

2170 3364 2196 3394 «
2232 3345 2414 3415 Super
2443 3362 2556 3415 qua
2586 3362 2664 3412 re,
2701 3346 2846 3399 sicut
2880 3346 3072 3400 scribit
3117 3347 3391 3401 Eusebius
3422 3344 3777 3413 historiogra-

2106 3432 2253 3502 phus
2284 3433 2342 3486 in
2372 3434 2560 3486 libello
2594 3435 2729 3488 Vitas
2774 3435 3031 3489 Silvestri
3064 3436 3299 3489 Romani
3358 3435 3641 3506 pontiﬁcis
3677 3432 3776 3499 (tib.

2108 3537 2143 3585 ι,
2177 3537 2221 3574 c.
2251 3523 2321 3587 8).
2365 3522 2542 3575 Graeci
2564 3530 2958 3577 convenerunt
2979 3524 3207 3577 beatum
3240 3524 3599 3589 Silvestrum,
3640 3538 3778 3591 qua).-

2106 3608 2348 3662 stionem
2381 3616 2615 3679 agentes
2662 3613 2933 3665 adversus
2983 3614 3268 3666 Romanos
3313 3614 3383 3667 de
3406 3614 3629 3683 jejunio
3659 3610 3778 3665 Sab-

2105 3696 2221 3750 bati
2242 3713 2255 3762 ;
2280 3698 2489 3767 quibus
2520 3698 2638 3751 haec
2666 3700 2960 3768 respondit
2994 3717 3006 3754 :
3041 3700 3309 3755 Sufticere
3342 3702 3553 3755 debere
3583 3702 3685 3755 hoc
3721 3698 3777 3750 ad

2106 3787 2500 3839 auctoritatem
2535 3788 2714 3839 nostri
2746 3789 3040 3857 propositi,
3075 3789 3224 3859 quod
3260 3789 3336 3841 ita
3363 3790 3615 3842 tenuisse
3660 3802 3776 3855 apo-

2104 3874 2275 3927 stolos
2308 3875 2526 3943 priores
2557 3877 2962 3944 cognovimus;
3011 3882 3199 3929 tamen
3234 3878 3369 3947 quia
3400 3878 3545 3930 ratio
3576 3875 3776 3945 llagita-

2104 3965 2260 4015 tura
2310 3969 2492 4016 vestra
2538 3964 2834 4029 charitate,
2884 3965 3174 4019 reddenda
3223 3970 3324 4018 est.
3377 3966 3433 4020 Si
3465 3966 3649 4020 omnis
3696 3964 3778 4015 Do-

2106 4051 2350 4103 minicus
2392 4051 2511 4105 dies
2569 4068 2739 4104 causa
2789 4054 3228 4106 resurrectionis
3276 4054 3501 4107 Domini
3551 4057 3775 4107 tenetur.

2097 4139 2319 4206 justum
2359 4145 2444 4192 est
2492 4144 2553 4192 ut
2584 4141 2771 4193 omnis
2816 4141 3190 4194 Sabbatorum
3233 4142 3353 4194 dies
3398 4159 3569 4196 causa
3617 4139 3778 4209 sepul-

2104 4226 2472 4295 turasjejunii
2495 4228 2838 4295 suscipiatur
2868 4228 3160 4295 instantia,
3180 4235 3241 4281 ut
3271 4231 3471 4282 flentes
3500 4246 3627 4282 cum
3660 4244 3775 4297 apo-

302 4291 585 4386 cationem
639 4295 938 4386 iivangelii
998 4298 1318 4353 Divinitatis
1367 4303 1549 4356 cultus
1614 4303 1856 4373 insignis
1902 4304 1992 4357 ha-
2037 4302 2079 4354 D
2108 4314 2267 4367 διοιίε
2305 4315 2374 4367 de
2415 4319 2597 4368 ιῃοιιιθ
2641 4316 2864 4368 Domini
2913 4318 3043 4369 Jesu
3095 4317 3317 4379 Christi,
3371 4318 3620 4386 gaudere
3662 4330 3773 4368 cum

302 4380 454 4433 bitus
486 4385 588 4446 est,
630 4381 843 4436 fuerint
902 4385 1219 4441 observata.
1276 4390 1397 4452 Qua
1430 4391 1498 4443 de
1552 4407 1613 4444 re
1642 4392 1997 4445 convincitur

301 4483 416 4521 non
454 4468 677 4537 pietatis
720 4471 910 4525 studio
958 4473 1291 4544 hujusmodi
1334 4479 1835 4548 reprehensionem
1890 4497 1991 4551 ge-

300 4556 516 4622 nuisse,
581 4557 678 4612 sed
731 4559 927 4613 livoris
996 4563 1237 4631 malitia,
1298 4567 1659 4637 tumorisque
1693 4568 1989 4637 jactantia.

301 4645 654 4700 Veniendum
685 4648 801 4717 jam
828 4648 897 4701 ad
929 4649 1157 4720 singula
1182 4669 1310 4722 quae
1339 4653 1605 4707 videntur
1634 4657 1990 4725 apposuisse,

299 4732 507 4801 quibus
536 4734 672 4788 dum
706 4735 975 4790 videntur
997 4740 1212 4807 jactare
1244 4742 1331 4795 vel
1382 4743 1723 4812 sapientiam
1770 4745 1857 4797 vel
1905 4762 1993 4798 re-

296 4818 590 4888 ligionem,
625 4839 788 4877 suam
828 4825 1084 4894 produnt
1114 4828 1511 4898 insipientiam
1558 4836 1613 4885 et
1653 4833 1988 4903 irreligiosi-

297 4912 491 4962 tatem.

969 4984 1189 5040 CAPUT
1227 4987 1323 5041 Ill.

296 5066 468 5147 Grgci
496 5069 763 5147 Romanos
794 5072 1017 5140 culpant
1052 5076 1197 5143 quod
1238 5076 1475 5131 Sabbato
1502 5080 1773 5147 jejunent.
1809 5082 1985 5146 Quare

364 5140 593 5192 Romam"
634 5141 911 5214 jejunum.
973 5140 1077 5197 Αᾱ
1117 5147 1251 5213 quid
1291 5140 1576 5214 jejuniu'm'
1610 5140 1846 5206 Sabbato
1894 5154 1982 5206 ob-

362 5213 630 5263 servatur.
666 5212 976 5267 Graacorum
1007 5212 1245 5283 obiectio.
1278 5212 1590 5288 Responsio.

361 5298 605 5367 Culpant
662 5298 947 5354 Romanos
997 5308 1051 5356 et
1099 5304 1485 5362 Occidentales
1534 5310 1687 5380 quod
1738 5310 1981 5364 Sabbato

2104 4403 2185 4455 eis
2226 4404 2295 4456 de
2330 4405 2745 4457 resurrectione
2796 4405 3052 4471 ejusdem
3102 4410 3450 4459 mereantur.
3493 4406 3601 4459 Sed
3641 4403 3772 4456 dice-

2104 4490 2236 4544 bant
2266 4491 2443 4545 Graaci
2476 4508 2656 4545 unum
2688 4508 2810 4545 esse
2856 4492 3165 4546 Sabbatum
3219 4495 3551 4563 sepulturae,
3586 4494 3639 4546 in
3674 4504 3770 4559 quo

2102 4581 2276 4633 semel
2313 4580 2367 4632 in
2411 4596 2561 4633 anno
2586 4580 2873 4649 jejunium
2906 4587 2989 4634 est
3028 4582 3352 4635 colendum.
3384 4583 3600 4646 Quibus
3643 4592 3771 4650 papa

2101 4669 2365 4722 Silvester
2391 4668 2612 4722 dicebat
2643 4685 2655 4721 :
2691 4668 2750 4721 Si
2790 4670 2978 4722 omnis
3017 4670 3137 4723 dies
3188 4671 3516 4724 Dominicns
3549 4683 3771 4724 resurre-

2104 4757 2304 4810 ctionis
2355 4773 2475 4810 esse
2521 4758 2774 4811 creditur
2823 4758 3007 4827 gloria
3064 4759 3390 4823 decoratus,
3456 4760 3640 4813 omnis
3687 4752 3770 4825 qui

2102 4861 2231 4897 cum
2263 4845 2546 4898 antecedit
2573 4845 2693 4898 dies
2715 4848 3045 4914 sepulturaa,
3075 4850 3156 4898 est
3183 4846 3407 4915 jejunio
3459 4844 3769 4912 mancipan-

2101 4934 2206 4987 dus
2248 4943 2294 5000 ⁸,
2339 4939 2402 4986 ut
2438 4934 2638 4986 merito
2677 4935 2923 5003 gaudeat
2972 4934 3041 4988 de
3070 4934 3513 4999 resurrectione,
3557 4932 3654 5004 qui
3706 4929 3763 4981 de

2101 5028 2285 5076 morte
2318 5022 2645 5091 ploraverit.
2702 5024 2931 5077 Plorare
2981 5029 3172 5076 autem
3224 5022 3478 5092 compati
3526 5018 3769 5077 dixerim,

2097 5112 2251 5163 salvo
2284 5126 2351 5163 eo
2387 5111 2535 5180 quod
2565 5111 2751 5180 passio
2778 5112 3000 5165 Domini
3032 5111 3224 5181 gaudii
3261 5111 3439 5164 nostri
3470 5111 3542 5164 sit
3574 5119 3768 5163 summa

2096 5204 2338 5267 Accepta
2369 5199 2545 5268 igitur
2571 5201 2749 5253 Graeci
2770 5201 3009 5266 ratione,
3041 5200 3402 5269 quieverunt.
3443 5220 3469 5249 ι)

2167 5305 2296 5358 Haec
2326 5303 2626 5372 posuimus
2668 5308 2728 5357 ut
2761 5304 3198 5357 ostenderemus
3249 5319 3366 5357 non
3416 5319 3629 5357 novum
3666 5312 3764 5353 esse

358 5441 1180 5527 frﬁsltjcjung'omancipandus.
1214 5452 1334 5527 ,Vox
1360 5453 1569 5521 jejunio
1598 5455 1788 5508 addita
1829 5461 1915 5509 est
1955 5472 1985 5511 e
2024 5456 2216 5511 codice
2261 5456 2622 5511 bibliothecas
2678 5457 2866 5512 Sancti
2913 5457 3182 5513 Germani
3221 5475 3253 5513 a
3302 5459 3506 5525 Pratis,
3564 5460 3623 5514 in
3662 5468 3755 5527 quo

291 5509 495 5564 existat
522 5509 639 5567 haec
660 5515 782 5568 Vita
814 5509 992 5572 sane-ti
1026 5520 1298 5575 Silvestri.
