3890 6230
21 455 109 507 ll3
1015 453 1287 511 CONTRA
1328 452 1734 511 GRzECORUM
1764 452 2116 512 OPPOSITA.
2152 482 2216 493 -α
2254 454 2379 510 LIB.
2424 456 2511 511 IV.

3407 457 3509 510 3M

22 589 155 658 jood
180 587 425 643 Romani
454 589 700 643 Sabbato
738 590 1015 661 jejunant,
1063 604 1167 643 nec
1201 589 1321 643 leve
1367 588 1517 659 quod
1559 606 1705 658 apo-
1743 594 1785 645 A
1814 589 2175 642 cunctatione
2210 604 2333 641 eam
2361 588 2659 641 liberarem
2690 587 3039 659 interrogavi
3072 588 3177 643 hoc
3203 603 3307 659 per
3338 603 3510 657 supra

21 678 208 730 stolica
226 679 499 731 ﬁrmatur
523 679 880 743 auctoritate,
915 683 972 731 et
1016 693 1269 747 congrua
1300 678 1434 730 satis
1484 678 1706 731 ratione

22 766 330 818 ‘oboratur.
372 767 535 820 Unde
570 768 890 820 mirandum
950 784 1078 837 qua:
1138 767 1210 820 sit
1254 766 1363 819 ista
1412 767 1569 819 novis
1620 782 1707 817 sa-

22 856 298 906 )ientibus
328 854 657 922 prudentia,
693 870 809 907 non
846 854 1225 924 acquiescere,
1267 855 1414 925 quod
1455 855 1542 907 sui
1584 871 1706 923 pro-

22 950 215 993 flantur
261 942 514 1011 majores
554 941 923 1012 acquievisse.
967 943 1036 995 Ex
1089 958 1202 1012 quo
1251 958 1502 1012 namque
1546 942 1704 1011 prin-

22 1047 135 1098 :eps
168 1032 563 1100 apostolorum
601 1034 797 1085 Petrus
829 1036 885 1084 et
917 1032 1120 1086 Paulus
1154 1033 1347 1085 Romte
1365 1033 1701 1095 docuerunt,

22 1126 61 1169 :t
116 1120 394 1173 doctrinae
427 1137 544 1174 suae
604 1122 899 1173 veritatem
950 1121 1168 1190 proprii
1212 1120 1507 1190 sanguinis
1563 1120 1705 1173 etfu-

22 1206 163 1259 lione
213 1211 788 1273 commendaverunt,
843 1210 1196 1262 consuetudo
1245 1209 1353 1261 fuit
1414 1210 1704 1273 Romanis,

22 1304 58 1347 2t
81 1297 429 1365 quibusdam
456 1298 910 1351 Occidentalibus
936 1298 1091 1350 omni
1137 1298 1381 1353 Sabbato
1416 1298 1701 1365 jejunare;

22 1402 103 1437 iec
146 1391 340 1437 tamen
385 1392 659 1455 proptera
689 1393 903 1439 cunctae
936 1402 1038 1455 per
1084 1386 1372 1440 Orientem
1428 1387 1704 1445 Ecclesma,

22 1490 133 1543 quas
165 1490 281 1528 non
314 1474 423 1527 ista
454 1476 869 1528 consuetudine
899 1476 1248 1539 detinentur,
1292 1476 1577 1529 Romanos
1606 1492 1708 1527 sua

22 1562 416 1615 :ommunione
440 1563 769 1632 judicarunt
824 1564 1062 1630 alienos,
1116 1565 1375 1635 quamvis
1423 1564 1529 1633 ipsi
1580 1580 1710 1616 «on-

21 1652 373 1704 suetudinem
420 1651 667 1705 habeant
707 1652 866 1705 omni
911 1653 1157 1706 Sabbato
1207 1652 1369 1706 sicuti
1413 1652 1705 1705 Dominica

21 1756 120 1791 non
150 1742 439 1809 jejunare.

74 1828 278 1881 Scribit
309 1844 379 1881 ex
440 1827 548 1880 hoc
596 1829 797 1882 doctor
843 1829 1195 1899 Augustinus
1243 1829 1312 1881 ad
1360 1829 1702 1883 Casulanum

22 1916 407 1985 presbyterum
442 1920 623 1985 (epist.
656 1921 743 1976 86.
780 1923 830 1971 et
873 1918 947 1970 ad
991 1920 1315 1971 Junuarium
1362 1922 1520 1986 epist.
1562 1921 1699 1984 H8),

22 2004 391 2072 nquirentem
418 2021 592 2075 super
616 2007 813 2059 eadem
837 2008 1170 2077 quaestione,
1203 2007 1555 2076 respondens
1588 2007 1665 2058 ita
1691 2024 1701 2059 :

22 2120 31 2135 π
64 2093 337 2161 Sequitur
364 2093 697 2151 Sabbatum.
727 2111 842 2165 quo
866 2096 957 2148 die
989 2112 1119 2148 caro
1152 2095 1360 2149 Christi
1394 2096 1450 2148 in
1499 2111 1704 2147 monu-

22 2186 195 2233 mento
229 2181 535 2251 requievit,
571 2184 715 2235 sicut
750 2183 805 2236 in
838 2183 1039 2252 primis
1079 2183 1345 2253 operibus
1386 2183 1583 2236 mundi
1618 2200 1702 2235 re-

22 2270 216 2338 quievit
252 2270 399 2321 Deus
432 2270 531 2323 illo
559 2271 651 2323 die
682 2271 751 2324 ab
791 2272 1057 2325 omnibus
1092 2272 1363 2342 operibus
1395 2272 1528 2324 suis.
1568 2272 1706 2325 Hinc

22 2362 197 2409 erorta
230 2364 315 2410 est
344 2358 453 2411 ista
488 2359 547 2412 in
579 2360 827 2413 Ecclesia
878 2361 1141 2414 vescendi
1172 2361 1430 2427 varietas,
1476 2366 1539 2414 ut
1590 2361 1702 2421 alii,

21 2445 141 2495 sicut
173 2446 422 2499 maxime
443 2448 903 2517 populiOrientis
936 2456 1171 2519 propter
1199 2451 1456 2520 requiem
1489 2450 1703 2521 signiti-

22 2534 251 2586 canduni
286 2536 523 2589 mallent
554 2538 810 2590 relaxare
832 2538 1153 2608 jejunium;
1187 2539 1283 2592 alii
1314 2545 1550 2609 propter
1597 2540 1701 2593 hu-

22 2623 307 2675 militatem
342 2624 539 2677 mortis
575 2625 799 2678 Domini
838 2626 1122 2695 jejunare,
1159 2628 1303 2681 sicut
1342 2628 1617 2693 Romana,
1651 2633 1705 2679 et

21 2712 301 2764 nonnulla
332 2712 650 2767 Occidentis
683 2715 959 2769 Ecclesiaa.
994 2715 1156 2778 Quod
1179 2716 1411 2787 quidem
1444 2732 1559 2769 uno
1592 2717 1702 2780 die,

22 2816 117 2869 quo
164 2800 377 2853 Pascha
437 2802 777 2863 celebratur,
836 2811 1092 2873 ‘propter
1168 2805 1553 2859 renovandam
1624 2805 1705 2858 rei

21 2894 176 2953 gesta?
210 2889 574 2955 memoriam,
622 2907 734 2960 qua
761 2890 1023 2960 discipuli
1076 2893 1408 2946 humanitus
1460 2898 1701 2946 mortem

22 2974 235 3027 Domini
269 2976 596 3043 doluerunt,
626 2978 705 3030 sic
736 2979 803 3031 ab
827 2981 1092 3033 omnibus
1115 2981 1411 3050 jejunatur
1442 2987 1500 3035 ut
1530 2982 1701 3035 etiam

21 3064 87 3114 illi
124 3064 367 3117 Sabbato
397 3065 686 3134 jejunium
720 3067 1082 3121 devotissime
1113 3070 1420 3135 celebrent,
1463 3071 1561 3140 qui
1596 3087 1704 3123 cai-

1815 677 2029 731 dictum
2062 677 2357 730 hominem
2391 677 2507 730 Dei.
2538 681 2608 731 At
2638 678 2731 730 ille
2764 695 2775 730 :
2810 678 2956 741 Quid
2999 694 3251 748 possum,
3294 678 3501 747 inquit,

1815 768 1946 820 hinc
1975 767 2177 819 docere
2207 767 2451 836 amplius
2498 782 2671 837 quam
2707 766 2824 835 ipse
2871 766 3058 819 facio?
3107 767 3209 819 Ubi
3241 782 3348 836 ego
3395 782 3503 835 pu-

1815 862 2065 908 taveram
2098 854 2239 907 nihil
2271 872 2403 908 eum
2433 856 2536 907 ista
2568 854 2937 923 responsione
2990 855 3347 923 prmcepisse,
3399 854 3509 908 nisi

1816 948 1878 996 ut
1904 944 2147 996 Sabbato
2190 944 2628 1011 pranderemus;
2668 944 2773 995 hoc
2829 942 3042 1012 quippe
3087 942 3277 1011 ipsum
3328 942 3509 995 facere

1816 1032 2059 1085 sciebam
2096 1048 2109 1085 :
2144 1032 2236 1084 sed
2274 1031 2367 1085 ille
2412 1037 2637 1084 secutus
2675 1031 2883 1101 adjecit
2924 1046 2937 1081 :
2970 1031 3208 1094 Quando
3237 1029 3329 1083 hic
3359 1046 3508 1093 sum,

1817 1136 1930 1173 non
1979 1120 2178 1189 jejuno
2239 1119 2504 1185 Sabbato,
2572 1122 2804 1189 quando
2861 1121 3056 1173 Romae
3121 1135 3269 1183 smn,
3314 1119 3511 1187 jejuno

1815 1209 2056 1262 Sabbato
2111 1224 2124 1261 :
2168 1214 2225 1261 et
2288 1208 2357 1261 ad
2413 1224 2816 1277 quamcunque
2864 1205 3167 1261 Ecclesiam
3219 1206 3510 1271 veneritis,

1816 1296 2022 1371 inquit,
2058 1298 2180 1365 ejus
2212 1312 2431 1349 morem
2488 1302 2726 1362 servate,
2763 1296 2807 1349 si
2849 1296 2967 1365 pati
3017 1295 3347 1348 scandalum
3396 1310 3513 1348 non

1816 1385 1987 1437 vultis
2022 1391 2118 1438 aut
2147 1386 2350 1438 facere.
2390 1387 2504 1439 Hoc
2553 1402 2889 1454 responsum
2934 1384 3104 1439 retuli
3136 1385 3202 1437 ad
3245 1389 3508 1445 matrem,

1816 1474 1981 1543 eique
2013 1474 2253 1538 sutfecit,
2299 1490 2400 1526 nec
2448 1474 2728 1527 dubitavit
2775 1490 2895 1527 esse
2943 1473 3360 1535 obediendum;
3410 1473 3515 1526 hoc

1817 1562 1990 1615 etiam
2049 1579 2151 1615 nos
2209 1562 2386 1614 sl'cuti
2444 1578 2658 1615 sumus.
2717 1564 2823 1615 Sed
2886 1563 3159 1633 quoniam
3208 1561 3513 1631 icontingit

1818 1650 2062 1703 maxime
2098 1650 2155 1703 in
2190 1650 2393 1713 Africa,
2427 1655 2482 1703 et
2530 1668 2643 1704 una
2692 1651 2957 1716 Ecclesia,
2990 1651 3076 1704 vel
3132 1667 3281 1703 unus
3331 1650 3510 1718 regio-

1819 1740 1904 1791 nis
1960 1740 2239 1805 Ecclesiae,
2302 1741 2440 1793 alios
2501 1740 2749 1794 habeant
2810 1739 3052 1794 Sabbato
3140 1739 3509 1809 prandentes,

1814 1828 1956 1880 alios
1977 1828 2321 1898 jejunantes,
2356 1846 2475 1882 mos
2506 1845 2705 1882 eorum
2738 1828 2878 1881 mihi
2908 1828 3235 1898 sequendus
3266 1827 3509 1890 videtur,

1815 1916 2025 1986 quibus
2074 1917 2402 1970 eorumdem
2455 1918 2798 1988 populorum
2845 1916 3215 1985 congregatio
3264 1915 3514 1986 regenda

1815 2006 2121 2059 commissa
2143 2011 2244 2059 est.
2279 2027 2306 2054 ››

1886 2094 2011 2147 Haec
2041 2094 2347 2162 dejejunio
2394 2094 2623 2148 Sabbati
2669 2094 2867 2147 beatus
2912 2092 3268 2163 Augustinus
3317 2092 3511 2146 catho-

1815 2183 1953 2236 licus
1983 2182 2182 2236 doctor
2218 2182 2394 2237 sensit
2419 2187 2475 2236 et
2518 2183 2759 2252 scripsit,
2790 2182 3078 2236 mstimans
3116 2182 3335 2235 nullam
3383 2196 3513 2250 gra-

1813 2274 2029 2323 viorem
2076 2270 2206 2324 hinc
2254 2271 2722 2341 disceptationem
2770 2271 2888 2324 fore
2936 2270 3266 2335 tenendam,
3317 2285 3511 2321 verum

1813 2361 2163 2429 sequendam
2217 2360 2666 2430 uniuscujusque
2712 2358 2971 2414 Ecclesiae
3040 2357 3513 2411 consuetudinem

1812 2449 1881 2503 de
1906 2448 2128 2519 jejunio
2160 2449 2413 2510 Sabbati,
2447 2449 2531 2502 vel
2579 2448 2902 2519 prausione,
2949 2446 3419 2518 quandoquidem
3459 2453 3517 2500 et

1816 2537 1916 2607 qui
1950 2537 2236 2607 prandent
2266 2536 2323 2590 in
2384 2536 2649 2601 Sabbato,
2712 2535 2943 2606 pietatis
2992 2535 3199 2589 habere
3250 2534 3515 2589 videntur

1812 2642 2065 2691 causam,
2111 2642 2224 2695 qua
2280 2625 2420 2678 illud
2479 2625 2727 2678 faciant:
2780 2624 3105 2693 signiﬁcant
3160 2624 3315 2677 enim
3371 2640 3513 2693 quo-

1813 2716 1967 2769 niam
2002 2714 2097 2767 illo
2130 2714 2222 2767 die
2263 2716 2411 2767 Deus
2459 2713 2735 2784 requievit
2792 2714 2861 2766 ab
2921 2713 3188 2769 omnibus
3243 2712 3513 2781 operibus

1812 2803 1959 2868 suis;
1992 2804 2075 2855 vel
2108 2801 2467 2855 credentium
2516 2801 2801 2872 requiem,
2845 2818 2958 2871 qua
3020 2800 3335 2871 requieturi
3383 2806 3515 2853 sunt

1812 2890 1992 2944 sancti
2037 2891 2097 2942 in
2145 2889 2583 2951 resurrectione,
2630 2890 2870 2959 receptis
2925 2890 3263 2959 corporibus
3299 2894 3515 2942 aeterna

1813 2995 1941 3033 cum
1976 2978 2217 3032 Domino
2248 2978 2439 3049 quiete
2472 2977 2714 3031 fruituri.
2756 2977 3035 3031 Similiter
3064 2984 3121 3030 et
3170 2977 3252 3030 illi
3291 2977 3391 3047 qui
3425 2976 3511 3046 je-

1804 3069 2033 3137 junant,
2078 3066 2304 3137 pietatis
2360 3066 2574 3121 habent
2629 3082 2881 3131 causam,
2944 3082 3117 3137 quam
3167 3072 3509 3136 sequantur;

22 3154 141 3203 teris
171 3169 274 3221 per
315 3158 499 3206 totum
533 3171 750 3208 annum
802 3156 1061 3210 Sabbatis
1112 3159 1423 3227 prandent;
1473 3164 1701 3212 utrum-
1745 3189 1782 3240 C
1814 3157 2086 3227 quoniam
2129 3156 2227 3209 illa
2272 3156 2363 3210 die
2404 3162 2640 3225 propter
2696 3161 2938 3208 mortem
2993 3154 3202 3209 Christi
3251 3154 3513 3225 discipuli

24 3257 116 3309 que
144 3242 408 3295 videlicet
443 3242 857 3311 signiﬁcantes,
909 3250 963 3298 et
1011 3262 1129 3298 uno
1180 3246 1569 3300 anniversario
1610 3247 1702 3301 die

24 3330 218 3381 luctum
286 3330 726 3401 discipulorum,
775 3338 830 3384 et
882 3334 1104 3385 caeteris
1171 3334 1429 3388 Sabbatis
1494 3336 1702 3405 quietis

23 3415 236 3469 bonum.
276 3418 395 3469 Duo
449 3420 668 3488 quippe
717 3426 851 3473 sunt
907 3438 1034 3491 quas
1073 3422 1358 3490 justorum
1402 3423 1695 3477 beatitudi-

24 3519 153 3569 nem,
186 3512 241 3557 et
261 3505 453 3558 omnis
484 3508 728 3560 miserim
774 3509 949 3562 ﬁnem
991 3510 1205 3580 sperari
1255 3512 1500 3577 faciunt;
1548 3529 1702 3565 mors

23 3602 66 3646 et
96 3595 430 3648 resurrectio
462 3602 843 3650 mortuorum.
884 3600 948 3653 In
977 3604 1161 3652 morte
1192 3602 1419 3669 requies
1458 3606 1579 3666 est;
1632 3601 1701 3654 de

24 3699 115 3750 qna
151 3682 363 3736 dicitur
392 3700 497 3752 per
544 3686 927 3754 prophetam:
976 3688 1126 3741 Plebs
1170 3703 1303 3753 mea,
1345 3691 1491 3741 intra
1534 3691 1699 3742 cella-

24 3774 93 3821 ria
120 3778 226 3835 tua,
291 3772 619 3825 abscmidere
660 3775 948 3841 pusillum,
974 3775 1137 3829 donec
1171 3782 1411 3830 transeat
1450 3779 1540 3830 ira
1591 3781 1700 3831 Do-

26 3859 138 3907 mini
188 3858 319 3922 (lsa.
381 3873 529 3922 ειη,
592 3860 710 3925 '20).
776 3861 838 3913 In
897 3862 1312 3915 resurrectione
1352 3861 1413 3915 in
1468 3862 1699 3916 homine

28 3950 139 4003 toto,
178 3945 231 3997 id
284 3946 466 3998 estin
517 3962 687 3999 carne
742 3954 799 4001 et
857 3949 1081 4018 spiritu,
1147 3950 1397 4020 perfecta
1442 3950 1696 4004 felicitas.

30 4032 141 4085 llsnc
173 4033 391 4087 factum
431 4038 515 4086 est
564 4040 626 4087 ut
674 4036 877 4089 horum
927 4038 1173 4090 duorum
1221 4042 1526 4107 utrumque
1585 4054 1699 4091 non

31 4122 448 4187 signiﬁcandum
496 4129 797 4191 putaretur
840 4126 1034 4178 labore
1076 4126 1304 4195 jejunii,
1363 4127 1460 4179 sed
1510 4127 1700 4197 potius

32 4211 321 4262 refectionis
383 4210 697 4263 hilaritate.-
773 4218 1006 4282 excepto
1060 4230 1177 4267 uno
1253 4215 1500 4283 paschali
1563 4214 1701 4267 Sab-

33 4296 154 4355 bato,
177 4315 290 4369 quo
323 4298 764 4368 discipulorum,
790 4301 932 4355 sicut
954 4302 1222 4366 diximus,
1251 4304 1435 4356 luctus
1468 4309 1702 4373 propter

36 4388 92 4435 rei
122 4392 287 4453 gesta?
315 4388 655 4441 memoriam
686 4389 868 4441 fuerat
886 4390 1108 4459 jejunio
1138 4391 1449 4460 prolixiore
1472 4392 1701 4461 signan-

1812 3244 2189 3314 corporaliter
2245 3243 2562 3297 contristati
2624 3249 2774 3309 sunt,
2832 3259 3150 3313 eorumque
3219 3242 3510 3297 tristitiam

1813 3334 2026 3387 imitari
2058 3332 2620 3401 volentes,jejunant
2650 3332 2887 3401 quidam
2914 3333 2972 3385 in
3016 3332 3260 3387 Sabbato
3292 3332 3508 3385 ﬁdeles.

1810 3422 1919 3475 Alii
1954 3439 2085 3475 vero
2127 3439 2240 3475 non
2291 3423 2577 3492 jejunant,
2635 3428 2698 3475 ut
2756 3422 3028 3493 gaudium
3079 3421 3513 3475 resurrectionis

1815 3511 2124 3564 Dominica:
2158 3512 2522 3581 prandentes,
2557 3510 2709 3581 quod
2751 3511 3075 3564 habuerunt
3102 3510 3341 3580 apostoli
3396 3510 3514 3563 visa

1814 3600 2038 3653 Domini
2092 3599 2525 3663 resurrectione,
2612 3599 3021 3652 demonstrent.
3082 3598 3373 3667 Siquidem
3440 3598 3511 3650 ob

1810 3688 2193 3741 imitationem
2237 3687 2481 3740 tristitiae
2532 3687 2946 3757 discipulorum
2999 3689 3216 3739 cuncta:
3258 3702 3362 3754 per
3413 3702 3509 3737 or-

1808 3776 1935 3830 bem
1972 3775 2231 3830 Ecclesia:
2264 3792 2377 3828 uno
2438 3791 2539 3844 per
2596 3791 2811 3828 annum
2860 3774 3123 3838 Sabbato,
3175 3773 3325 3843 quod
3377 3789 3507 3826 san-

1809 3872 1962 3917 ctum
1996 3863 2266 3933 praecedit
2296 3864 2526 3929 Pascha,
2556 3863 2843 3933 jejunant,
2896 3862 3029 3915 licet
3076 3861 3201 3915 aliis
3252 3861 3511 3915 Sabbatis

1810 3951 2149 4022 prandeant,
2178 3951 2294 4005 sive
2354 3968 2467 4003 non
2523 3952 2863 4021 prandeant.
2924 3953 2994 4004 At
3041 3966 3174 4003 vero
3232 3950 3506 4003 Romanis

1809 4041 2021 4111 placuit
2051 4040 2103 4093 id
2137 4039 2294 4093 omni
2321 4039 2565 4093 Sabbato
2591 4039 2905 4109 jejunando
2939 4037 3267 4104 memorari,
3302 4053 3509 4107 quem-

1809 4129 2118 4183 admodum
2150 4129 2309 4181 omui
2339 4128 2631 4181 Dominica
2664 4127 3095 4181 resurrectionis
3126 4126 3352 4181 Domini
3381 4142 3508 4180 me-

1811 4218 1994 4271 moria
2024 4218 2240 4271 cunctis
2272 4217 2341 4271 ab
2376 4216 2634 4270 Ecclesiis
2661 4216 3079 4286 frequenlatur.

1881 4306 2022 4359 Cum
2074 4306 2250 4376 igitur
2297 4305 2525 4375 pietatis
2577 4321 2807 4358 causam
2863 4304 3116 4358 habeant
3178 4303 3508 4373 jejunantes

1811 4395 1868 4448 in
1897 4396 2163 4457 Sabbato,
2198 4400 2253 4448 et
2290 4395 2651 4464 prandentes,
2706 4410 2808 4447 cur
2855 4393 2912 4447 id
2955 4393 3183 4457 faciant,
3241 4398 3297 4445 et
3353 4392 3511 4446 nulla

36 4473 130 4525 dus.
170 4475 275 4528 Sed
332 4475 613 4544 quoniam
674 4492 790 4529 non
855 4477 1179 4531 invenimus
1230 4485 1293 4532 ut
1341 4480 1461 4548 jam
1530 4496 1700 4549 supra
1740 4485 1781 4537 D
1814 4483 2177 4552 reperiantur
2220 4488 2507 4553 priecepta
2562 4482 2698 4536 Novi
2767 4482 3131 4545 Testamenti,
3187 4480 3397 4550 quibus
3450 4479 3506 4532 id

37 4564 468 4621 commemoravi,
514 4563 573 4615 in
612 4565 955 4635 evangelicis
991 4571 1046 4619 et
1101 4567 1432 4636 apostolicis
1475 4567 1697 4635 litteris,

40 4663 134 4715 quae
157 4654 223 4703 ad
258 4651 397 4704 Novi
426 4652 772 4707 Testamenti
802 4655 1209 4708 revelationem
1256 4656 1490 4725 proprie
1523 4656 1699 4726 perti-

40 4746 162 4799 nent,
194 4739 362 4792 certis
414 4740 620 4793 diebus
666 4742 955 4812 aliquibus
1009 4744 1303 4797 evidenter
1349 4751 1699 4815 praeceptum

42 4825 351 4880 observanda
392 4844 513 4881 esse
558 4829 811 4898 jejunia;
879 4836 934 4885 et
979 4832 1105 4885 ideo
1166 4849 1255 4886 res
1312 4849 1541 4903 quoque
1595 4834 1699 4886 ista

40 4921 151 4966 sicut
178 4916 299 4967 aliae
331 4917 622 4985 plurima),
657 4934 799 4988 quas
833 4935 1173 4973 enumerare
1211 4920 1441 4974 difﬁcile
1473 4927 1575 4985 est,
1610 4921 1697 4975 in-

44 5004 239 5056 venitin
275 5010 427 5057 veste
476 5005 633 5059 illius
686 5007 819 5060 ﬁlias
870 5008 1061 5077 Regis,
1122 5009 1227 5062 hoc
1283 5014 1368 5062 est
1417 5010 1696 5075 Ecclesiae,

41 5092 828 5161 urietatislocum;indicabo
853 5096 951 5149 tibi
987 5097 1126 5166 quid
1167 5097 1309 5150 mihi
1361 5098 1430 5151 de
1476 5097 1580 5151 hoc
1616 5114 1698 5151 re-

42 5178 249 5241 quirenti
300 5181 669 5250 responderit
704 5185 1063 5238 venerandus
1115 5185 1468 5252 Ambrosius,
1521 5203 1554 5239 a
1585 5203 1697 5257 quo

42 5266 314 5333 baptizatus
341 5286 493 5334 sum,
528 5270 965 5325 Mediolanensis
1011 5274 1328 5344 episcopus.
1374 5275 1513 5328 Nam
1567 5292 1697 5330 cum

44 5369 81 5402 in
99 5356 276 5410 eadem
312 5357 540 5411 civitate
568 5363 750 5412 mater
788 5376 917 5413 mea
944 5378 1168 5416 mecum
1218 5367 1384 5427 esset,
1430 5368 1486 5417 et
1535 5364 1697 5417 nobis

44 5444 187 5496 adhuc
271 5447 720 5511 catechumenis,
782 5465 985 5519 parum
1036 5450 1145 5504 ista
1183 5452 1538 5517 curantibus,
1599 5451 1698 5505 illa

48 5532 433 5588 sollicitudinem
470 5541 717 5603 gereret,
748 5542 941 5591 utrum
974 5539 1291 5593 secundum
1334 5556 1553 5593 morem
1593 5556 1697 5593 no-

50 5624 141 5671 sua:
188 5623 425 5676 civitatis
501 5623 611 5677 sibi
670 5630 815 5680 esset
865 5626 1109 5680 Sabbato
1154 5628 1555 5698 jejunandum,
1623 5644 1697 5681 an

53 5704 255 5763 Ecclesiae
305 5711 744 5767 Mediolanensis
799 5729 957 5769 more
1016 5716 1435 5784 prandendum,
1490 5720 1549 5769 ut
1594 5715 1697 5768 hac

1811 4572 1895 4623 vel
1930 4572 2315 4641 praecipiatur,
2349 4572 2435 4623 vel
2487 4571 2878 4640 prohibeatur,
2933 4586 3047 4623 non
3093 4570 3262 4623 debet
3310 4570 3368 4622 iu
3408 4569 3506 4622 Ec-

1809 4659 1994 4712 clesiis
2053 4660 2261 4713 Christi
2315 4660 2546 4729 gravior
2591 4660 2725 4713 hinc
2780 4658 3121 4727 discrepatio
3179 4657 3293 4709 ulla
3358 4655 3503 4721 ﬁeri,

1810 4747 1907 4799 sed
1938 4748 1996 4801 in
2017 4748 2254 4802 arbitrio
2306 4747 2753 4818 uniuscujusque
2806 4746 3056 4815 relinqui
3115 4744 3253 4814 quid
3315 4744 3506 4813 potius

1809 4837 2043 4906 eligant,
2097 4837 2379 4907 majorum
2428 4841 2621 4889 tamen
2671 4836 3068 4888 auctoritatem
3123 4847 3358 4884 suorum
3409 4848 3503 4885 se-

1808 4929 2069 4993 quentes,
2103 4930 2159 4976 et
2197 4940 2313 4977 suae
2361 4922 2835 4975 consuetudinem
2887 4918 3162 4973 Ecclesiae.
3218 4917 3376 4981 Quod
3458 4918 3499 4971 si

1808 5013 2259 5066 considerassent
2298 5012 2622 5063 Graecorum
2672 5009 3069 5077 imperatores,
3118 5008 3335 5060 nullam
3371 5006 3505 5059 hinc

1810 5100 2118 5152 movissent
2139 5098 2630 5169 disceptationem,
2680 5097 2776 5149 sed
2825 5095 3142 5149 tenuissent
3181 5096 3287 5149 hoc
3347 5097 3497 5167 quod

1808 5188 1895 5241 sui
1924 5192 2158 5241 tenuere
2192 5189 2453 5257 majores.
2507 5188 2651 5241 Num
2704 5185 2905 5237 merito
2969 5184 3275 5254 quisquam
3336 5185 3505 5239 debet

1800 5276 2068 5345 judicari,
2101 5276 2257 5345 quod
2290 5274 2519 5345 pietatis
2567 5289 2738 5327 causa
2762 5273 3025 5343 jejunare
3056 5272 3319 5327 videtur?
3368 5279 3504 5327 sunt

1808 5362 1959 5416 enim
1991 5367 2045 5415 et
2073 5362 2171 5415 alii
2200 5362 2318 5416 dies
2343 5361 2550 5432 quibus
2596 5362 2886 5414 nonnullis
2932 5360 3193 5414 Ecclesiis
3227 5378 3328 5431 per
3385 5361 3501 5415 sin-

1805 5452 1966 5520 gulas
1996 5450 2383 5505 hebdomadas
2422 5450 2774 5503 consuetudo
2823 5454 2905 5503 est
2965 5449 3291 5519 jejunandi,
3356 5450 3504 5503 sicut

1806 5544 2008 5608 quarta
2070 5544 2127 5593 et
2166 5544 2321 5592 sexta
2379 5539 2547 5604 feria;
2598 5542 2654 5591 et
2708 5537 2963 5592 redditur
3021 5554 3189 5591 causa
3240 5553 3341 5590 cur
3395 5539 3503 5592 hoc

1805 5628 1924 5693 ﬁat,
1957 5627 2101 5680 sicut
2145 5627 2225 5681 ait
2278 5627 2479 5681 beatus
2524 5627 2899 5697 Augustinus,
2950 5642 3018 5679 eo
3076 5625 3230 5696 quod
3292 5631 3497 5696 quarta

1807 5714 1946 5767 feria
1975 5715 2303 5787 congregati
2335 5720 2469 5769 sunt
2516 5714 2803 5787 principes
2844 5713 3223 5777 Judaarorum,
3254 5720 3311 5766 et
3368 5730 3506 5767 con-
