3890 6230
353 415 454 466 315

351 548 540 602 silium
575 547 832 601 inierunt
857 549 922 601 ut
966 547 1158 600 Jesum
1208 545 1340 600 dolo
1398 551 1660 600 tenerent
1717 551 1774 599 et
1823 547 2046 600 occide-
2088 547 2132 598 Α
2161 543 2585 614 religiosorum,

349 641 496 692 rent.
536 637 706 691 Sexta
737 652 871 689 vero
918 635 1060 690 feria
1100 651 1233 688 eum
1294 635 1664 690 cruciﬁxere:
1716 635 1785 689 de
1840 635 2048 706 quibus

351 726 428 780 sic
461 726 720 796 loquitur
749 725 928 795 (epist.
965 726 1056 795 86)
1085 741 1096 778 :
1127 747 1154 774 «
1189 725 1303 779 Cur
1332 731 1524 779 autem
1557 730 1758 795 quarta
1815 730 1870 778 et
1897 730 2049 778 sexta

347 815 490 869 feria
523 816 771 868 maxime
797 816 1021 884 jejunet
1072 813 1334 875 Ecclesia,
1396 814 1494 867 illa
1551 818 1690 867 ratio
1751 814 1915 867 reddi
1973 814 2050 867 vi-

349 905 552 970 detur;
578 904 734 973 quod
764 902 1124 957 considerato
1158 902 1461 967 Evangelio
1499 902 1622 972 ipsa
1663 906 1865 972 quarta
1903 902 2048 957 Sab-

348 993 488 1058 bati,
542 1009 718 1063 quam
769 994 938 1062 vulgo
995 994 1256 1062 quartam
1318 991 1522 1046 feriam
1574 998 1798 1056 vocant,
1856 991 2048 1045 conci-

350 1082 491 1135 lium
525 1082 895 1152 reperiuntur
944 1081 1013 1135 ad
1051 1080 1426 1135 occidendum
1485 1080 1792 1134 Dominum
1850 1080 2048 1134 fecisse

345 1171 550 1226 Judaei.
608 1170 939 1226 lntermisso
996 1176 1188 1223 autem
1246 1185 1363 1222 uno
1425 1168 1538 1235 die,
1593 1170 1757 1239 cujus
1812 1186 2049 1240 vespera

353 1260 630 1313 Dominus
680 1260 894 1313 Pascha
949 1275 1078 1312 cum
1133 1258 1424 1328 discipulis
1494 1258 1878 1321 manducavit,
1950 1258 2048 1328 qui

350 1348 481 1401 ﬁnis
514 1348 622 1402 fuit
650 1347 774 1417 ejus
792 1347 928 1413 diei,
960 1363 1134 1418 quem
1162 1363 1432 1401 vocamus
1463 1347 1724 1418 quintam
1773 1347 2003 1402 Sabbati
2032 1364 2043 1400 :

346 1436 552 1489 deinde
578 1435 822 1489 traditus
861 1440 946 1489 est
1002 1451 1069 1488 ea
1118 1441 1284 1489 nocte
1341 1452 1469 1506 quae
1521 1437 1640 1506 jam
1701 1437 1771 1490 ad
1833 1441 2046 1490 sextam

345 1524 594 1589 Sabbati,
653 1523 753 1594 qui
829 1524 950 1578 dies
1008 1524 1286 1594 passionis
1344 1525 1468 1594 ejus
1525 1524 1862 1578 manifestus
1940 1530 2043 1591 est,

345 1613 689 1683 pertinebat.
719 1613 818 1668 llic
872 1613 992 1666 dies
1030 1613 1251 1682 primus
1303 1628 1633 1683 azymorum
1673 1613 1797 1678 fuit,
1833 1631 1865 1666 a
1916 1630 2044 1667 ves-

343 1718 482 1769 pera
524 1701 824 1771 incipiens.
894 1701 1003 1756 Sed
1045 1701 1342 1755 Matthaeus
1388 1701 1738 1770 evangelista
1785 1700 2047 1771 quintam

345 1789 576 1842 Sabbati
608 1789 743 1842 dicit
781 1789 955 1844 fuisse
1008 1791 1259 1859 primum
1311 1789 1465 1843 diem
1529 1805 1878 1859 azymorum,
1933 1806 2047 1859 qua

345 1877 468 1944 ejus
527 1893 762 1947 vespera
810 1883 1216 1948 consequente,
1276 1879 1470 1932 futura
1522 1884 1646 1933 erat
1697 1895 1858 1933 omna
1915 1880 2044 1932 Pas-

346 1965 568 2018 chalis:
607 1981 720 2035 qua
759 1982 921 2020 coena
964 1982 1232 2036 azymum
1293 1965 1606 2036 incipiebat
1658 1971 1714 2020 et
1767 1967 1886 2020 ovis
1941 1967 2043 2020 im-

344 2053 581 2107 molatio
616 2054 953 2108 manducari
982 2071 995 2108 :
1033 2071 1097 2108 ex
1131 2071 1245 2124 quo
1277 2055 1565 2124 colligitur
1596 2060 1858 2126 quartam
1903 2056 2042 2110 Sab-

343 2141 462 2194 bati
493 2141 667 2195 fuisse
721 2142 952 2212 quando
1012 2144 1092 2196 ait
1144 2144 1421 2197 Dominus
1462 2145 1680 2212 (Matth.
1723 2160 1871 2208 xxw,
1931 2147 1963 2196 2
1994 2150 2043 2197 et

341 2230 479 2296 sed.)
517 2246 528 2284 :
581 2232 751 2286 Scitis
793 2233 924 2299 quia
947 2234 1070 2300 post
1114 2232 1339 2287 biduum
1365 2234 1573 2287 Pascha
1611 2234 1727 2300 ﬁet,
1771 2237 1822 2286 et
1863 2233 2043 2286 Filius

344 2321 572 2374 hominis
607 2321 855 2373 tradetur
882 2326 941 2374 ut
999 2325 1368 2390 cruciﬁgatur.
1429 2323 1508 2375 Ac
1561 2337 1663 2390 per
1715 2321 1840 2387 hoc,
1898 2321 2043 2391 jeju-

345 2406 438 2461 nio
470 2408 589 2461 dies
641 2408 760 2478 ipse
799 2409 1104 2478 deputatus
1143 2417 1268 2464 est:
1313 2411 1448 2480 quia
1504 2411 1650 2464 sicut
1691 2410 2043 2480 evangelista

344 2495 604 2566 sequitur
665 2503 720 2550 et
779 2497 962 2551 dicit:
1029 2499 1176 2553 Tunc
1231 2503 1544 2566 congregati
1589 2504 1714 2552 sunt
1765 2501 2042 2569 principes

343 2583 682 2638 sacerdotum
737 2589 788 2638 et
843 2588 1076 2639 seniores
1131 2589 1322 2654 populi
1377 2591 1436 2640 in
1505 2591 1709 2641 atrium
1768 2588 2042 2656 principis

343 2671 701 2735 sacerdotum,
734 2672 838 2739 qui
867 2671 1149 2726 dicebatur
1177 2674 1435 2742 Caiphas,
1483 2680 1532 2728 et
1579 2676 1862 2728 concilium
1895 2678 2038 2742 fece-

344 2763 473 2812 runt
520 2764 578 2812 ut
628 2761 821 2813 Jesum
886 2760 1006 2814 dolo
1060 2766 1296 2815 tenerent
1351 2768 1402 2817 et
1475 2764 1788 2818 occide-rent.
1851 2766 2041 2818 Inter-

345 2847 518 2900 misso
565 2852 759 2901 autem
822 2864 935 2901 uno
991 2847 1080 2902 die
1139 2850 1207 2903 de
1255 2866 1368 2920 quo
1424 2851 1562 2905 dicit
1613 2852 1982 2921 Evangelium
2025 2869 2037 2905 :

345 2939 528 2989 Prima
557 2941 734 2990 autem
778 2953 1090 3003 azymorum
1144 2945 1479 2993 accesserunt
1526 2941 1788 3007 discipuli
1833 2941 1908 2994 ad
1949 2940 2038 2994 Je-

343 3039 460 3077 sum
487 3024 720 3079 dicentes
754 3042 765 3078 :
807 3027 907 3081 Ubi
934 3028 1014 3079 vis
1053 3043 1307 3096 pare-mus
1361 3029 1463 3081 tibi
1498 3029 1766 3083 comedere
1830 3031 2040 3084 Pascha

345 3113 534 3178 (Ibid.,
599 3113 703 3183 l7).
778 3115 890 3168 Hoc
950 3131 1088 3183 ergo
1159 3116 1250 3169 die
1299 3116 1652 3177 intermisso,
1697 3134 1892 3188 passus
1954 3125 2040 3172 est

345 3200 644 3266 Dominus,
708 3203 859 3272 quod
917 3204 1107 3256 nullus
1158 3204 1400 3274 ambigit
1452 3205 1829 3274 Christianus,
1884 3213 2040 3261 sexta

344 3289 613 3344 Sabbati:
647 3296 1000 3362 quapropter
1040 3296 1095 3345 et
1136 3292 1260 3362 ipsa
1297 3299 1453 3347 sexta
1494 3299 1646 3349 recte
1688 3295 1908 3366 jejunio
1946 3296 2037 3350 de-

345 3382 595 3446 putatur.
657 3379 882 3449 Jejunia
963 3380 1179 3450 quippe
1237 3381 1620 3436 humilitatem
1690 3383 2033 3454 signiﬁcant.

347 3466 495 3519 unde
525 3467 738 3520 dictum
773 3473 898 3521 est:
929 3471 998 3523 Et
1045 3470 1402 3524 humiliabam
1447 3473 1505 3524 in
1543 3473 1756 3540 jejunio
1799 3475 2038 3527 animam

343 3571 514 3609 meam
544 3557 711 3623 (Psal.
749 3572 929 3624 xxxrv,
963 3557 1068 3624 l3).
1105 3579 1133 3608 »

413 3645 544 3698 Haec
582 3645 780 3699 beatus
809 3647 1162 3717 Augustinus
1198 3648 1266 3702 de
1293 3649 1518 3719 jejunio
1564 3656 1779 3721 quartae
1836 3657 2038 3706 sextos-

342 3749 454 3802 que
483 3734 638 3788 feriae
668 3734 862 3788 scribit
893 3736 961 3789 ad
994 3737 1341 3792 Casulanum
1380 3739 1802 3811 presbyterum,
1844 3746 2035 3795 osten-

343 3822 483 3875 dens
523 3823 814 3876 curfuerit
869 3823 1238 3879 institutum:
1304 3842 1408 3879 nec
1463 3833 1656 3882 tamen
1710 3829 1821 3882 hoc
1883 3829 2036 3897 jeju-

342 3909 524 3975 nium,
562 3911 717 3981 quod
752 3917 957 3982 quarta
1013 3914 1129 3967 sive
1181 3922 1340 3968 sexta
1408 3916 1638 3970 Sabbati
1695 3917 2034 3981 celebratur,

343 3999 412 4051 ab
432 3999 699 4053 omnibus
750 4001 1009 4054 Ecclesiis
1065 4003 1152 4056 vel
1186 4003 1570 4059 Orientalibus
1628 4008 1712 4060 vel
1772 4007 2038 4060 Occiden-

343 4086 548 4140 talibus
569 4087 898 4158 peragitur;
925 4090 1025 4143 sed
1057 4107 1088 4142 a
1108 4091 1450 4161 quibusdam
1499 4095 1709 4164 quibus
1737 4095 1790 4147 id
1823 4095 2039 4164 placuit

344 4174 682 4228 observare:
717 4191 821 4228 nec
868 4182 1063 4230 tamen
1115 4187 1422 4248 propterea
1478 4182 1577 4251 qui
1622 4183 1889 4252 jejunaut
1950 4184 2038 4237 his

343 4261 545 4315 diebus
603 4263 1111 4330 reprehenduntur
1150 4266 1221 4319 ab
1279 4268 1361 4320 eis
1413 4269 1512 4338 qui
1565 4271 1871 4338 prandent,
1940 4273 2036 4326 sed

343 4354 502 4404 tenet
532 4367 889 4420 unaquaeque
938 4354 1181 4408 Ecclesia
1235 4370 1453 4410 morem
1503 4373 1676 4428 quem
1725 4376 1758 4412 ο,
1805 4360 2036 4428 majori-

344 4438 450 4492 bus
478 4438 596 4491 suis
628 4441 891 4509 suscepit.
921 4440 1042 4504 Qua
1081 4441 1150 4495 de
1182 4459 1241 4496 re
1286 4444 1615 4499 mirandum
1663 4463 1764 4499 cur
1803 4463 1837 4500 a
1892 4449 2038 4502 Gras-

344 4529 423 4581 cis
444 4527 688 4582 Romani
719 4529 1137 4598 redarguantur
1165 4547 1340 4600 super
1363 4533 1588 4603 jejunio
1619 4534 1870 4602 Sabbati,
1907 4554 2036 4591 cum

342 4632 460 4669 non
493 4617 1006 4687 redarguanturab
1031 4619 1112 4672 eis
1132 4620 1216 4674 vel
1258 4621 1623 4676 Alexandrini
1670 4631 1873 4693 quarta
1916 4643 2037 4680 sex-

343 4709 515 4775 taque
545 4705 686 4759 feria
711 4706 1060 4775 jejunantes,
1086 4709 1173 4762 vel
1191 4710 1400 4779 reliqui
1423 4727 1526 4781 per
1549 4711 1842 4766 Orientem
1883 4714 2040 4768 Chri-

343 4793 512 4847 stiani
543 4810 556 4847 :
591 4811 722 4848 cum
753 4801 973 4849 constet
1000 4797 1662 4869 Constantinopolitanos
1693 4809 1898 4872 quarta
1924 4804 2036 4856 sive

343 4886 498 4934 sexta
527 4883 758 4936 Sabbati
782 4888 844 4936 ut
866 4884 1134 4954 jejunent
1169 4885 1324 4940 nulla
1355 4887 1595 4957 legeyel
1623 4891 2038 4945 consuetudine

341 4971 674 5040 constringi.

415 5059 478 5112 ln
527 5059 716 5113 insula
765 5060 1092 5115 Britannica
1129 5063 1284 5117 omni
1339 5069 1492 5119 sexta
1537 5066 1766 5121 Sabbati
1810 5068 2038 5138 jejuna-

344 5150 457 5207 tur,
515 5162 620 5200 nec
670 5153 864 5201 tamen
920 5153 1448 5206 excommunicatur
1495 5155 1566 5209 ab
1617 5156 1716 5223 eis,
1772 5157 1872 5227 qui
1939 5174 2039 5228 per

344 5234 705 5289 Occidentem
781 5237 879 5291 illo
937 5238 1027 5292 die
1110 5257 1225 5293 non
1284 5242 1494 5297 habent
1561 5245 2034 5298 consuetudinem

337 5323 659 5392 jejunandi.
692 5325 988 5380 Scotorum
1035 5329 1211 5389 natio.
1262 5331 1608 5402 Hyberniam
1653 5333 1903 5387 insulam
1950 5336 2033 5388 in-

343 5411 624 5479 habitans,
667 5417 1140 5472 consuetudinem
1171 5418 1340 5474 habet
1367 5437 1473 5491 per
1517 5423 1863 5476 monasteria
1911 5440 2034 5476 mo-

343 5502 679 5570 nachorum,
739 5519 838 5558 seu
900 5507 1332 5573 canonicorum,
1400 5511 1488 5563 vel
1557 5526 2036 5581 quorumcunque

411 5635 434 5660 ⁸
464 5627 717 5702 Natalem
747 5630 952 5683 calicis.
983 5631 1047 5683 In
1076 5630 1266 5702 codice
1312 5631 1651 5687 Sen-Germ.
1706 5634 1874 5702 longe
1931 5635 2033 5687 ali-

346 5699 432 5748 ter
459 5699 599 5753 :Cur
628 5702 821 5768 quinta
854 5702 1020 5768 feria,
1057 5701 1490 5758 Christianorum
1511 5709 1738 5772 putetur
1764 5699 1908 5770 festa
1937 5721 2035 5758 ea:-

1489 410 1855 465 RATRAMNI
1901 409 2362 466 CORBEIENSIS
2408 407 2717 463 MONACHI

3720 416 3791 465 316
3839 171 3849 510 ι

2664 545 2822 598 omni
2873 550 3131 616 tempore
3189 550 3396 616 printer
3473 544 3790 608 Dominicam,

2157 633 2447 702 festosque
2471 633 2612 699 dies,
2653 630 2939 703 jejunare,
2983 644 3083 681 nec
3117 634 3226 686 nisi
3274 635 3361 688 vel
3397 634 3468 687 ad
3516 648 3704 688 nonam
3733 637 3793 688 vel

2159 718 2228 771 ad
2269 734 2562 789 vesperam
2597 719 2822 788 corpori
2868 719 3058 771 cibum
3108 719 3458 788 indulgere:
3514 721 3584 773 ad
3636 739 3794 774 nouam

2159 807 2390 877 quidem
2433 814 2666 874 aestms,
2725 809 2799 860 ad
2847 823 3142 876 vesperam
3187 824 3317 860 vero
3363 809 3564 861 diebus
3611 809 3796 878 hyema-

2158 896 2327 950 libus.
2388 897 2613 967 Hacque
2657 897 3070 950 consuetudine
3116 912 3248 949 cum
3302 899 3465 950 nulla
3501 898 3796 950 destineatur
3848 895 3849 956 ἲ

2159 984 2402 1038 Ecclesia
2433 988 2520 1038 vel
2551 986 2947 1052 Uccideutalis,
2983 986 3068 1038 vel
3109 984 3437 1050 Orientalis,
3500 1001 3613 1038 non
3653 991 3796 1036 tamen

2158 1076 2244 1127 vel
2274 1076 2838 1129 excommunicantur
2867 1076 2952 1128 vel
3004 1075 3511 1145 reprehenduntur
3552 1075 3718 1127 taliter
3733 1074 3797 1142 je-

2155 1165 2427 1232 junantes
2454 1165 2535 1218 eis
2562 1165 2662 1235 qui
2702 1165 2960 1218 mimime
2982 1165 3062 1218 sic
3087 1165 3373 1235 jejunent.
3848 1151 3849 1216 ᾖ

2231 1254 2454 1308 Dictum
2499 1262 2584 1308 est
2630 1255 2750 1324 jam
2808 1254 3071 1324 superius
3128 1258 3377 1323 quantus
3417 1251 3622 1323 jejunii
3660 1251 3799 1304 fervor

2157 1341 2424 1396 habuerit
2477 1343 2773 1397 credentes
2850 1343 2912 1395 iu
2985 1343 3327 1396 Alexandria
3383 1357 3517 1395 cum
3600 1333 3849 1410 primumii

2157 1435 2393 1502 coeperit
2434 1434 2549 1485 illic
2611 1433 2932 1487 Christiana
2988 1432 3207 1500 religio.
3273 1431 3477 1484 Nullus
3533 1432 3674 1482 enim
3722 1430 3800 1479 sibi
3848 1427 3849 1478 Ῐ

2157 1523 2418 1575 sumebat
2455 1529 2587 1575 ante
2639 1521 2773 1574 solis
2828 1538 3088 1574 occasum
3143 1520 3361 1584 cibum;
3417 1521 3611 1588 plures
3653 1525 3798 1569 autem

2155 1617 2376 1678 quarta,
2437 1611 2700 1664 nonnulli
2766 1619 2924 1663 sexta
2987 1611 3218 1664 Sabbati
3270 1611 3464 1662 cibum
3529 1607 3798 1678 capiebant,

2156 1714 2273 1751 non
2300 1704 2418 1752 tam
2448 1699 2883 1753 desiderabilem
2914 1700 3158 1768 corpori,
3202 1715 3374 1769 quam
3410 1696 3764 1751 necessarium
3791 1711 3798 1746 :

2157 1794 2214 1842 et
2277 1796 2396 1843 tam
2473 1798 2681 1860 printer
2756 1791 3114 1858 reliquorum
3197 1805 3412 1841 morem
3498 1783 3801 1839 credentium

2147 1877 2476 1948 jejunantes
2523 1895 2640 1932 non
2686 1880 3348 1942 excommunicabautur,
3397 1878 3482 1929 vel
3544 1881 3799 1942 redargue-

2155 1967 2364 2020 bantur
2419 1967 2489 2020 ab
2534 1967 2636 2032 eis,
2697 1967 2906 2037 quibus
2957 1966 3256 2037 jejunandi
3318 1963 3669 2018 consuetudo
3719 1976 3808 2014 non

2154 2055 2261 2108 ista
2301 2056 2588 2109 manebat.
2650 2057 2713 2109 Et
2755 2071 2881 2109 ecce
2929 2058 3357 2124 redarguuntur
3409 2053 3648 2106 Romani
3692 2051 3808 2119 jeju-

2155 2150 2352 2197 nantes
2410 2145 2470 2197 in
2535 2145 2782 2198 Sabbato
2842 2144 2926 2198 vel
2994 2153 3233 2214 propter
3283 2143 3622 2196 memoriam
3660 2139 3807 2208 sepul-

2154 2237 2296 2284 turzr
2347 2231 2672 2299 Dominicae,
2738 2233 2821 2286 vel
2901 2233 2972 2286 ob
3048 2233 3460 2302 discipulorum
3524 2231 3593 2284 de
3666 2230 3807 2281 morte

2156 2320 2385 2374 Domini
2428 2320 2739 2386 tristitiam,
2773 2322 2859 2374 vcl
2907 2321 3061 2390 quod
3110 2321 3399 2390 principes
3461 2317 3806 2390 apostolorum

2153 2409 2251 2462 illo
2284 2411 2375 2463 die
2415 2411 2705 2480 jejunasse
2756 2410 3060 2462 traduntur
3101 2411 3368 2463 adversus
3418 2407 3665 2461 Simonis
3694 2421 3807 2474 pra-

2154 2497 2320 2566 stigia
2363 2498 2761 2569 fallaciamque
2811 2500 3141 2569 pugnaturi,
3191 2507 3341 2551 certe
3391 2503 3594 2550 contra
3655 2494 3809 2548 diabo-

2153 2589 2272 2638 lum
2333 2587 2684 2657 Neronisque
2764 2586 3052 2640 vesaniam
3144 2584 3494 2640 dimicaturi.
3581 2581 3810 2646 Quintam

2153 2691 2382 2745 quoque
2439 2676 2668 2729 Sabbati
2699 2676 2990 2730 nonnullis
3043 2681 3128 2728 est
3185 2673 3547 2728 consuetudo
3605 2685 3810 2729 servare,

2154 2780 2224 2817 ne
2254 2765 2314 2817 in
2346 2763 2441 2817 illo
2481 2766 2571 2818 die
2603 2764 2889 2835 jejunent,
2952 2764 3442 2834 quemadmodum
3484 2778 3590 2816 nec
3633 2761 3687 2814 in
3731 2761 3812 2813 Du-

2153 2853 2378 2906 minica.

2220 2942 2514 3012 Approbat
2538 2943 2646 2997 hoc
2685 2943 2982 3008 Eusebius,
3025 2941 3387 3000 Cassariensis
3441 2941 3733 3010 episcopus
3773 2953 3813 2988 iu

2150 3030 2316 3096 libro,
2358 3047 2530 3100 quem
2559 3031 2628 3084 de
2658 3031 2838 3086 Gestis
2867 3032 3119 3085 Silvestri
3167 3047 3329 3102 papas
3377 3026 3716 3098 composuit,
3757 3025 3814 3076 ita

2081 3145 2119 3196 υ
2149 3119 2384 3172 dicens:
2443 3142 2462 3168 ι
2519 3121 2582 3172 Et
2629 3121 2709 3173 ait
2755 3137 2904 3190 papa
2949 3121 3249 3174 Silvester:
3306 3120 3568 3173 Natalem
3607 3114 3815 3169 calicis'

2147 3207 2414 3260 similiter
2465 3212 2528 3260 ut
2586 3207 2772 3261 dicem
2831 3207 3196 3261 Dominicum
3251 3206 3576 3259 solemnem
3640 3203 3815 3256 habere

2149 3295 2439 3358 debemus,
2499 3297 2559 3349 in
2626 3312 2740 3366 quo
2799 3295 3143 3349 sacriﬁcium
3220 3294 3508 3350 Dominici
3599 3290 3816 3361 corporis

2148 3389 2201 3438 et
2229 3383 2409 3439 divini
2462 3385 2759 3454 sanguinis
2817 3385 2887 3438 ab
2946 3385 3070 3453 ipso
3131 3384 3372 3438 Domino
3440 3379 3817 3437 celebrationis

2148 3473 2390 3543 sumpsit
2445 3473 2699 3526 initium.
2774 3475 2886 3527 Hac
2953 3473 3044 3527 die
3080 3472 3138 3526 in
3200 3478 3320 3526 toto
3387 3473 3529 3526 orbe
3589 3472 3815 3524 sanctum

2147 3561 2396 3615 chrisma
2448 3561 2799 3616 coniicitur:
2853 3562 2959 3616 hac
3029 3560 3201 3614 etiam
3259 3561 3352 3614 die
3435 3557 3817 3630 paenitentibus

2146 3666 2250 3720 per
2302 3650 2724 3721 indulgentiam
2788 3650 3166 3720 subvenitur;
3230 3650 3524 3703 discordes
3583 3649 3652 3703 ad
3708 3661 3815 3699 con-

2147 3739 2398 3792 cordiam
2430 3740 2535 3792 hac
2588 3739 2679 3792 die
2737 3739 2999 3798 redeunt,
3058 3738 3428 3809 paciﬁcantur
3486 3739 3654 3805 irati;
3708 3736 3818 3790 dant

2144 3826 2562 3897 indulgentiam
2593 3827 2878 3897 principes
2922 3827 3272 3892 criminosis;
3310 3826 3488 3879 servis
3542 3825 3704 3879 malis
3744 3823 3817 3875 in-

2146 3914 2386 3983 dulgent
2423 3916 2670 3981 domini;
2708 3916 2933 3984 judices
2981 3916 3155 3969 etiam
3211 3915 3534 3968 latronibus
3583 3919 3817 3986 parcunt,

2145 4007 2445 4073 patescunt
2481 4021 2730 4058 carceres
2780 4005 2841 4057 in
2896 4009 3016 4058 toto
3065 4004 3223 4058 orbe.
3276 4003 3392 4056 Hac
3439 4003 3535 4057 die
3585 4003 3654 4057 ad
3697 3999 3817 4054 lasti-

2146 4091 2285 4146 tiam
2338 4092 2660 4146 festivitatis
2719 4099 2929 4146 exeunt
2959 4092 3059 4162 qui
3098 4109 3156 4145 se
3203 4093 3559 4156 clauserunt,
3612 4093 3821 4162 prOpter

2148 4182 2536 4235 austeritatem
2575 4182 2875 4251 culparum
2920 4182 3125 4244 flendo,
3176 4181 3326 4251 quod
3379 4180 3622 4234 ridendo
3677 4180 3818 4239 forte,

2147 4274 2246 4323 aut
2297 4269 2613 4337 irascendo,
2669 4276 2767 4324 aut
2821 4271 2948 4323 aliis
2999 4269 3351 4340 quibuslibet
3422 4270 3614 4324 modis
3659 4274 3818 4322 trans-

2147 4358 2464 4427 grediendo
2540 4359 2897 4414 commisere.
2965 4359 3092 4413 Haec
3149 4365 3208 4413 et
3262 4359 3354 4413 his
3409 4359 3629 4412 similia
3661 4358 3817 4410 multa

2077 4443 2369 4500 Ddicente
2421 4451 2614 4500 sancto
2668 4449 2934 4501 Silvestre
2990 4447 3319 4517 conquievit
3365 4447 3560 4499 omnis
3618 4450 3822 4498 contra-

2149 4535 2338 4601 dictio,
2405 4552 2575 4604 quam
2635 4536 2809 4589 Graeci
2875 4534 3343 4590 Christianissimi
3413 4540 3468 4587 et
3529 4533 3683 4588 docti
3731 4530 3824 4582 Viri

2148 4623 2479 4692 opposuisse
2529 4623 2835 4676 memorati
2918 4629 3072 4691 sunt,
3129 4624 3438 4676 dicentes:
3511 4623 3650 4675 Vere
3706 4634 3824 4687 apo-

2147 4711 2344 4765 stolica
2374 4713 2537 4766 sedes
2567 4712 2728 4765 lioca
2767 4714 2936 4767 Petro
2982 4711 3197 4777 didicit,
3237 4711 3389 4780 quod
3443 4711 3603 4764 nulla
3659 4711 3824 4779 potest

2148 4801 2368 4854 ratione
2426 4801 2705 4855 convinci.
2738 4823 2757 4848 ι
2837 4801 2892 4855 Si
2935 4801 3004 4854 de
3086 4801 3178 4854 die
3229 4799 3462 4854 Sabbati
3513 4798 3824 4868 judicantur

2149 4889 2394 4943 Romani
2435 4890 2591 4959 quod
2642 4890 2910 4959 jejunent
2938 4889 2995 4942 in
3047 4906 3136 4956 eo,
3196 4904 3298 4942 cur
3355 4904 3468 4941 non
3513 4887 3828 4956 judicantur

2148 4978 2248 5048 qui
2281 4979 2550 5048 jejunant
2581 4978 2783 5047 quinta
2823 4978 3083 5043 Sabbati;
3119 4983 3215 5031 aut
3253 4993 3355 5030 cur
3395 4976 3662 5030 moderni
3687 4975 3827 5028 GKR-

2147 5083 2344 5120 corum
2387 5067 2503 5120 suis
2536 5067 2849 5135 majoribus
2904 5067 3182 5119 doctiores
3215 5066 3460 5118 existere
3512 5065 3752 5126 malunt,
3780 5064 3830 5111 ut

2147 5156 2298 5225 quod
2331 5154 2417 5207 illi
2455 5160 2814 5223 receperunt,
2849 5159 2906 5206 et
2935 5153 3126 5221 dignis
3179 5153 3443 5206 laudibus
3493 5151 3828 5208 extulerunt,

2145 5244 2250 5297 hoc
2281 5243 2374 5297 isti
2405 5244 2831 5312 reprehendere
2857 5243 3117 5310 quierant
3149 5257 3162 5294 :
3200 5257 3316 5294 non
3358 5240 3512 5294 enim
3562 5241 3652 5293 vel
3711 5235 3828 5289 reli-

2146 5332 2438 5402 giosiores,
2468 5334 2553 5384 vel
2616 5330 2901 5385 doctiores
2958 5331 3038 5382 eis
3081 5330 3562 5399 comprobantur;
3621 5327 3832 5381 videant

2146 5438 2216 5475 ne
2256 5421 2493 5474 fortasse
2548 5419 2946 5474 insolentiores
2985 5419 3506 5488 reprehendantur.
3533 5419 3646 5472 Cur
3691 5414 3828 5469 enim

2144 5527 2249 5582 per
2281 5516 2367 5565 tot
2398 5511 2605 5565 saecula
2635 5510 2787 5581 quod
2845 5525 2974 5563 cum
3026 5525 3163 5580 pace
3213 5509 3542 5563 Christiana
3588 5507 3830 5562 observa-

2146 5635 2312 5698 cludi,
2369 5636 2428 5685 in
2475 5649 2579 5702 quo
2625 5631 2864 5687 ascensio
2892 5635 3112 5686 Domini
3165 5636 3367 5686 constet
3420 5633 3685 5701 apostolis
3733 5641 3829 5680 esse

2143 5705 2421 5758 revelata?
2448 5704 2513 5757 In
2546 5705 2645 5757 hac
2677 5707 2841 5756 etiam
2871 5705 2960 5756 die
2991 5705 3342 5769 sacriﬁcium,
3387 5709 3499 5757 etc.
