3890 6230
52 496 149 545 3ιῖ
1058 493 1331 551 CONTRA
1377 494 1772 549 GPuECORUM
1823 494 2172 551 OPPOSlTA.
2204 523 2267 531 —
2297 494 2426 549 LIB.
2479 494 2567 547 ιν.

3460 494 3560 545 3l8

52 636 172 685 tum
215 636 327 697 est,
369 648 526 686 nunc
566 632 785 703 portari
827 648 939 686 non
980 637 1184 701 potest,
1223 648 1419 687 verum
1462 632 1749 687 moliendo
1789 635 1834 687 Α
1866 638 1995 687 ante
2046 634 2258 687 Pascha
2302 630 2722 701 jejunantibus;
2765 629 2894 683 aliis
2944 634 3073 683 ante
3125 647 3220 685 sex
3280 628 3556 701 septima-

50 722 542 775 contradictiones
573 722 633 775 in
681 721 973 775 discordiae
1011 722 1339 775 scandalum
1379 722 1709 791 congeritur
1741 737 1754 775 :

53 826 119 862 au
180 810 333 863 adeo
376 810 788 879 imprudentiae
838 811 1088 865 tenebris
1138 816 1269 863 sunt.
1325 810 1589 875 involuti,
1646 827 1759 881 quo

54 904 262 967 putent
307 900 581 953 Ecclesias
623 899 827 953 Christi
888 900 1257 953 insolentium
1313 900 1759 970 reprehensione

53 988 193 1041 velle
251 995 500 1055 mutare,
566 988 714 1059 quod
770 988 1100 1043 inconcusse
1169 1005 1271 1059 per
1331 989 1511 1043 multa
1558 989 1762 1043 saecula

53 1093 356 1131 servavere
372 1078 398 1131 2’

124 1166 493 1229 Melchiades,
550 1167 821 1220 Romamn
878 1167 1024 1219 sedis
1080 1167 1428 1237 apostolicus
1491 1184 1524 1220 a
1593 1169 1760 1221 Petro

56 1256 321 1322 apostolo
370 1256 699 1325 trigesimus
750 1256 968 1320 tertius,
1013 1257 1081 1309 de
1126 1256 1327 1326 quinta
1366 1256 1763 1310 Sabbaticon-

56 1342 260 1406 stituit,
316 1350 382 1395 ut
425 1344 582 1396 nulla
633 1343 872 1407 ratione,
926 1344 1239 1412 Dominica,
1289 1351 1389 1398 aut
1437 1345 1639 1415 quinta
1683 1344 1762 1397 fe-

57 1431 138 1483 ria
162 1432 463 1501 jejunium
495 1433 626 1503 quis
672 1432 741 1486 de
787 1433 1051 1486 tidelibus
1092 1440 1317 1502 ageret;
1363 1434 1639 1503 quoniam
1670 1450 1765 1485 eos

59 1519 177 1571 dies
233 1519 450 1588 pagani
518 1520 680 1588 quasi
748 1536 905 1573 sacro
958 1520 1181 1590 jejunio
1240 1521 1623 1575 celebrabant.
1693 1522 1765 1575 Et

60 1609 323 1677 quamvis
357 1610 547 1678 potior
575 1608 672 1661 illa
704 1609 845 1661 ratio
880 1609 1136 1662 videatur
1163 1626 1283 1663 esse
1314 1611 1382 1663 de
1418 1611 1532 1664 diei
1569 1610 1763 1664 Domi-

63 1698 173 1749 nici
215 1699 532 1766 pransione
579 1714 753 1767 quam
784 1698 973 1751 omnis
1007 1703 1161 1751 tenet
1206 1700 1470 1765 Ecclesia,
1521 1700 1672 1769 quod
1704 1698 1765 1751 in

64 1802 127 1837 ea
158 1786 429 1839 videlicet
457 1787 713 1839 Christus
753 1803 785 1839 a
827 1786 1068 1840 mortuis
1101 1789 1495 1855 resurrexerit,
1526 1793 1581 1841 et
1611 1786 1763 1857 quod

64 1875 241 1928 futuri
272 1874 470 1928 saeculi
502 1874 728 1944 requies
758 1891 856 1945 per
885 1891 1009 1927 eam
1031 1876 1389 1941 signiﬁcatur
1420 1893 1431 1929 :
1466 1877 1534 1930 de
1563 1877 1765 1945 quinta

66 1979 294 2032 quoque
335 1963 593 2028 Sabbati,
639 1979 811 2033 quam
849 1964 1048 2017 beatus
1087 1964 1351 2018 Silvester
1378 1982 1507 2018 cum
1558 1966 1765 2018 Gra'cis

68 2054 366 2121 disputans
415 2051 685 2115 reddidit,
736 2068 850 2104 non
901 2058 987 2105 est
1036 2056 1228 2105 tamen
1281 2054 1765 2107 contemnendum

71 2141 219 2211 quod
278 2140 619 2193 Melchiades
663 2140 953 2193 Romanus
997 2140 1300 2210 episcopus
1353 2142 1600 2195 edocuit.
1664 2141 1766 2195 Pa-

72 2244 353 2297 ganorum
384 2228 599 2281 etenim
624 2228 849 2298 jejunia
880 2229 1174 2282 destruere
1207 2230 1396 2299 potius
1436 2247 1609 2300 quam
1631 2230 1767 2284 imi—

71 2320 173 2369 tari
213 2318 387 2370 debet
424 2317 669 2370 Ecclesia
708 2317 1002 2383 catholica,
1048 2319 1542 2387 quemadmodum
1604 2319 1766 2371 festi-

76 2410 274 2458 vitates
316 2422 517 2459 eorum
561 2406 877 2471 universas,
920 2407 979 2459 in
1014 2407 1222 2476 quibus
1264 2409 1455 2477 potius
1492 2408 1767 2461 daemoni-

74 2496 171 2546 bus
203 2511 380 2564 quam
414 2496 530 2548 Deo
583 2510 712 2547 vero
751 2496 1010 2548 noscitur
1038 2496 1332 2549 deserviri.
1371 2498 1434 2550 Et
1464 2497 1594 2550 ideo
1626 2513 1767 2550 con-

74 2584 368 2636 venienter
393 2583 693 2636 deﬁnitum
726 2588 781 2636 et
822 2584 935 2637 illis
981 2584 1180 2637 diebus
1209 2602 1242 2637 a
1291 2584 1625 2639 Christianis
1659 2602 1771 2639 non

76 2689 189 2725 esse
227 2672 635 2741 jejunaudum,
701 2672 910 2742 quibus
961 2673 1173 2742 pagani
1210 2673 1476 2743 jejunare
1524 2691 1766 2727 noscun-

76 2766 190 2823 tur;
250 2778 323 2814 ne
364 2761 472 2829 piae
519 2761 955 2814 sanctimoniam
1006 2762 1303 2832 religionis
1355 2764 1639 2816 maculare
1687 2763 1769 2815 vi-

78 2851 277 2901 deatur
323 2849 649 2917 superstitio
692 2850 1034 2902 daemoniaci
1084 2851 1289 2903 cultus.
1334 2855 1601 2904 Attamen
1640 2868 1771 2905 cum

82 2938 266 3006 prima
299 2937 528 2989 Sabbati
559 2936 633 2990 sit
661 2938 929 2991 omnibus
970 2937 1308 2992 Christianis
1346 2940 1627 3008 generalis
1668 2940 1770 2994 ob-

81 3025 381 3089 servantia,
415 3040 531 3078 non
571 3024 897 3093 jejunaudi,
934 3026 1195 3096 quintam
1228 3027 1456 3081 Sabbati
1506 3043 1622 3080 non
1655 3044 1773 3080 om-

81 3114 243 3166 nibus
285 3114 586 3166 observare
642 3130 761 3166 mos
801 3118 904 3178 est,
948 3114 1211 3183 pluribus
1239 3114 1320 3183 ,in
1369 3132 1436 3169 eo
1484 3116 1574 3169 die
1622 3116 1771 3185 jeju-

86 3203 370 3259 nantibus.
460 3202 712 3255 maxime
769 3203 1219 3273 Quadragesima
1296 3204 1585 3273 paschali;
1669 3220 1772 3257 nec

85 3298 270 3344 tamen
332 3291 401 3345 ob
451 3292 561 3344 hoc
600 3291 716 3344 ulla
772 3292 836 3345 tit
898 3291 1049 3345 inter
1100 3292 1371 3345 Ecclesias
1432 3293 1636 3347 Christi
1690 3294 1773 3347 di-

86 3381 380 3449 sceptalio,
430 3380 790 3433 servantibus
838 3381 1079 3450 singulis
1119 3398 1291 3451 quam
1334 3388 1707 3451 susceperunt
1745 3398 1777 3435 a

87 3470 399 3537 majoribus
431 3468 550 3521 suis
585 3468 886 3537 jejunandi
920 3470 1008 3522 vel
1050 3470 1369 3539 prandendi
1407 3469 1771 3523 consuetudi-

89 3572 230 3609 nem.
300 3557 417 3610 Hoc
475 3556 523 3608 si
589 3556 801 3609 vellent
859 3559 1184 3611 Graecorum
1252 3559 1538 3628 principes
1593 3564 1775 3611 atten-

88 3646 232 3710 dere,
284 3660 401 3697 non
455 3651 573 3697 tam
612 3646 813 3698 leviter
849 3646 1339 3716 reprehenderent
1390 3647 1618 3699 Latinos
1662 3646 1776 3699 sive

92 3734 369 3787 Romanos
393 3733 639 3787 Sabbato
675 3734 1025 3803 jejunantes,
1069 3735 1165 3788 sed
1205 3752 1306 3788 sua
1344 3735 1597 3789 contenti
1642 3750 1779 3787 con-

92 3824 409 3885 suetudine,
468 3822 819 3876 mirarentur
890 3823 1169 3891 Reginam
1225 3825 1489 3877 assistere
1555 3822 1777 3878 Christo

95 3914 145 3963 in
200 3913 407 3964 veStitu
448 3912 743 3980 deaurato,
798 3912 1282 3965 circumamictam
1333 3914 1624 3978 varietate,
1678 3927 1780 3964 nec

95 4001 253 4052 certis
305 4000 521 4069 regulis
598 4006 942 4053 conarentur
1006 4000 1211 4067 addici,
1275 4001 1345 4054 de
1410 4017 1522 4070 quo
1561 3999 1779 4053 nullam

98 4088 295 4141 habent
349 4094 467 4140 tam
529 4089 667 4142 Non
704 4089 1053 4142 Testamenti
1107 4106 1278 4160 quam
1330 4090 1544 4144 Veteris
1584 4093 1779 4142 aucto-

98 4178 337 4231 ritatem.

759 4284 984 4337 CAPUT
1025 4284 1113 4336 IV.

100 4408 332 4469 Romani,
386 4405 531 4472 quod
583 4408 891 4459 Graecorum
941 4422 1085 4459 more
1134 4408 1626 4473 Quadragesimam
1677 4424 1783 4459 non

159 4478 452 4539 observent,
519 4478 948 4542 redarguuutur.
1019 4479 1188 4542 Quam
1254 4478 1317 4530 ob
1366 4493 1587 4531 causam
1652 4494 1783 4545 qua-

159 4548 419 4611 draginta
450 4548 664 4599 dierum
693 4548 969 4614 jejunium
1009 4554 1133 4600 ante
1163 4550 1389 4601 Pascha.
1448 4550 1610 4603 Varie
1659 4550 1776 4600 heb-

160 4618 519 4670 danuidarum
598 4634 851 4669 numerus
931 4624 1198 4671 servatur.
1283 4620 1459 4682 Quare
1532 4619 1782 4673 nonnulli

158 4689 582 4742 Occidentalium
622 4690 855 4755 triginta
898 4704 994 4741 sea:
1033 4689 1147 4741 dies
1184 4688 1460 4757 jejuuant.
1519 4691 1780 4755 Quadra-

158 4764 388 4823 gest'mus
410 4760 623 4812 dierum
654 4774 907 4812 numerus
937 4761 1262 4827 explicatur.

157 4883 535 4935 Transeamus
576 4882 694 4951 jam
737 4882 805 4934 ad
845 4882 985 4935 illud
1031 4882 1182 4952 quod
1225 4882 1294 4936 de
1335 4882 1782 4952 Quadragesima

98 4970 327 5036 paschali
382 4976 666 5023 conantur
704 4970 1069 5040 redarguere,
1127 4971 1399 5038 dicentes,
1448 4972 1604 5041 quod
1663 4988 1779 5025 non

96 5056 408 5124 jejunemus
443 5058 591 5111 sicut
635 5058 716 5110 illi
756 5065 880 5110 octo
916 5058 1305 5113 hebdomadas
1344 5066 1474 5113 ante
1504 5061 1718 5113 Pascha
1749 5077 1781 5113 a

100 5148 364 5211 carnium,
412 5152 467 5199 et
504 5154 722 5215 septem
771 5146 1222 5201 hebdomadibus
1263 5164 1297 5201 a
1346 5150 1493 5203 casei
1530 5155 1586 5203 et
1639 5166 1779 5202 ovo-

103 5249 207 5287 rum
239 5251 340 5287 esu
376 5251 483 5287 suo
516 5250 677 5287 more
716 5251 834 5287 non
871 5252 1178 5289 cessamus.
1221 5237 1311 5290 Sic
1356 5237 1463 5290 ista
1504 5238 1776 5305 dicentes,

100 5327 349 5392 tanquam
381 5324 530 5376 hanc
560 5324 791 5376 illorum
836 5325 1309 5378 consuetudinem
1343 5342 1541 5379 omnes
1572 5326 1777 5381 Orien-

104 5412 220 5464 tales
282 5419 337 5465 et
400 5412 813 5477 Occidentales,
882 5417 1091 5481 praeter
1151 5414 1457 5479 Romanos,
1518 5414 1779 5469 Ecclesia:

104 5506 466 5553 conservent:
531 5499 1004 5569 quandoquidem
1064 5506 1182 5554 tam
1264 5502 1319 5554 in
1391 5502 1779 5557 Orientalibus

104 5603 249 5656 quam
311 5590 370 5643 in
434 5590 894 5644 Occidentalibus
942 5590 1199 5644 Ecclesiis
1248 5592 1428 5644 multa
1487 5590 1781 5645 diversitas

108 5676 430 5742 inveniatur,
476 5678 621 5730 sicut
674 5677 797 5746 jam
845 5678 1109 5747 superius
1157 5683 1451 5731 ostensum
1497 5685 1600 5745 est,
1654 5680 1780 5732 aliis

110 5779 185 5816 sex
235 5764 717 5832 hebdomadibus,
783 5770 992 5835 praster
1077 5766 1455 5833 Dominicam,
1524 5767 1781 5821 Ecclesiis

1864 740 1999 789 nas;
2063 722 2189 775 aliis
2256 726 2384 775 ante
2444 725 2661 789 septem
2707 720 2935 773 Pascha:
2996 719 3347 789 septimanas
3408 719 3557 788 jeju.

1867 812 2025 866 nium
2066 811 2513 865 inchoantibus:
2567 808 2621 861 id
2674 813 2775 871 est,
2820 807 3052 877 quidam
3107 807 3395 875 jejunium
3454 808 3557 860 Pa-

1867 902 2055 955 schale
2088 901 2360 953 inchoent
2389 904 2542 952 sexta
2573 895 2930 950 hebdomada
2977 901 3108 947 ante
3148 897 3380 959 Pascha,
3413 910 3558 948 non-

1869 990 2010 1044 nulli
2042 989 2304 1060 septima,
2336 990 2525 1055 plures
2565 992 2788 1051 octava;
2829 983 3225 1053 superaddunt
3264 982 3436 1037 etiam
3466 982 3564 1037 alii

1872 1096 2102 1133 nonani.

1943 1168 2178 1221 Videant
2220 1165 2398 1236 igitur
2445 1164 2538 1218 isti
2600 1163 3045 1234 reprehensores
3102 1176 3247 1230 quos
3314 1154 3561 1210 habeant

1868 1258 1953 1309 vel
2003 1256 2238 1309 comites
2289 1255 2371 1307 vel
2424 1253 2755 1306 imitatores.
2814 1250 3069 1320 Denique
3113 1263 3241 1301 cum
3293 1242 3564 1300 Romanis

1872 1361 1989 1398 non
2046 1348 2380 1408 consonant,
2452 1342 2551 1411 qui
2617 1356 2713 1393 sex
2768 1337 3157 1393 hebdomadas
3205 1334 3566 1389 continenter

1871 1438 2001 1486 ante
2078 1433 2288 1485 Pascha
2346 1437 2551 1500 printer
2608 1427 2967 1481 Dominicam
3020 1426 3319 1494 jejunant;
3377 1435 3565 1489 neque

1872 1537 1999 1575 cum
2035 1521 2115 1573 eis
2142 1520 2240 1590 qui
2273 1519 2514 1588 septima
2551 1516 2905 1571 hebdomada
2932 1514 3219 1584 jejunium
3252 1512 3560 1564 inchoant:

1873 1609 2339 1679 quandoquidem
2399 1607 2491 1660 isti
2543 1606 2641 1659 illa
2705 1622 2764 1657 se
2828 1604 3026 1658 dicunt
3083 1599 3443 1655 hebdomada
3494 1598 3565 1651 ab

1873 1700 1995 1753 ovis
2060 1706 2114 1751 et
2175 1713 2338 1750 caseo
2406 1696 2724 1758 continere,
2788 1693 3096 1762 perfectam
3159 1705 3290 1742 vero
3357 1686 3566 1755 jejunii

1872 1787 2133 1841 nondum
2201 1784 2624 1839 observantiam
2699 1782 3034 1851 suscepisse,
3116 1778 3272 1849 quod
3351 1776 3568 1829 faciunt

1874 1876 1957 1929 illi
2009 1876 2111 1945 qui
2150 1879 2365 1945 septem
2416 1872 2800 1926 hebdomadas
2834 1869 3055 1939 jejunio
3102 1865 3356 1921 Paschali
3405 1863 3568 1917 dedi-

1876 1981 2094 2019 cavere.

1952 2054 2154 2107 Dicunt
2195 2050 2368 2105 etiam
2416 2050 2528 2116 isti,
2569 2048 2723 2120 quod
2769 2053 2895 2102 octo
2945 2043 3402 2100 hebdomadibus
3440 2043 3570 2094 ante

1876 2142 2090 2197 Pascha
2118 2140 2383 2193 carnibus
2412 2138 2753 2204 abstineant,
2784 2135 2993 2207 jejunii
3031 2135 3118 2187 sui
3159 2149 3275 2187 non
3315 2132 3567 2201 plenam,

1878 2231 1978 2284 sed
2034 2229 2391 2283 dimidiatam
2450 2227 2866 2281 continentiam
2908 2228 3172 2295 agentes;
3210 2220 3361 2273 unde
3404 2220 3570 2287 longe

1878 2320 2023 2373 tiunt
2048 2319 2119 2372 ob
2152 2318 2233 2371 eis
2273 2318 2371 2387 qui
2412 2316 2490 2370 sic
2518 2320 2712 2369 octava
2748 2313 3111 2368 hebdomada
3145 2309 3435 2379 jejunium
3479 2306 3569 2359 in-

1877 2411 2105 2473 choaut,
2168 2412 2231 2461 ut
2288 2406 2427 2459 nihil
2466 2406 2535 2459 de
2598 2402 2965 2457 continentia:
3027 2401 3295 2454 varietate
3347 2410 3572 2465 permu-

1879 2502 2018 2551 tent.
2062 2498 2186 2550 Jam
2226 2511 2357 2548 vero
2400 2510 2529 2547 cum
2576 2492 2688 2545 illis
2738 2490 2837 2561 qui
2878 2505 3082 2543 novem
3114 2484 3572 2541 hebdomadibus

1879 2586 2190 2656 jejunando
2254 2583 2524 2638 Paschale
2598 2588 2824 2650 tempus
2900 2578 3281 2649 prazveniunt,
3357 2574 3573 2626 nullam

1880 2675 1972 2729 isti
2004 2675 2267 2727 videntur
2304 2672 2514 2725 habere
2550 2669 3060 2731 communionem;
3102 2660 3573 2735 quandoquidem

1880 2764 1940 2817 in
1974 2779 2123 2816 nona
2152 2761 2510 2815 hebdomada
2542 2776 2644 2812 nec
2689 2758 2758 2811 ab
2789 2756 2925 2821 ovis,
2966 2770 3071 2808 nec
3106 2770 3138 2806 a
3168 2768 3351 2818 caseo,
3385 2763 3572 2818 neque

1880 2870 1914 2906 a
1943 2853 2207 2906 carnibus
2258 2869 2316 2903 se
2346 2851 2640 2903 continere
2672 2848 3071 2916 profiteantur.
3123 2844 3265 2911 Ergo
3304 2854 3433 2892 cum
3475 2837 3572 2890 de-

1880 2941 2271 3011 prehendatur
2318 2940 2376 2992 in
2426 2936 2820 2991 observatione
2871 2932 3080 3003 jejunii
3125 2928 3409 2985 Paschalis
3461 2941 3574 2978 non

1881 3032 2066 3083 solum
2100 3029 2167 3081 ab
2200 3026 2674 3089 Occidentalibus,
2708 3039 2905 3077 verum
2940 3022 3009 3075 ab
3041 3017 3426 3074 Orientalibus
3456 3013 3571 3068 dis-

1881 3119 2111 3183 sentire,
2150 3118 2342 3171 dicant
2381 3132 2495 3185 qua
2538 3114 2755 3167 ratione
2806 3109 3226 3181 reprehendant
3265 3107 3572 3167 Romanos,

1814 3234 1854 3286 C
1884 3212 1940 3261 et
1966 3223 2081 3261 non
2112 3204 2460 3276 reprehendi
2492 3208 2760 3255 verentur
2784 3201 2854 3254 ab
2886 3200 3012 3253 aliis
3040 3196 3317 3260 Ecclesiis,
3369 3191 3576 3263 quibus

1886 3298 1947 3351 in
1992 3295 2246 3349 Paschali
2290 3294 2512 3363 jejunio
2560 3308 2675 3345 non
2732 3288 3080 3343 concordare
3119 3285 3422 3338 videntur:
3482 3283 3579 3333 aut

1886 3389 2033 3439 certe
2066 3384 2362 3454 proferant
2390 3382 2477 3434 vel
2510 3379 2725 3433 Veteris
2754 3379 2837 3431 vel
2872 3377 3011 3432 Novi
3053 3370 3399 3429 Testamenti
3440 3385 3579 3438 pra:-

1887 3479 2067 3543 cepta,
2106 3472 2191 3525 vel
2221 3470 2635 3530 auctoritatem,
2672 3484 2785 3537 qua
2817 3465 3127 3519 defendant
3156 3477 3318 3514 suam
3349 3472 3581 3512 consue-

1887 3560 2167 3624 tudinem,
2204 3558 2288 3611 vel
2332 3559 2645 3611 Romanam
2690 3554 2894 3607 merito
2930 3548 3374 3621 reprehendant.
3416 3545 3577 3608 Quod

1887 3665 2017 3703 cuni
2056 3649 2238 3701 facere
2280 3648 2593 3716 nequeunt,
2630 3644 2829 3697 doceat
2860 3658 2956 3694 eos
2994 3640 3195 3692 saltem
3223 3634 3579 3689 consuetudo

1890 3738 2266 3790 Ecclesiarum
2297 3734 2451 3787 varia
2484 3731 2803 3801 jejunandi,
2837 3729 2993 3799 quod
3032 3743 3149 3780 non
3192 3727 3299 3778 ista
3333 3723 3433 3777 ﬁat
3472 3722 3579 3775 ob-

1889 3824 2173 3878 servantia
2220 3824 2289 3876 de
2339 3820 2727 3891 praeceptione
2772 3830 3114 3888 quacunque
3151 3812 3364 3875 divina,
3418 3810 3581 3878 cujus

1890 3914 2225 3967 necessitate
2263 3909 2587 3979 jejuuautes
2636 3911 3050 3960 coerceantur:
3099 3902 3194 3955 sed
3242 3906 3470 3953 maneat
3521 3897 3579 3950 in

1889 4001 2340 4070 uniuscujusque
2379 3995 2688 4067 proposito,
2733 4010 2831 4049 seu
2872 3990 3181 4046 voluntatis
3223 3988 3485 4051 arbitrio,
3520 3991 3582 4038 ut

1890 4107 2018 4145 cum
2052 4089 2262 4159 gaudio
2295 4086 2470 4140 sancti
2508 4084 2751 4154 Spiritus
2782 4083 2984 4137 otferat
3027 4082 3141 4135 Deo
3181 4078 3333 4150 quod
3372 4075 3479 4129 sibi
3505 4091 3581 4128 re-

1890 4186 2045 4233 ctum
2079 4176 2462 4248 possibileque
2509 4174 2751 4237 videtur,
2780 4179 2837 4226 et
2879 4187 2998 4225 non
3037 4167 3444 4231 necessarium,
3482 4163 3582 4216 sed

1890 4270 1989 4322 ﬁat
2019 4266 2407 4319 Voluntarium
2444 4264 2657 4316 bonum
2692 4266 2949 4314 nostrum
2984 4275 2998 4312 :
3035 4274 3137 4312 nec
3158 4262 3352 4309 tamen
3380 4258 3441 4306 ut
3472 4251 3583 4306 hoc

1890 4357 1951 4410 in
2000 4354 2443 4423 uniuscujusque
2489 4352 2563 4404 sit
2613 4351 2978 4420 singulariter
3034 4346 3330 4410 electione,
3385 4358 3583 4396 verum

1891 4444 2169 4498 servanda
2222 4448 2306 4496 est
2358 4439 2597 4510 singulis
2627 4439 2891 4492 Ecclesiis
2926 4436 3205 4506 majorum
3256 4430 3583 4493 auctoritas,

1823 4534 1944 4587 Det
1999 4531 2380 4596 consuetudo;
2437 4534 2721 4599 quatenus
2772 4526 2986 4597 singuli
3049 4522 3375 4577 custodiant
3426 4517 3581 4589 quod

1892 4636 2252 4690 unaquaeque
2284 4620 2529 4672 Ecclesia
2563 4635 2593 4670 a
2626 4616 2741 4669 suis
2774 4615 2990 4684 accepit
3040 4609 3443 4666 fundatoribns
3486 4622 3584 4659 cu-

1890 4710 2276 4762 stodiendum.
2315 4707 2432 4760 Nisi
2466 4707 2611 4759 forte
2644 4705 2959 4776 putandum
2994 4702 3147 4772 quod
3176 4698 3347 4751 Graeci
3380 4697 3494 4748 sint
3524 4694 3585 4746 in

1888 4799 1997 4853 hoc
2030 4795 2425 4867 praeponendi,
2468 4795 2621 4864 quod
2658 4792 3019 4847 hebdomada
3060 4788 3302 4857 septima
3335 4799 3437 4837 nec
3482 4799 3587 4835 ova

1890 4901 1993 4938 nec
2025 4900 2254 4937 caseum
2284 4880 2613 4941 comedent;
2649 4877 3116 4949 quandoquidem
3147 4875 3318 4941 longe
3352 4870 3584 4939 praecel-

1889 4973 2087 5027 luntur
2116 4974 2187 5026 ab
2211 4971 2291 5023 eis
2332 4970 2431 5040 qui
2466 4974 2689 5022 coctum
2726 4966 2944 5036 aliquid
2978 4980 3080 5034 per
3118 4969 3294 5016 totam
3328 4960 3584 5024 Quadra-

1889 5062 2167 5131 gesimum
2198 5075 2314 5113 non
2347 5058 2682 5120 comedunt;
2715 5071 2939 5107 necnon
2964 5054 3034 5105 ab
3068 5052 3148 5105 eis
3172 5050 3408 5121 quisolo
3439 5063 3585 5119 pane

1887 5156 2209 5203 vescuntur.
2243 5150 2566 5218 Appareant
2595 5143 2764 5196 etiam
2818 5145 3061 5195 multum
3107 5140 3407 5194 inferiores
3448 5138 3582 5202 illis,

1889 5238 1987 5309 qui
2030 5253 2133 5290 nec
2175 5238 2302 5300 hoc,
2361 5233 2460 5287 sed
2500 5232 2806 5286 herbarum
2857 5230 3256 5284 tantummodo
3302 5245 3399 5281 esu
3451 5226 3585 5279 reti-

1887 5328 2134 5379 ciuntur.
2171 5325 2283 5377 Nec
2312 5337 2541 5393 quoque
2584 5319 2815 5389 penitus
2847 5319 2928 5371 eis
2960 5318 3307 5383 conferendi,
3348 5316 3446 5386 qui
3484 5330 3588 5384 per

1888 5419 2065 5468 totam
2109 5410 2632 5481 Quadragesimam
2659 5406 2743 5459 vix
2782 5410 2959 5462 semel
3003 5414 3100 5461 aut
3142 5408 3228 5461 bis
3264 5407 3320 5460 in
3363 5404 3585 5458 hebdo-

1888 5501 2054 5556 mada
2103 5502 2295 5554 cibum
2346 5497 2571 5566 corpori
2621 5496 2964 5563 largiuntur.
3017 5498 3249 5551 Cessent
3304 5495 3481 5563 igitur
3528 5506 3585 5544 se

1888 5590 2354 5659 superextollere,
2392 5601 2461 5638 ne
2501 5587 2801 5646 corruant;
2840 5584 2938 5635 sed
2978 5585 3172 5653 potius
3210 5582 3587 5637 humilientur

1890 5685 1953 5731 ut
1981 5683 2234 5745 surgant.
2267 5680 2323 5728 et
2356 5672 2635 5742 potiorem
2669 5684 2789 5720 esse
2830 5676 3184 5736 cognoscant
3222 5666 3582 5721 concordiam

1891 5764 2059 5838 pacis,
2094 5771 2148 5818 et
2190 5759 2506 5819 dilectionis
2536 5757 2836 5820 unitatem,
2870 5772 3047 5825 quam
3090 5756 3443 5826 jejuniorum
3484 5751 3580 5804 ob-
