3890 6230
323 420 422 473 319

1464 410 1826 467 RATRAMNI
1869 410 2326 469 CORBEIENSIS
2366 408 2677 468 MONACIII

3726 412 3796 463 32“

322 552 685 608 servantiam.
758 550 1134 607 Considerent
1181 564 1413 621 quoque
1466 564 1565 602 cur
1616 547 1723 601 ista
1772 546 2014 601 varietas
2053 550 2094 599 A
2129 547 2282 601 ducti
2312 547 2549 617 triginta
2579 564 2699 611 sex,
2732 562 2848 601 non
2879 546 3261 618 quadraginta
3290 545 3552 617 implere
3592 561 3802 601 noscun-

322 648 453 698 ante
487 642 702 696 Pascha
727 640 1031 712 jejunandi
1060 640 1377 710 contigerit.

393 731 652 801 Denique
684 735 799 783 tam
833 728 1161 799 evangelica
1192 743 1365 796 quam
1411 725 1575 795 legali
1599 726 1871 779 docemur
1911 742 2017 777 au—

322 819 603 884 ctoritate,
647 817 1029 888 quadraginta
1068 816 1289 869 dierum
1330 814 1736 868 celebrandum
1785 814 1905 865 fore
1938 814 2019 881 je-

319 908 549 977 junium
584 923 596 960 :
625 923 755 960 nam
786 906 1036 960 Salvator
1070 904 1129 957 in
1169 902 1471 972 Evangelio
1519 901 1731 971 legitur
1771 900 2017 970 quadra-

323 998 482 1063 ginta
531 996 730 1050 diebus
770 1000 826 1047 et
869 993 1133 1047 noctibus
1178 992 1464 1062 jejunium
1521 990 1903 1043 continuasse.
1957 990 2016 1041 ln

328 1084 512 1138 Veteri
563 1100 694 1136 vero
737 1084 1098 1135 Testamento
1151 1080 1419 1134 scribitur
1461 1080 1612 1149 quod
1659 1080 1875 1148 Moyses
1934 1077 2018 1130 bis

324 1173 477 1227 hunc
520 1171 740 1225 dierum
780 1170 1093 1239 jejunando
1132 1185 1441 1223 numerum
1480 1168 1881 1237 compleverit:
1931 1183 2016 1218 se-

326 1263 434 1314 mel
468 1260 701 1330 quidem
722 1264 1028 1330 antequam
1058 1258 1198 1325 legis
1234 1258 1596 1327 Decalogum,
1642 1256 1884 1309 Domino
1916 1256 2015 1308 tri-

326 1351 559 1413 buente,
610 1348 958 1419 perceperit;
994 1347 1244 1400 secundo
1293 1363 1423 1400 vero
1470 1351 1777 1416 postquam
1822 1344 2017 1414 populi

325 1437 777 1506 transgressione
818 1441 1176 1505 provocatus,
1218 1436 1438 1489 tabulas
1479 1435 1549 1488 ad
1600 1435 1813 1487 radices
1860 1449 2020 1485 mon-

323 1526 392 1579 tis
444 1523 834 1593 confregerit:
892 1525 1115 1578 duabus
1171 1524 1240 1577 de
1287 1523 1470 1576 causis
1511 1522 1718 1575 iterum
1771 1521 2016 1591 quadra-

322 1615 478 1683 ginta
508 1614 726 1667 dierum
756 1613 1041 1682 jejunium
1086 1612 1457 1681 noctiumque
1503 1610 1875 1672 continuans;
1910 1625 2021 1661 una

322 1702 586 1756 videlicet
616 1718 730 1771 qua
760 1701 1077 1755 divinitatis
1118 1700 1396 1754 olfensam
1438 1699 1588 1753 circa
1626 1706 2014 1768 transgresso-

324 1808 414 1844 res
478 1789 817 1859 placabilem
874 1788 1169 1855 redderet;
1238 1789 1418 1841 altera
1476 1804 1607 1841 vero
1665 1804 1777 1858 qua
1834 1788 2017 1855 legem

326 1893 520 1931 rursus
587 1893 620 1929 a
695 1875 939 1928 Domino
997 1876 1204 1944 dignus
1265 1875 1559 1945 percipere
1627 1880 2013 1943 praestaretur.

328 1964 473 2019 Elias
503 1980 731 2034 quoque
774 1963 1051 2019 Jezabelis
1102 1963 1561 2033 indignationem
1601 1962 1845 2033 fugiens,
1879 1978 2018 2031 qua-

327 2051 589 2122 draginta
615 2051 813 2105 diebus
848 2056 902 2104 et
922 2051 1185 2104 noctibus
1208 2067 1310 2122 per
1332 2050 1703 2104 solitudinem
1730 2050 2018 2120 gradiens,

328 2156 506 2211 usque
542 2140 676 2193 dum
711 2140 780 2193 ad
814 2145 1066 2193 montem
1112 2139 1210 2193 Dei
1241 2139 1389 2193 Oreb
1423 2139 1763 2209 perveniret,
1792 2138 2018 2208 jejuna-

328 2230 421 2282 vit.
458 2230 595 2282 Hinc
621 2229 828 2281 factum
862 2233 945 2282 est
979 2235 1039 2281 ut
1081 2245 1205 2281 mos
1234 2228 1490 2281 Ecclesiis
1522 2227 1835 2291 inoleverit,
1872 2242 2019 2296 qua-

326 2318 587 2387 draginta
618 2318 837 2371 dierum
868 2317 1328 2370 continuationes
1354 2317 1578 2386 jejunii.

397 2405 535 2458 Cum
586 2421 721 2475 ergo
768 2406 921 2458 hunc
957 2406 1073 2457 fere
1123 2421 1323 2458 omnes
1364 2419 1669 2457 numerum
1700 2404 2017 2473 jejunando

326 2492 535 2545 Christi
574 2494 829 2547 Ecclesia:
860 2495 1146 2547 celebrare
1196 2494 1563 2559 contendant,
1600 2510 1700 2545 nec
1740 2499 1931 2546 tamen
1959 2493 2018 2547 in

327 2579 817 2635 hebdomadarum
844 2597 1082 2636 numero
1104 2582 1271 2634 simul
1296 2598 1495 2634 omnes
1511 2582 1872 2646 conveniant,
1897 2582 2016 2636 die-

326 2682 454 2720 rum
505 2668 634 2721 facit
683 2669 790 2721 hoc
844 2669 1127 2722 variabilis
1182 2668 1530 2721 vicissitudo.
1585 2670 1816 2723 Constat
1864 2670 2018 2723 enim

325 2755 476 2823 apud
510 2755 772 2810 homines
812 2756 1335 2827 quadragenarium
1372 2756 1662 2811 observari
1711 2774 2017 2810 numerum

328 2844 613 2897 Paschalis
645 2846 876 2914 jejunii,
915 2862 1031 2898 non
1070 2851 1260 2898 tamen
1308 2861 1508 2898 omnes
1548 2845 1788 2917 singulis
1820 2846 2019 2899 unius—

325 2932 600 3001 cujusque
633 2933 1008 2987 hebdomadis
1037 2933 1236 2987 diebus
1260 2935 1527 3003 jejunare
1556 2950 1568 2986 :
1605 2934 1838 3004 quidam
1866 2934 2020 2987 enim

333 3020 626 3073 Dominica
675 3022 1070 3075 tantummodo
1124 3023 1429 3091 prandent,
1481 3022 1577 3075 alii
1616 3039 1719 3075 nec
1763 3023 2019 3089 sabbato,

2062 1845 2098 1898 Β

326 3124 431 3161 nec
464 3108 757 3162 Dominica
783 3109 1049 3179 jejunant
1083 3126 1094 3163 :
1132 3110 1504 3179 reperiuntur
1534 3109 1797 3164 nonnulli
1824 3112 2023 3181 quinta
2062 3146 2100 3199 Ο

325 3196 553 3250 Sabbati
578 3196 865 3267 jejunium
897 3198 1131 3251 solvere.
1165 3198 1270 3251 Sed
1305 3198 1441 3268 quia
1476 3198 1770 3252 Dominica
1802 3216 1915 3252 non
1939 3201 2021 3269 je-

320 3284 548 3353 junant,
591 3285 716 3339 aliis
769 3301 900 3339 vero
942 3302 1046 3355 per
1087 3285 1342 3355 singulas
1388 3286 1774 3340 hebdomadas
1824 3288 2021 3341 diebus

320 3373 607 3442 jejunant,
687 3374 1206 3444 quadragenarium
1276 3391 1583 3428 numerum
1660 3392 1774 3428 non
1838 3377 2015 3430 adim-

326 3462 515 3531 plent;
569 3461 853 3533 siquidem
911 3468 1157 3533 quatuor
1203 3463 1324 3516 dies
1364 3463 1555 3516 minus
1606 3464 1663 3517 in
1714 3480 2017 3519 numerum

329 3550 560 3604 veniunt
592 3568 604 3604 :
641 3550 789 3605 unde
816 3552 899 3615 ﬁt,
933 3557 997 3603 ut
1021 3551 1543 3622 quadragenarium
1575 3552 1891 3622 adimplere
1921 3570 2017 3606 vo-

324 3642 520 3707 lentes,
579 3656 695 3694 non
739 3657 833 3694 sex
884 3646 1126 3706 tantum,
1181 3657 1375 3693 verum
1435 3647 1652 3710 septem
1711 3642 2018 3696 hebdoma-

326 3730 425 3782 das
465 3733 596 3783 aute
629 3731 842 3784 Pascha
887 3729 1173 3800 jejunent,
1218 3730 1477 3800 quamvis
1512 3748 1605 3783 sex
1648 3731 2021 3785 hebdomadae

325 3834 440 3871 non
484 3818 861 3889 quadraginta
907 3824 1156 3886 tantum,
1211 3836 1409 3873 verum
1447 3819 1828 3889 quadraginta
1877 3819 2018 3873 duos

325 3906 443 3961 dies
470 3906 823 3960 contineant.
862 3907 1176 3962 Subtractis
1217 3914 1409 3961 autem
1452 3924 1547 3961 sex
1596 3907 1906 3961 Dominicis
1950 3907 2017 3960 de

325 3995 704 4065 quadraginta
730 3996 972 4059 duobus,
1006 4002 1314 4065 supersunt
1341 3996 1581 4065 triginta
1611 4012 1701 4048 sex
1739 3997 1858 4049 dies
1890 3996 2017 4066 qui-

328 4084 434 4137 bus
484 4083 769 4153 jejunium
820 4083 1172 4148 celebratur;
1226 4087 1288 4136 ut
1344 4100 1476 4136 vero
1527 4084 2018 4153 quadragenarius

327 4170 655 4241 perﬁciatur
689 4176 939 4239 quatuor
970 4171 1089 4225 dies
1127 4172 1487 4225 hebdomada
1517 4172 1759 4241 septima
1789 4172 2005 4241 jejuna-

329 4263 443 4311 tur.
477 4257 617 4310 Hinc
642 4258 903 4324 efﬁcitur,
943 4264 1003 4311 ut
1037 4259 1411 4313 hebdomadis
1455 4261 1712 4330 septimae
1746 4277 1858 4313 non
1901 4277 2013 4326 sea,

330 4345 424 4399 sed
456 4352 703 4415 quatuor
732 4348 1130 4400 tantummodo
1154 4348 1273 4401 dies
1304 4348 1619 4419 jejunetur,
1645 4351 1743 4419 qui
1784 4350 2019 4419 triginta

2130 643 2223 690 tur
2274 645 2371 692 :et
2410 655 2539 691 cum
2593 638 2977 708 quadraginta
3021 638 3336 709 jejunando
3392 637 3522 692 dies
3564 654 3676 690 non
3721 639 3803 691 im-

2130 728 2343 795 pleant,
2374 728 2874 797 quadragesimam
2907 732 3100 780 tamen
3134 728 3380 796 implere
3416 744 3480 779 se
3513 726 3721 780 dicunt.

2203 817 2315 871 Hac
2366 818 2434 869 de
2480 833 2649 869 causa
2701 815 2885 870 Graeci
2931 833 3047 869 non
3098 817 3309 869 habent.
3359 815 3513 885 quid
3575 817 3808 868 Romanis

2130 905 2403 975 objicient
2432 922 2603 975 super
2634 907 3085 975 septimanarum
3115 905 3533 974 disparilitate,
3566 902 3805 973 quoniam

2129 994 2278 1063 quod
2322 994 2403 1045 illi
2438 995 2493 1046 in
2528 999 2652 1045 octo
2682 993 3133 1046 hebdomadibus
3160 992 3398 1057 faciunt,
3439 1008 3547 1061 per
3594 993 3809 1059 singulas

2129 1080 2515 1133 hebdomadas
2555 1080 2745 1149 quinis
2789 1095 2904 1131 non
2946 1080 3193 1149 amplius
3231 1079 3443 1132 diebus
3488 1079 3807 1147 jejunantes,

2129 1169 2235 1222 hoc
2267 1174 2380 1221 tam
2434 1169 2708 1233 Romana,
2764 1184 2937 1236 quam
2987 1167 3363 1222 Occidentalis
3424 1167 3697 1229 Ecclesia,
3739 1185 3811 1219 sex

2128 1256 2579 1311 hebdomadibus
2666 1258 2938 1323 perlicere
3028 1260 3374 1321 noscuntur;
3452 1255 3813 1322 superadditis

2128 1350 2374 1417 quatuor
2423 1345 2621 1397 diebus
2670 1343 3043 1397 hebdomadis
3094 1344 3375 1412 septimae.
3434 1344 3585 1397 Nam
3629 1344 3674 1396 si
3712 1354 3811 1397 octo

2130 1434 2617 1488 hebdomadarum
2680 1449 2773 1484 sex
2829 1432 3030 1484 diebus
3081 1432 3257 1485 Graeci
3301 1432 3655 1501 jejunarent
3698 1432 3812 1482 sicut

2130 1522 2345 1576 faciunt
2376 1522 2635 1581 Romani,
2672 1521 2756 1572 vel
2794 1537 2993 1572 omnes
3032 1521 3145 1572 fere
3191 1521 3394 1579 Latini,
3447 1536 3571 1572 non
3606 1519 3663 1572 in
3700 1536 3809 1588 qua~

2131 1612 2532 1680 dragesimam,
2590 1610 2688 1662 sed
2748 1612 2928 1662 multo
2970 1610 3217 1679 amplius
3266 1615 3400 1662 ante
3452 1609 3809 1677 jejunarent:

2130 1698 2303 1751 octies
2334 1698 2487 1751 enim
2522 1698 2644 1751 seni
2676 1697 3059 1768 quadraginta
3082 1703 3207 1751 octo
3238 1698 3583 1768 perﬁciunt.
3622 1697 3734 1760 Qua
3760 1695 3811 1748 de

2131 1800 2190 1837 re
2226 1784 2455 1838 videant
2477 1784 2674 1848 Graeci,
2709 1784 2753 1836 si
2789 1790 2873 1837 tot
2901 1784 3102 1837 diebus
3131 1792 3261 1837 ante
3302 1785 3527 1838 Pascha
3552 1784 3813 1852 jejunant,

2131 1889 2304 1943 quam
2326 1880 2638 1943 sequantur
2658 1874 3076 1927 auctoritatem.
3102 1874 3211 1927 Nec
3233 1874 3499 1927 Salvator
3530 1872 3705 1935 enim,
3733 1886 3813 1923 nec

2132 1961 2297 2026 Elias,
2346 1979 2446 2014 nec
2488 1963 2702 2032 Moyses
2741 1963 2894 2014 hunc
2935 1961 3258 2031 jejunando
3294 1977 3617 2015 numerum
3657 1975 3813 2012 serva-

2130 2066 2282 2103 vere.
2315 2050 2471 2113 Quod
2507 2052 2552 2104 si
2589 2050 2797 2120 jejunii
2838 2050 2923 2103 sui
2963 2066 3248 2103 summam
3294 2050 3685 2119 quadraginta
3724 2048 3815 2099 die—

2129 2136 2233 2189 bus
2264 2138 2588 2207 pcrﬁciunt,
2624 2144 2685 2191 ut
2724 2155 2754 2190 a
2788 2139 2939 2191 Novo
2978 2137 3281 2207 Veterique
3319 2139 3691 2191 Testamento
3720 2151 3810 2188 non

2127 2226 2471 2296 discrepent,
2504 2224 2649 2278 nihil
2682 2225 2837 2294 quod
2889 2225 3239 2294 redarguant
3280 2224 3340 2277 in
3371 2222 3813 2279 Occidentalibus

2129 2314 2442 2383 reperiunt,
2477 2314 2750 2384 quoniam
2792 2319 2875 2367 tot
2914 2313 3115 2367 diebus
3160 2319 3289 2367 ante
3325 2314 3570 2373 Pascha,
3607 2316 3743 2383 quot
3767 2322 3811 2363 et

2128 2403 2237 2472 ipsi
2262 2403 2338 2473 jej
2351 2408 2545 2457 unant.

2199 2492 2361 2556 Quod
2402 2491 2446 2544 si
2472 2490 2759 2562 jejunium
2792 2494 2878 2544 est
2907 2490 3248 2543 humilitatis
3278 2490 3597 2555 exsecutio,
3630 2505 3811 2541 secun-

2128 2581 2265 2635 dum
2307 2580 2445 2634 illud
2493 2580 2648 2651 quod
2700 2579 2997 2633 Psalmista
3044 2580 3398 2632 conﬁtetur:
3454 2582 3528 2632 Et
3584 2580 3813 2631 humilia-

2129 2670 2271 2736 bam,
2304 2668 2594 2739 inquiens,
2625 2671 2684 2722 in
2712 2667 2929 2737 jejunio
2959 2670 3199 2720 animum
3231 2683 3402 2720 meam
3433 2668 3615 2733 (Psal.
3652 2681 3809 2719 xxxiv.

2136 2759 2267 2828 to):
2311 2759 2505 2829 plures
2546 2773 2719 2826 quam
2766 2756 3377 2826 Constantinopolitani
3421 2761 3545 2809 tam
3593 2756 3812 2809 Romani

2132 2864 2305 2919 quam
2358 2846 2745 2901 Occidentales
2780 2844 3166 2898 hebdomadas
3190 2844 3463 2914 jejunant
3500 2862 3512 2899 :
3550 2844 3812 2914 siquidem

2131 2937 2351 2990 cantica
2399 2933 2679 2988 solemnia
2728 2932 2989 2986 videlicet
3034 2932 3296 2998 Alleluia,
3349 2950 3446 2986 seu
3513 2937 3811 3001 martyrum

2132 3024 2543 3090 solemnitates,
2595 3037 2808 3076 novum
2848 3028 2979 3074 ante
3024 3021 3235 3075 Pascha
3286 3022 3631 3091 septimanis
3679 3019 3811 3073 Occi-

2131 3113 2374 3166 dentalis
2406 3112 2651 3165 Ecclesia
2680 3125 3043 3180 nequaquam
3087 3109 3329 3163 solemni
3365 3126 3526 3164 more
3560 3110 3808 3178 frequen-

2131 3208 2233 3269 tat,
2274 3202 2372 3255 sed
2426 3201 2493 3253 ab
2552 3199 2709 3251 omni
2752 3198 2963 3251 celebri
3006 3198 3444 3267 gloriﬁcatione,
3504 3214 3680 3269 quam
3727 3210 3812 3263 per

2132 3291 2303 3343 totius
2332 3289 2470 3342 anni
2500 3289 2748 3357 spatium
2777 3288 3145 3357 frequentare
3185 3288 3503 3351 consuevit,
3541 3303 3663 3339 sese
3694 3300 3806 3337 con-

2132 3378 2293 3442 tinet,
2346 3383 2409 3431 ut
2449 3382 2604 3430 tanto
2645 3376 2947 3446 gloriosius
2996 3376 3055 3428 in
3087 3375 3179 3429 die
3235 3374 3693 3429 llesurreetionis
3725 3389 3804 3423 ex—

2130 3469 2322 3531 sultet,
2371 3473 2583 3536 quanto
2633 3466 2846 3519 diutius
2906 3470 3089 3517 semet
3147 3464 3503 3517 humiliando
3571 3466 3805 3516 sanctum

2130 3556 2341 3610 Pascha
2372 3556 2687 3627 praevenire
2737 3554 2971 3608 curavit.
3017 3556 3158 3608 Nam
3202 3560 3257 3608 et
3296 3554 3430 3607 ﬁliis
3491 3554 3667 3608 Israel
3719 3552 3806 3604 Do-

2130 3647 2319 3700 minus
2354 3662 2452 3716 per
2485 3646 2731 3714 Moyscm
2776 3643 3071 3696 mandavit
3110 3648 3234 3713 post
3281 3643 3445 3697 vituli
3490 3640 3803 3696 fabricatio-

2131 3749 2261 3786 nem
2298 3739 2358 3786 ut
2391 3739 2656 3785 ornatum
2699 3748 2868 3784 suum
2908 3731 3284 3802 deponerent,
3328 3737 3393 3784 ut
3434 3731 3611 3785 sciret
3638 3726 3806 3782 Domi-

2131 3838 2237 3875 nus
2268 3822 2400 3892 quid
2443 3821 2522 3874 eis
2562 3822 2813 3874 faceret:
2868 3836 2985 3873 non
3035 3821 3190 3890 quod
3234 3820 3594 3890 ignoraverit
3643 3817 3805 3870 idolo-

2128 3910 2307 3963 latrias
2339 3911 2505 3979 culpa
2547 3926 2661 3978 qua
2705 3907 2863 3960 feriri
2893 3924 3061 3976 pcena
3105 3908 3385 3973 debuerit,
3437 3908 3542 3962 sed
3576 3905 3722 3978 quod
3752 3920 3805 3956 ex

2131 3998 2469 4052 humilitatis
2527 3996 2835 4050 all'lictione
2889 3996 3288 4065 praevaricator
3335 3999 3585 4066 populus
3641 4000 3805 4048 osten-

2129 4088 2290 4141 deret
2328 4084 2816 4157 quemadmodum
2862 4089 3084 4136 reatum
3115 4084 3607 4153 przevaricationis
3647 4096 3803 4151 agno—

2128 4180 2326 4235 sceret,
2360 4174 2630 4244 qualique
2658 4171 3045 4225 satisfactione
3076 4172 3229 4242 quod
3261 4172 3590 4242 deliquerat
3619 4184 3803 4240 expur-

2128 4282 2263 4336 gare
2313 4263 2627 4317 maluisset.
2685 4261 2830 4325 Quid
2875 4277 3011 4330 ergo
3057 4266 3321 4314 ornatum
3369 4261 3592 4330 populi,
3652 4272 3800 4329 quem

2130 4356 2415 4424 deponere
2468 4351 2724 4421 jubetur,
2781 4349 3033 4419 accipere
3091 4349 3379 4413 debemus,
3440 4350 3555 4403 nisi
3614 4346 3803 4401 laetitiae

331 4449 425 4486 sex
473 4434 673 4488 diebus
720 4435 1069 4505 superadditi
1114 4437 1638 4506 quadragenarium
1690 4438 2014 4506 perﬁciunt.
2060 4444 2102 4496 D
2130 4441 2510 4511 splendorem,
2545 4456 2658 4509 quo
2690 4438 2866 4491 laetari
2907 4445 3280 4491 consueverat
3311 4439 3649 4508 priusquam
3693 4434 3799 4488 ido-

329 4523 436 4587 Qui
471 4540 601 4576 vero
630 4539 733 4576 nec
762 4524 1013 4592 sabbato,
1056 4542 1160 4579 nec
1192 4526 1488 4579 Dominica
1535 4526 1819 4595 jejunaut,
1853 4533 1907 4581 et
1936 4532 2020 4580 ta-

331 4628 463 4665 men
490 4618 620 4666 ante
652 4613 861 4666 Pascha
900 4613 1418 4683 quadragenariam
1457 4615 1696 4684 implere
1746 4615 2020 4683 gestiunt,

330 4717 555 4755 necesse
585 4706 751 4755 estut
776 4707 970 4755 octava
1006 4703 1366 4756 hebdomada
1402 4702 1685 4771 jejunium
1721 4703 2017 4773 incipiant.

336 4790 475 4843 Nam
503 4790 761 4861 quinque
805 4797 1028 4844 tantum
1072 4791 1273 4845 diebus
1324 4808 1426 4861 per
1469 4792 1721 4861 singulas
1754 4794 2022 4862 septima-

332 4892 434 4930 nas
456 4879 720 4948 jejunare
764 4880 1237 4949 comprobantur,
1284 4886 1340 4932 et
1367 4880 1539 4933 octies
1578 4881 1741 4950 quini
1773 4883 2021 4952 quadra-

333 4966 493 5035 ginta
518 4968 837 5037 perﬁciunt,
871 4970 969 5038 qui
1001 4968 1492 5038 quadragenarius
1535 4975 1659 5022 octo
1691 4970 2026 5040 septimanis

332 5055 456 5124 lege
522 5056 856 5126 praescripta
905 5055 1216 5125 perﬁcitur.
1268 5057 1412 5111 Huic
1464 5075 1598 5111 vero
1655 5076 1918 5121 numero,
1968 5061 2024 5115 id

335 5148 436 5209 est,
470 5143 694 5197 duobus
746 5145 1057 5199 Dominica:
1101 5152 1156 5199 et
1204 5146 1463 5211 sabbato,
1516 5147 1725 5217 quibus
1773 5165 1889 5201 non
1934 5150 2021 5219 je-

329 5231 587 5301 junatur,
636 5232 736 5303 qui
780 5234 1038 5304 quintam
1078 5236 1299 5289 sabbati
1346 5236 1731 5306 superaddere
1783 5239 2023 5303 malum,

338 5320 838 5391 quadragesimam
869 5328 999 5376 ante
1043 5326 1254 5378 Pascha
1293 5324 1557 5394 jejunare
1603 5342 1719 5379 non
1750 5332 2023 5396 possunt;

341 5408 450 5461 nisi
480 5425 683 5463 novem
708 5410 995 5481 jejunium
1032 5412 1411 5467 hebdomadze
1452 5413 1768 5466 sortiantur
1801 5430 1812 5467 :
1850 5414 2028 5467 tribus

340 5497 497 5551 enim
549 5498 754 5553 ablatis
811 5500 881 5554 de
929 5505 1170 5571 septem,
1221 5503 1517 5556 Dominica
1569 5502 1844 5569 videlicet,
1906 5503 2029 5556 sali-

337 5584 490 5652 bato,
525 5593 580 5641 et
608 5589 810 5658 quinta
842 5589 1085 5658 sabbati,
1130 5597 1435 5660 supersunt
1475 5595 1724 5661 quatuor
1765 5590 1884 5643 dies
1930 5606 2032 5659 per

342 5672 595 5746 singulas
644 5678 1034 5732 hebdomadas
1071 5678 1307 5748 jejunii;
1358 5684 1413 5733 et
1458 5678 1810 5749 quaternarii
1836 5678 2031 5731 novies

2132 4529 2368 4583 lolatriae
2400 4528 2629 4598 culpam
2663 4525 3048 4579 contraxerit?
3083 4525 3173 4579 Sic
3212 4526 3389 4595 igitur
3420 4528 3507 4579 vel
3542 4528 3797 4583 Romana,

2132 4618 2217 4671 vel
2287 4616 2661 4672 Occidentalis
2720 4614 2986 4680 Ecclesia,
3036 4621 3305 4667 ornatum
3361 4631 3531 4668 suum
3590 4610 3801 4683 deponit

2131 4711 2310 4760 semet
2340 4704 2719 4767 humiliando,
2769 4704 2999 4774 quando
3030 4704 3173 4756 festa
3213 4702 3427 4756 laetitiae
3457 4704 3542 4757 vel
3585 4705 3799 4774 hymno-

2132 4811 2259 4848 rum
2301 4793 2529 4864 gaudio,
2580 4792 2790 4862 quibus
2830 4793 3005 4845 totius
3044 4792 3180 4844 anni
3221 4792 3405 4862 spatio
3455 4790 3803 4846 consueverat

2132 4885 2435 4950 exsultare,
2467 4882 2723 4947 dimittit,
2772 4885 2827 4935 et
2873 4879 3217 4934 humilitatis
3266 4880 3529 4935 habitum
3568 4891 3799 4935 sumens,

2133 4971 2524 5027 exsultationis
2555 4969 2799 5041 gloriam
2844 4967 3121 5037 deponit;
3163 4973 3445 5037 quatenus
3491 4964 3804 5022 humilitatis

2133 5061 2332 5115 habitu
2380 5059 2582 5113 faciem
2633 5056 2865 5111 Domini
2913 5056 3293 5125 prmveniens,
3354 5057 3645 5109 Paschalia
3688 5055 3805 5107 festa

2134 5147 2525 5205 exsultationis
2553 5146 2762 5217 gaudio
2791 5144 3082 5213 suscipiat.

2204 5239 2325 5292 Non
2382 5236 2594 5290 habent
2650 5234 2828 5303 igitur
2883 5234 3208 5287 Grmcorum
3253 5232 3631 5302 imperatores
3680 5226 3803 5282 unde

2138 5328 2340 5381 merito
2365 5326 2598 5395 culpare
2630 5327 2846 5393 queant
2870 5322 2955 5375 vel
2988 5322 3273 5376 Romanos
3300 5322 3388 5375 vel
3422 5318 3803 5376 Occidentales.

2136 5416 2183 5469 si
2227 5431 2343 5467 non
2388 5418 2472 5469 tot
2521 5411 2910 5466 hebdomadas
2947 5416 3081 5466 ante
3131 5410 3343 5464 Pascha
3385 5410 3539 5479 quod
3569 5411 3651 5465 illi
3678 5406 3805 5478 jeju-

2136 5507 2296 5567 nant,
2356 5502 2631 5573 quoniam
2691 5501 2917 5555 dierum
2964 5516 3206 5555 numero
3260 5500 3643 5571 quadraginta
3681 5496 3804 5567 jeju-

2140 5591 2330 5643 nando
2378 5596 2770 5660 coaaquantur.
2806 5590 2967 5654 Quod
3012 5588 3085 5641 sit
3114 5585 3401 5657 jejunium
3449 5587 3804 5641 humilitatem

2140 5678 2442 5746 signiﬁcat,
2501 5684 2557 5732 et
2615 5679 2908 5733 humilitas
2961 5683 3019 5731 et
3060 5675 3342 5746 depositio
3400 5676 3637 5743 Iustitiae,
3684 5668 3804 5727 aflli-
