3890 6230
43 419 127 468 321

1046 419 1321 475 CONTRA
1365 421 1766 477 (ἶΡιᾸῖΟΟΒΗΜ
1809 422 2161 478 OPPOSITA.
2199 453 2257 463 —
2293 425 2424 478 Lllt.
2475 425 2557 476 IV.

3451 431 3552 480 3’22

38 547 243 599 ctionis
279 548 486 608 forma.
523 550 783 603 maeroris
805 550 1449 620 habitus,jucunditatis
1482 552 1743 615 remotio,
1787 554 1833 608 A
1864 553 2130 618 audeant,
2168 555 2319 624 quod
2360 555 2668 608 honestatis
2707 556 2836 624 jure
2888 557 3298 627 religionisque
3349 559 3552 612 decore

34 637 158 702 jure
190 638 430 706 quidem
480 640 750 692 dicuntur
784 640 1022 692 Romani
1061 642 1145 693 vel
1192 642 1372 694 Latini
1417 642 1745 695 Constanti-

39 725 392 791 n0politanis
423 729 550 794 plus
576 729 856 796 jejunare,
891 731 1165 798 quoniam
1201 746 1403 782 novem
1430 729 1741 783 hebdoma-

38 813 202 864 dibus
270 821 457 867 semet
508 815 868 868 humiliando
922 817 1132 870 Pascha
1182 819 1564 886 praeveniunt,
1613 819 1745 871 licet

40 901 174 954 illud
230 903 311 955 sit
366 905 743 974 praecipuum.
814 906 971 958 Unde
1027 907 1466 976 reprehensores
1529 908 1741 961 Roma-

40 1005 246 1042 norum
305 1009 431 1044 sese
465 993 678 1047 debent
710 993 1072 1064 redarguere,
1107 997 1152 1048 si
1204 1001 1393 1048 tamen
1426 996 1740 1066 disciplinae

37 1079 263 1141 legibus
309 1082 546 1151 capiunt
610 1098 733 1134 esse
801 1083 1065 1152 subjecti,
1153 1085 1305 1154 quod
1387 1086 1740 1138 consuetudo

30 1168 344 1234 jejunandi
386 1175 518 1222 ante
551 1177 810 1224 sanctum
848 1173 1058 1224 Pascha
1088 1173 1305 1224 eunetis
1342 1175 1596 1226 Ecclesiis
1628 1190 1738 1226 non

37 1257 100 1306 sit
135 1257 470 1322 uniformis,
508 1275 610 1310 nec
645 1260 757 1311 ulla
788 1260 1114 1313 divinorum
1166 1262 1566 1314 mandatorum
1619 1263 1742 1327 lege

37 1347 520 1414 constringuntur
571 1347 639 1400 ad
692 1351 832 1412 ista;
883 1349 976 1400 sed
1048 1349 1356 1419 unicuique
1404 1350 1619 1403 licitum
1671 1352 1743 1404 sit

39 1433 302 1486 Ecclesize
359 1451 593 1488 suorum
657 1437 818 1505 sequi
885 1437 1170 1505 majorum
1238 1439 1737 1492 consuetudinem.

38 1520 189 1582 Quod
224 1521 272 1572 si
317 1522 632 1580 novissent,
681 1539 795 1576 non
841 1529 952 1576 tam
1005 1539 1272 1595 procaces
1321 1526 1376 1578 iu
1423 1529 1740 1597 reprehen-

39 1609 194 1661 sione
227 1609 563 1663 viderentur
602 1627 801 1664 eorum
836 1613 1078 1666 maxime
1120 1614 1237 1684 qui,
1274 1615 1422 1684 quod
1456 1620 1737 1668 exercent.

42 1699 354 1762 apostolico
418 1699 651 1767 quidem
721 1694 1099 1752 instituuntur
1148 1702 1499 1768 magisterio,
1552 1708 1606 1754 et
1661 1719 1742 1754 ra-

41 1789 204 1836 tionis
236 1787 375 1837 satis
409 1787 662 1839 tionestae.
696 1789 1167 1841 consideratione.

105 1874 383 1940 .lejunant
413 1875 664 1943 denique
704 1877 949 1929 Romani
991 1893 1085 1930 sex
1133 1885 1262 1930 ante
1317 1879 1526 1931 Pascha
1575 1881 1740 1949 septi-

43 1977 234 2014 manas
283 1964 692 2023 continuatim,
745 1973 954 2033 praeter
997 1967 1372 2028 Doniiuieam,
1423 1984 1535 2036 qua
1590 1968 1742 2037 jeju-

45 2055 196 2102 nium
235 2053 485 2104 snlvunt.
540 2053 698 2105 Unde
744 2053 787 2104 si
832 2053 1161 2121 jejuuautes
1215 2056 1446 2120 triginta
1493 2072 1586 2108 sex
1622 2056 1742 2108 dies

46 2144 290 2207 quatuor
329 2141 519 2192 minus
561 2157 590 2191 a
639 2142 1017 2210 quadraginta
1063 2144 1351 2212 complere
1403 2150 1738 2206 noscuntur,

46 2244 205 2279 causa
237 2244 342 2280 cur
393 2229 468 2280 ita
528 2229 735 2281 faciant
778 2229 868 2298 pie
910 2231 1269 2283 considerare
1325 2232 1644 2284 volentibus
1687 2239 1744 2284 et

46 2318 286 2367 honesta
334 2317 470 2367 satis
514 2322 615 2379 est,
677 2324 732 2368 et
776 2317 831 2368 in
885 2318 1131 2370 evidenti
1188 2317 1392 2386 posita.
1445 2319 1738 2388 Siquidem

49 2421 222 2456 annus
258 2405 459 2456 solaris
489 2406 761 2458 trecentis
784 2406 1077 2474 sexaginta
1110 2409 1366 2476 quinque
1389 2407 1590 2460 diebus
1619 2424 1743 2476 per-

47 2494 272 2560 agitur;
306 2495 508 2546 borum
539 2494 760 2546 dierum
796 2494 1071 2546 decimam
1106 2496 1150 2545 si
1196 2510 1472 2555 assumas,
1507 2495 1744 2564 triginta

50 2598 135 2633 sex
167 2583 301 2634 dies
343 2581 574 2634 habebis
607 2599 618 2634 :
649 2582 922 2651 jubemur
953 2590 1144 2635 autem
1182 2583 1444 2636 laborum
1492 2583 1742 2636 decimas

52 2677 377 2721 nostrorum
413 2670 616 2722 offerre
670 2671 930 2723 Domino.
967 2671 1085 2722 Non
1120 2670 1296 2741 igitur
1326 2671 1614 2724 immerito
1643 2673 1744 2725 de-

48 2761 212 2810 cimas
247 2761 423 2810 etiam
459 2760 682 2810 dierum
718 2759 799 2811 illi
834 2759 1141 2819 offerimus,
1177 2764 1237 2811 ut
1271 2761 1369 2830 qui
1403 2761 1576 2812 totius
1607 2761 1742 2814 anui

52 2849 227 2913 spatio
299 2847 456 2899 nobis
507 2847 772 2906 viximus,
830 2849 964 2900 anni
1020 2849 1272 2900 decimas
1320 2849 1403 2901 illi
1451 2850 1741 2903 otl‘erendo

53 2938 298 2997 dierum,
352 2935 591 2988 Domino
638 2938 928 2988 vivamus:
983 2941 1044 2989 ut
1097 2936 1298 2989 delicta
1345 2954 1472 3007 quze
1522 2955 1624 3007 per
1661 2947 1739 2993 to-

51 3031 160 3076 tum
215 3040 436 3076 annum
485 3024 826 3076 admisimus
875 3025 1040 3078 nobis
1107 3025 1369 3092 vivendo,
1433 3043 1740 3096 purgemus

53 3129 143 3180 per
172 3115 284 3165 hoc
327 3113 560 3167 Domino
591 3115 708 3166 dies
740 3115 1060 3167 serviendo.

115 3201 219 3253 Sed
283 3204 420 3270 quia
474 3203 750 3271 perpauci
805 3209 938 3256 sunt
994 3203 1051 3255 in
1117 3203 1418 3258 Occidente
1477 3206 1574 3275 qui
1626 3223 1743 3262 non

54 3292 422 3358 quadraginta
449 3290 570 3343 dies
605 3295 735 3344 ante
772 3292 983 3344 Pascha
1025 3292 1349 3362 jcjunando
1395 3295 1738 3364 compleant,

53 3379 171 3429 hinc
199 3379 374 3430 etiam
407 3395 573 3431 causa
618 3380 907 3432 reddenda
957 3386 1060 3445 est,
1114 3397 1226 3451 qua
1271 3382 1480 3435 factum
1526 3388 1628 3446 est,
1680 3390 1740 3438 ut

54 3467 424 3535 quadraginta
453 3467 677 3519 dierum
730 3484 972 3521 numero
1015 3469 1129 3521 sint
1157 3471 1428 3523 contenti.
1481 3471 1740 3540 Seposita

54 3555 218 3621 igitur
282 3556 623 3608 auctoritate
690 3556 773 3608 vel
849 3557 1174 3626 evangelica
1233 3559 1318 3611 vel
1368 3559 1558 3626 legali,
1627 3575 1737 3628 qua

50 3644 313 3694 docemur
350 3643 646 3696 evidenter
673 3644 1053 3714 quadraginta
1084 3647 1204 3698 dies
1232 3662 1337 3699 nus
1363 3645 1584 3715 jejunio
1611 3646 1733 3701 fore

54 3733 486 3802 mancipandos:
520 3732 807 3802 siquidem
853 3739 987 3786 sunt
1028 3734 1222 3787 decem
1272 3741 1557 3804 prtecepta
1597 3735 1738 3803 legis

54 3821 246 3888 quibus
278 3820 490 3872 servire
537 3820 926 3890 praecipimur,
961 3822 1275 3875 secundum
1326 3822 1584 3876 instituta
1631 3824 1736 3876 Ve-

55 3909 171 3958 teris
235 3908 610 3974 Testamenti,
661 3914 717 3960 et
765 3914 1014 3979 quatuor
1063 3909 1386 3979 Evangelia,
1439 3911 1648 3979 quibus
1683 3913 1736 3965 in

55 3997 346 4048 novitatem
405 3997 536 4049 vitae
605 3997 967 4050 deducimur.
1044 3998 1257 4060 Quater
1338 3999 1549 4051 etenim
1603 3999 1734 4052 deni

56 4085 561 4153 quadragenarium
633 4085 988 4154 perficiunt:
1059 4090 1114 4138 et
1162 4085 1555 4156 unusquisque
1626 4087 1733 4140 Do-

55 4174 192 4224 mino
224 4173 479 4226 serviens
525 4173 593 4226 ad
643 4173 1009 4242 perfectionis
1058 4189 1340 4226 summam
1388 4174 1604 4227 venisse
1640 4192 1736 4227 co-

57 4262 350 4327 gnoscitur,
384 4261 429 4314 si
463 4263 646 4331 legale
681 4262 1026 4331 Decalogum
1062 4262 1348 4332 Evangelii
1386 4262 1734 4332 perfectione

58 4351 407 4419 suppleverit.
487 4351 721 4404 Constat
795 4352 964 4404 etiam
1037 4350 1208 4403 homo
1264 4356 1532 4420 quatuor,
1591 4351 1735 4405 sicut

1853 643 2142 696 observari
2191 643 2579 709 cognoverint,
2651 649 2701 694 et
2762 644 2828 695 ad
2881 646 3114 697 unitatis
3182 647 3547 700 concordiam

1852 733 2072 800 pacitici
2109 733 2360 791 redeant,
2395 750 2425 783 a
2457 749 2567 802 qua
2601 732 2854 785 deviasse
2892 733 3062 784 stulta
3096 736 3548 805 praesumptione

1852 836 1969 873 non
1994 819 2323 874 timuerant.

2536 891 2763 943 CAPFT
2807 892 2863 942 Υ.

2140 981 2208 1032 De
2239 979 2418 1032 barba:
2447 994 2537 1032 seu
2567 981 2763 1047 capitis
2791 981 3028 1032 tousione
3057 983 3263 1046 agitur.

1921 1087 2044 1138 Jam
2097 1085 2388 1138 videamus
2435 1086 2586 1154 quod
2643 1085 2711 1137 de
2762 1084 2951 1138 barbae
3002 1085 3268 1139 tousione
3317 1087 3551 1140 clericos

1852 1173 2080 1242 culpare
2135 1190 2246 1226 non
2294 1178 2514 1226 tantum
2570 1175 2984 1232 Romanorum,
3037 1189 3233 1226 verum
3291 1174 3549 1228 omnium

1853 1262 2302 1316 Occidentalium
2357 1261 2562 1314 Christi
2637 1262 3010 1315 Ecclesiarum
3079 1278 3193 1314 non
3260 1268 3545 1315 verentur.

1851 1352 1985 1414 Quae
2018 1356 2133 1403 tam
2193 1351 2329 1403 levis
2385 1352 2733 1420 agnoscitur,
2795 1355 2853 1402 ut
2902 1350 3048 1424 pihil
3114 1351 3166 1403 ei
3216 1351 3547 1421 responderi

1854 1440 2056 1491 merito
2102 1440 2520 1505 decerneretur,
2563 1455 2632 1491 nc
2681 1441 2911 1492 forsitan
2964 1439 3164 1492 talium
3199 1439 3415 1492 levitati
3446 1456 3547 1509 pa-

1853 1543 1960 1590 res,
1993 1528 2076 1579 vel
2111 1533 2261 1580 certe
2294 1527 2531 1580 leviores
2563 1527 2920 1581 aestimentur
2942 1529 3042 1598 qui
3066 1528 3284 1581 nullam
3314 1527 3546 1581 habenti

1850 1615 2131 1668 rationem
2167 1615 2386 1683 objecto
2427 1615 2773 1685 respondere
2807 1617 3017 1685 potius,
3067 1632 3242 1685 quam
3290 1622 3544 1670 contem-

1851 1720 1986 1757 nere
2048 1705 2329 1773 delegere.
2392 1704 2535 1767 Ouid
2595 1705 2744 1756 enim
2805 1705 2978 1757 refert
3031 1705 3099 1756 ad
3147 1704 3382 1771 justitiae
3434 1722 3546 1758 non

1854 1799 2074 1846 tantum
2161 1793 2589 1862 perfectionem,
2681 1809 2878 1844 verum
2972 1793 3144 1845 etiam
3230 1793 3548 1845 inchoatio-

1856 1897 1986 1934 nem
2021 1881 2211 1934 barba:
2247 1881 2526 1944 detonsio,
2578 1881 2662 1933 vel
2711 1880 3067 1933 conservatio
3097 1881 3126 1933 ‘?
3159 1880 3358 1934 Dicant
3411 1897 3547 1949 ergo

1853 1971 2262 2039 redarguentes
2315 1970 2451 2038 quid
2502 1970 2634 2023 hinc
2682 1969 2766 2020 vel
2817 1970 2876 2021 in
2928 1970 3081 2021 Novo
3126 1970 3212 2022 vel
3253 1969 3311 2022 in
3364 1970 3549 2023 Veteri

1850 2059 2212 2111 Testamento
2251 2063 2598 2127 praeceptum
2653 2057 3010 2128 reperiatur:
3042 2061 3116 2122 et,
3161 2062 3222 2110 ut
3252 2059 3382 2126 plus
3411 2058 3548 2110 infe-

1853 2163 1996 2210 ram,
2029 2146 2163 2217 quid
2199 2146 2254 2198 in
2301 2147 2690 2215 apostolorum
2735 2145 2982 2215 scriptis,
3018 2147 3100 2197 vel
3138 2145 3548 2198 ecclesiastico-

1854 2251 1979 2288 rum
2021 2234 2343 2287 constitutis
2386 2235 2790 2303 magistrorum
2845 2235 2977 2286 hinc
3029 2249 3150 2286 esse
3200 2233 3546 2287 determina-

1851 2329 1972 2375 tum
2030 2323 2318 2376 insinuare
2349 2323 2634 2392 possunt?
2668 2323 2760 2375 Est
2803 2322 2955 2374 enim
2989 2321 3160 2384 istud,
3195 2321 3340 2374 sicut
3370 2327 3426 2374 et
3457 2338 3549 2374 re-

1851 2410 2009 2480 liqua
2059 2411 2258 2474 multa,
2307 2409 2666 2478 singularum
2725 2409 3139 2462 consuetudine
3207 2409 3544 2463 derelictum

1853 2499 2247 2564 Ecclesiarum,
2302 2503 2366 2550 ut
2414 2514 2518 2568 pro
2565 2507 2828 2567 respectu
2880 2500 3163 2565 majorum
3215 2499 3413 2567 capitis
3452 2515 3545 2552 co-

1853 2604 2027 2650 mam,
2064 2587 2181 2639 sive
2213 2587 2470 2644 barbam,
2501 2587 2584 2638 vel
2619 2585 2896 2650 nutriant,
2947 2587 3032 2638 vel
3081 2585 3372 2638 tondeant.
3409 2587 3548 2640 Aliis

1850 2676 2134 2745 siquidem
2168 2691 2292 2728 mos
2322 2675 2469 2727 inest
2508 2675 2742 2727 barbam
2770 2689 2866 2726 seu
2899 2679 3070 2744 caput
3103 2675 3338 2728 tondere
3365 2691 3376 2727 :
3409 2690 3549 2727 non-

1852 2763 2026 2817 nullis
2051 2779 2185 2816 vero
2229 2762 2466 2816 barbam
2500 2763 2732 2832 quidem
2775 2779 2885 2815 non
2919 2762 3178 2828 tondere,
3213 2769 3384 2831 caput
3417 2779 3547 2816 vero

1851 2852 2006 2904 crine
2032 2855 2215 2904 totum
2251 2850 2504 2903 nudare:
2547 2849 2841 2903 nonnullis
2892 2856 3084 2903 autem
3116 2851 3300 2919 placet
3344 2849 3544 2903 faciem

1850 2940 1982 3009 pilis
2029 2939 2296 2992 omnibus
2345 2939 2614 3008 spoliare,
2649 2938 2917 2990 verticem
2959 2938 3160 3007 capitis
3211 2938 3544 3007 capillorum

1850 3029 2116 3082 tousione
2151 3028 2466 3097 detergere,
2499 3027 2691 3080 relicta
2723 3027 3059 3096 capillorum
3092 3031 3253 3096 parte
3301 3044 3430 3097 quae.
3465 3027 3545 3080 iti—

1778 3139 1817 3192 ρ
1848 3122 1934 3171 ter
1966 3117 2162 3171 nudati
2213 3116 2438 3169 verticis
2496 3120 2686 3185 partes
2734 3121 2791 3167 et
2835 3120 3096 3184 tempora
3149 3113 3427 3167 consistit.
3476 3117 3546 3167 At

1850 3221 1985 3258 vero
2019 3206 2252 3276 quidam
2285 3203 2518 3258 barbam
2568 3219 2684 3256 non
2733 3203 3056 3270 attondent,
3089 3207 3260 3272 caput
3302 3218 3435 3254 vero
3480 3217 3544 3254 ex

1851 3299 2009 3364 parte
2041 3295 2300 3358 tondent,
2339 3299 2394 3347 et
2427 3294 2730 3346 detonsum
2763 3308 2827 3344 ex
2858 3296 3018 3361 perte
3051 3291 3404 3360 relinquunt.
3455 3291 3548 3344 Est

1849 3383 2084 3452 quidem
2126 3382 2228 3435 iste
2258 3381 2594 3434 clericorum
2629 3380 2856 3433 habitus
2903 3396 3019 3433 non
3065 3379 3372 3434 uniformis
3411 3394 3547 3431 cun-
3607 3367 3614 3372 f

1848 3470 1950 3524 ctis
1982 3471 2254 3534 ecclesiis,
2288 3471 2383 3524 sed
2435 3486 2540 3539 pro
2573 3469 2986 3522 consuetudine
3032 3469 3316 3537 majorum
3356 3468 3546 3520 varius

1846 3565 2018 3630 atque
2048 3560 2343 3624 diversus;
2382 3575 2486 3612 nec
2528 3557 2662 3612 hinc
2715 3557 3025 3626 aliquando
3082 3558 3235 3608 inter
3281 3555 3545 3608 ecclesias

1847 3649 1934 3701 vel
1966 3647 2374 3708 Occidentales,
2421 3646 2508 3699 vel
2553 3646 2869 3701 Orientales
2921 3643 3208 3697 contentio
3256 3647 3389 3696 nata
3436 3648 3540 3706 est,

1845 3737 1941 3790 scd
1966 3740 2277 3789 tenuerunt
2309 3735 2552 3804 singulae
2586 3733 2736 3804 quod
2771 3732 2887 3785 suis
2914 3749 2947 3786 a
2983 3731 3300 3801 majoribus
3346 3748 3541 3784 susce-

1847 3840 1981 3894 pere
2004 3841 2018 3889 ;
2045 3824 2130 3876 vel
2151 3825 2305 3893 quod
2330 3822 2752 3893 provinciarum
2776 3837 2912 3874 usus
2946 3820 3137 3890 potius
3173 3820 3534 3890 approbavit.

1918 3912 2231 3982 Redarguit
2282 3912 2574 3982 apostolus
2623 3909 2831 3964 Paulus
2879 3909 3204 3962 Corinthios
3251 3909 3401 3979 quod
3436 3909 3540 3960 viri

1845 4001 2078 4070 quidem
2111 4001 2195 4053 vel
2229 4015 2454 4053 comam
2504 3999 2852 4059 nutriebant,
2886 3997 2970 4050 vel
3006 3997 3191 4068 capita
3237 3997 3540 4059 vetabant;

1845 4089 2116 4142 mulieres
2148 4093 2337 4141 autem
2369 4103 2472 4141 nec
2504 4087 2689 4157 capita
2711 4085 2995 4152 vetabant,
3031 4102 3134 4139 nec
3163 4101 3386 4140 comam
3435 4101 3540 4138 nu-

1842 4178 2108 4230 triebant.
2171 4178 2306 4241 Quae
2369 4175 2726 4230 consuetudo
2795 4175 2928 4244 jure
2977 4174 3424 4244 reprehenditur
3469 4173 3540 4226 ab

1845 4266 2119 4335 Apostolo
2144 4282 2158 4330 ;
2184 4265 2458 4335 quoniam
2483 4264 2591 4317 etsi
2621 4262 2930 4318 Corinthiis
2951 4263 3251 4316 videbatur
3271 4261 3538 4332 probabi-

1845 4354 1930 4417 lis,
1969 4359 2190 4407 naturm
2221 4359 2412 4406 tamen
2458 4353 2770 4423 apparebat
2801 4351 3228 4404 inconveniens.
3263 4352 3326 4404 Et
3353 4367 3455 4404 cur
3483 4351 3538 4403 id

63 4437 285 4490 mundus
310 4438 637 4491 elementis.
674 4440 738 4492 Et
767 4439 1042 4509 quoniam
1089 4441 1432 4509 Decalogum
1457 4439 1600 4509 legis
1628 4457 1730 4510 per
1771 4438 1811 4490 D
1843 4443 2294 4512 reprehenderit,
2344 4457 2573 4495 causam
2623 4440 2922 4494 evidenter
2988 4440 3259 4505 ostendit,
3307 4439 3534 4491 dicens:

63 4526 219 4578 multa
249 4527 731 4595 transgredimur,
785 4544 1011 4581 necesse
1062 4534 1147 4581 est
1194 4532 1257 4580 ut
1304 4532 1507 4598 quater
1549 4529 1734 4581 decies

64 4627 145 4664 nos
173 4615 480 4684 affligendo
510 4616 850 4669 delictorum
882 4617 1106 4669 veniam
1147 4633 1587 4686 consequamur.

118 4700 238 4755 Hac
292 4703 476 4772 igitur
518 4719 690 4757 causa
720 4710 804 4757 est
842 4720 944 4757 cur
991 4704 1270 4774 placuerit
1315 4705 1584 4758 Romanis
1633 4723 1730 4760 seu

65 4791 245 4846 Latinis
268 4794 537 4862 jejunare
585 4795 968 4865 quadraginta
995 4796 1115 4849 dies
1148 4800 1276 4849 ante
1311 4795 1521 4849 Pascha
1554 4813 1567 4862 ;
1603 4812 1731 4866 qua:

62 4893 164 4932 cum
208 4883 495 4952 religiosa,
549 4889 672 4936 tum
717 4883 837 4937 fore
886 4883 1126 4953 mystica
1172 4883 1602 4954 comprobatur,
1653 4885 1732 4937 sic

65 4973 109 5017 ut
147 4971 404 5039 superius
454 4975 748 5023 ostensum
785 4975 885 5024 est.
938 4971 1033 5022 Est
1075 4971 1250 5040 igitur
1283 4978 1340 5024 et
1382 4971 1502 5024 hinc
1535 4987 1728 5041 repre-

62 5053 229 5109 hensio
274 5058 581 5127 jejunandi
631 5073 806 5129 super
866 5059 1356 5113 hebdomadarum
1423 5076 1729 5114 numerum

64 5150 165 5195 ante
217 5147 431 5199 Pascha
483 5153 540 5200 et
595 5146 830 5215 injuste,
886 5153 941 5200 et
985 5149 1143 5200 nullo
1192 5148 1433 5201 rationis
1483 5149 1730 5217 pondere

67 5231 294 5287 suﬂ'ulta:
330 5241 689 5305 quapropter
731 5251 835 5304 pro
883 5237 1066 5289 nihilo
1111 5236 1393 5304 ducenda,
1443 5237 1548 5290 nisi
1580 5239 1728 5308 quod

66 5318 288 5386 charitas,
323 5339 456 5393 quae
488 5327 700 5392 praeter
729 5324 1011 5377 rationem
1044 5323 1264 5395 objecta
1283 5325 1730 5394 deprehendun-

66 5410 174 5470 tur;
223 5416 510 5480 quatenus
566 5409 797 5480 cognita
846 5412 1090 5479 ratione,
1144 5413 1565 5484 reprehendere
1613 5429 1729 5466 non

117 5603 342 5672 ICapita
374 5610 522 5659 teste
567 5608 899 5674 cooperiunt.
952 5607 1158 5661 Locum
1211 5608 1364 5662 hunc
1411 5607 1581 5660 velim
1629 5622 1730 5660 ex-

71 5674 297 5744 pendant,
333 5692 435 5748 qui
462 5676 534 5731 de
568 5675 925 5732 vestimentis
965 5678 1378 5734 monachorum
1409 5679 1722 5750 disputant.

1851 4533 1947 4584 Vir
1979 4531 2197 4600 quidem
2239 4546 2345 4584 non
2407 4530 2559 4583 debet
2601 4531 2779 4583 celare
2826 4533 2989 4596 caput
3057 4543 3233 4590 suum,
3285 4529 3538 4594 quoniam

1842 4623 2019 4687 imago
2048 4625 2096 4672 et
2126 4620 2304 4685 gloria
2347 4621 2442 4672 Dei
2473 4624 2550 4672 est
2574 4620 2622 4686 (Ι
2654 4621 2773 4674 Cor.
2809 4634 2884 4679 χι,
2919 4618 2991 4686 7).
3026 4617 3142 4670 Cur
3171 4619 3361 4668 autem
3411 4630 3536 4666 mu-

1842 4708 1948 4760 lier
1998 4707 2204 4760 debeat
2241 4707 2326 4760 vel
2377 4722 2601 4759 comam
2652 4705 2893 4772 nutrire,
2944 4704 3027 4756 vel
3092 4706 3262 4770 caput
3329 4701 3533 4765 velare,

1840 4813 2069 4849 causam
2103 4795 2367 4848 similiter
2397 4795 2613 4859 edocet,
2665 4793 2894 4847 dicens:
2951 4791 3108 4844 Debet
3141 4791 3335 4842 mulier
3388 4795 3533 4857 pote-

1839 4890 2032 4938 statem
2087 4884 2281 4938 habere
2348 4898 2513 4952 super
2557 4886 2722 4950 caput
2785 4883 3006 4949 propter
3063 4877 3280 4944 angelos
3331 4877 3531 4944 (Ibid.,

1839 4973 1947 5042 20).
1985 4973 2126 5026 llinc
2155 4972 2331 5040 igitur
2359 4970 2719 5024 considerent
2761 4966 2948 5020 clerici
2998 4965 3096 5035 qui
3129 4964 3364 5018 barbam
3411 4966 3538 5034 qui-

1783 5106 1796 5116 .
1840 5062 1970 5114 dem
2001 5062 2340 5121 nutrientes,
2374 5065 2433 5111 at
2475 5073 2608 5110 vero
2638 5061 2809 5124 caput
2846 5053 3075 5124 penitus
3115 5052 3334 5121 capillis
3378 5053 3535 5106 omni

1838 5165 1900 5202 ex
1935 5154 2095 5218 parte
2125 5147 2364 5211 nudant,
2415 5151 2470 5198 et
2502 5146 2583 5196 vel
2627 5142 2740 5196 vim
2774 5141 3001 5211 frigoris
3032 5141 3118 5194 vel
3149 5140 3354 5193 caloris
3390 5141 3535 5195 ferre

1841 5253 1954 5290 non
2012 5235 2285 5297 valentes,
2331 5233 2420 5286 vel
2461 5231 2653 5302 potius
2701 5229 3029 5299 bujusmodi
3079 5229 3536 5298 deturpationem

1839 5324 2068 5378 habitus
2090 5329 2378 5392 utcunque
2411 5323 2592 5374 celare
2623 5320 2900 5384 volentes,
2932 5319 3118 5388 capita
3154 5325 3306 5370 veste
3338 5333 3537 5388 coope-

1840 5413 1996 5466 riunt
2015 5425 2059 5477 a,
2083 5427 2154 5465 an
2184 5414 2379 5463 contra
2400 5413 2753 5479 praeceptum
2779 5407 3154 5479 apostolicum
3181 5405 3372 5459 venire
3392 5422 3538 5459 com-

1837 5605 1973 5658 Nam
2008 5619 2138 5657 cum
2171 5619 2390 5656 morem
2431 5618 2631 5656 eorum
2677 5602 2775 5672 qui
2807 5602 2992 5673 capita
3022 5601 3348 5673 radunt,_ac
3381 5603 3534 5651 veste

1835 5674 2172 5747 cooperiunt
2201 5673 2466 5746 redargui
2492 5670 2781 5746 utcunque
2813 5670 2979 5744 posse
3010 5675 3240 5728 moneat
3269 5670 3530 5724 Ratram-
