3890 6230
375 388 473 439 323
1513 373 1874 429 RATRAMNI
1917 370 2378 429 CORBEIENSIS
2431 371 2738 428 MONACHI
3757 377 3823 429 δέ.

374 514 703 585 probentur.
763 509 1056 581 Siquidem
1117 524 1327 578 negare
1390 524 1505 561 non
1569 510 1808 577 possunt
1869 510 2065 559 contra
2103 505 2447 575 Aligurant,
2519 520 2619 575 per
2683 523 2855 577 quam
2918 507 3268 561 sacerdotale
3333 508 3518 562 decus
3570 507 3824 561 insinuant

377 602 715 656 sententiam
782 600 944 654 Pauli
1020 615 1078 651 se
1154 600 1341 652 facere
1405 597 1680 650 dicentis:
1744 596 1929 651 Omnis
1984 598 2074 648 vir
2184 596 2359 647 Porro
2392 595 2613 665 reliqua
2645 612 2775 666 pars
2805 596 3143 666 capillorum
3175 602 3347 666 caput
3378 597 3660 662 ambiens,
3691 614 3829 668 neque

373 707 534 746 orans
599 693 681 745 vel
729 691 1060 759 prophetans
1112 689 1286 742 velato
1333 674 1530 756 capite,
1589 687 1845 754 deturpat
1909 690 2072 753 caput
2180 689 2375 737 tamen
2407 684 2679 737 verticem
2724 686 3082 755 contingens,
3134 687 3386 755 speciem
3424 702 3649 739 corona:
3680 704 3833 755 repra-

372 797 529 834 suum
560 780 749 851 (lbid.,
782 779 857 848 4).
2182 777 2389 840 scntat,
2426 789 2538 843 qua
2573 774 2778 843 regalis
2825 774 3076 844 dignitas
3120 781 3468 828 ostentatur.
3526 774 3616 827 Sic
3644 781 3833 845 utraque

446 870 571 922 Non
621 868 728 921 ista
780 866 1024 921 dicimus
1073 881 1186 935 quo
1231 864 1423 917 forsan
1479 864 1654 916 talem
1708 860 2071 915 consuetudi-
2180 863 2286 916 hac
2316 863 2503 932 specie
2532 863 2725 931 regale
2755 863 3137 916 sacerdotium
3166 864 3542 933 designatur.

376 974 508 1011 nem
559 956 979 1027 reprehendere
1026 954 1331 1007 malimus:
1403 952 1613 1004 scimus
1671 951 1825 1003 enim
1867 955 1920 1002 et
1966 950 2070 1001 liu-
2253 951 2508 1006 Christus
2553 952 2724 1005 etiam
2770 968 2864 1005 rex
2920 957 2977 1005 et
3030 952 3292 1006 sacerdos
3341 952 3704 1023 exprimitur,
3746 970 3837 1022 pra

370 1046 629 1116 jusmodi
660 1045 917 1099 habitum
969 1041 1309 1096 humilitatis
1349 1056 1470 1093 esse
1520 1038 1834 1103 indicium;
1869 1039 1964 1091 sed
2014 1044 2073 1090 ut
2180 1040 2356 1108 pheta
2406 1039 2771 1094 testiﬁcante:
2827 1041 3093 1095 Dominus
3137 1042 3332 1109 legifer
3370 1048 3582 1109 noster,
3631 1045 3835 1096 Dominus

378 1151 719 1188 moneamus
761 1135 1084 1187 Graecorum
1145 1130 1519 1200 imperatores
1552 1144 1581 1180 e
1631 1128 1815 1180 vicino
1863 1127 2072 1180 habere
2180 1131 2296 1183 Rere
2343 1135 2523 1182 noster
2583 1130 2710 1183 (Isa.
2750 1146 2830 1197 ιιι,
2864 1132 2978 1199 22).
3039 1131 3214 1184 ltem:
3268 1134 3439 1196 Reges
3484 1146 3571 1184 eos
3617 1130 3676 1185 in
3719 1135 3837 1198 virga

379 1224 532 1293 quod
574 1222 793 1292 possint
841 1222 925 1274 vel
1000 1219 1360 1288 redarguere,
1420 1217 1510 1270 vel
1577 1215 1922 1280 emendare;
1970 1231 2075 1267 nec
2180 1218 2562 1286 ferrea(Psal.
2610 1234 2667 1284 ιι,
2719 1221 2794 1288 9).
2831 1218 2992 1282 Quod
3025 1224 3214 1272 autem
3267 1220 3543 1273 sacerdos
3582 1220 3669 1284 sit,
3716 1222 3841 1273 Pater

380 1312 547 1380 longe
579 1310 797 1381 positos
827 1310 914 1362 vel
947 1309 1231 1361 Romanos
1257 1307 1344 1359 vel
1377 1305 1607 1359 Latinos
1638 1304 1839 1357 leviter
1888 1319 2076 1373 repre-
2185 1307 2323 1360 Filio
2355 1307 2713 1374 testilicatur,
2761 1308 2991 1361 dicens:
3039 1311 3116 1361 Tu
3144 1325 3197 1362 es
3236 1309 3493 1363 sacerdos
3540 1311 3597 1361 in
3632 1314 3841 1363 aeternum

378 1401 631 1454 hendant
658 1416 674 1466 ;
706 1398 805 1469 qui
838 1398 883 1451 si
936 1397 1138 1450 radant
1180 1395 1441 1460 barbam,
1474 1408 1696 1447 comam
1738 1397 1928 1445 tamen
1968 1404 2075 1444 nec
2181 1396 2471 1450 secundum
2519 1397 2758 1450 ordinem
2825 1398 3208 1451 Melchisedech
3256 1399 3440 1465 (Psal.
3511 1413 3622 1465 cur,
3669 1397 3731 1466 4).
3768 1398 3842 1466 Igi-

378 1488 660 1553 nutriunt,
731 1502 836 1539 nec
880 1489 1053 1555 caput
1097 1484 1184 1536 vel
1232 1483 1669 1553 prophetantes,
1718 1482 1805 1533 vel
1849 1485 2074 1532 orantes
2182 1490 2276 1538 tur
2341 1484 2458 1538 sive
2509 1485 2715 1539 Christi
2765 1486 3151 1539 sacerdotium
3202 1491 3373 1556 atque
3428 1488 3625 1555 regale
3678 1486 3838 1539 solium

375 1576 601 1629 velant:
636 1576 768 1628 licet
797 1572 1042 1627 habeant
1068 1571 1129 1625 in
1161 1577 1482 1624 sanctarum
1508 1569 1843 1622 auctoritate
1881 1568 2075 1636 Scrip-
2184 1573 2374 1627 clerici
2438 1573 2768 1627 Latinorum
2833 1572 3157 1643 signiﬁcare
3206 1574 3489 1638 volentes,
3556 1574 3840 1642 hujusmodi

377 1668 637 1717 turarutii
686 1663 836 1716 unde
879 1678 1039 1713 suam
1082 1659 1552 1713 consuetudinem
1605 1659 1819 1726 optime
1873 1656 2065 1709 defen-
2185 1665 2412 1716 schema
2444 1663 2627 1732 capite
2673 1666 2936 1731 gestant:
2985 1663 3102 1715 sive
3133 1662 3284 1732 quod
3329 1662 3528 1714 omnis
3572 1658 3842 1713 Christiana

380 1754 536 1806 dant.
571 1754 631 1805 Et
661 1752 717 1804 in
752 1750 935 1803 Veteri
969 1748 1199 1818 quidem
1233 1749 1594 1801 Testamento
1628 1746 1889 1799 Nazareis
1937 1760 2073 1798 0011-
2117 1805 2151 1820 η
2184 1751 2338 1804 natio
2371 1750 2527 1817 regia
2556 1751 2913 1820 simulatque
2944 1749 3280 1803 sacerdotali
3307 1750 3598 1819 dignitate
3619 1745 3840 1818 praecini-

382 1842 625 1895 suetudo
677 1839 965 1903 manebat,
1019 1842 1083 1889 ut
1138 1835 1581 1889 consecrationis
1630 1839 1855 1903 tempus
1905 1834 2076 1886 adim-
2114 1834 2153 1859 υ
2186 1843 2337 1905 neat,
2385 1839 2485 1892 tali
2517 1839 2704 1908 specie
2752 1838 3073 1903 designant,
3124 1840 3186 1891 In
3236 1838 3395 1891 faciei
3452 1854 3593 1890 vero
3633 1835 3840 1888 denuda-

381 1930 602 2000 plentes
633 1932 805 1997 caput
837 1931 891 1979 et
918 1925 1152 1979 barbam
1187 1924 1473 1990 raderent,
1508 1931 1563 1976 et
1601 1924 1659 1976 in
1686 1924 1878 1991 ignem
1908 1923 2077 1975 sacri-
2187 1927 2340 1979 tione
2385 1925 2572 1978 cordis
2624 1926 2933 1978 ostendunt
2999 1927 3326 1995 puritatem,
3389 1925 3540 1978 illud
3586 1924 3847 1977 innuentes

2114 1805 2153 1859 C

380 2018 494 2073 ﬁcii
525 2021 850 2087 ponerent:
898 2016 1007 2068 hoc
1062 2013 1467 2083 signiﬁcantes,
1519 2012 1672 2081 quod
1723 2028 1836 2065 non
1890 2012 2072 2064 solum

384 2112 560 2172 actus,
608 2120 806 2158 verum
855 2104 1024 2157 etiam
1076 2119 1275 2155 omnes
1328 2100 1608 2170 cogitatus
1653 2115 1787 2153 suos
1837 2101 2076 2153 Domino

382 2197 799 2248 consecrarent.
842 2192 983 2245 Hinc
1031 2189 1307 2245 Ezechieli
1357 2189 1654 2258 prophetae
1699 2204 1887 2241 sermo
1927 2187 2073 2241 divi—

2188 2015 2586 2085 apostolicum,
2623 2014 2721 2066 ubi
2761 2014 2874 2067 ait:
2932 2016 3040 2068 Nos
3082 2020 3261 2067 autem
3300 2015 3552 2069 revelata
3597 2016 3731 2079 facie
3762 2012 3845 2076 glo-

2185 2108 2328 2158 riam
2352 2105 2578 2157 Domini
2617 2104 2970 2171 speculantes,
3007 2106 3065 2157 in
3096 2104 3333 2157 eumdem
3384 2105 3683 2170 imaginem
3712 2107 3847 2153 trans-

2183 2192 2490 2256 formamur
2552 2191 2633 2258 (II
2673 2191 2779 2245 Cor
2832 2208 2910 2255 Ill,
2963 2193 3066 2259 l8).
3123 2192 3311 2245 Facies
3350 2192 3511 2245 enim
3566 2191 3755 2260 capitis
3788 2190 3847 2240 fa-

380 2300 488 2337 nus
521 2283 816 2354 loquitur:
852 2285 921 2335 Et
952 2286 1026 2341 tu.
1077 2283 1158 2349 ﬁli
1207 2281 1454 2340 hominis,
1504 2294 1652 2332 sume
1701 2279 1800 2332 tibi
1832 2278 2077 2346 gladium

383 2379 620 2439 acutum,
667 2371 946 2425 raientem
988 2371 1174 2439 pilos;
1241 2383 1517 2422 assumens
1579 2383 1718 2433 eum,
1781 2367 1940 2421 duces
1980 2383 2079 2435 per

382 2471 545 2531 caput
592 2466 742 2514 tuum
789 2464 838 2512 et
898 2459 1121 2511 barbam
1178 2463 1327 2511 tuam
1374 2458 1587 2527 (Ezech.
1636 2473 1689 2523 v,
1752 2456 1819 2524 l).
1875 2456 2078 2509 Fuerat

383 2551 536 2603 enim
561 2549 823 2602 sacerdos
856 2564 972 2600 non
1003 2547 1258 2600 extranei
1287 2546 1534 2615 generis,
1569 2544 1666 2598 sed
1705 2544 1774 2598 de
1815 2544 2077 2598 sacerdo-

383 2637 764 2707 taligermine
795 2641 1161 2706 procreatus:
1205 2635 1353 2688 unde
1404 2634 1717 2687 secundum
1766 2637 2078 2687 consuetu-

384 2727 579 2780 dinem
636 2725 1034 2778 Nazaraaorum
1092 2723 1289 2776 radere
1332 2723 1639 2776 mandatur
1687 2725 1743 2775 et
1792 2726 1962 2792 caput
2024 2725 2079 2775 et

386 2815 643 2869 barbam.
677 2815 739 2867 In
790 2813 1176 2883 apostolorum
1226 2811 1459 2865 Actibus
1500 2826 1733 2881 quoque
1784 2810 2076 2876 scribitur,

384 2905 632 2957 Priscam
666 2907 721 2956 et
748 2901 1035 2972 Aquilam,
1080 2901 1308 2955 Judaéos
1340 2900 1398 2953 in
1438 2900 1724 2954 Christum
1759 2899 2077 2961 credentes,
2191 2901 2381 2971 plures
2442 2904 2559 2953 tam
2605 2901 2674 2955 de
2716 2917 2959 2954 numero
3004 2900 3413 2970 apostolorum,
3476 2914 3656 2969 quam
3715 2895 3847 2949 etiam

385 2995 442 3046 in
482 2991 752 3049 Cenchris
801 2994 973 3060 caput
1019 2989 1125 3042 sibi
1177 2988 1533 3042 totondisse:
1593 2988 1882 3042 habebant
1925 2988 2078 3042 enim
2189 2989 2259 3041 de
2324 2988 2531 3043 Christi
2615 2989 3053 3059 discipulorum,
3130 2988 3404 3058 leguntur
3459 2992 3523 3042 et
3570 2986 3767 3040 barbas
3810 2988 3847 3033 et

386 3085 599 3143 votum,
634 3078 778 3132 sicut
803 3081 1222 3147 consequenter
1249 3076 1541 3145 Scriptura
1572 3076 1873 3145 signiﬁcat.
1925 3076 1991 3129 Et
2021 3075 2080 3128 in
2122 3106 2162 3158 Ο
2190 3077 2376 3146 capita
2441 3078 2664 3132 rasisse.
2738 3077 3037 3147 Siquidem
3103 3077 3210 3130 hoc
3271 3077 3453 3147 egisse
3507 3077 3735 3130 Petrum
3784 3071 3848 3138 ip-

388 3166 797 3236 Hierosolymis
855 3167 1107 3219 seniores
1165 3165 1423 3235 apostolo
1485 3165 1659 3218 Paulo
1709 3166 2076 3234 loquuntur:
2192 3167 2309 3220 sius
2353 3166 2640 3237 hodieque
2699 3170 2985 3220 testantur
3035 3166 3335 3235 imagines,
3390 3182 3526 3235 quas
3575 3163 3673 3218 tali
3732 3162 3848 3213 sche

384 3258 520 3312 Sunt
568 3256 721 3309 nobis
765 3257 876 3308 viri
922 3259 1193 3322 quatuor;
1249 3258 1429 3307 totum
1482 3252 1732 3305 habentes
1774 3268 1939 3321 super
1984 3268 2077 3305 se:
2192 3259 2343 3309 mate
2388 3257 2676 3326 pictorum
2708 3259 2830 3308 arte
2878 3254 3221 3308 formantur.
3263 3255 3374 3307 Nec
3403 3258 3715 3323 propterea
3742 3251 3848 3302 Gre»

388 3347 472 3399 his
531 3346 848 3412 assumptis,
899 3345 1178 3411 sanctiﬁca
1222 3345 1270 3394 te
1314 3356 1431 3394 cum
1470 3342 1602 3407 illis,
1657 3346 1706 3394 et
1749 3341 1997 3409 impende
2026 3344 2083 3394 in
2192 3360 2386 3397 corum
2417 3344 2580 3397 veriti
2611 3348 2742 3396 sunt
2784 3343 3290 3413 reprehensionem
3320 3343 3407 3396 vel
3438 3340 3755 3412 Apostolus.
3790 3334 3848 3386 vel

384 3436 494 3487 illis
520 3438 580 3486 ut
609 3432 812 3486 radant
839 3433 1046 3500 capita,
1091 3436 1141 3484 et
1183 3432 1351 3484 scient
1392 3445 1568 3483 omnes
1602 3431 1733 3499 quia
1776 3445 1894 3498 qua:
1937 3429 2002 3482 de
2034 3434 2083 3482 te
2190 3432 2400 3502 reliqui
2448 3432 2655 3487 Christi
2704 3431 3138 3501 discipulorum,
3179 3431 3388 3502 quibus
3436 3447 3557 3484 non
3610 3424 3848 3497 displicuit

384 3521 681 3575 audierunt
708 3522 856 3586 falsa
885 3524 1033 3586 sunt,
1083 3519 1178 3572 sed
1226 3519 1473 3571 ambulas
1523 3524 1572 3571 et
1617 3522 1730 3586 ipse
1777 3517 2080 3571 custodiens
2193 3521 2519 3576 istiusmodi
2548 3521 2813 3574 habitum
2852 3520 2961 3574 sibi
3006 3536 3316 3574 assumere.
3353 3521 3417 3573 Et
3459 3535 3596 3572 cum
3629 3533 3725 3571 nec
3752 3518 3848 3566 ante

385 3609 719 3677 legem(Act.
756 3626 866 3663 xxx.
902 3611 988 3669 23,
1038 3609 1148 3677 24).
1200 3609 1265 3661 Et
1308 3607 1480 3676 paulo
1532 3611 1695 3676 post:
1742 3609 1886 3660 Tunc
1926 3607 2081 3659 Pau—
2194 3611 2400 3679 legem,
2450 3626 2555 3663 nec
2594 3614 2723 3679 post
2764 3609 3139 3679 Evangelium
3191 3609 3468 3663 hactenus
3510 3605 3848 3678 quaestionem

386 3700 466 3752 Ius
500 3700 794 3766 assumptis
823 3699 981 3765 viris,
1031 3701 1251 3765 postera
1285 3696 1390 3761 die,
1440 3699 1763 3765 puriﬁcatus
1807 3711 1925 3749 cum
1970 3696 2082 3748 illis
2192 3699 2337 3751 hanc
2371 3698 2575 3768 aliquis
2600 3698 2929 3764 intenderit,
2954 3696 3203 3751 viderint
3223 3714 3324 3750 cur
3353 3697 3687 3751 Graecorum
3713 3693 3848 3759 impe

382 3787 613 3839 intravit
654 3789 713 3839 in
762 3788 1038 3854 templum,
1090 3786 1425 3839 annuntians
1468 3786 1821 3853 erpletionem
1872 3783 2082 3836 dierum
2192 3793 2409 3840 ratores
2439 3786 2861 3856 reprehendere
2885 3786 3215 3851 moliantur,
3250 3784 3403 3855 quod
3424 3776 3848 3853 reprehensionis

382 3876 784 3944 puriﬁcationis
851 3874 1013 3943 (Ibid.
1077 3875 1193 3944 26).
1263 3874 1424 3927 Hunc
1494 3889 1710 3926 morem
1779 3877 2084 3942 sequentes
2194 3873 2493 3927 calumniae
2537 3875 2829 3943 suhjacere
2898 3889 3264 3945 nequaquam
3320 3874 3529 3926 merito
3579 3870 3764 3943 possit.
3812 3863 3848 3917 Si

384 3963 576 4017 clerici
609 3964 1025 4025 Romanorum,
1051 3963 1141 4015 vel
1172 3968 1506 4015 cunctarum
1530 3962 1648 4014 fere
1678 3977 1781 4030 per
1811 3960 2081 4013 Occiden-
2194 3963 2344 4014 enim
2376 3962 2611 4015 barbam
2642 3963 2881 4017 tondere
2928 3968 3221 4032 peccatum
3251 3966 3338 4015 est
3378 3961 3635 4031 aliquod,
3686 3958 3761 4010 vel
3791 3954 3848 4005 di-

386 4057 501 4104 tem
532 4051 934 4113 Ecclesiarum,
983 4050 1186 4103 barbas
1231 4050 1458 4114 radunt,
1505 4055 1560 4101 et
1597 4050 1782 4117 capita
1822 4049 2081 4113 tondent,
2192 4050 2341 4103 vinas
2397 4051 2539 4120 legis
2587 4051 2703 4103 ulla
2752 4050 3152 4119 transgressio,
3213 4050 3405 4103 dicant
3434 4060 3443 4069 '
3470 4066 3577 4103 cur
3617 4047 3848 4119 propheta

385 4138 632 4191 formam
662 4137 1003 4206 accipientes
1050 4141 1163 4189 tam
1216 4138 1286 4189 ab
1316 4137 1396 4189 eis
1447 4136 1545 4206 qui
1578 4136 1636 4188 in
1682 4135 1865 4188 Veteri
1897 4137 2088 4189 Testa-
2198 4139 2438 4192 Domino
2469 4140 2708 4207 jubente
2755 4138 2991 4192 barbam
3034 4138 3275 4208 raserit;
3309 4155 3411 4192 cur
3459 4137 3738 4192 Nazarmis
3776 4133 3848 4185 iste

389 4230 586 4279 mento
623 4225 875 4277 Nazaraei
906 4224 1261 4289 dicebantur,
1295 4240 1466 4293 quam
1499 4224 1570 4277 ab
1601 4224 1680 4276 eis
1710 4223 1807 4293 qui
1838 4223 1899 4276 in
1933 4225 2083 4276 Novo
2195 4244 2319 4281 mos
2349 4227 2665 4292 exstiterit;
2696 4244 2797 4281 cur
2826 4229 3077 4298 denique
3107 4228 3353 4297 apostoli
3390 4227 3540 4281 hanc
3588 4228 3848 4280 consuetu-

2187 2279 2332 2331 ciem
2359 2278 2543 2331 cordis
2582 2278 2877 2332 insinuat:
2912 2280 3057 2333 sicut
3100 2280 3253 2333 enim
3292 2285 3468 2350 caput
3499 2296 3603 2332 arx
3635 2284 3716 2331 est
3754 2292 3843 2328 cor-

2187 2368 2295 2434 dis,
2326 2368 2403 2421 sic
2432 2384 2594 2421 mens
2642 2368 2751 2421 hoc
2797 2368 2941 2432 loco,
2978 2385 3105 2439 qua).
3150 2384 3248 2421 cor
3296 2369 3651 2439 appellatur,
3684 2366 3844 2418 anima

2187 2458 2415 2510 culmen
2458 2456 2680 2510 existit:
2734 2456 2902 2510 debet
2952 2458 3106 2511 enim
3155 2457 3327 2511 facies
3365 2457 3562 2511 cordis
3593 2454 3843 2525 cogitatio-

2189 2547 2356 2600 nibus
2401 2546 2641 2599 terrenis
2665 2545 2882 2615 jugiter
2922 2546 3172 2615 spoliari,
3223 2547 3474 2616 qualiter
3520 2560 3668 2616 puro
3710 2544 3847 2595 since-

2190 2652 2368 2706 roque
2394 2640 2704 2706 conspectu
2735 2636 2978 2705 gloriam
3014 2635 3242 2689 Domini
3274 2636 3450 2705 possit
3498 2631 3787 2705 specnlari,
3812 2636 3848 2680 et

2189 2722 2247 2775 in
2271 2739 2395 2776 eam
2427 2739 2530 2793 per
2559 2723 3061 2794 contemplationis
3090 2724 3333 2793 gratiam
3362 2720 3769 2777 transformari.

2260 2815 2461 2865 Beatus
2505 2828 2736 2883 quoque
2805 2814 3003 2866 Petrus
3051 2814 3361 2881 apostolus,
3414 2827 3644 2864 necnon
3692 2813 3742 2861 et
3780 2807 3847 2858 alii

389 4315 754 4367 Testamento
784 4312 923 4366 talia
964 4313 1159 4365 fecisse
1208 4313 1496 4381 leguntur.
1542 4311 1650 4365 Sed
1700 4327 1815 4363 non
1858 4312 2086 4381 penitus

2196 4317 2391 4371 dinem
2434 4332 2550 4369 non
2603 4317 3023 4370 exhorruerint.
3072 4317 3181 4371 Sed
3221 4316 3356 4370 huic
3404 4312 3746 4386 oppositioui
3786 4325 3848 4361 ευε

388 4401 612 4472 capillis
646 4400 831 4470 capita
862 4400 1102 4465 ηυάἃηῒν
1150 4415 1346 4452 verum
1377 4416 1480 4469 PFO
1511 4405 1669 4469 Parle
1697 4399 2086 4469 signiﬁcantes
2127 4408 2170 4460 D
2198 4404 2621 4475 persedeamus,
2674 4404 2946 4474 quoniam
2980 4420 3086 4457 nec
3136 4404 3370 4456 rationis
3420 4404 3633 4456 virtute
3679 4400 3847 4459 nixam1

391 4490 491 4545 tali
522 4489 808 4543 schemate
838 4498 953 4542 tam
984 4488 1174 4558 regale
1207 4488 1396 4551 decus,
1435 4503 1605 4557 quam
1648 4487 1874 4556 insigne
1901 4503 2086 4540 sacer-

391 4579 598 4634 dotale.
648 4578 940 4649 Siquidem
988 4577 1220 4646 regibus
1263 4576 1433 4629 decus
1474 4581 1556 4628 est
1599 4580 1900 4645 proprium
1933 4592 2088 4629 coro-

392 4685 493 4722 nas
519 4668 579 4721 in
600 4667 785 4737 capite
815 4667 965 4720 ferre
993 4682 1005 4732 ;
1040 4665 1338 4735 pontiﬁces
1369 4668 1561 4717 autem
1593 4663 1651 4716 in
1697 4665 1913 4733 templo
1952 4664 2090 4717 thia-

395 4774 483 4810 ras
514 4756 723 4811 vertice
765 4754 1072 4825 portabant
1105 4769 1117 4806 :
1153 4758 1209 4805 et
1255 4752 1440 4805 thiara
1482 4751 1715 4822 quidem
1747 4752 2090 4821 hemisphae-

394 4839 463 4892 rii
497 4840 648 4909 gerit
693 4837 1163 4902 similitudinem;
1201 4851 1409 4888 corona
1444 4851 1575 4888 vero
1633 4834 1829 4887 circuli
1886 4850 2089 4903 gerens

394 4928 639 4997 ﬁguram
671 4931 841 4997 caput
889 4925 1100 4978 assolet
1148 4924 1388 4976 ambire.
1438 4923 1715 4993 Loquitur
1750 4923 1953 4975 beatus
1994 4924 2089 4975 Pe-

396 5021 516 5069 trus
568 5016 858 5085 apostolus
905 5012 1269 5066 credentibus
1308 5028 1320 5064 :
1376 5014 1479 5066 Vos
1526 5017 1703 5064 autem
1752 5014 1877 5064 estis
1924 5026 2089 5078 genus

396 5104 638 5166 electum,
698 5103 878 5169 regale
938 5101 1299 5155 sacerdotium
1370 5100 1428 5169 (Ι
1478 5102 1618 5154 Pelr.
1680 5116 1739 5164 ιι,
1808 5102 1880 5168 9).
1929 5098 2089 5161 Quod

397 5190 719 5258 signiﬁcare
768 5191 1015 5242 volentes
1067 5190 1254 5241 clerici
1314 5190 1727 5253 Romanorum,
1792 5190 1907 5242 sive
1954 5191 2093 5244 Lati-

398 5293 628 5343 norum,
672 5277 731 5330 in
778 5277 1002 5330 verticis
1054 5277 1362 5331 nudatione
1409 5278 1606 5331 thiara:
1653 5278 2089 5332 similitudinem

400 5444 525 5493 nus,
560 5427 845 5502 addatque
876 5428 932 5502 id
975 5445 1031 5502 se
1064 5445 1179 5482 non
1204 5429 1432 5502 idcirco
1462 5432 1728 5500 scribere,
1779 5434 1929 5502 quod
1965 5450 2093 5487 mo-

398 5514 517 5573 rem
545 5500 704 5573 illum
739 5501 978 5573 omnino
1008 5499 1450 5573 improbandum
1478 5511 1662 5573 putet,
1707 5499 1898 5558 Sed-ut
1937 5506 2092 5558 Gras-

397 5571 473 5622 cis
534 5570 889 5640 principibus
938 5572 1223 5641 ostendat,
1291 5575 1439 5641 apud
1478 5570 1594 5627 _eos
1641 5570 1905 5628 nonnihil
1969 5591 2092 5628 esse

399 5643 553 5710 quod
584 5641 1008 5710 reprehendere
1054 5640 1276 5695 facilius
1318 5640 1558 5713 possint,
1607 5661 1781 5713 quam
1827 5647 1975 5715 quod
2012 5652 2096 5699 est

2199 4509 2302 4545 nec
2331 4492 2627 4561 gravitatis
2652 4509 2776 4545 eam
2809 4494 3000 4563 aliqua
3032 4492 3312 4561 dignitate
3344 4492 3640 4545 suffultam
3670 4485 3848 4554 conspi-

2197 4580 2379 4633 cimus
2406 4595 2418 4632 :
2443 4585 2500 4633 et
2526 4579 2637 4632 nisi
2676 4580 2867 4633 minus
2909 4580 3285 4650 prudentibus
3331 4578 3564 4648 subrepi
3616 4591 3767 4649 posse
3793 4587 3847 4624 ar

2201 4668 2568 4733 bitraremur,
2601 4668 2817 4720 nullam
2859 4684 2927 4720 ex
2957 4668 3065 4721 hoc
3095 4668 3221 4721 ﬁeri
3259 4666 3652 4738 responsionis
3693 4664 3848 4731 dispu-

2200 4754 2430 4808 tationis
2454 4754 2667 4824 justius
2700 4755 3122 4809 decerneretur.

2883 4878 3107 4932 CAPUT
3148 4878 3237 4931 Vl.

2200 4985 2486 5041 Calibai’us
2535 4986 2849 5039 clericorum
2895 4990 3289 5053 propugnatur
3347 4984 3612 5038 adversus
3668 4986 3844 5035 Grates

2272 5073 2556 5129 Caelibatus
2587 5075 2897 5126 clericorum
2917 5074 3124 5139 legibus
3146 5074 3523 5126 ecclesiasticis
3542 5074 3801 5127 asseritur.

2274 5196 2432 5248 Nunc
2462 5195 2598 5249 illud
2632 5196 3113 5249 considerandum
3156 5196 3307 5265 quod
3357 5195 3644 5264 objiciunt
3687 5195 3848 5247 Roma.

2199 5300 2302 5337 nos
2341 5283 2574 5353 nuptias
2623 5283 2917 5350 damnare,
2975 5283 3249 5354 quoniam
3305 5284 3652 5354 presbyteris
3696 5290 3848 5334 uxore:

2203 5437 2354 5506 apud
2392 5438 2617 5491 Latinos
2646 5442 2983 5508 usurpatum
3012 5458 3026 5505 ;
3053 5438 3210 5499 satis,
3245 5454 3375 5491 mea
3405 5438 3643 5508 quidem
3674 5439 3848 5491 senten‘

2201 5510 2298 5571 tia,
2331 5509 2580 5562 ostendit
2610 5509 2670 5562 in
2697 5510 2788 5562 his
2815 5510 3149 5578 regionibus
3180 5510 3287 5562 hoc
3335 5512 3505 5561 vestis
3536 5525 3735 5581 genere
3772 5514 3848 5572 qUC

2200 5594 2353 5700 1nunc
2433 5585 2695 5645 utuntur,
2765 5582 3080 5634 monachos
3149 5596 3263 5632 sum
3340 5580 3717 5635 aetatis'usos
3771 5583 3848 5627 11οῑ

2227 5663 2394 5700 uisse.

2227 5663 2394 5702 111858.
