3890 6230
111 371 230 421 32ΰ

1111 373 1387 428 CONTRA
1444 372 1851 430 GR/ECORUM
1910 373 2270 430 OPPOSITA.
2303 375 2536 429 —LIB.
2590 374 2677 427 IV.

3545 382 3648 432 326

108 499 339 553 ducere
395 517 511 554 non
542 502 730 555 solum
780 517 895 555 non
941 501 1321 559 consentiunt.
1376 520 1573 557 verum
1607 506 1831 575 penitus
1871 506 2061 560 Adico
2113 506 2406 560 secundum
2456 506 2871 573 indulgentiam,
2946 524 3051 562 non
3114 509 3409 563 secundum
3469 513 3639 579 impe-

109 590 508 645 interdicuut.
565 591 835 655 Quamvis
883 592 941 643 in
995 592 1215 643 carteris
1269 592 1509 645 nimium
1561 594 1832 662 supersti-

110 678 255 730 tiosi
292 681 604 732 videantur
635 680 892 749 objectis,
946 680 1001 732 in
1036 681 1141 732 isto
1184 687 1375 734 tamen
1422 683 1506 734 vel
1542 683 1830 751 stupendi,

106 768 207 819 vel
243 768 485 821 dolendi
517 770 832 838 plurimum
864 770 1152 823 videntur.
1189 770 1463 839 Stupendi
1501 772 1756 840 quidem,
1787 772 1833 823 si

105 864 241 910 tam
274 864 415 911 sunt
443 876 475 909 a
507 858 805 928 sapientia:
852 859 1072 911 lumine
1101 860 1327 917 remoti.
1365 876 1477 929 quo
1521 877 1631 911 non
1664 860 1829 912 intel-

110 946 305 1014 ligant
334 948 623 999 Romanos
656 946 713 998 in
747 946 852 999 hoc
882 946 1026 999 facto
1051 963 1166 999 non
1197 947 1383 999 solum
1411 964 1522 999 non
1569 949 1831 1017 culpabi-

107 1036 198 1088 les
233 1050 542 1104 apparere,
570 1051 769 1088 ver-im
804 1036 975 1087 etiam
1008 1036 1405 1103 praedicabiles
1426 1036 1661 1089 enitere.
1694 1038 1830 1090 Nam

109 1124 500 1176 continentiae
526 1124 739 1177 bonum
781 1129 836 1177 et
883 1123 1155 1177 castitatis
1198 1125 1420 1194 insigne
1466 1129 1581 1177 tam
1616 1132 1833 1178 constat

108 1227 243 1264 esse
275 1213 642 1281 praeclarum,
690 1216 755 1264 ut
795 1212 968 1265 etiam
1009 1213 1320 1281 gentilibus
1360 1214 1431 1265 sit
1457 1213 1785 1282 {admirable
1810 1234 1831 1279 ,-

109 1306 169 1353 et
203 1316 265 1352 1n
298 1301 463 1354 omni
500 1302 699 1354 ordine
748 1317 879 1354 cum
909 1302 982 1353 sit
1028 1301 1418 1370 praedicabile,
1464 1307 1589 1355 tum
1639 1303 1832 1373 praeci-

109 1405 234 1457 pue
265 1389 329 1442 in
379 1390 792 1455 sacerdotibus,
840 1406 903 1443 ac
947 1390 1184 1459 reliquis
1236 1390 1377 1443 sacri
1420 1391 1614 1443 altaris
1659 1392 1833 1444 minio

112 1478 293 1541 stris;
330 1495 481 1548 quos
528 1495 658 1531 cum
712 1478 946 1548 reliquae
995 1480 1231 1532 virtutes
1278 1480 1494 1532 faciunt
1558 1480 1826 1545 illustres,

114 1566 468 1619 illustriores
498 1573 689 1621 tamen
722 1568 971 1621 reddunt
1014 1568 1404 1621 sanctimoniae
1455 1568 1741 1638 splendor,
1776 1575 1831 1622 et

111 1655 402 1708 castitatis
430 1657 597 1708 decus
628 1657 948 1726 egregium.
984 1656 1227 1710 Doleudi
1280 1674 1411 1709 vero
1444 1663 1598 1724 sunt,
1639 1658 1686 1710 si
1740 1663 1827 1711 ta-

116 1744 193 1795 lia
246 1760 383 1797 cum
437 1745 722 1812 noverint,
773 1746 1039 1799 adversus
1085 1745 1493 1798 conscientiam
1536 1746 1827 1816 propriam

1942 596 2085 648 rium
2117 594 2302 665 (Ibid,
2364 596 2437 659 6).
2486 596 2587 649 Cui
2639 598 2895 665 protinus
2946 598 3229 666 subjecit:
3285 601 3411 653 Volo
3463 613 3641 653 autem

1943 699 2118 737 omnes
2160 686 2394 737 homines
2432 700 2546 738 esse
2570 683 2709 738 sicut
2739 688 3017 753 meipsum,
3060 693 3115 739 et
3144 688 3378 758 reliqua.
3418 688 3637 751 Quibus

1944 772 2239 825 manifeste
2294 772 2579 842 signiﬁcat
2625 789 2682 825 se
2716 774 2972 826 cmlibem
3005 791 3145 839 esse,
3181 792 3285 828 nec
3318 778 3507 829 uxoris
3540 793 3637 829 co-

1943 863 2075 930 pula
2109 862 2369 915 detineri.
2415 864 2554 915 llinc
2610 863 2742 915 alibi
2790 863 3021 916 scribit:
3071 869 3165 916 An
3218 880 3323 918 non
3386 866 3640 919 habemus

1941 955 2252 1018 potestatem
2319 967 2553 1004 sororem
2618 952 2895 1004 mulierem
2972 952 3410 1006 circumducendi
3474 954 3639 1011 (Ibid.

1945 1055 2013 1104 ix,
2047 1040 2142 1107 5)?
2174 1041 2235 1092 In
2265 1056 2376 1110 qua
2409 1056 2466 1093 rc
2500 1040 2718 1093 socium
2742 1039 2849 1093 sibi
2885 1040 3204 1092 Barnabam
3234 1041 3355 1093 fore
3388 1057 3503 1094 non
3542 1042 3640 1093 ab-

1942 1134 2131 1196 negat,
2167 1128 2393 1181 dicens:
2430 1129 2520 1181 An
2570 1144 2663 1195 ego
2702 1134 2751 1181 et
2804 1129 3086 1182 Barnabas
3136 1131 3273 1181 lianc
3322 1134 3640 1197 potestatem

1938 1231 2045 1268 non
2079 1217 2331 1270 habemus
2384 1216 2568 1284 (Ibid,
2605 1217 2703 1281 ti)?
2744 1216 2809 1269 Et
2855 1222 3049 1269 tamen
3086 1216 3196 1269 ista
3252 1233 3381 1271 cum
3442 1218 3642 1272 beatus

1940 1306 2245 1373 Apostolus
2322 1304 2390 1357 de
2443 1321 2501 1357 se
2562 1306 2921 1375 proﬁteatur,
2986 1322 3353 1376 nequaquam
3414 1307 3642 1376 nuptias

1940 1395 2304 1457 condemnat,
2339 1393 2407 1445 de
2439 1393 2647 1463 quibus
2692 1398 2749 1445 et
2782 1398 3061 1463 prmccpta
3110 1394 3430 1463 conjugatis
3463 1394 3637 1458 dedit,

1941 1486 1996 1533 et
2034 1481 2452 1534 incontinentes
2487 1482 2763 1542 hortatur,
2798 1486 2859 1533 ut
2916 1481 2963 1533 si
3024 1497 3084 1534 se
3146 1497 3263 1534 non
3322 1483 3636 1543 continent,

1939 1570 2175 1622 nubant.
2230 1570 2384 1623 Adeo
2432 1585 2681 1639 namque
2736 1575 2853 1622 tam
2904 1569 3157 1623 Salvator
3210 1586 3383 1640 quam
3437 1570 3638 1624 beatus

1941 1658 2147 1711 Paulus
2178 1658 2533 1711 matrimonii
2570 1663 2733 1727 pacta
2767 1674 2884 1711 non
2916 1660 3247 1728 reprobant,
3290 1664 3353 1712 nl
3385 1665 3638 1713 statuant

1938 1762 2178 1799 uxorem
2213 1764 2243 1798 a
2284 1747 2401 1798 viro
2435 1762 2550 1799 non
2582 1746 2894 1813 discedere,
2931 1762 3034 1799 nec
3058 1747 3244 1799 virum
3276 1762 3512 1799 uxorem
3557 1764 3636 1799 re-

114 1832 391 1897 nitentes,
436 1832 853 1902 reprehendere
885 1850 997 1886 non
1037 1838 1307 1886 verentur
1354 1834 1505 1904 quod
1548 1835 1828 1888 laudabile
1872 1819 1908 1871 B
1940 1836 2219 1905 linquere,
2250 1834 2359 1887 nisi
2420 1851 2586 1887 causa
2617 1834 3045 1887 fornicationis:
3080 1834 3229 1904 quod
3287 1833 3332 1886 si
3365 1834 3629 1887 discesse-

112 1919 237 1972 fore
274 1937 392 1972 non
426 1921 716 1991 ignorant.
751 1922 974 1974 Timere
1010 1938 1260 1992 namque
1301 1922 1628 1975 debuissent
1678 1923 1827 1993 quod

114 2023 222 2075 per
254 2010 461 2062 Isaiam
503 2010 761 2079 loquitur
811 2010 1056 2080 Spiritus
1105 2015 1334 2063 sanctus
1364 2052 1376 2064 .
1454 2014 1543 2064 Va:
1600 2012 1675 2064 eis
1731 2016 1828 2079 qui

116 2097 310 2148 dicunt
340 2098 543 2150 malum
601 2098 813 2161 bonum,
847 2104 896 2150 et
940 2099 1133 2151 bonum
1175 2100 1398 2164 malum,
1449 2106 1700 2167 ponentes
1756 2105 1826 2153 te-

114 2185 316 2237 nebras
349 2186 535 2251 lucem,
568 2192 618 2239 et
647 2188 815 2239 lucem
837 2186 1083 2239 tenebras
1114 2187 1253 2254 (Isa.
1284 2204 1335 2252 ν,
1369 2189 1483 2253 ‘20).

189 2272 691 2334 Quemadmodum
725 2289 863 2343 ergo
910 2290 1269 2343 consequens
1313 2290 1434 2327 esse
1484 2276 1821 2342 decernunt,

116 2365 179 2411 ut
222 2360 471 2414 Romani
504 2361 777 2414 damnare
816 2361 1421 2431 nuptiasjudicentur,
1464 2363 1510 2415 si
1556 2380 1733 2432 penes
1762 2364 1825 2416 il-

117 2449 203 2500 los
234 2449 493 2519 episcopi
524 2466 619 2502 seu
653 2450 970 2519 presbyteri
1002 2451 1370 2504 matrimonia
1406 2468 1518 2505 non
1566 2452 1823 2506 sortiun-

120 2544 252 2589 tur:
295 2553 433 2607 ergo
463 2539 509 2590 si
561 2543 867 2608 propterea
925 2540 1260 2609 nuptiarum
1315 2540 1679 2594 damnatores
1726 2542 1822 2595 ha-

118 2625 300 2679 bendi
346 2631 494 2692 sunt,
528 2627 716 2681 eidem
743 2627 1041 2680 sententia).
1072 2628 1446 2696 subjacebunt
1477 2631 1672 2683 Patres
1703 2634 1819 2683 tam

122 2715 344 2767 Veteris
372 2731 541 2785 quam
582 2716 724 2769 Novi
752 2716 1116 2770 Testamenti.
1150 2717 1295 2770 Elias
1327 2718 1626 2787 propheta,
1659 2718 1820 2787 cujus

122 2803 185 2853 ad
219 2804 532 2872 imperium
578 2804 789 2858 coelum
841 2809 1128 2857 reseratur
1171 2810 1228 2859 et
1257 2806 1560 2865 clauditur,
1603 2807 1819 2877 quique

120 2891 442 2945 ministerio
497 2893 757 2962 angelico
800 2894 1120 2946 sustollitur
1150 2894 1219 2947 ad
1268 2895 1456 2961 caelos,
1515 2911 1627 2948 non
1662 2896 1821 2949 duxit

122 2995 379 3033 uxorem.
413 2981 687 3034 Jeremias
718 2987 870 3035 vates
896 2981 955 3033 in
1004 2987 1168 3035 utero
1216 2983 1615 3049 Sanctiﬁcatus,
1653 2984 1821 3053 virgi-

121 3069 321 3121 nitatis
353 3071 593 3130 bonum,
634 3074 692 3122 et
720 3070 1073 3123 castimoniae
1102 3070 1413 3140 puritatem
1450 3072 1816 3125 matrimonio

122 3158 391 3225 praetulit.
428 3157 648 3225 Daniel,
685 3157 772 3210 vir
802 3157 1217 3211 desideriorum
1259 3158 1595 3228 appellatus,
1634 3160 1816 3229 magis

121 3246 533 3299 continentiam
557 3262 729 3315 quam
763 3246 1124 3315 conjugalem
1150 3247 1416 3316 copulam
1439 3247 1668 3317 delegit.
1706 3249 1817 3301 Nec

123 3341 316 3388 tamen
346 3335 439 3388 isti
492 3335 723 3404 nuptias
769 3334 1131 3395 damnavere,
1176 3336 1437 3405 quamvis
1482 3336 1814 3405 nuptiarum

123 3424 333 3477 fcedera
394 3439 509 3476 non
566 3423 891 3476 habuerint.
954 3424 1206 3477 Salvator
1262 3424 1331 3477 de
1384 3424 1603 3493 virgine
1661 3426 1818 3479 nasci

122 3512 343 3577 maluit,
394 3518 457 3564 ut
512 3528 735 3565 sacrum
797 3512 1132 3581 coniugium
1182 3512 1549 3582 approbaret,
1600 3514 1818 3583 nuptiis

122 3601 391 3653 interesse
425 3616 539 3654 non
583 3601 785 3653 renuit.
816 3602 1063 3654 Joannes
1114 3601 1328 3653 amoris
1374 3600 1741 3671 privilegium
1786 3620 1819 3656 a

124 3689 343 3743 Christo
383 3690 719 3760 promeruit,
780 3690 1055 3760 quoniam
1102 3690 1230 3759 plus
1261 3690 1468 3744 Christi
1513 3690 1816 3761 discipula-

122 3782 259 3842 tum,
295 3794 471 3848 quam
518 3777 745 3847 nuptias
794 3778 987 3847 elegit.
1034 3778 1232 3830 Petrus
1285 3779 1598 3846 apostolus,
1650 3783 1817 3832 ante-

122 3882 287 3935 quam
331 3865 587 3919 Christus
620 3881 753 3918 enm
798 3865 857 3919 in
890 3868 1242 3936 apostolatus
1298 3866 1635 3936 dignitatem
1684 3868 1814 3921 sub-

122 3958 366 4023 rogaret,
441 3954 877 4007 matrimonium
961 3970 1077 4008 non
1152 3955 1398 4025 sprevit:
1467 3956 1816 4025 apostolatus

123 4048 304 4095 autem
338 4041 618 4111 dignitate
658 4042 1020 4109 sublimatus,
1056 4048 1113 4095 et
1153 4043 1209 4095 in
1254 4043 1639 4113 evangelicam
1667 4060 1814 4114 prae-

122 4129 456 4184 dicationem
503 4131 839 4196 destinatus,
902 4132 1007 4184 etsi
1061 4131 1365 4201 conjugem
1414 4148 1527 4184 non
1579 4132 1813 4201 repulit,

123 4234 253 4287 opus
282 4226 483 4273 tamen
513 4220 813 4290 conjugale
844 4219 1164 4273 declinavit.
1195 4220 1355 4283 Quod
1381 4220 1551 4272 etiam
1584 4224 1816 4273 caeteros

124 4308 404 4376 apostolos
457 4307 656 4361 fecisse
713 4324 829 4360 non
896 4307 1298 4361 dubitandum.
1357 4310 1623 4361 Attamen
1679 4309 1816 4361 istos

1937 1923 2072 1990 rint,
2105 1924 2379 1991 innuptas
2411 1939 2661 1976 manere.

2006 2014 2273 2065 Attamen
2304 2011 2717 2064 continentiam
2752 2010 3092 2080 persuadere
3129 2010 3461 2064 desiderans
3491 2012 3633 2063 Pau-

1935 2100 2042 2166 lus,
2072 2100 2149 2153 sic
2181 2100 2396 2153 eisdem
2441 2100 2749 2153 Corinthiis
2810 2100 3037 2153 scribit:
3090 2103 3199 2153 Hoc
3256 2102 3443 2167 itaque
3491 2099 3630 2157 dico.

1932 2190 2168 2254 fratres:
2210 2188 2436 2256 Tempus
2486 2189 2637 2241 breve
2688 2192 2784 2252 est,
2837 2190 3105 2256 reliquum
3157 2194 3233 2240 est
3283 2192 3343 2241 ut
3391 2190 3488 2254 qui
3534 2188 3632 2240 ha-

1936 2280 2054 2330 bent
2075 2292 2290 2343 uxores,
2339 2283 2602 2344 tanquam
2644 2292 2749 2329 non
2789 2277 3040 2329 habentes
3069 2278 3212 2344 sint;
3246 2282 3296 2329 et
3338 2279 3434 2344 qui
3477 2276 3630 2345 ﬂent,

1935 2369 2195 2433 tanquam
2240 2380 2347 2417 non
2390 2366 2602 2431 ﬂentes;
2654 2368 2705 2416 et
2752 2365 2850 2431 qui
2900 2363 3161 2429 gaudent,
3218 2369 3478 2430 tanquam
3527 2379 3631 2415 non

1930 2453 2262 2519 gaudentes;
2294 2460 2341 2505 et
2372 2454 2468 2520 qui
2511 2456 2693 2504 emunt
2750 2457 3010 2519 tanquam
3038 2466 3144 2504 non
3176 2451 3506 2515 possidentes
3539 2471 3554 2516 ;
3583 2458 3631 2503 et

1932 2545 2027 2609 qui
2065 2546 2295 2595 utuntur
2342 2542 2436 2593 hoc
2474 2540 2693 2604 mundo,
2748 2544 3009 2607 tanquam
3046 2554 3152 2591 non
3179 2544 3409 2591 utantur
3437 2556 3449 2592 :
3479 2554 3629 2607 prm-

1931 2633 2055 2683 terit
2085 2634 2225 2683 enim
2254 2632 2435 2698 ﬁgura
2472 2630 2634 2696 hujus
2672 2628 2863 2681 mundi
2903 2628 2955 2697 (Ι
2984 2629 3101 2683 Cor.
3143 2644 3240 2695 vn,
3276 2630 3481 2697 29-31).
3523 2627 3629 2690 Qui

1930 2720 2193 2790 superius
2222 2718 2707 2772 incontinentibus
2736 2716 2989 2770 nubendi
3038 2716 3325 2770 licentiam
3375 2717 3625 2780 dederat,

1931 2814 2203 2878 tanquam
2255 2807 2498 2860 inﬁrmis
2529 2806 2729 2859 salutis
2775 2805 3097 2859 remedium
3130 2805 3429 2875 porrigens
3472 2805 3626 2871 dicit,

1928 2894 2118 2946 Metius
2174 2897 2253 2946 est
2298 2893 2438 2945 enim
2497 2891 2696 2944 nubere
2745 2906 2909 2958 quam
2954 2893 3045 2942 uri
3108 2889 3287 2959 (lbid.,
3338 2892 3415 2959 6).
3468 2890 3627 2941 Nunc

1926 2982 2190 3051 praecipit
2229 2981 2390 3034 frena
2446 2979 2689 3032 luxuriae
2735 2995 2864 3031 cum
2900 2978 3129 3048 propria
3187 2994 3415 3047 quoque
3450 2994 3627 3031 uxore

1926 3070 2212 3123 cohibere.
2247 3069 2390 3133 Quid
2420 3075 2505 3122 est
2533 3068 2689 3121 enim
2720 3067 2873 3120 aliud
2896 3067 3050 3136 quod
3081 3066 3209 3119 dicit
3242 3083 3253 3120 :
3286 3067 3393 3131 Qui
3430 3066 3627 3120 habent

1926 3175 2140 3223 uxores,
2177 3164 2437 3227 tanquam
2466 3173 2572 3211 non
2620 3156 2870 3210 habentes
2914 3158 3045 3220 sint,
3107 3155 3213 3207 nisi
3244 3154 3452 3219 dicere,
3497 3156 3627 3209 libi-

1924 3248 2074 3300 dinis
2106 3246 2389 3300 lasciviam
2416 3264 2449 3299 a
2480 3248 2729 3316 propriis
2777 3252 2949 3300 etiam
2981 3246 3255 3300 uxoribus
3288 3245 3618 3315 reprimere,

1928 3340 1983 3387 et
2026 3336 2207 3389 amori
2243 3336 2424 3404 magis
2464 3336 2735 3399 filiorum,
2768 3352 2940 3405 quam
2971 3334 3158 3387 carnis
3190 3332 3474 3387 desiderio
3504 3349 3619 3385 ser-

1927 3424 2246 3477 viendum?
2296 3425 2536 3493 Propter
2596 3425 2745 3494 quod
2804 3424 3023 3477 dixerat
3070 3422 3364 3492 superius:
3421 3423 3624 3475 Bonum

1928 3518 2004 3566 est
2062 3514 2269 3565 homini
2321 3514 2595 3566 mulierem
2667 3527 2770 3564 non
2847 3516 3063 3576 tangere
3122 3510 3308 3578 (Ibid.,
3380 3510 3449 3577 l).
3515 3510 3623 3562 Sed

1928 3600 2199 3671 quoniam
2225 3601 2345 3652 haec
2371 3600 2549 3652 virtus
2608 3616 2724 3651 non
2771 3598 3038 3651 omnibus
3094 3597 3270 3660 adest,
3312 3602 3621 3665 propterea

1928 3689 2078 3756 dico,
2112 3691 2337 3756 Propter
2377 3690 2788 3753 fornicationem
2836 3691 3020 3739 autem
3068 3688 3439 3753 unusquisque
3467 3699 3622 3738 suam

1926 3792 2150 3831 umorem
2214 3776 2427 3841 habeat,
2483 3781 2533 3829 et
2584 3789 2921 3843 unaquaeque
2968 3789 3125 3827 suum
3183 3775 3364 3826 virum
3425 3773 3620 3825 habeat

1928 3865 2111 3932 (Ibid.
2169 3866 2245 3934 2).
2302 3864 2461 3927 Quod
2508 3863 2615 3917 hoc
2675 3863 2802 3915 loco
2874 3862 3200 3916 infirmitati
3266 3860 3617 3925 conceditur,

1924 3954 2209 4024 posterius
2257 3969 2509 4007 resecare
2555 3952 2821 4022 gestiens,
2853 3952 2963 4006 ait:
3025 3953 3129 4018 Qui
3175 3950 3373 4004 habent
3396 3965 3615 4015 umores,

1926 4050 2188 4112 tanquam
2216 4058 2321 4095 non
2378 4041 2627 4095 habentes
2668 4039 2797 4093 sint.
2852 4041 3082 4093 Moriens
3124 4055 3238 4091 non
3269 4054 3496 4108 semper
3525 4038 3618 4092 in-

1925 4129 2184 4183 firmitati
2230 4129 2683 4195 deservieudum,
2716 4143 2915 4181 verum
2946 4127 3296 4181 castimoniae
3336 4126 3621 4180 sanctitati

1924 4217 2448 4283 consuescendum;
2502 4216 2777 4287 quoniam
2865 4217 3121 4287 praeterit
3201 4216 3389 4287 ﬁgura
3446 4216 3618 4286 hujus

1926 4307 2147 4360 mundi.
2202 4306 2403 4375 Figura
2460 4306 2570 4359 fuit
2634 4305 2835 4359 mundi
2886 4306 3173 4359 carnalem
3223 4305 3613 4375 posteritatem

124 4411 280 4449 nemo
310 4412 487 4449 sanus
520 4397 668 4449 dicet
696 4396 994 4449 damnasse
1034 4396 1324 4466 conjugis,
1358 4397 1491 4450 licet
1521 4397 1815 4451 contiuen-
1856 4410 1897 4462 ι)
1925 4411 2205 4465 quaarere,
2229 4402 2286 4448 et
2307 4395 2556 4448 ﬁliorum
2582 4396 2858 4475 progenie
2888 4395 3160 4464 gaudere,
3187 4393 3466 4463 turbaque
3483 4409 3616 4463 pro-

125 4485 201 4537 tia:
234 4485 675 4538 sanctimoniam
710 4484 925 4537 fuerint
949 4484 1281 4554 amplexati.

182 4575 352 4627 Porro
385 4573 632 4627 Romani
690 4573 1176 4643 quemadmodum
1224 4573 1532 4643 culpantur
1576 4574 1811 4643 nuptia-

126 4676 236 4715 rum
264 4663 483 4716 fcedera
514 4664 806 4728 damnare,
860 4662 1331 4732 quandoquidem
1383 4662 1532 4731 apud
1576 4678 1669 4715 eos
1701 4678 1806 4716 nu-

125 4750 239 4815 ptiae
270 4750 655 4814 celebrentur,
688 4754 746 4802 et
765 4766 833 4803 ex
855 4749 1113 4819 legitimo
1139 4750 1510 4803 matrimonio
1546 4749 1649 4803 filii
1675 4766 1806 4819 pro-

123 4843 376 4892 creentur
401 4839 428 4892 ?
450 4838 659 4892 Scribit
690 4839 889 4892 beatus
910 4838 1207 4908 apostolus
1238 4838 1447 4892 Paulus
1481 4838 1806 4901 Corinthiis,

123 4925 332 4980 dicens:
398 4930 525 4982 Volo
586 4932 763 4980 autem
819 4942 995 4981 omnes
1052 4927 1289 4980 homines
1345 4943 1456 4980 esse
1513 4930 1651 4980 sicut
1699 4943 1807 4980 me-

123 5018 282 5080 ipsum
308 5032 322 5078 ;
351 5015 448 5067 sed
470 5018 840 5082 unusquisque
861 5016 1017 5068 habet
1036 5018 1321 5083 proprium
1348 5015 1544 5068 donum
1570 5031 1638 5069 ea:
1668 5018 1807 5069 Deo:

122 5102 244 5154 alius
275 5102 497 5169 quidem
544 5105 639 5165 sic,
679 5103 821 5155 alius
853 5118 975 5155 vero
1019 5106 1099 5156 sic
1132 5103 1173 5172 (1
1204 5105 1320 5159 Cor.
1384 5094 1511 5165 νηί
1536 5103 1611 5171 7).
1652 5103 1807 5157 Unde

124 5203 234 5241 vero
267 5190 495 5242 dicebat
527 5190 681 5259 quod
731 5191 902 5243 vellet
952 5207 1151 5244 omnes
1212 5192 1480 5245 homines
1511 5208 1631 5244 esse
1664 5192 1807 5246 sicut

124 5277 373 5347 seipsum,
407 5278 583 5347 paulo
627 5281 891 5349 superius
937 5280 1140 5349 aperit,
1177 5279 1272 5333 ubi
1304 5280 1624 5350 conjugatis
1653 5296 1804 5349 prai-

123 5372 263 5435 cepta
293 5366 487 5420 sanxit
508 5367 750 5420 invicem
775 5368 883 5421 sibi
910 5369 1395 5439 quemadmodum
1431 5369 1804 5435 deservirent,

125 5457 189 5506 sui
222 5456 485 5525 corporis
519 5461 857 5525 potestatem
918 5463 1035 5509 tam
1086 5456 1174 5509 vir
1228 5473 1402 5527 quam
1446 5457 1661 5511 femina
1691 5472 1805 5509 non

125 5541 385 5610 habendo,
411 5545 509 5598 sed
542 5561 611 5597 ex
642 5544 874 5598 alterius
906 5545 1279 5614 permissione
1312 5546 1608 5599 servando.
1652 5546 1806 5599 Unde

127 5628 169 5683 in
219 5634 593 5688 conclusione
659 5633 739 5688 sic
794 5633 1021 5687 intulit:
1082 5636 1192 5689 Hoc
1257 5641 1460 5703 autem,
1513 5633 1803 5705 inquiens,

1918 4484 2268 4555 piuquorum
2299 4484 2581 4537 exsultare
2614 4501 2627 4537 :
2660 4490 2720 4538 at
2751 4500 2884 4537 vero
2931 4483 3205 4553 quoniam
3258 4481 3504 4534 mundus
3558 4481 3617 4532 in

1921 4578 2172 4627 extremo
2223 4572 2442 4643 positus
2492 4573 2664 4625 linem
2698 4573 3098 4642 praestolatnr;
3152 4575 3227 4635 et,
3284 4574 3343 4621 ut
3371 4569 3452 4621 ait
3481 4568 3613 4621 bea-

1921 4668 2012 4716 tus
2040 4664 2309 4729 Joannes,
2345 4663 2654 4716 Novissima
2685 4661 2816 4713 hora
2857 4664 2934 4713 est
2968 4661 3016 4728 (Ι
3040 4660 3193 4711 Joan.
3230 4672 3289 4721 ιι,
3328 4659 3413 4722 18)
3454 4675 3468 4722 ;
3498 4672 3614 4709 ηοη

1922 4750 2166 4803 carnalis
2191 4765 2448 4819 propago
2500 4749 2597 4801 sed
2641 4746 2953 4817 spiritualis
3011 4744 3188 4811 magis
3221 4743 3391 4796 debet
3420 4744 3612 4812 appeti

1923 4837 2241 4891 successio:
2280 4839 2346 4891 Ut
2396 4839 2491 4904 qui
2527 4838 2737 4900 vivunt,
2782 4832 2906 4900 jam
2952 4847 3058 4884 non
3114 4830 3221 4883 sibi
3276 4832 3487 4895 vivant,
3520 4830 3614 4883 sed

1918 4926 2137 4982 Christo
2162 4928 2257 4993 qui
2286 4939 2384 4992 pro
2416 4927 2520 4976 reis
2550 4926 2790 4975 mortuus
2837 4925 2935 4983 est,
2984 4925 3035 4972 et
3068 4921 3369 4971 resurrexit
3406 4917 3461 4987 (Ι
3488 4919 3609 4973 Cor.

1920 5030 1971 5081 v,
2008 5016 2114 5079 15).
2156 5014 2461 5081 Propterea
2498 5009 2631 5063 dicit
2673 5008 2872 5060 ﬂentes
2910 5007 3033 5059 lieri
3076 5006 3284 5059 debere
3326 5006 3611 5076 {tanquam

1917 5119 2035 5155 non
2082 5101 2304 5164 ﬂentes,
2348 5104 2410 5151 ut
2468 5098 2640 5167 hujus
2690 5096 2890 5149 mundi
2929 5094 3157 5148 ruinam
3196 5100 3367 5165 atque
3425 5095 3610 5147 tribu-

1917 5191 2158 5243 lationes
2215 5192 2563 5241 aeternorum
2638 5200 2737 5255 spe
2806 5183 3150 5254 gaudiorum
3222 5185 3608 5239 consolentur.

1915 5277 2189 5331 Similiter
2271 5275 2583 5345 gaudentes
2666 5274 2725 5325 in
2819 5274 3186 5327 saecularibus
3274 5272 3610 5343 temporali-

1916 5370 2003 5419 ter
2054 5364 2389 5430 commodis,
2443 5363 2583 5415 ﬁant
2635 5368 2909 5433 tanquam
2968 5378 3085 5415 non
3143 5361 3493 5433 gaudentes;
3549 5363 3612 5412 ut

1916 5453 2249 5522 temporalis
2298 5451 2436 5505 boni
2490 5450 2699 5519 gaudia
2747 5456 3180 5505 contemnentes
3235 5454 3471 5520 propter
3521 5449 3608 5502 sui

1914 5542 2307 5612 fragilitatem,
2330 5546 2501 5610 atque
2525 5540 3035 5608 permutationem,
3067 5540 3135 5593 de
3158 5539 3390 5592 mternis
3420 5537 3608 5608 potius

1916 5630 2202 5701 gaudeant
2244 5633 2300 5683 et
2353 5628 2675 5693 exsultent;
2735 5634 3020 5698 quatenus
3073 5626 3279 5695 gaudia
3331 5623 3608 5695 perennia

3398 5764 3423 5786 ο
