3890 6230
325 399 424 453 3‘27

1459 381 1821 448 nmmum
1873 381 2336 448 CORBEIENSIS
2377 383 2691 447 nomen!

2301 393 2336 446 S
2377 383 2691 447 MONACHI
3719 388 3789 440 δεῖ
3831 432 3832 435 η

322 527 590 598 consequi
611 527 980 596 prmvaleant.
1013 525 1284 579 Similiter
1313 529 1564 578 ementes
1597 540 1707 576 non
1760 523 1852 576 hic
1883 539 2008 594 pos-
2049 525 2098 578 A
2129 521 2454 576 siduitatem
2503 521 2870 586 coliterendo,
2907 520 3146 574 Domino
3180 521 3488 574 cohaerere
3527 524 3792 588 nequeunt.

323 617 504 670 sidere
535 615 960 685 concupiscant,
997 613 1092 667 sed
1129 615 1542 683 possessionem
1587 629 1744 666 suam
1805 615 1858 666 in
1901 629 2018 666 ca:-

325 706 558 760 lestibus
607 721 730 757 esse
777 703 1122 768 desiderent,
1167 718 1294 755 cum
1358 703 1648 755 Psalmista
1683 703 2016 771 loquentes:

323 795 465 860 Quid
515 796 653 846 enim
702 794 841 845 mihi
881 798 958 844 est
1007 795 1062 844 iu
1091 793 1237 857 cmlo,
1268 796 1316 843 et
1362 807 1394 842 a
1441 796 1488 843 te
1518 792 1653 859 quid
1681 794 1828 843 volui
1859 806 2019 859 super

323 891 526 938 terram
556 884 737 948 (Psal.
769 899 864 940 χιι.
898 881 1031 936 25ιῖ
1067 882 1157 935 Sic
1191 881 1286 951 qui
1339 885 1580 933 utuntur
1625 880 1729 933 hoc
1777 880 2014 942 mundo,

325 979 602 1042 tanquam
635 988 746 1024 non
784 977 1036 1031 utantur,
1093 977 1152 1022 ut
1187 970 1242 1022 in
1275 971 1517 1022 transitu
1549 969 1620 1022 sit
1666 970 1768 1037 eis,
1805 986 1915 1021 non
1963 987 2016 1020 Ill

323 1061 636 1125 desiderio;
667 1065 722 1110 et
753 1059 810 1112 in
863 1061 969 1123 via,
1026 1075 1136 1111 non
1173 1059 1228 1110 in
1262 1059 1482 1128 patria;
1541 1063 1595 1110 et
1647 1064 1919 1127 tanquam
1953 1074 2015 1110 ex

324 1149 500 1202 latere
533 1148 888 1217 respiciatur,
920 1164 1032 1200 non
1065 1151 1127 1198 ut
1155 1163 1349 1200 amore
1381 1147 1635 1210 tenendi,
1678 1147 1794 1198 sive
1822 1146 2016 1198 fruen-

324 1237 402 1302 di,
435 1237 812 1307 possideatur.
869 1237 931 1289 Et
963 1241 1269 1306 propterea
1314 1239 1732 1304 consequenter
1771 1235 1882 1288 ait:
1922 1236 2016 1288 Vo-

325 1326 372 1378 lo
403 1329 579 1378 autem
612 1339 703 1376 eos
754 1326 869 1376 sine
924 1323 1288 1376 sollicitudine
1339 1337 1483 1374 esse:
1545 1323 1642 1390 qui
1691 1323 1802 1374 sine
1853 1337 2020 1374 umore

321 1418 419 1478 est,
461 1413 722 1466 sollicitus
749 1417 824 1465 est
878 1427 996 1480 quae
1027 1412 1241 1465 Domini
1298 1415 1443 1476 sunt,
1501 1409 1762 1478 quomodo
1807 1411 2018 1478 placeat

325 1503 454 1554 Deo.
517 1500 620 1564 Qui
671 1503 846 1551 autem
900 1515 1018 1550 cum
1077 1513 1248 1550 umore
1295 1504 1392 1562 est,
1447 1499 1710 1550 sollicitus
1781 1502 1858 1547 est
1902 1511 2020 1564 qua:

319 1593 444 1642 sunt
478 1589 640 1654 hujus
667 1587 879 1652 mundi,
932 1587 1192 1654 quomodo
1236 1586 1448 1654 placeat
1497 1587 1677 1646 umori,
1711 1589 1758 1637 et
1809 1584 2020 1636 diuisus

319 1681 428 1728 est:
479 1682 528 1728 et
573 1679 767 1727 mulier
810 1679 1058 1741 innupta.
1110 1679 1158 1723 et
1209 1677 1383 1736 virgo,
1426 1677 1626 1736 cogitat
1657 1689 1774 1740 qum
1812 1674 2020 1726 Domini

320 1769 466 1828 sunt,
509 1769 570 1815 ut
622 1766 694 1814 sit
733 1767 920 1814 sancta
957 1769 1002 1814 et
1043 1777 1260 1828 corpore
1303 1767 1352 1811 et
1394 1764 1617 1828 spiritu.
1667 1763 1797 1825 Quae
1843 1765 2020 1812 autem

319 1822 490 1918 nupta
525 1855 622 1908 est.
657 1851 857 1916 cogitat
889 1864 1006 1916 quze
1062 1822 1185 1900 sunt
1233 1822 1440 1916 mundi,
1491 1822 1750 1916 quomodo
1809 1849 2024 1916 placeat
2065 1822 2101 1873 Β

319 1939 512 2006 viro(I
541 1940 659 1996 Cor,
695 1953 788 2000 vn,
825 1937 1040 2005 δελ-λι).

393 2026 632 2078 Videant
662 2025 854 2095 itaque
903 2025 1224 2076 Graecarum
1275 2024 1581 2094 principes,
1615 2025 1898 2078 Romanos
1934 2040 2019 2076 re-

319 2115 600 2184 darguere
633 2114 876 2167 nitentes
921 2129 1094 2182 super
1125 2113 1472 2166 continentia
1504 2115 1884 2178 sacerdotum,
1921 2115 2021 2167 mi-

319 2205 528 2256 nistros
559 2203 755 2256 altaris
797 2203 852 2255 iu
909 2219 1019 2272 qua
1075 2209 1227 2255 sorte
1286 2203 1627 2254 constituere
1671 2203 2016 2272 disponant;

319 2308 390 2344 an
432 2307 526 2345 eos
559 2293 734 2345 velint
787 2307 906 2344 esse
941 2292 1062 2344 sine
1097 2291 1500 2359 sollicitudine,
1539 2291 1690 2360 quod
1728 2293 1844 2343 vult
1869 2293 2017 2360 Apo-

320 2381 518 2443 stolus,
576 2396 646 2432 an
694 2388 842 2434 certe
907 2379 1390 2433 sollicitudinibus
1451 2379 1734 2449 implicari
1794 2379 2018 2448 mundi,

319 2469 470 2539 quod
505 2485 618 2521 non
661 2473 817 2538 optat
848 2469 1170 2537 Apostolus.
1207 2468 1260 2522 Si
1304 2468 1457 2521 enim
1503 2469 1623 2521 sine
1654 2484 1832 2521 uxore
1864 2474 2016 2533 sunt,

319 2573 350 2609 a
396 2556 780 2609 sollicitudine
833 2557 1029 2609 mundi
1093 2557 1278 2621 liberi,
1329 2573 1526 2608 eorum
1575 2557 2015 2610 sollicitudinem

321 2651 532 2710 gerunt
561 2661 688 2714 quas.
723 2650 856 2698 sunt
901 2645 1149 2710 Domini,
1197 2651 1519 2715 quaerentes
1560 2645 1718 2698 omni
1758 2651 2018 2716 tempore

323 2735 437 2788 Deo
471 2734 866 2803 complacare;
897 2734 1270 2803 apostolicum
1312 2734 1448 2787 illud
1485 2734 1864 2787 meditantes:
1899 2735 2018 2788 Om-

319 2825 412 2875 nia
457 2837 803 2892 quacumque
856 2823 1066 2890 facitis,
1116 2824 1171 2875 in
1201 2825 1413 2875 nomine
1443 2824 1655 2875 Domini
1685 2838 1892 2890 semper
1919 2825 2016 2888 fa-

317 2913 420 2963 cile
485 2912 699 2976 (Coloss.
734 2927 815 2972 ιιι,
881 2911 981 2976 l7).
1037 2910 1094 2964 Si
1134 2926 1267 2962 vero
1320 2927 1448 2963 cum
1497 2926 1673 2963 uxore
1723 2910 2015 2980 degerent,

321 3014 552 3050 necesse
602 3003 686 3051 est
719 2997 915 3050 mundi
946 2997 1427 3052 sollicitudinibus
1481 3015 1574 3052 eos
1627 2999 1928 3068 implicari,
1964 3003 2020 3052 et

319 3102 576 3156 quaerere
603 3086 722 3155 jam
773 3087 1063 3156 quomodo
1117 3087 1375 3157 placeant
1407 3088 1592 3152 uxori,
1625 3103 1740 3140 non
1772 3089 1922 3141 Deo:
1963 3093 2018 3140 et

317 3175 651 3244 hujusmodi
685 3175 1010 3245 quicunque
1043 3186 1197 3242 sunt,
1234 3175 1398 3228 divisi
1434 3179 1586 3242 sunt,
1619 3177 1891 3245 quoniam
1925 3176 2018 3229 in-

321 3267 406 3316 ter
461 3279 711 3316 amorem
775 3263 982 3326 uxoris,
1029 3279 1400 3333 amoremque
1451 3262 1548 3316 Dei
1603 3263 1774 3316 medii
1835 3265 2020 3318 consi-

319 3357 496 3414 stunt,
551 3366 664 3403 non
719 3350 972 3402 valentes
1029 3349 1216 3402 dicere
1276 3367 1404 3403 cum
1462 3353 1778 3422 Propheta:
1841 3355 2020 3407 Portio

317 3453 454 3505 mea,
533 3441 770 3506 Domine,
839 3438 982 3506 dimi,
1060 3439 1328 3492 custodire
1384 3441 1548 3504 legem
1619 3446 1768 3494 tuam
1849 3444 2014 3506 (Psal.

319 3545 502 3594 cxvnt,
563 3530 667 3596 57).
727 3529 924 3598 Neque
983 3543 1113 3581 cum
1164 3528 1332 3582 beato
1397 3531 1663 3598 Ieremia,
1727 3531 1826 3601 qui
1895 3531 2015 3585 ait:

317 3619 452 3672 Pars
483 3634 598 3671 mea
652 3620 928 3684 Dominus,
955 3616 1106 3670 diuit
1149 3620 1337 3671 anima
1381 3635 1515 3684 mea,
1561 3625 1849 3688 propterea
1877 3637 2018 3689 prm-

315 3706 553 3759 stolabor
584 3721 702 3759 eum
751 3705 969 3774 (Thren.
1025 3721 1103 3771 ιιι,
1151 3705 1258 3774 24).
1319 3705 1464 3759 Dicit
1508 3709 1850 3777 Apostolus:
1901 3711 2019 3762 Mu-

316 3792 416 3843 lier
444 3793 700 3860 innupta,
733 3796 783 3844 et
811 3793 967 3858 virgo
1005 3795 1206 3859 cogitat
1259 3809 1376 3860 qua?
1405 3801 1530 3858 sunt
1565 3796 1808 3861 Domini,
1859 3801 1918 3848 ut
1947 3797 2020 3849 sit

314 3883 504 3931 sancta
551 3885 600 3930 et
621 3893 840 3946 corpore
869 3883 917 3932 et
969 3881 1177 3947 spiritu
1209 3879 1251 3948 (ι
1283 3881 1401 3935 Cor.
1435 3895 1530 3948 vu,
1568 3882 1674 3948 3t).
1723 3885 1808 3934 An
1843 3881 2022 3950 igitur

317 3965 476 4018 decet
528 3965 758 4018 Domini
807 3966 1145 4025 sacerdotes,
1195 3972 1252 4019 et
1285 3967 1478 4020 altaris
1521 3969 1835 4034 ministros,
1889 3985 2016 4022 mu-

315 4052 554 4106 lieribus
587 4051 845 4120 innuptis
877 4057 932 4104 et
960 4052 1279 4123 virginibus
1303 4071 1423 4108 esse
1453 4055 1774 4122 inferiores,
1820 4062 1881 4110 ut
1905 4058 2019 4111 illis

317 4139 701 4210 cogitantibus
732 4155 860 4208 qua),
892 4145 1023 4194 sunt
1081 4142 1330 4208 Domini,
1393 4144 1833 4199 sanctimoniam
1899 4150 2014 4199 tam

317 4241 558 4296 corpore
582 4241 754 4296 quam
787 4227 986 4296 spiritu
1021 4231 1431 4296 conservando,
1479 4231 1572 4284 isti
1603 4233 1858 4303 cogitent
1887 4249 2016 4304 quae.

317 4321 450 4370 sunt
479 4313 703 4382 mundi,
735 4316 1092 4370 sanctitatem
1120 4319 1374 4388 corporis
1399 4324 1453 4371 et
1474 4320 1708 4390 spiritus
1738 4337 2016 4392 respuen-

318 4406 432 4459 do?
483 4404 788 4474 Utriusque
839 4419 1087 4475 namque
1141 4407 1518 4460 sanctimonia
1570 4411 1888 4478 privantur,
1921 4413 2019 4481 qui

319 4491 726 4562 cogitationem
755 4492 966 4547 habent
988 4510 1189 4548 eorum
1221 4512 1349 4566 quas
1378 4503 1511 4549 sunt
1541 4499 1760 4564 mundi,
1795 4501 2021 4569 placere

315 4581 481 4634 uxori
529 4581 878 4650 gestientes;
937 4583 1234 4652 quoniam,
1292 4584 1437 4636 sicut
1491 4585 1626 4638 dicit
1677 4589 2015 4656 Apostolus:

321 4675 446 4736 ()uaz
477 4675 650 4738 nupta
679 4676 780 4737 est,
813 4673 1018 4736 cogitat
1047 4687 1165 4741 quae
1198 4677 1324 4726 sunt
1354 4673 1570 4740 mundi,
1607 4676 1868 4742 quomodo
1897 4679 2023 4745 pla-

317 4762 436 4811 ceat
464 4761 580 4812 viro
611 4759 818 4828 (Ibid).
849 4759 944 4814 Ait
992 4759 1246 4814 Salvator
1277 4761 1502 4815 duobus
1533 4763 1783 4815 dominis
1827 4765 2017 4818 nemi-

319 4861 448 4899 nem
481 4861 650 4916 posse
701 4847 913 4901 servire
943 4849 1159 4916 (Matth.
1193 4866 1266 4916 v1,
1302 4850 1411 4917 24).
1449 4850 1596 4920 Ergo
1625 4853 1708 4904 vel
1741 4853 2018 4923 episcopi,

320 4934 406 4987 vel
465 4935 825 5005 przesbyteri,
879 4937 1194 5005 cogitantes
1249 4939 1506 4992 debitum
1561 4940 1776 4994 solvere
1837 4942 2016 5008 uxori,

318 5023 569 5094 cogitare
603 5033 898 5094 nequeunt
950 5025 1241 5079 servitutis
1293 5027 1550 5081 debitum
1612 5030 1854 5083 Domino
1913 5031 2021 5086 sol-

319 5111 536 5164 vendae.
570 5111 792 5166 Etcum
853 5113 1043 5167 clerici
1097 5115 1370 5170 dicuntur
1430 5118 1566 5187 quia
1623 5119 1736 5171 sint
1793 5120 2020 5174 Domini

317 5213 436 5251 sors
469 5197 570 5268 (sic
608 5199 760 5252 enim
791 5215 1000 5254 nomen
1055 5201 1244 5272 ipsum
1298 5220 1497 5258 sonare
1545 5205 2018 5278 deprehenditur)

317 5290 373 5339 et
403 5301 604 5339 eorum
636 5287 823 5356 portio
854 5305 970 5342 non
1002 5291 1110 5343 alia
1143 5291 1235 5358 sit,
1264 5309 1436 5362 quam
1481 5295 1800 5362 Dominus;
1834 5311 2018 5350 sacer-

319 5373 478 5426 dotes
509 5375 674 5428 uxori
729 5377 1061 5446 servientes,
1095 5385 1148 5433 et
1179 5397 1246 5433 ea
1291 5397 1419 5451 qua:
1467 5387 1602 5437 sunt
1632 5383 1832 5438 mundi
1869 5385 2024 5454 cogi-

319 5465 526 5527 tantes,
559 5468 773 5518 sortem
811 5465 1065 5535 Domini,
1117 5485 1228 5538 qua
1257 5470 1582 5540 specialiter
1627 5472 1679 5524 ei
1732 5473 2019 5526 cohaerere

319 5551 657 5617 debuerant,
694 5569 966 5624 respuere
995 5575 1011 5618 ;
1047 5573 1151 5611 nec
1179 5559 1300 5628 jam
1331 5575 1532 5613 eorum
1556 5561 1837 5630 pos$essio
1869 5563 2021 5615 solus

317 5643 403 5693 est
435 5638 750 5708 Dominus;
787 5643 1062 5714 quoniam
1113 5645 1333 5702 mundo
1377 5663 1482 5718 per
1511 5647 1896 5702 meditationis
1925 5665 2016 5704 as-

2131 613 2284 665 Mens
2344 627 2593 681 namque
2658 609 3104 680 cogita.ionibus
3183 609 3301 662 suis
3373 607 3654 661 mundum
3703 624 3796 659 am-

2129 700 2384 769 plexans,
2417 705 2474 752 et
2503 699 2722 752 mundo
2753 699 3061 762 inhaerens,
3115 698 3442 751 Dominum
3475 695 3798 764 complexari.

2129 795 2184 841 et
2213 789 2294 841 illi
2325 789 2608 841 inha‘rere
2639 788 2800 840 nullo
2836 787 3007 840 modo
3039 787 3334 856 praevalet.

2201 879 2439 948 Propter
2473 877 2624 946 quod
2677 876 2926 929 mirandi
2980 877 3304 930 Graecorum
3341 873 3659 944 principes,
3687 873 3800 942 quod

2129 966 2552 1036 reprehendere
2605 964 2868 1016 studeant
2929 963 3154 1016 Domini
3217 962 3557 1014 sacerdotes
3611 975 3640 1012 a
3691 977 3804 1012 com-

2129 1057 2298 1125 plexu
2329 1053 2635 1107 mulierum
2673 1053 2842 1121 longe
2901 1068 2960 1104 se
2989 1050 3283 1110 facientes,
3337 1056 3406 1103 ut
3459 1050 3618 1102 nulla
3647 1065 3804 1100 neces-

2129 1146 2292 1197 sitate
2331 1143 2695 1196 detineantur
2725 1158 2755 1193 a
2788 1140 3027 1206 mundo,
3080 1139 3172 1192 sed
3225 1139 3520 1192 mundum
3567 1153 3806 1206 respuen-

2129 1237 2235 1300 tes,
2263 1231 2424 1285 liberi
2485 1231 2706 1300 possint
2747 1229 2967 1299 jugiter
3025 1228 3310 1282 inhaerere
3375 1228 3630 1281 Christo.
3661 1227 3810 1288 Quan-

2127 1324 2249 1372 tum
2281 1336 2412 1372 vero
2457 1317 2757 1386 conjugale
2811 1319 3104 1370 vinculum
3150 1317 3414 1370 conferat
3446 1314 3810 1385 impedimenti

2132 1409 2438 1463 Dominum
2463 1408 2681 1477 jugiter
2710 1407 3066 1471 obsecraudi,
3095 1406 3297 1459 beatus
3325 1405 3548 1459 Paulus
3573 1404 3808 1466 insinuat,

2129 1513 2256 1550 cum
2289 1500 2708 1564 consequenter
2733 1495 2900 1547 dicit:
2935 1496 3100 1548 Porro
3149 1493 3568 1561 adjutilitatem
3613 1497 3808 1543 vestram

2128 1587 2265 1654 dico,
2298 1601 2403 1639 non
2445 1591 2504 1637 ut
2535 1587 2783 1652 laqueum
2829 1583 2979 1636 vobis
3013 1584 3282 1650 inji-ziam,
3319 1582 3421 1634 Sed
3477 1581 3555 1632 art
3617 1580 3673 1632 id
3699 1579 3808 1646 quod

2131 1677 2402 1728 honestum
2435 1680 2512 1727 est
2577 1679 2624 1727 ct
2651 1673 2793 1740 quod.
2842 1674 3160 1738 facultatem
3211 1671 3458 1739 przrbeat
3503 1671 3622 1722 sine
3675 1671 3808 1734 impe-

2133 1764 2369 1816 dimento
2412 1765 2690 1816 Dominum
2721 1760 3040 1814 obsacrandi
3071 1762 3107 1829 ξι
3137 1761 3254 1814 Cor.
3315 1775 3411 1820 vn,
3451 1760 3568 1825 33S).
3607 1755 3810 1825 Liquida

2133 1865 2382 1918 namque
2433 1849 2624 1902 dicens
2655 1849 2779 1914 ista,
2832 1849 3184 1901 demonstrat
3215 1847 3378 1899 uxori
3413 1845 3723 1898 servientes
3753 1843 3812 1894 ia-

2133 1937 2400 1990 cultatem
2435 1952 2794 2007 nequaquam
2839 1935 3288 2006 habercjugiter
3322 1933 3642 1989 Dominum
3681 1933 3813 1984 obse-

2133 2025 2346 2084 erandi,
2397 2041 2596 2078 verum
2655 2025 2722 2079 ad
2791 2029 3018 2094 tempus
3087 2023 3521 2076 tantummodo.
3610 2021 3814 2072 Videant

2133 2113 2310 2182 igitur
2343 2114 2432 2166 isti
2485 2113 2814 2184 nuptiarum
2863 2128 3146 2178 censores,
3179 2113 3376 2182 quales
3423 2111 3642 2164 habere
3671 2109 3812 2162 velint

2132 2204 2710 2270 sacerdotes;utrum
2767 2219 2864 2254 eos
2920 2202 3021 2271 qui
3081 2201 3486 2254 sanctimoniae
3547 2205 3808 2251 servantes

2133 2292 2462 2361 puritatem,
2495 2291 2823 2344 facultatem
2867 2289 3078 2344 habent
3106 2291 3226 2344 sine
3255 2289 3683 2359 impedimento
3723 2287 3808 2338 Do-

2133 2381 2354 2434 minum
2400 2378 2752 2446 obsecrandi,
2787 2379 2968 2432 sancti
2997 2383 3319 2446 manentes,
3371 2379 3428 2432 in
3475 2376 3688 2430 sanctis
3733 2375 3809 2442 ju-

2130 2471 2278 2540 giter
2305 2469 2650 2534 habitantes,
2683 2467 2963 2521 mundum
2997 2472 3354 2536 spernentes,
3404 2465 3667 2520 caelestia
3704 2477 3810 2516 conc

2130 2557 2513 2628 templantes;
2547 2557 2632 2610 vel
2665 2573 2760 2609 eos
2816 2560 2967 2608 certe
3023 2555 3124 2626 qui
3171 2554 3586 2624 conjugalibus
3629 2551 3810 2603 addicti

2128 2647 2389 2712 vinculis,
2419 2661 2522 2699 nec
2553 2647 2612 2698 in
2671 2644 2878 2698 sanctis
2927 2645 3199 2697 continuo
3237 2646 3494 2696 valentes
3555 2640 3810 2696 habitare,

2129 2751 2234 2788 nec
2255 2735 2534 2788 mundum
2565 2749 2851 2805 spernere,
2889 2748 2990 2785 nec
3021 2731 3180 2786 omni
3221 2736 3490 2801 tempore
3527 2727 3810 2783 Dominum

2129 2841 2232 2894 pro
2264 2823 2370 2876 sibi
2405 2822 2660 2892 subjecta
2691 2821 2856 2891 plebe
2901 2819 3216 2891 deprecari,
3267 2835 3568 2891 quamque
3601 2819 3674 2870 sit
3699 2818 3809 2868 isto-

2129 2929 2256 2966 rum
2288 2912 2608 2965 intellectus
2663 2911 2734 2964 ab
2777 2910 3090 2980 apostolico
3151 2926 3320 2963 sensu
3369 2908 3706 2978 longissime
3751 2919 3810 2955 re

2129 3007 2340 3056 motus.
2395 3001 2494 3053 Ille
2525 2999 2934 3053 continentiam
2969 2998 3293 3068 persuadet,
3331 2997 3425 3050 isti
3471 2995 3808 3050 sacerdotum

2131 3089 2568 3144 sanctimoniam
2599 3087 2743 3158 (sine
2765 3104 2880 3158 qua
2905 3103 3074 3141 nemo
3109 3087 3321 3140 videbit
3363 3085 3580 3152 Deum)
3613 3081 3808 3152 nuptiav

2128 3195 2256 3232 rum
2306 3176 2842 3230 condemnationem
2909 3175 3396 3244 interpretantur;
3458 3171 3628 3228 obliti
3679 3168 3806 3238 quod

2129 3268 2208 3320 ait
2235 3267 2576 3337 Apostolus:
2625 3267 2735 3318 Hoc
2783 3264 2858 3317 ad
2887 3266 3202 3330 utilitatem,
3255 3263 3530 3332 inquiens
3577 3265 3806 3316 vestram,

2128 3356 2269 3424 dico,
2316 3353 2730 3408 continentiam
2787 3352 3156 3423 persuadens.
3196 3353 3318 3406 Mox
3353 3355 3548 3404 autem
3592 3345 3806 3402 intirmi-

2126 3444 2228 3496 tati
2261 3443 2582 3506 consulens,
2631 3441 2862 3511 inquit:
2915 3442 3030 3494 Non
3075 3444 3134 3492 ut
3184 3441 3436 3506 laqueum
3487 3438 3647 3492 vobis
3697 3433 3804 3500 inji-

2127 3535 2288 3586 ciam.
2323 3531 2580 3586 Ostendit
2611 3531 2764 3584 enim
2809 3529 2949 3600 quid
2999 3529 3327 3583 desideret:
3361 3529 3458 3580 sed
3512 3523 3806 3579 considerat

2128 3621 2280 3691 quod
2313 3620 2710 3690 unusquisque
2755 3618 3053 3688 proprium
3103 3617 3308 3670 habeat
3365 3616 3589 3669 donum
3621 3630 3654 3666 a
3687 3613 3798 3674 Deo,

2128 3711 2269 3762 alius
2295 3709 2514 3776 quidem
2568 3709 2662 3770 sic,
2695 3708 2835 3760 alius
2883 3721 3006 3760 rero
3059 3707 3153 3760 sic.
3199 3705 3414 3757 Rursus
3459 3704 3532 3758 ad
3591 3701 3646 3755 id
3677 3695 3804 3769 quod

2131 3797 2318 3867 potius
2349 3801 2429 3850 est
2464 3796 2790 3860 exhortans,
2823 3794 3155 3863 subiungit:
3185 3794 3296 3848 Sed
3327 3793 3401 3846 ad
3449 3792 3514 3846 id
3545 3788 3684 3860 quod
3727 3787 3804 3838 ho-

2128 3889 2335 3939 nestum
2383 3889 2502 3952 est;
2557 3883 2917 3944 subauditur,
2969 3899 3063 3935 vos
3117 3881 3383 3934 invitans.
3435 3881 3801 3934 Honestatem,

2127 3973 2258 4028 talia
2289 3973 2502 4035 dicens,
2538 3972 2906 4026 continentiae
2945 3971 3231 4040 praaponit
3266 3969 3517 4039 nuptiis:
3561 3982 3674 4022 non
3702 3961 3806 4034 qui-

2129 4063 2258 4116 dem
2290 4063 2441 4133 quod
2464 4061 2694 4132 nuptias
2710 4061 3077 4128 condemnet,
3113 4059 3206 4113 sed
3239 4059 3536 4114 evidenter
3564 4055 3804 4130 praedicat

2126 4151 2280 4221 quod
2337 4151 2555 4221 nuptiae
2617 4149 2849 4220 quidem
2905 4150 3068 4203 bonae
3120 4154 3272 4214 sunt,
3339 4149 3437 4202 sed
3479 4149 3680 4202 melior
3737 4145 3804 4194 est

2126 4240 2479 4294 continentia
2525 4237 3232 4308 vidualis;supereminet
3281 4241 3474 4290 autem
3525 4232 3802 4303 integritas

2124 4328 2440 4398 virginalis.

2061 4419 2102 4471 Ι)
2205 4418 2324 4470 Νοη
2387 4419 2520 4469 sunt
2567 4415 2742 4485 igitur
2799 4413 3261 4484 reprehendendi
3313 4413 3397 4466 vel
3463 4409 3704 4467 Romani
3731 4403 3800 4458 vel

2135 4503 2338 4568 Latini,
2398 4503 2444 4556 si
2497 4505 2582 4557 vel
2639 4501 2953 4573 episcopos,
3004 4504 3088 4556 vel
3149 4502 3469 4556 sacerdotes
3507 4517 3540 4554 a
3583 4493 3800 4556 maritali

2129 4599 2255 4646 toro
2307 4592 2700 4661 suspendunt:
2765 4591 3034 4661 quoniam
3083 4607 3188 4644 nec
3239 4589 3548 4660 Apostolus
3588 4587 3803 4644 habetur

2129 4681 2336 4749 dignus
2367 4679 2835 4750 reprehensione,
2872 4679 2970 4749 qui
3020 4677 3414 4734 castimoniam
3447 4675 3796 4748 persuadens,

2129 4769 2383 4839 conjugii
2409 4769 2591 4823 foedus
2613 4768 2876 4822 hortatur
2904 4783 3020 4821 non
3049 4783 3244 4837 agere,
3277 4771 3562 4836 quatenus
3593 4761 3800 4820 facultas

2122 4857 2279 4926 jugis
2321 4861 2547 4910 maneat
2575 4856 2840 4910 ﬁdelibus
2869 4855 3178 4910 Dominum
3204 4855 3572 4925 deprecandi.
3605 4849 3795 4907 Etenim

2129 4945 2230 5015 qui
2279 4945 2559 4998 Dominici
2607 4945 2861 5016 corporis
2917 4947 2973 4997 et
3029 4943 3326 5013 sanguinis
3361 4943 3518 4996 omni
3569 4949 3800 5009 tempot‘e

2127 5033 2338 5086 debent
2364 5038 2720 5086 sacramenta
2739 5033 3090 5102 contingere,
3123 5031 3614 5103 quemadmodum
3644 5025 3801 5082 valent

2129 5120 2398 5192 conjugio
2458 5121 2796 5176 deservire?
2841 5120 3012 5176 David
3069 5136 3319 5190 namque
3374 5120 3444 5173 ad
3493 5109 3798 5173 Abimelech

2129 5210 2484 5263 sacerdotem
2519 5210 2770 5275 veniens,
2821 5225 2936 5264 non
2984 5217 3148 5262 antea
3181 5207 3392 5262 meruit
3433 5224 3615 5278 panes
3639 5215 3798 5260 sacros

2128 5297 2485 5368 contingere,
2533 5314 2704 5368 quam
2757 5315 2814 5351 se
2875 5313 3196 5368 puerosque
3251 5313 3382 5350 suos
3433 5313 3468 5350 a
3521 5295 3796 5350 mulierum

2127 5389 2282 5439 tactu
2339 5386 2506 5440 tertia
2569 5387 2688 5455 jam
2745 5386 2837 5440 die
2891 5386 3106 5440 diceret
3161 5385 3513 5457 puriﬁcatos.
3579 5385 3648 5439 Et
3697 5375 3799 5450 quis

2129 5473 2355 5544 ignorat
2388 5475 2646 5545 corporis
2676 5479 2732 5528 et
2766 5475 3065 5544 sanguinis
3100 5474 3306 5529 Christi
3339 5473 3676 5544 mysterium
3699 5469 3796 5524 fore

2127 5561 2300 5628 longe
2339 5562 2640 5616 sublimius
2687 5562 2954 5632 panibus,
3014 5563 3114 5633 qui
3165 5575 3270 5633 per
3325 5561 3557 5632 singula
3589 5557 3796 5616 Sabbata

2129 5651 2601 5722 proponebantur
2629 5667 2802 5722 super
2833 5667 3092 5707 mensam
3139 5651 3196 5706 in
3245 5651 3460 5722 templo
3491 5649 3519 5704 ‘l
3553 5651 3617 5706 Et
3645 5649 3685 5704 si
3711 5641 3793 5700 mi-
