3890 6230
44 484 121 536 329
1017 481 1293 536 CONTRA
1337 482 1737 538 CBJECORUM
1780 482 2130 538 OPPOSITA.
2169 512 2227 523 —
2263 483 2393 537 LIB.
2441 484 2526 538 IV.

41 615 163 666 nime
185 611 406 665 licebat
436 629 532 666 eos
572 613 904 684 contingere
951 614 1049 683 qui
1083 631 1197 667 non
1229 613 1713 667 sanctiﬁcatifuis-
1747 616 1791 667 A

38 708 135 755 sent
180 717 213 752 τι
283 701 647 764 mulieribus,
702 702 1189 772 quemadmodum
1244 703 1510 771 expediat
1559 719 1716 755 sacra

39 790 352 857 contingere
412 788 708 843 Dominica
777 791 1113 845 mulieribus
1182 792 1586 856 deservientes,
1662 797 1717 844 et

36 880 463 948 conjugalitoro
494 879 887 950 mancipatus?
935 879 1093 942 Quod
1142 880 1474 949 mysterium
1534 879 1714 932 Thes-

36 968 386 1020 salonicensis
422 969 667 1022 Ecclesia
715 968 1028 1039 diligenter
1078 969 1434 1032 examinans,
1481 968 1714 1020 clericos

35 1063 138 1110 ante
164 1056 507 1110 clericatum
558 1057 812 1127 legitime
846 1057 1038 1110 ductas
1073 1073 1275 1110 uxores
1332 1056 1377 1110 si
1409 1056 1714 1125 cognovis-

36 1152 156 1208 sent,
185 1145 572 1214 deponendos
608 1147 729 1199 fore
778 1151 1145 1198 censuerunt.
1184 1145 1339 1199 Unde
1389 1144 1715 1197 mirandum

34 1234 343 1287 Graecorum
406 1233 697 1304 principes
736 1233 795 1286 in
838 1233 1112 1287 Romanis
1161 1233 1527 1301 redarguere,
1563 1232 1715 1302 quod

34 1322 80 1374 in
107 1321 714 1375 Thessalonicensibus
765 1322 1048 1391 patienter
1103 1321 1444 1375 concedunt.
1478 1321 1635 1384 Quod
1671 1320 1717 1373 si

34 1412 293 1464 moderno
339 1416 594 1482 tempore
643 1428 759 1464 sua:
806 1411 1059 1464 fortassis
1117 1411 1509 1480 superstitioni
1566 1426 1715 1480 pree-

33 1501 181 1553 buere
232 1516 612 1566 consensum,
643 1499 899 1570 quolibet
921 1501 1086 1553 modo
1116 1504 1351 1554 teneant
1393 1516 1714 1570 persuasos,

35 1589 275 1641 noverint
334 1593 527 1642 tamen
575 1590 859 1658 majorum
907 1589 1080 1643 talem
1151 1605 1385 1642 suorum
1436 1589 1715 1642 exstitisse

33 1677 519 1730 consuetudinem.

91 1765 185 1818 Sed
247 1766 557 1819 veniamus
614 1767 684 1820 ad
738 1767 1113 1820 ecclesiastica
1181 1766 1415 1819 tandem
1468 1765 1712 1831 decreta,

33 1871 127 1924 quo
155 1870 574 1924 cognoscamus
602 1856 737 1925 quid
789 1857 1095 1909 decernere
1149 1871 1322 1925 super
1377 1856 1464 1908 his
1495 1855 1714 1907 malue-

32 1944 147 1995 rint.
176 1944 237 1996 In
274 1943 509 1996 Nicaeno
540 1944 785 1997 concilio
820 1944 926 1997 sub
960 1945 1332 1998 Constantino
1363 1944 1711 2012 imperatore

29 2033 195 2101 primo
229 2048 346 2102 per
390 2037 675 2086 trecentos
716 2034 1035 2086 octodecim
1085 2033 1383 2103 episcopos
1417 2031 1496 2084 sic
1527 2031 1716 2084 decer-

35 2122 167 2173 nitur
206 2122 363 2192 (can.
398 2124 451 2186 3,
484 2137 548 2174 ex
578 2137 727 2173 vers.
767 2122 1021 2191 Dionysii
1054 2120 1274 2191 Exigui)
1310 2138 1322 2174 :
1362 2142 1385 2168 «
1420 2120 1716 2173 Interdixit

32 2226 120 2279 per
145 2210 343 2263 omnia
382 2225 590 2279 magna
633 2210 902 2280 synodus,
954 2227 1066 2263 non
1096 2210 1383 2279 episcopo,
1418 2225 1532 2262 non
1563 2224 1715 2278 pres-

34 2299 230 2367 bytero,
264 2314 389 2351 non
420 2298 684 2365 diacono,
718 2314 822 2351 nec
855 2298 1027 2352 alicui
1066 2298 1303 2351 omnino
1334 2297 1434 2368 qui
1464 2298 1523 2349 in
1564 2298 1713 2350 clero

34 2392 124 2453 est,
175 2387 351 2440 licere
412 2387 905 2441 subintroductam
955 2388 1165 2441 habere
1220 2387 1551 2452 mulierem;
1603 2386 1713 2439 nisi

33 2476 158 2529 forte
189 2481 462 2541 matrem,
500 2481 596 2528 aut
624 2492 902 2539 sororem,
937 2480 1034 2528 aut
1073 2475 1327 2541 amitam,
1352 2476 1437 2527 vel
1475 2490 1570 2528 eas
1592 2478 1715 2528 tau-

35 2570 141 2617 tum
167 2580 445 2633 personas
486 2580 615 2634 qua).
658 2563 1012 2633 suspiciones
1066 2563 1367 2633 effugiunt.
1408 2585 1427 2610 »
1464 2563 1715 2615 Audiant

30 2650 137 2704 htec
167 2652 755 2722 Constantinopoleos
799 2654 1201 2722 imperatores,
1233 2656 1289 2705 et
1321 2651 1605 2721 judicent,
1642 2667 1712 2704 an

31 2740 260 2794 debeant
302 2741 399 2794 isti
443 2741 675 2810 gradus,
727 2756 900 2810 super
929 2741 1137 2811 quibus
1179 2740 1288 2793 hoc
1331 2740 1582 2809 capitulo
1623 2740 1714 2794 de-

30 2829 293 2896 cernitur,
328 2828 701 2882 matrimonia
731 2828 941 2895 sortiri,
979 2829 1186 2899 quibus
1208 2842 1322 2882 non
1349 2830 1479 2882 licet
1510 2829 1713 2881 mulie-

32 2917 173 2968 ribus
202 2917 556 2982 cohabitare,
590 2916 702 2969 nisi
745 2916 1108 2970 solummodo
1142 2917 1399 2987 personis
1431 2916 1541 2970 illis
1572 2933 1712 2987 quas

28 3006 172 3059 nulla
212 3006 463 3075 suspicio
513 3006 697 3075 possit
754 3005 1189 3059 commaculare.
1263 3006 1403 3058 Nam
1454 3006 1715 3076 quisquis

30 3110 253 3148 uxorem
308 3094 554 3158 duxerit,
614 3110 733 3147 non
788 3098 975 3163 potest
1020 3100 1231 3163 praeter
1284 3110 1520 3147 uxorem
1575 3094 1714 3147 alias

26 3183 179 3235 etiam
211 3182 486 3236 mulieres
513 3181 571 3235 in
605 3182 775 3235 domo
807 3198 926 3234 non
979 3181 1456 3251 habere,,quibus
1515 3183 1715 3236 uxoria

32 3272 347 3333 necessitas,
400 3276 455 3324 et
493 3286 632 3324 cura
678 3270 990 3324 domestica
1040 3271 1394 3341 suppleatur.
1440 3270 1544 3325 Ubi
1578 3287 1713 3324 vero

29 3366 353 3414 cunctarum
411 3360 777 3414 interdicitur
829 3359 1285 3413 subintroductio
1344 3360 1711 3427 feminarum,

26 3456 223 3519 praeter
260 3449 503 3503 omnino
555 3464 825 3518 personas
879 3464 1007 3519 qua:
1055 3452 1284 3501 careant
1326 3448 1485 3501 omni
1534 3449 1714 3519 suspi-

29 3539 198 3604 cione,
229 3538 606 3592 manifestum
639 3543 723 3591 est
752 3537 906 3608 quod
938 3536 1315 3591 interdicatur
1362 3537 1533 3591 etiam
1574 3554 1715 3591 uxo-

24 3628 100 3679 ria
126 3630 347 3697 pariter
378 3628 605 3697 copula,
654 3643 781 3696 quae
812 3626 974 3679 nullo
1002 3627 1175 3680 modo
1207 3630 1396 3697 potest
1425 3624 1550 3679 ﬁeri
1594 3628 1715 3679 sine

27 3716 373 3786 reliquarum
409 3715 732 3769 accessione
760 3714 1132 3768 feminarum.

84 3807 149 3858 ln
179 3805 423 3859 concilio
462 3803 903 3858 Neocaesariensi
950 3803 1029 3856 sic
1077 3802 1345 3857 statuitur
1381 3803 1528 3873 (can.
1567 3806 1616 3871 l,
1649 3819 1717 3857 ex

27 3894 274 3962 ejusdem
325 3894 610 3960 versione)
644 3910 657 3946 :
698 3911 727 3944 α
760 3892 1074 3962 Presbyter,
1127 3892 1174 3945 si
1223 3908 1461 3946 uxorem
1492 3907 1718 3962 accepe-

24 3982 107 4045 rit,
143 3983 214 4036 ab
248 3982 456 4036 ordine
503 3983 846 4052 deponatur.
898 3981 955 4034 Si
1000 3997 1134 4034 vero
1176 3980 1487 4034 fornicatus
1520 3981 1713 4045 fuerit,

27 4078 113 4123 aut
134 4071 485 4125 adulterium
517 4070 953 4140 perpetraverit,
990 4070 1237 4140 amplius
1266 4069 1403 4139 pelli
1434 4069 1621 4133 debet,
1664 4073 1719 4121 et

25 4161 86 4212 ad
139 4160 548 4231 pcenitentiam
602 4159 809 4229 redigi.
854 4179 881 4208 ι
916 4159 1076 4222 Quod
1124 4159 1179 4211 hi
1217 4174 1465 4211 canones
1517 4158 1718 4211 decer-

26 4256 176 4313 nunt,
212 4253 493 4304 hactenus
535 4253 591 4302 et
634 4248 879 4302 Ecclesia
928 4248 1183 4301 Romana
1212 4252 1268 4300 et
1310 4263 1511 4300 omnes
1560 4247 1718 4301 Occi-

28 4338 275 4392 dentales
330 4354 557 4391 servare
602 4336 971 4403 studuerunt,
1038 4337 1276 4389 scientes
1333 4335 1551 4388 cunctis
1600 4351 1719 4388 esse

32 4428 367 4481 servandum
412 4426 564 4497 quod
607 4429 769 4495 patet
814 4441 931 4478 esse
986 4424 1341 4494 religiosum,
1401 4427 1457 4477 et
1513 4423 1720 4477 divinis

3416 490 3521 542 330

1902 616 1962 668 In
2017 614 2257 668 concilio
2315 615 2749 684 Carthaginensi
2798 616 2960 686 (conc.
3003 618 3207 684 Αἰγίου
3259 635 3333 672 an
3392 622 3516 685 424,

1824 719 1948 756 can.
1985 703 2109 772 37):
2149 723 2173 752 «
2214 704 2513 770 Praaterea,
2566 720 2695 756 cum
2739 704 2807 757 de
2846 707 3226 774 quorumdam
3278 708 3516 761 clerico-

1824 808 1974 856 rum,
2025 792 2288 862 quamvis
2326 808 2460 861 erga
2508 808 2706 845 uxores
2752 794 3037 863 proprias,
3100 795 3518 851 incontinentia

1823 881 2150 946 referretur,
2185 881 2400 950 placuit
2438 881 2756 950 episcopos,
2787 886 2840 935 et
2863 883 3251 952 presbyteros,
3296 892 3352 938 et
3390 886 3516 939 dia-

1824 986 1996 1022 conos
2043 970 2355 1022 secundum
2409 970 2603 1038 priora
2651 976 2883 1037 statuta,
2918 972 3091 1025 etiam
3123 972 3194 1025 ab
3246 974 3517 1027 uxoribus

1824 1059 2138 1112 continere.
2173 1058 2337 1122 Quod
2369 1058 2479 1111 nisi
2521 1058 2777 1124 fecerint,
2811 1060 2882 1113 ab
2915 1061 3297 1115 ecclesiastico
3338 1078 3518 1116 remo-

1825 1151 2061 1199 veantur
2095 1145 2307 1200 ofﬁcio.
2343 1169 2369 1194 »
2394 1146 2669 1199 Praesenti
2693 1147 2947 1216 capitulo
2988 1164 3108 1202 non
3155 1150 3339 1203 solum
3370 1167 3516 1220 prm-

1824 1234 1926 1286 fati
1953 1235 2161 1302 gradus
2194 1251 2392 1288 uxores
2423 1234 2629 1287 ducere
2655 1236 3055 1305 prohibentur,
3088 1253 3287 1291 verum
3320 1254 3352 1291 a
3382 1254 3520 1307 pro-

1823 1322 1985 1393 priis,
2017 1340 2159 1392 quas
2209 1324 2547 1394 priusquam
2586 1324 2990 1379 ordinarentur
3031 1326 3308 1390 habuere,
3340 1329 3520 1381 conti-

1824 1427 1960 1465 nere
1993 1412 2453 1481 prazcipiuntur:
2506 1414 2661 1482 quod
2716 1415 2761 1467 si
2824 1431 2941 1468 non
2986 1416 3244 1482 fecerint,
3305 1416 3517 1486 deponi

1820 1499 2115 1570 jubentur.
2169 1501 2535 1555 Consentitur
2575 1501 2634 1555 in
2683 1502 2788 1557 hoc
2838 1504 3062 1557 decreto
3112 1509 3227 1557 tam
3287 1505 3517 1558 Niczeno

1825 1604 1997 1657 quam
2051 1589 2491 1645 Neoczcsariensi
2522 1592 2801 1645 concilio:
2848 1608 2982 1645 nam
3014 1596 3323 1663 utrumque
3362 1610 3517 1662 pra:-

1824 1677 1959 1746 cipit
1989 1678 2346 1747 presbyteros
2392 1680 2460 1733 ab
2492 1681 2764 1733 uxoribus
2797 1680 2993 1733 arceri.
3044 1680 3165 1743 Qua
3218 1682 3285 1735 de
3333 1697 3394 1735 re
3435 1682 3518 1733 vi-

1824 1766 1995 1819 deant
2026 1767 2351 1836 imperiales
2386 1768 2879 1838 reprehensiones,
2913 1769 3400 1838 qualiterjustum
3448 1770 3521 1823 sit

1826 1860 2024 1907 contra
2070 1856 2296 1908 decreta
2338 1858 2621 1926 majorum
2653 1858 3013 1928 presbyteros
3046 1874 3250 1910 uxores
3290 1859 3516 1925 ducere,

1827 1943 2034 2013 quibus
2082 1944 2379 1998 inhibetur
2425 1945 2695 2016 propriis,
2731 1962 2873 2016 quas
2923 1950 3053 1999 aute
3098 1946 3519 2000 ordinationem

1823 2032 2123 2100 duxerant,
2172 2033 2472 2086 abstinere.
2528 2034 2678 2097 Quas
2732 2035 2883 2103 leges
2933 2035 2981 2087 si
3026 2051 3249 2089 servare
3295 2037 3516 2089 malue-

1823 2121 1959 2185 rint,
1988 2127 2333 2191 cognoscant
2365 2123 2514 2192 quod
2547 2124 2757 2193 injuste
2802 2123 3091 2176 Romanos
3122 2124 3471 2194 redarguant
3503 2142 3515 2177 :

1824 2210 1975 2279 quod
2005 2210 2050 2262 si
2082 2210 2390 2276 noluerint,
2427 2212 2597 2264 etiam
2632 2227 2760 2264 cum
2808 2212 3076 2264 Romani.°
3109 2212 3284 2265 totius
3316 2208 3517 2266 Africae

1824 2298 2198 2368 provinciales
2255 2301 2554 2369 episcopos
2623 2299 3066 2369 reprehendant,
3125 2307 3182 2352 et
3240 2316 3368 2354 cum
3430 2302 3518 2354 his

1826 2389 1997 2441 etiam
2036 2403 2168 2441 suos
2198 2388 2533 2451 Orientales,
2576 2388 2673 2458 qui
2701 2388 3013 2442 constituta
3063 2389 3349 2457 majorum
3399 2405 3518 2440 ser-

1825 2482 2038 2543 vantes,
2089 2477 2407 2547 episcopos,
2467 2477 2851 2547 presbyteros,
2914 2480 2969 2529 et
3025 2476 3296 2530 diaconos
3328 2476 3515 2530 vivere

1822 2565 2184 2618 continenter
2212 2567 2445 2618 omnino
2478 2567 2816 2633 decernunt,
2876 2564 2987 2618 nisi
3036 2581 3270 2618 suorum
3301 2565 3518 2635 delege-

1823 2655 1939 2707 rint
1969 2654 2113 2707 forte
2144 2654 2497 2707 decretorum
2530 2661 2997 2725 transgressores.

1896 2744 1958 2796 In
2008 2743 2153 2797 libro
2206 2744 2689 2797 Constitutionum
2746 2742 2955 2797 Justini
3010 2742 3379 2813 imperatoris
3440 2743 3518 2795 ita

1823 2832 2149 2886 decernitur
2169 2832 2415 2902 capitulo
2438 2832 2713 2902 vigesimo
2738 2838 2942 2902 quarto
2968 2848 2979 2885 :
3016 2854 3042 2881 ‹‹
3067 2833 3304 2901 Oportet
3325 2836 3516 2885 autem

1822 2937 1951 2974 eum
1989 2921 2085 2990 qui
2118 2921 2419 2991 episcopus
2450 2921 2530 2987 tit,
2569 2937 2755 2991 neque
2786 2937 3021 2974 uxorem
3052 2921 3285 2983 habere,
3319 2936 3509 2990 neque

1824 3010 2223 3075 concubinam,
2246 3009 2677 3080 nequeliberos,
2700 3026 2799 3062 seu
2827 3009 3049 3078 legibus
3082 3007 3421 3079 incognitos.
3452 3009 3518 3061 Et

1824 3098 1870 3151 si
1902 3098 2030 3169 quis
2061 3104 2258 3151 contra
2284 3098 2403 3151 haec
2431 3098 2645 3165 fecerit,
2664 3102 2719 3151 et
2741 3097 2786 3150 is
2818 3097 2915 3167 qui
2940 3098 3118 3150 factus
3132 3102 3234 3163 est,
3269 3101 3325 3150 et
3344 3097 3391 3149 is
3414 3096 3513 3167 qui

1767 3217 1780 3258 τ
1822 3203 1953 3240 eum
1984 3187 2133 3251 fecit,
2165 3187 2521 3258 episcopatus
2543 3187 2862 3257 expellatur
2892 3186 3108 3239 honore
3132 3195 3173 3241 ⁸.
3206 3206 3233 3235 »
3276 3186 3515 3239 Videant

1823 3291 1973 3328 nunc
2004 3276 2330 3330 Grmcorum
2363 3275 2758 3345 imperatores,
2790 3274 2888 3344 qui
2919 3274 3203 3327 Romanos
3245 3274 3516 3328 damnare

1821 3364 2049 3435 nuptias
2093 3364 2542 3430 calumniantur,
2586 3380 2651 3416 eo
2685 3364 2835 3433 quod
2867 3379 2983 3415 non
3032 3362 3349 3432 episcopos,
3404 3380 3516 3417 non

1820 3453 2205 3524 presbyteros,
2236 3469 2351 3505 non
2381 3452 2675 3511 diaconos,
2702 3468 2904 3504 uxores
2938 3451 3143 3505 ducere
3172 3452 3511 3517 concedunt,

1824 3557 1937 3612 quo
1969 3541 2027 3594 in
2067 3541 2191 3594 loco
2217 3540 2393 3594 velint
2423 3540 2633 3594 habere
2666 3556 2796 3592 suas
2844 3540 3022 3608 leges,
3075 3539 3130 3592 id
3173 3544 3277 3605 est,
3320 3556 3351 3591 a
3400 3540 3516 3592 suis

1823 3629 2135 3699 majoribus
2155 3630 2462 3683 institutas.
2489 3630 2625 3682 Ecce
2644 3628 2897 3681 Justinus
2922 3630 3311 3682 Romanorum
3332 3626 3514 3693 impe-

1823 3721 1976 3769 rator
2009 3716 2229 3785 legibus
2260 3714 2511 3768 decrevit
2540 3731 2672 3767 eum
2696 3714 2794 3784 qui
2826 3714 3128 3783 episcopus
3159 3713 3383 3765 futurus
3419 3713 3511 3779 sit,

1823 3819 2011 3874 neque
2052 3819 2289 3857 uxorem
2320 3803 2548 3865 habere,
2595 3818 2783 3872 neque
2816 3801 3189 3854 concubinam
3226 3815 3237 3853 :
3276 3816 3372 3853 vos
3416 3817 3515 3853 au-

1824 3897 1939 3946 tem
1971 3907 1999 3945 e
2050 3890 2337 3943 contrario
2385 3890 2728 3942 constituitis
2772 3894 2835 3942 ut
2865 3893 2979 3941 tam
3030 3888 3283 3958 episcopi
3343 3904 3515 3958 quam

1824 3978 2141 4051 presbyteri
2174 3977 2522 4032 matrimonii
2563 3978 2695 4047 jura
2726 3977 3057 4030 sortiantur.
3107 3977 3281 4045 Leges
3325 3993 3353 4029 a
3404 3993 3520 4030 ma-

1819 4068 2047 4138 joribus
2078 4068 2277 4119 vestris
2324 4064 2673 4132 constitutae,
2721 4064 2820 4135 qui
2866 4065 2975 4117 hoc
3012 4064 3275 4127 fecerint,
3309 4064 3519 4133 gradus

1826 4157 1914 4210 sui
1944 4155 2290 4226 prmcipiunt
2318 4156 2531 4209 honore
2563 4154 2817 4225 privare;
2852 4169 2949 4207 vos
2998 4158 3189 4207 autem
3223 4152 3371 4219 illos,
3423 4153 3521 4223 qui

1825 4262 1943 4299 non
1982 4245 2237 4311 fecerint,
2290 4244 2530 4315 culpatis
2577 4243 2807 4313 nuptias
2864 4242 3270 4309 condemnare,
3326 4258 3431 4295 nec
3461 4242 3522 4295 in

1828 4339 2071 4387 vestram
2100 4350 2194 4387 eos
2224 4334 2392 4387 vultis
2433 4332 2689 4403 recipere
2730 4332 3218 4385 communionem.
3271 4333 3521 4400 Apparet

1827 4422 2003 4491 igitur
2032 4426 2149 4475 tam
2199 4420 2589 4475 ecclesiasticis
2634 4420 2879 4490 legibus,
2928 4435 3101 4489 quam
3152 4419 3348 4472 vestris
3396 4434 3522 4470 san-

34 4517 337 4570 caltoribus
391 4516 651 4586 dignum.
702 4515 939 4568 Videant
982 4514 1177 4580 (irasci,
1237 4514 1285 4566 si
1334 4513 1489 4583 quod
1535 4518 1714 4566 statu-
1750 4511 1791 4563 1)
1831 4510 2114 4564 ctionibus
2147 4525 2246 4563 vos
2275 4525 2639 4579 repugnare:
2673 4512 3021 4579 quapropter
3050 4507 3293 4577 duplicis
3336 4511 3526 4559 reatus

34 4610 139 4657 tum
173 4610 261 4658 est
282 4610 481 4659 tenere
511 4603 909 4669 contendunt;
945 4602 1097 4672 quod
1144 4602 1189 4654 si
1228 4600 1465 4668 faciunt,
1515 4599 1723 4654 frustra

36 4691 309 4745 Romanos
357 4692 737 4763 redarguunt,
771 4706 913 4761 quos
943 4689 1051 4743 sibi
1094 4705 1259 4760 pares
1294 4689 1350 4741 in
1386 4688 1722 4742 ecclesiasti‘

32 4782 101 4832 cis
139 4781 438 4835 servandis
473 4780 731 4835 conciliis
771 4779 1006 4833 omnino
1039 4777 1412 4848 perspiciunt.
1467 4776 1629 4840 Quod
1678 4777 1724 4830 si

36 4872 401 4924 constitutum
443 4871 549 4923 hoc
588 4869 828 4922 licenter
870 4866 1339 4937 preevaricantur,
1389 4865 1725 4919 ecclesiasti-

35 4975 219 5012 carum
251 4957 732 5013 constitutionum
764 4956 849 5010 rei
896 4954 1399 5025 deprehenduntur
1434 4971 1446 5008 :
1482 4958 1537 5007 et
1586 4954 1725 5007 dum

38 5047 87 5098 in
116 5047 350 5101 Oriente
382 5046 558 5100 fuerit
607 5045 717 5098 hoc
749 5044 1148 5108 constitutum,
1183 5047 1241 5096 et
1278 5042 1556 5095 nimirum
1608 5058 1725 5094 ser-

36 5142 186 5188 vetur
210 5136 281 5190 ab
329 5133 739 5197 Orientalibus,
800 5131 951 5202 quod
1006 5147 1110 5201 pro
1142 5130 1399 5184 Ecclesiae
1430 5129 1725 5200 disciplina

40 5224 303 5289 probatur
331 5239 451 5276 esse
503 5221 811 5286 sancitum,
846 5219 1059 5272 mirum
1108 5234 1209 5271 cur
1248 5218 1307 5271 in
1353 5217 1727 5272 Occidentali-

42 5309 129 5363 bas
157 5314 391 5382 culpare
424 5311 712 5375 nituntur,
744 5308 898 5379 quod
941 5307 1092 5378 apud
1149 5305 1464 5361 Orientales
1505 5320 1730 5358 servare

44 5415 143 5452 non
169 5400 457 5454 dubitant.
490 5398 655 5463 Quod
703 5397 751 5450 si
796 5396 950 5466 leges
998 5394 1405 5449 ecclesiasticas
1438 5394 1728 5465 ignorant,

48 5489 159 5556 quis
182 5490 362 5543 nescit
402 5489 527 5542 fore
560 5486 768 5541 merito
798 5484 1270 5549 contemnendos,
1304 5500 1449 5554 quos
1479 5498 1597 5537 non
1643 5498 1733 5535 sa-

44 5578 269 5643 pientia
297 5576 567 5648 gravitas,
614 5575 711 5629 sed
741 5573 1089 5645 ignorantiae
1126 5572 1322 5626 levitas
1377 5571 1446 5626 ad
1494 5572 1731 5641 loquen-

50 5668 171 5719 dum
197 5665 518 5737 propellit?

1832 4615 1929 4652 vos
1981 4600 2148 4667 culpa
2198 4598 2608 4669 constringitis,
2677 4596 2855 4651 veluti
2902 4601 3349 4665 transgressores
3407 4599 3523 4646 tam

1831 4687 2008 4741 divini
2051 4692 2106 4740 et
2138 4687 2373 4740 humani
2400 4687 2566 4757 juris,
2602 4702 2775 4756 quam
2818 4684 3208 4738 ecclesiasticae
3241 4682 3522 4735 constitu-

1830 4775 2005 4829 tionis
2040 4775 2392 4845 (Justinian.,
2440 4774 2539 4827 ubi
2590 4791 2783 4845 supra,
2831 4774 3022 4826 novell.
3078 4775 3198 4833 1‘33,
3239 4787 3363 4840 cap.
3412 4772 3520 4835 ‘29).

1837 4886 1864 4913 ι(
1918 4864 2268 4934 Presbyteris
2320 4867 2511 4915 autem
2568 4867 2624 4915 et
2669 4860 2940 4923 diaconis,
2993 4864 3048 4912 et
3100 4858 3225 4911 aliis
3283 4858 3343 4911 in
3376 4858 3525 4911 clero

1835 4952 2080 5022 scriptis,
2136 4968 2251 5005 non
2301 4949 2643 5004 habentibus
2687 4963 2893 5001 uxores
2941 4945 3253 5000 secundum
3309 4946 3526 4998 divinas

1837 5042 2086 5112 regulas,
2114 5040 2513 5094 interdicimus
2537 5042 2593 5092 et
2620 5053 2723 5090 nos
2755 5035 3055 5089 mulierem
3096 5034 3307 5088 habere
3338 5034 3396 5088 in
3426 5051 3527 5087 sua

1836 5130 2025 5197 domo,
2083 5131 2315 5198 excepta
2373 5130 2575 5191 matre,
2633 5130 2689 5177 et
2745 5123 2884 5187 ﬁlia,
2945 5127 3000 5176 et
3032 5138 3249 5189 sorore,
3312 5129 3367 5175 et
3405 5122 3530 5175 aliis

1835 5216 2096 5287 personis
2136 5231 2262 5285 qua:
2304 5229 2535 5266 omnem
2587 5210 2901 5280 qumrelam
2950 5208 3255 5279 eilugiunt.
3290 5209 3347 5263 Si
3403 5211 3531 5280 quis

1836 5310 2027 5357 autem
2080 5303 2351 5356 adversus
2396 5301 2567 5353 istam
2598 5298 3059 5353 observationem
3128 5296 3429 5350 mulierem
3475 5296 3533 5350 in

1839 5408 1939 5445 sua
1971 5391 2141 5445 domo
2180 5388 2467 5455 habuerit,
2514 5402 2643 5457 qua:
2675 5389 2864 5456 potest
2897 5384 3288 5455 suspicionem
3322 5385 3535 5438 inferre

1840 5476 2230 5549 turpitudinis,
2287 5480 2344 5528 et
2397 5474 2492 5528 ille
2545 5490 2579 5527 a
2617 5473 2835 5528 clericis
2898 5474 3015 5527 suis
3069 5471 3335 5537 audierit,
3381 5474 3537 5542 quod

1840 5583 1969 5622 cum
2012 5565 2109 5618 tali
2164 5564 2404 5617 muliere
2458 5578 2575 5616 non
2629 5561 2832 5616 debeat
2879 5561 3155 5625 habitare,
3190 5564 3244 5613 et
3294 5560 3539 5613 noluerit

1842 5672 1967 5709 eam
1999 5670 2099 5706 sua
2138 5653 2311 5707 domo
2343 5652 2619 5722 repellere
2646 5670 2661 5718 ;
2694 5650 2777 5703 vel
2840 5654 3161 5704 accusatore
3205 5654 3538 5717 emergente

110 5808 129 5835 ι
158 5795 355 5849 Verbis
385 5795 686 5866 aliquanto
715 5790 951 5846 diversis
981 5791 1073 5846 lex
1100 5790 1208 5844 ista
1238 5787 1584 5859 exprimitur
1616 5784 1831 5840 Novell.
1864 5786 2039 5837 const.
2071 5780 2197 5836 coll.
2232 5796 2268 5845 ῐ,
2303 5780 2388 5833 tit.
2426 5783 2477 5847 6,
2512 5795 2641 5835 nov.
2686 5781 2738 5845 6,
2773 5793 2897 5847 cap.
2936 5782 2983 5831 l.

362 5892 659 5952 PATROL.
707 5888 932 5951 CXXI.

3151 5875 3218 5931 11
