3890 6230
390 452 481 505 331

1534 440 1717 495 BATR
1735 438 1897 493 \MNI
1934 438 2390 494 CORBEIENSIS
2428 437 2739 493 MONACHI

3743 440 3804 491 33?

386 580 662 649 probatus
701 574 878 630 fuerit
903 573 1204 628 inhoneste
1255 587 1383 625 cum
1417 570 1518 625 tali
1550 573 1789 625 muliere
1834 569 2076 633 versari;
2118 571 2160 623 A
2194 569 2449 640 quotidie
2483 569 2791 634 celebrare,
2825 584 2928 621 nec
2972 584 3004 621 a
3041 568 3214 621 sacris
3244 568 3550 639 aliquando
3596 570 3807 633 recedere,

386 674 520 721 tunc
599 666 899 737 episcopus
974 661 1293 715 secundum
1366 660 1777 713 ecclesiasticos
1836 676 2084 712 canones

386 758 536 811 clero
567 772 702 810 eum
736 755 997 824 repellat,
1033 752 1207 805 curia).
1238 750 1485 803 civitatis
1528 750 1689 820 cujus
1733 750 1969 802 clericus
2001 754 2085 801 est

384 846 753 900 tradendum.
778 864 805 891 ››
840 841 1118 911 Superior
1149 842 1235 893 lex
1270 839 1594 908 specialiter
1625 856 1796 908 super
1828 838 2082 909 episcopi

387 950 633 1004 persona
660 934 1001 989 decreverat,
1028 929 1161 981 licet
1191 929 1405 997 pariter
1444 927 1922 997 presbyterorum,
1954 926 2082 979 dia-

387 1037 780 1091 conorumque
826 1034 1099 1089 personas
1154 1016 1669 1086 comprehenderit.
1718 1016 1877 1079 Quod
1926 1015 2081 1069 enim

389 1113 655 1182 episcopo
694 1126 809 1163 non
848 1107 1197 1169 conceditur,
1236 1106 1512 1159 ministris
1550 1111 1965 1175 consequenter
1995 1106 2080 1156 al-

386 1201 549 1267 taris,
599 1205 655 1253 et
702 1197 969 1266 mysteria
1023 1195 1301 1248 Dominici
1360 1195 1616 1263 corporis
1675 1200 1731 1247 et
1788 1192 2083 1262 sanguinis

389 1287 893 1346 contrectantihus,
949 1285 1166 1353 pariter
1216 1283 1597 1337 interdicitur.
1652 1282 1816 1346 Quod
1865 1283 1912 1335 si
1966 1299 2081 1335 non

388 1378 505 1430 illic
537 1376 605 1429 ad
660 1374 943 1444 liquidum
994 1374 1062 1426 de
1092 1372 1561 1442 presbyterorum
1597 1372 2082 1440 diaconorumque

388 1482 557 1518 causa
587 1462 933 1527 decernitur,
976 1476 1228 1530 praesens
1260 1461 1478 1514 sanctio
1518 1460 1823 1514 dubietatis
1852 1476 2083 1514 omnem

386 1554 694 1622 caliginem
737 1567 1034 1604 removere
1083 1551 1469 1618 cognoscitur,
1519 1549 1868 1602 interdicens
1901 1550 2085 1601 mani-

387 1642 528 1693 festo
584 1656 701 1692 non
764 1640 948 1691 solum
1010 1638 1377 1707 presbyteris,
1455 1642 1511 1689 et
1574 1636 1923 1700 diaconibus,
1988 1637 2082 1689 sed

388 1731 561 1782 etiam
615 1728 1001 1789 subdiaconis,
1048 1733 1103 1778 et
1148 1727 1274 1777 aliis
1324 1726 1762 1795 quibuscunque
1812 1725 1868 1777 in
1932 1726 2083 1777 clero

390 1815 827 1869 matrimonium
872 1814 1255 1879 interdicitur,
1303 1821 1362 1867 ut
1400 1814 1456 1867 in
1508 1830 1609 1866 sua
1656 1815 1826 1866 domo
1878 1818 2088 1882 praeter

392 1911 661 1971 matrem,
685 1910 741 1956 et
766 1920 858 1955 eas
891 1919 1166 1972 personas
1198 1919 1325 1972 quae
1357 1903 1681 1971 suspicione
1711 1902 2085 1972 turpitudinis

393 1993 641 2053 careant,
674 1987 930 2040 habitare
964 1988 1121 2039 nullo
1180 1988 1350 2039 modo
1401 1987 1770 2055 permittant;
1823 1988 2088 2055 praevari-

394 2082 613 2129 catores
644 2081 857 2141 autem,
898 2075 944 2127 si
972 2075 1213 2127 convicti
1263 2074 1497 2133 fuerint.
1531 2074 1681 2127 clero
1733 2075 1942 2143 depelli
1990 2075 2087 2128 de-

390 2166 595 2229 cernit,
628 2171 684 2217 et
735 2166 802 2216 ad
841 2163 1175 2234 ignominiaa
1225 2180 1451 2234 pcenam
1494 2164 1634 2216 tales
1664 2165 1835 2216 curiae
1868 2164 2086 2216 manci-

390 2255 611 2325 pandos
632 2269 753 2307 esse
774 2253 937 2322 jubet
978 2252 1201 2304 officiis.

462 2342 585 2394 Non
619 2340 902 2392 credimus
951 2339 1101 2409 quod
1158 2338 1415 2391 Ecclesiae
1477 2339 1805 2392 Griecorum
1853 2339 1986 2392 talia
2022 2340 2090 2393 de

390 2430 858 2499 presbyterorum
891 2427 1193 2480 connubiis
1236 2427 1503 2490 sentiant,
1546 2426 1737 2497 qualia
1768 2428 2086 2481 Constanti-

391 2515 713 2586 nopolitani
771 2515 1056 2583 principes
1130 2516 1340 2567 sentire
1395 2514 1861 2583 comprobantur.
1932 2516 2093 2570 Absit

395 2605 571 2674 igitur
638 2609 699 2656 ut
757 2603 1026 2655 adversus
1089 2604 1466 2656 ecclesiastica
1522 2604 1835 2655 constituta
1896 2605 2090 2658 venire

393 2696 767 2763 praesumant,
800 2698 855 2743 et
885 2707 951 2742 ea
997 2691 1416 2759 reprehendere
1466 2696 1758 2751 conentur,
1802 2704 1930 2759 quae
1964 2704 2094 2739 cou-

395 2786 505 2834 stat
536 2780 604 2833 ab
638 2778 897 2832 Ecclesiis
938 2784 1175 2842 servata,
1211 2786 1265 2830 et
1302 2780 1432 2847 jure
1481 2784 1758 2847 perpetuo
1790 2776 2085 2829 custodita.

395 2871 557 2932 Quod
600 2869 644 2920 si
697 2872 1007 2937 potestates
1058 2867 1250 2919 saeculi
1302 2883 1404 2919 sua
1454 2866 1901 2937 praesumptione
1959 2864 2094 2915 talia

399 2958 770 3027 redarguunt,
804 2956 993 3024 qualia
1039 2955 1349 3023 prohibent
1394 2961 1449 3007 et
1478 2956 1865 3007 condemnant
1907 2958 1961 3004 et
2011 2968 2094 3003 ec-

398 3045 726 3097 clesiasticae
780 3042 933 3111 leges
967 3048 1023 3095 et
1049 3044 1338 3111 humanae,
1397 3044 1603 3095 mirum
1666 3059 1768 3094 cur
1823 3058 1939 3094 non
1971 3040 2093 3092 ani-

398 3134 766 3185 madvertunt
796 3132 951 3201 quod
983 3148 1182 3184 eorum
1213 3133 1562 3185 sanctionem
1612 3149 1727 3184 non
1770 3132 1952 3183 solum
1994 3129 2092 3181 Oc-

397 3221 694 3274 cidentalis
727 3221 965 3273 Ecclesia
1013 3221 1375 3285 condemnet,
1423 3236 1617 3273 verum
1668 3220 1838 3272 etiam
1890 3218 2089 3272 Orien-

399 3310 530 3362 talis
557 3326 670 3361 non
720 3308 976 3377 recipiat,
1010 3309 1119 3360 nisi
1177 3308 1431 3361 fortassis
1484 3308 1798 3378 tyrannidis
1847 3307 2094 3360 crudeli-

399 3404 513 3451 tate
547 3398 780 3467 fatigata
808 3396 1072 3466 quendam
1104 3412 1234 3466 pars
1269 3397 1325 3448 in
1358 3396 1588 3450 Oriente
1630 3402 1962 3465 susceptura
1983 3395 2091 3447 sit:

400 3487 497 3540 sed
531 3493 743 3539 terrere
777 3485 943 3539 debet
962 3500 1058 3537 eos
1100 3485 1384 3537 sententia
1416 3485 1640 3538 Domini
1673 3485 1950 3537 dicentis:
1988 3485 2095 3547 Qui

398 3575 856 3629 scandalizaverit
881 3590 1045 3626 unum
1097 3574 1162 3626 de
1205 3574 1427 3642 pusillis
1470 3576 1587 3627 istis
1615 3576 1712 3641 qui
1749 3576 1805 3626 in
1853 3589 1935 3625 me
1982 3588 2091 3625 cre-

400 3664 559 3729 dunt,
590 3662 813 3732 expedit
841 3664 891 3715 ei
911 3666 971 3714 ut
1000 3662 1367 3730 suspendatur
1388 3662 1529 3715 mola
1559 3664 1805 3714 asinaria
1850 3664 1908 3714 in
1966 3662 2097 3714 collo

400 3754 539 3819 ejus,
571 3758 619 3804 et
645 3751 992 3815 demergatur
1022 3754 1078 3803 in
1110 3752 1445 3818 profundum
1472 3753 1641 3803 maris
1677 3752 1896 3819 (Matth.
1943 3766 2096 3815 xvm,

401 3842 477 3908 6).
516 3842 721 3893 Verum
754 3842 863 3891 fixa
889 3844 995 3891 stat
1034 3840 1314 3892 sententia
1346 3839 1651 3893 Salvatoris
1683 3837 1971 3908 loquentis
2028 3837 2099 3891 ad

402 3932 681 3983 Petrum:
719 3929 799 3981 Tu
846 3944 899 3982 es
964 3930 1153 3981 Petrus
1199 3934 1249 3981 et
1295 3944 1457 3997 super
1508 3930 1644 3981 hanc
1687 3934 1899 3996 petram
1930 3926 2101 3995 aedi/i-

400 4019 531 4071 cabo
563 4018 866 4070 Ecclesium
895 4031 1069 4069 meam
1094 4018 1339 4083 (Matth.,
1359 4032 1474 4082 xw,
1513 4019 1615 4086 l8).

474 4107 615 4158 Item
653 4105 711 4157 in
748 4105 949 4157 eodem
985 4105 1129 4156 libro
1178 4105 1368 4170 (Ibid,
1400 4108 1459 4157 in
1486 4107 1591 4173 ﬁne
1634 4104 1872 4172 ejusdem
1901 4104 2048 4171 cap.)
2084 4119 2095 4154 :

404 4214 432 4243 α
469 4194 666 4246 Nullus
692 4193 990 4261 episcopus
1013 4208 1142 4245 cum
1177 4193 1417 4245 muliere
1448 4193 1677 4262 penitus
1708 4193 1926 4245 habitet
1967 4207 1979 4244 :
2014 4190 2101 4243 sin

405 4287 597 4333 autem
638 4280 910 4348 probatus
962 4280 1135 4333 fuerit
1165 4280 1270 4333 hoc
1320 4296 1435 4334 non
1490 4282 1833 4346 observasse,
1895 4280 2104 4348 episco-

406 4374 574 4438 patus
603 4369 818 4421 honore
850 4368 1184 4435 dejiciatur;
1232 4370 1367 4438 quia
1410 4369 1532 4438 ipse
1576 4385 1633 4421 se
1681 4368 1985 4437 indignum
2021 4382 2103 4418 sa-

402 4456 654 4510 cerdotio
704 4456 973 4509 ostendit.
1039 4457 1241 4510 Dicant
1287 4458 1464 4523 igitur
1522 4458 1758 4527 gloriosi
1812 4456 2101 4525 principes

404 4545 730 4598 Graecorum
778 4559 893 4612 qua
939 4543 1404 4613 praesumptionis
1448 4544 1685 4597 audacia
1742 4544 1870 4596 freti
1902 4554 2102 4596 contra

403 4633 711 4686 constituta
772 4634 1075 4702 majorum,
1125 4637 1324 4685 contra
1374 4633 1527 4701 leges
1577 4633 1856 4699 Ecclesiae,
1905 4639 2103 4685 contra

403 4720 881 4774 consuetudinem
932 4720 1208 4773 hactenus
1239 4720 1598 4773 observatam
1648 4721 1842 4773 venire
1873 4737 1986 4773 non
2019 4738 2102 4775 ve-

403 4817 621 4876 rentur,
656 4810 940 4863 Romanos
965 4815 1135 4877 atque
1167 4807 1395 4861 Latinos
1416 4808 1917 4877 reprehendentes,
1948 4811 2100 4878 quod

404 4897 703 4968 episcopis,
757 4897 1125 4966 presbyteris,
1192 4896 1395 4961 levitis,
1474 4902 1644 4966 atque
1710 4896 2098 4960 subdiaconis,

405 5001 607 5038 uxores
634 4986 840 5037 ducere
873 5001 985 5037 non
1033 4985 1373 5038 concedunt.
1431 4984 1568 5037 Ecce
1626 4984 1780 5037 enim
1830 4986 2101 5053 imperia-

403 5073 551 5125 libus
599 5077 990 5141 coarguuntur
1052 5073 1293 5141 legibus,
1328 5088 1457 5142 qua:
1507 5089 1636 5125 cum
1682 5089 1786 5141 pro
1832 5073 2101 5127 Romanis

404 5167 576 5229 atque
612 5160 825 5213 Latinis
883 5160 1160 5225 sanciant,
1209 5176 1307 5213 eos
1339 5161 1435 5230 qui
1487 5161 1923 5214 contraveniunt
1963 5177 2097 5230 pro-

401 5250 491 5300 cul
524 5248 698 5300 dubio
730 5248 1135 5301 condemnant.
1195 5249 1257 5301 In
1295 5249 1479 5301 Ve'.eri
1526 5250 1887 5303 Testamento
1918 5250 2100 5303 taber-

402 5337 626 5400 naculo,
676 5335 792 5388 sive
843 5337 1057 5405 templo
1096 5336 1474 5390 deservientes
1524 5339 1750 5404 Levites,
1808 5339 1924 5391 sive
1969 5356 2097 5408 pre-

402 5424 636 5493 sbyteri,
669 5424 942 5477 uxoribus
986 5441 1104 5478 non
1142 5426 1709 5495 appropinquabant,
1760 5444 1859 5480 nec
1904 5436 2099 5481 sancta

401 5514 485 5564 vel
520 5511 746 5580 ingredi
778 5514 862 5565 vel
898 5514 1231 5583 contingere
1266 5516 1709 5584 praesumebant,
1746 5515 1855 5568 nisi
1887 5517 2099 5569 sancti-

403 5599 752 5653 ticarentur:
790 5607 846 5653 et
895 5617 993 5653 vos
1050 5602 1235 5655 dicitis
1289 5603 1424 5672 quia
1486 5604 1834 5669 sacerdotes,
1887 5606 2098 5674 quibus

402 5688 655 5742 officium
688 5695 773 5743 est
801 5690 1057 5759 corporis
1097 5697 1151 5743 et
1175 5690 1472 5761 sanguinis
1504 5692 1735 5744 Domini
1759 5694 2097 5762 mysterium

2196 658 2344 728 quod
2400 674 2602 710 uxores
2666 658 2872 710 ducere
2925 656 3189 721 debeant,
3241 673 3345 710 nec
3408 657 3555 710 inter
3602 659 3742 711 laicos
3778 668 3810 712 et

2195 747 2337 799 sacri
2364 746 2559 799 altaris
2587 746 2875 799 ministros
2909 746 3082 799 ullam
3126 745 3509 799 differentiam
3556 747 3808 799 consistere.

2193 835 2350 898 Quod
2382 836 2428 887 si
2468 835 2793 905 requiratur
2822 851 2854 886 a
2887 834 3040 887 vobis
3092 836 3240 888 unde
3292 841 3429 889 nata
3470 836 3631 888 fuerit
3677 838 3812 903 opinio

2193 925 2341 989 talis,
2370 941 2484 977 non
2514 925 2683 977 aliain
2714 924 2910 993 procul
2939 923 3114 976 dubio
3150 930 3468 977 monstrare
3502 925 3708 992 potestis
3754 942 3813 976 au-

2193 1012 2536 1075 ctoritatem,
2583 1026 2756 1080 quam
2806 1009 3157 1079 imperitiam
3192 1016 3364 1081 atque
3402 1010 3734 1080 jactantiam,
3772 1011 3813 1063 de

2194 1098 2405 1164 quibus
2425 1098 2671 1152 levitatis
2703 1098 2857 1151 nasci
2888 1098 3030 1150 solet
3058 1098 3312 1151 audacia.

2850 1204 3075 1257 CAPUT
3118 1205 3229 1257 VII.

2194 1293 2625 1359 Conﬁrmationis
2696 1296 3092 1344 sacramentum
3146 1307 3179 1343 a
3260 1292 3591 1359 presbyteris
3645 1291 3819 1352 conferri

2260 1377 2418 1430 posse
2446 1361 2771 1415 contendunt
2803 1364 2995 1415 θνατοί.
3035 1366 3137 1415 llos
3174 1364 3377 1427 refellit
3427 1370 3635 1416 auctor.
3669 1393 3724 1400 —
3750 1366 3819 1426 Qui

2266 1433 2453 1499 differt
2482 1433 2731 1486 sacerdos
2764 1433 2831 1485 ab
2862 1436 3128 1501 episcopo.

2268 1538 2425 1590 Nunc
2455 1538 2523 1591 ad
2554 1538 2693 1591 illud
2718 1539 3019 1591 veniamus
3049 1540 3198 1609 quod
3231 1539 3523 1609 objicitur,
3550 1540 3675 1610 quia
3701 1555 3821 1609 penes

2198 1627 2480 1679 Romanos
2512 1627 2932 1695 baptizatorum
2980 1627 3191 1680 frontes
3240 1629 3559 1698 presbyteri
3588 1628 3822 1681 chrismate

2197 1730 2315 1766 non
2348 1716 2575 1766 liniunt.
2612 1716 2769 1777 Quod
2802 1716 3109 1785 objectum,
3138 1717 3281 1769 sicut
3323 1724 3380 1769 et
3418 1717 3652 1786 reliqua,
3700 1718 3823 1782 magis

2197 1803 2426 1856 levitate
2456 1820 2627 1873 quam
2662 1803 2881 1855 ratione
2930 1805 3287 1873 propositum
3313 1810 3397 1857 est
3431 1820 3443 1857 :
3479 1803 3738 1873 siquidem
3766 1804 3824 1855 Ec-

2196 1892 2381 1945 clesia:
2421 1908 2535 1945 suae
2571 1893 3041 1945 consuetudinem
3066 1898 3366 1961 sequentes
3399 1893 3510 1945 ista
3542 1900 3827 1961 proponunt,

2198 1997 2312 2032 non
2356 1981 2606 2050 aliquam
2636 1980 3016 2048 divinzelegis
3048 1982 3468 2034 auctoritatem.
3522 1981 3761 2044 Quamvis
3791 1988 3829 2029 ut

2198 2070 2303 2121 hoc
2334 2068 2432 2121 fiat
2458 2075 2511 2121 et
2545 2069 2693 2139 apud
2726 2069 3035 2134 Romanos,
3078 2074 3133 2121 et
3166 2069 3315 2139 apud
3344 2070 3720 2123 Occidentales
3747 2084 3830 2119 om-

2197 2174 2317 2222 nes,
2351 2164 2469 2210 tam
2511 2173 2574 2210 ex
2630 2158 2952 2226 Evangelia,
3006 2174 3175 2227 quam
3212 2175 3277 2211 ex
3318 2159 3703 2229 apostolorum
3729 2156 3830 2209 Actis

2199 2262 2319 2298 esse
2347 2252 2567 2298 constat
2597 2251 2974 2315 assumptum.

2270 2336 2501 2389 Constat
2547 2351 2793 2404 namque
2836 2335 3077 2404 Spiritus
3135 2336 3312 2388 sancti
3359 2336 3605 2405 gratiam
3652 2350 3739 2405 per
3772 2348 3832 2384 un-

2197 2424 2443 2477 ctionem
2478 2423 2679 2476 frontis
2731 2440 2793 2476 ex
2846 2424 3149 2476 chrismate
3207 2426 3278 2476 ab
3329 2424 3613 2493 episcopis
3670 2423 3832 2477 donari.

2199 2513 2351 2581 quod
2392 2512 2535 2565 nulli
2580 2518 2791 2581 praeter
2840 2512 3137 2581 episcopos
3167 2527 3288 2564 esse
3334 2528 3666 2565 concessum
3712 2526 3833 2562 evan-

2199 2599 2377 2669 gelica
2414 2604 2655 2651 testatur
2694 2599 3018 2651 auctoritas.
3072 2599 3395 2664 Resurgens
3437 2599 3651 2652 etenim
3692 2598 3835 2651 Domi-

2202 2704 2330 2750 nus,
2364 2693 2419 2739 et
2444 2686 2736 2755 discipulis
2766 2702 3073 2755 apparens,
3122 2687 3453 2749 insufflavit,
3490 2694 3548 2740 et
3596 2688 3725 2740 dixit
3748 2689 3834 2738 eis:

2200 2777 2448 2843 Accipite
2501 2777 2768 2843 Spiritum
2811 2781 3086 2829 sanctum:
3128 2791 3355 2843 quorum
3385 2779 3701 2829 remiseritis
3750 2794 3837 2843 pec-

2200 2870 2346 2930 cata,
2379 2866 2730 2916 remittuntur
2758 2866 2868 2931 eis;
2920 2870 2969 2915 et
3024 2879 3251 2930 quorum
3298 2868 3661 2928 retinueritis,
3690 2870 3841 2915 retenta

2199 2959 2325 3005 sunt
2356 2954 2547 3022 (Joan.
2595 2969 2686 3019 xx,
2753 2953 2863 3021 2'2).
2917 2953 3064 3021 Ergo
3115 2953 3162 3005 si
3208 2954 3473 3007 remissio
3540 2958 3841 3023 peccatorum

2201 3058 2303 3111 per
2358 3041 2635 3110 Spiritum
2695 3048 2953 3093 sanctum
2986 3042 3392 3107 contribuitur,
3435 3049 3496 3095 et
3555 3044 3661 3097 hoc
3691 3056 3841 3093 munus

2150 3169 2170 3186 η
2201 3130 2476 3197 apostolis
2515 3128 2836 3197 specialiter
2866 3135 3083 3182 constat
3108 3146 3228 3183 esse
3257 3130 3574 3195 donatum;
3616 3131 3732 3201 jure
3752 3132 3844 3181 solis

2203 3218 2483 3288 episcopis
2531 3218 2653 3270 haec
2700 3219 2883 3287 gratia
2942 3224 3282 3283 reservatur,
3333 3236 3481 3289 quos
3542 3221 3602 3272 in
3657 3222 3844 3272 Ecclesia

2203 3312 2424 3359 Constat
2482 3308 2874 3375 apostolorum
2914 3308 3347 3373 successionem,
3409 3312 3463 3360 et
3516 3306 3843 3361 ministerium

2204 3397 2447 3447 sortitos.
2484 3396 2708 3463 Moysen
2740 3411 2968 3465 quoque
3004 3396 3248 3463 legimus
3278 3397 3339 3448 in
3389 3397 3585 3450 Exodo
3630 3400 3792 3449 Aaron
3817 3402 3843 3443 et

2206 3483 2355 3536 filios
2378 3483 2500 3551 ejus
2529 3484 2588 3536 in
2612 3484 2958 3537 sacerdotale
3003 3484 3383 3539 ministerium
3418 3484 3725 3537 chrismate
3764 3496 3843 3532 sane

2206 3578 2296 3624 cto
2348 3572 2700 3641 perunxisse.
2766 3573 2982 3627 Deinde
3035 3588 3197 3642 reges
3259 3578 3316 3625 et
3390 3573 3713 3627 sacerdotes
3757 3572 3843 3623 olea

2208 3666 2401 3713 sancto
2427 3667 2731 3730 perunctos
2752 3662 2810 3715 in
2853 3662 3041 3715 Veteri
3072 3663 3436 3715 Testamento
3464 3678 3574 3731 per
3606 3659 3844 3731 pontifice;

2208 3748 2529 3813 exstitisse;
2562 3767 2703 3819 quos
2735 3756 2957 3804 constat
3000 3752 3242 3821 gessisse
3274 3750 3527 3820 figuram
3584 3750 3701 3803 veri
3744 3746 3843 3815 regii

2211 3843 2381 3907 atque
2458 3839 2746 3892 Pontificis
2822 3840 3049 3893 Domini
3107 3841 3287 3893 nostri
3342 3841 3476 3893 Jesu
3508 3840 3740 3901 Christi;
3798 3852 3843 3887 cu

2210 3926 2507 3980 Psalmista
2532 3928 2815 3997 praecinit,
2848 3929 3077 3982 dicens:
3111 3931 3277 3983 Unatit
3310 3933 3357 3981 te
3395 3931 3557 3995 Deus,
3596 3932 3724 3982 Deus
3751 3932 3843 3978 tuus

2210 4014 2318 4067 oleo
2349 4015 2546 4068 latitia:
2573 4032 2687 4084 prz
2717 4017 3049 4069 consortibus
3073 4019 3181 4070 tuis
3211 4016 3379 4085 (Psal.
3410 4032 3561 4082 xmv,
3600 4018 3675 4083 8).

2283 4104 2515 4158 Constat
2543 4110 2732 4157 autem
2765 4121 2994 4158 omnem
3030 4106 3333 4159 Ecclesiam
3360 4122 3573 4175 corpus
3600 4122 3717 4159 esse
3746 4100 3843 4156 Clin

2210 4192 2300 4252 sti,
2324 4193 2559 4259 etenim,
2587 4184 2845 4246 videlicet
2877 4193 3027 4263 regis
3071 4198 3121 4247 et
3155 4194 3493 4261 Sacerdotis,
3519 4194 3677 4247 unde
3709 4204 3843 4244 omne

2213 4281 2517 4335 Christiani
2547 4298 2727 4351 genus
2784 4298 2982 4335 sumus
3022 4282 3371 4335 sacerdotele
3417 4287 3473 4335 et
3510 4283 3729 4353 regale;
3767 4294 3843 4349 pru

2212 4376 2340 4437 pter
2371 4370 2524 4439 quod
2555 4376 2685 4440 post
2705 4371 2990 4423 lavacrum
3018 4369 3307 4440 angimur,
3332 4376 3396 4423 ut
3426 4370 3642 4424 Christi
3672 4366 3843 4422 nomin

2144 4468 2576 4526 Dcenseamur;
2636 4465 2692 4512 et
2747 4475 2860 4512 non
2913 4460 3021 4513 nisi
3082 4475 3183 4529 per
3236 4458 3561 4528 pontiﬁces,
3610 4476 3643 4511 a
3700 4456 3843 4527 quibu

2211 4562 2375 4615 reges
2433 4552 2489 4599 et
2553 4548 2869 4601 sacerdotes
2925 4547 3287 4617 ungebantur
3334 4547 3396 4601 in
3445 4549 3593 4617 lege.
3645 4548 3705 4601 In
3751 4549 3843 4599 Act

2212 4634 2384 4687 habes
2462 4634 2635 4689 etiam
2706 4638 3116 4706 apostolorum,
3195 4636 3375 4706 quia:
3437 4637 3573 4691 Cum
3631 4634 3843 4688 audisset

2212 4724 2442 4791 apostoli
2467 4726 2563 4791 qui
2600 4730 2753 4778 erant
2792 4726 3198 4791 Hierosolymis,
3249 4727 3381 4791 quia
3423 4728 3628 4793 recepit
3659 4725 3843 4778 Samon

2209 4812 2429 4865 verbum
2459 4814 2574 4877 Dei,
2622 4815 2882 4866 miserunt
2914 4812 2988 4865 ad
3025 4827 3109 4866 eos
3146 4815 3358 4866 Petrum
3406 4817 3455 4865 et
3475 4815 3752 4866 Joannem.
3794 4810 3843 4872 Qt

2209 4912 2327 4951 cum
2357 4902 2644 4963 venissent,
2688 4903 2977 4953 oraverunt
3004 4916 3105 4968 pro
3136 4903 3295 4967 ipsis,
3328 4905 3389 4952 ut
3435 4902 3746 4969 acciperent
3774 4898 3843 4965 Sp;

2210 4990 2378 5040 ritum
2420 4994 2684 5041 sanctum.
2734 4988 2986 5044 Nondum
3038 4992 3179 5041 enim
3229 4991 3285 5041 in
3324 5004 3651 5056 quemquam
3694 4989 3843 5040 illoru:

2210 5082 2449 5141 venerat,
2482 5077 2576 5130 sed
2602 5078 2870 5145 baptizati
2904 5082 3114 5131 tantum
3143 5082 3302 5130 erant
3341 5079 3399 5130 in
3441 5081 3657 5131 nomine
3700 5075 3843 5130 Damit

2209 5165 2351 5217 Iesu.
2392 5167 2538 5218 Tunc
2584 5165 2930 5233 imponebant
2981 5181 3172 5219 manus
3212 5181 3375 5233 super
3407 5167 3551 5233 illos,
3600 5173 3651 5220 et
3679 5164 3843 5232 accipit

2211 5252 2338 5305 bant
2368 5253 2636 5321 Spiritum
2679 5260 2938 5307 sanctum.
2992 5256 3134 5322 (Act.
3190 5270 3306 5317 vui,
3348 5254 3412 5307 14
3460 5260 3511 5308 et
3558 5270 3671 5324 seq.
3709 5267 3720 5316 )
3771 5254 3843 5303 Vlc

2209 5356 2323 5410 qua
2370 5342 2621 5411 primum
2677 5342 2949 5412 baptizati
3004 5343 3233 5396 fuerant
3286 5343 3345 5395 in
3399 5344 3639 5397 nomine
3697 5350 3843 5395 sancti

2206 5430 2517 5494 Trinitatis,
2553 5431 2705 5500 quod
2736 5436 2821 5484 est
2864 5432 2921 5483 in
2958 5431 3192 5483 nomine
3239 5430 3472 5483 Domini
3516 5432 3682 5495 Jesu;
3731 5433 3837 5497 siqu

2209 5518 2338 5571 dem
2393 5520 2563 5570 totius
2610 5520 2898 5572 Trinitatis
2939 5519 3221 5572 invocatio
3262 5519 3320 5571 in
3380 5520 3620 5573 nomine
3682 5515 3843 5572 Domit

2205 5605 2337 5657 Jesu
2368 5606 2715 5658 continetur.
2762 5607 2871 5659 Nec
2894 5611 3086 5659 tamen
3130 5607 3313 5660 adhuc
3342 5612 3684 5676 acceperant
3729 5606 3839 5673 Spir

2207 5698 2330 5745 tum
2353 5699 2633 5746 sanctum.
2671 5695 2869 5749 Postea
2892 5711 3019 5748 vere
3051 5710 3255 5748 manus
3276 5695 3709 5765 imponentibus
3735 5707 3843 5761 supt
