3890 6230
102 362 189 415 333
1081 364 1353 419 CONTRA
1392 363 1797 421 GRJ‘ICORUM
1837 364 2191 419 OPPOSITA.
2225 394 2283 402 -—
2318 365 2444 418 LIB.
2488 363 2571 419 ιν.

3487 370 3589 427 33i-

102 515 185 551 eos
236 497 533 567 apostolis,
594 503 938 569 acceperunt
990 498 1264 569 Spiritum
1316 504 1595 554 sanctum.
1647 500 1783 564 Quae
1822 505 1860 554 A
1896 500 2205 553 cidentales
2261 500 2532 571 episcopi,
2585 503 2867 571 majorum
2914 512 3215 575 sequentes
3263 507 3586 564 institutio-

100 588 265 641 forma
297 592 559 639 servatur
605 588 889 658 hodieque
930 588 987 641 in
1030 589 1292 653 Ecclesia,
1329 594 1392 641 ut
1425 590 1785 660 baptizentur

99 677 311 746 quidem
359 676 563 729 ﬁdeles
600 693 703 745 per
747 678 1129 747 presbyteros,
1164 678 1347 745 gratia
1378 694 1511 730 vero
1540 679 1783 748 Spiritus

98 764 257 817 sancti
289 780 395 833 per
433 764 870 833 impositionem
910 782 1187 818 manuum
1231 766 1516 819 tribuatur
1554 767 1624 820 ab
1663 768 1783 836 epi-

96 852 296 920 scopis:
333 852 494 920 quod
546 858 679 906 tunc
725 854 809 913 tit,
845 855 1075 923 quando
1110 855 1325 907 frontes
1360 854 1779 925 baptizatorum

96 940 381 992 chrismate
415 946 609 993 sancto
645 941 928 994 liniuntur
954 941 1022 995 ab
1055 942 1353 1012 episcopis.

157 1028 290 1081 Item
346 1028 411 1081 in
477 1029 692 1083 eisdem
754 1030 943 1082 Actis:
999 1030 1226 1083 Factum
1288 1035 1366 1084 est
1425 1037 1602 1084 autem
1662 1047 1781 1085 cum

96 1118 271 1183 Apollo
322 1124 463 1170 esset
522 1118 790 1185 Corinthi,
850 1123 899 1170 et
964 1120 1186 1184 Paulus,
1247 1122 1563 1188 peragratis
1621 1136 1777 1188 supe-

94 1206 312 1258 rioribus
342 1208 625 1274 partibus,
658 1209 861 1260 veniret
898 1208 1188 1276 Ephesum,
1231 1212 1281 1259 et
1324 1210 1588 1260 inveniret
1620 1222 1778 1276 quos-

92 1293 206 1345 dam
236 1293 564 1361 discipulos,
615 1295 762 1347 dirit
806 1295 879 1348 ad
925 1310 1046 1348 eos:
1100 1296 1161 1349 Si
1210 1295 1484 1363 Spiritum
1532 1299 1779 1349 sanctum

94 1384 360 1449 accepistis
426 1383 738 1436 credentes?
787 1384 865 1437 At
911 1385 997 1436 illi
1044 1384 1303 1437 diceerunt
1349 1385 1423 1437 ad
1473 1401 1621 1438 eum:
1675 1384 1779 1439 Sed

92 1486 243 1537 neque
291 1474 343 1524 si
397 1472 643 1540 Spiritus
691 1477 909 1525 sanctus
960 1476 1056 1538 est,
1106 1472 1438 1527 audivimus.
1496 1474 1590 1525 Ille
1653 1488 1776 1525 vero

92 1562 199 1610 ait:
242 1560 299 1611 In
350 1576 458 1627 quo
507 1577 631 1627 ergo
679 1561 949 1629 baptizati
993 1564 1160 1614 estis?
1218 1562 1321 1626 Qui
1366 1562 1662 1614 dixerunt:
1716 1564 1774 1614 In

90 1646 310 1699 Joannis
372 1648 719 1716 baptismate.
783 1652 938 1702 Dixit
1004 1656 1181 1702 autem
1246 1650 1484 1703 Paulus:
1547 1652 1774 1701 Joannes

95 1734 377 1801 baptizavit
430 1736 700 1803 baptismo
753 1740 1083 1805 pauitantia:
1136 1740 1417 1806 populum,
1486 1737 1667 1791 dicens
1717 1741 1774 1790 in

92 1839 194 1875 eum
224 1826 320 1890 qui
346 1829 609 1877 tenturus
640 1831 775 1877 esset
804 1831 923 1893 post
952 1828 1129 1893 ipsum
1160 1830 1220 1878 ut
1249 1825 1541 1892 crederent,
1575 1827 1669 1879 hoc
1699 1834 1773 1878 est

93 1912 141 1961 in
164 1912 357 1963 Jcsum.
394 1914 495 1966 His
523 1914 749 1979 auditis,
782 1914 1049 1981 baptizati
1082 1920 1207 1968 sunt
1238 1917 1291 1967 in
1322 1918 1532 1968 nomine
1567 1918 1778 1969 Domini

91 2000 216 2051 Iesu.
258 2002 331 2053 Et
373 2016 496 2053 cum
556 2003 897 2069 imposuisset
962 2005 1072 2056 illis
1120 2019 1313 2057 manus
1359 2005 1579 2069 Paulus,
1635 2008 1775 2057 venit

93 2103 237 2155 super
265 2103 350 2141 eos
401 2090 645 2157 Spiritus
691 2097 942 2155 sanctus;
975 2098 1024 2145 et
1068 2092 1423 2159 loquebantur
1461 2093 1685 2159 linguis,
1727 2097 1775 2144 et

94 2176 476 2243 prophetabant
506 2176 657 2247 (Act.
690 2195 805 2243 χιχ,
856 2183 873 2232 1
922 2184 971 2231 et
1018 2181 1174 2247 seq.)
1208 2180 1274 2233 Et
1305 2180 1396 2233 hic
1445 2180 1601 2234 vides
1642 2182 1776 2250 quia

98 2264 282 2317 Paulus
319 2281 439 2318 non
484 2266 861 2335 baptizaverit
889 2283 1005 2334 eos,
1049 2270 1144 2321 sed
1184 2268 1417 2337 jusserit
1462 2269 1764 2339 baptizari.

98 2352 383 2421 Baptizatis
450 2359 643 2407 autem
712 2371 915 2409 manus
980 2358 1187 2410 Paulus
1232 2357 1538 2427 imposuit;
1594 2363 1651 2410 et
1699 2358 1776 2411 ita

94 2440 303 2494 demum
341 2443 499 2495 venit
544 2460 719 2512 super
749 2460 844 2497 eos
894 2445 1135 2515 Spiritus
1183 2451 1436 2499 sanctus.
1498 2447 1777 2499 Docemur

96 2528 251 2596 igitur
280 2531 554 2600 baptismi
586 2532 828 2602 gratiam
872 2550 974 2603 per
1017 2534 1385 2604 presbyteros
1427 2550 1591 2603 posse
1634 2550 1774 2587 con-

95 2616 271 2684 tribui,
315 2619 534 2673 donum
577 2637 710 2674 vero
758 2621 1002 2691 Spiritus
1041 2622 1240 2687 sancti,
1299 2623 1451 2693 quod
1501 2623 1778 2676 tribuitur

93 2720 182 2772 per
214 2722 491 2760 manuum
524 2708 977 2779 impositionem,
1021 2711 1251 2780 quando
1280 2711 1495 2764 frontes
1522 2711 1771 2781 baptiza-

93 2798 261 2846 torum
308 2795 619 2849 chrismate
651 2802 846 2849 sancto
879 2798 1181 2864 liniuntur,
1214 2815 1331 2852 non
1374 2799 1483 2853 nisi
1515 2816 1618 2869 per
1648 2800 1772 2870 epi-

94 2898 269 2951 scopos
300 2900 471 2953 posse
500 2886 840 2954 promereri.

156 2973 213 3025 Et
252 2989 456 3027 revera
488 2974 638 3027 inter
668 2974 984 3028 sacerdotes
1014 2979 1069 3028 et
1115 2976 1415 3045 episcopos
1451 2976 1776 3031 differentia

98 3079 192 3114 non
237 3078 417 3131 parva
460 3063 738 3117 consistit.
792 3064 1123 3118 Sacerdotes
1168 3080 1440 3135 namque,
1491 3065 1636 3119 sicut
1682 3083 1771 3119 re-

96 3150 215 3219 liqui
254 3151 468 3219 gradus
503 3151 887 3217 ecclesiastici,
938 3169 1039 3222 per
1069 3152 1469 3223 episcoporum
1514 3155 1773 3209 ministe-

97 3240 227 3291 rium
272 3246 710 3305 consecrantur;
766 3248 822 3293 at
871 3241 1123 3311 episcopi
1160 3258 1276 3295 non
1307 3259 1339 3294 a
1388 3243 1774 3297 sacerdotibus

96 3326 511 3381 benedicuntur.
566 3328 679 3398 Ipsi
729 3345 959 3399 quoque
1000 3336 1258 3383 sanctum
1292 3330 1539 3384 chrisma
1567 3332 1773 3384 sancti-

96 3412 267 3479 licant,
301 3420 361 3469 et
392 3417 585 3473 oleum
618 3422 989 3469 consecrant:
1025 3418 1328 3488 omnisque
1362 3419 1573 3488 gradus
1604 3420 1773 3471 eccle-

96 3503 331 3557 siasticus
369 3505 607 3557 illorum
643 3504 1018 3574 dispositione
1048 3507 1362 3576 peragitur.
1397 3507 1555 3572 Quod
1588 3509 1774 3561 consi-

95 3592 335 3647 derantes
409 3594 773 3647 ecclesiastici
848 3594 975 3660 viri,
1042 3600 1365 3648 statuerunt
1433 3601 1495 3649 ut
1559 3596 1773 3650 frontes

95 3680 497 3750 baptizatorum
547 3698 664 3735 non
712 3698 743 3734 a
803 3682 1170 3752 presbyteris,
1223 3683 1318 3736 sed
1378 3683 1448 3736 ab
1494 3684 1774 3754 episcopis

95 3770 380 3824 chrismate
431 3775 625 3824 sancto
674 3770 997 3823 linirentur.
1050 3772 1209 3825 Sicut
1238 3770 1308 3825 de
1351 3778 1543 3825 sancto
1592 3773 1769 3826 Silve-

96 3862 193 3909 stro
244 3858 307 3911 in
370 3859 553 3912 Gestis
605 3858 929 3929 apostolicis
979 3859 1188 3929 legitur
1243 3859 1385 3925 (Lib.
1440 3862 1772 3925 Pontiﬁcalis

98 3948 298 4000 Damasi
340 3950 547 4015 papae),
610 3947 703 4000 ubi
767 3947 845 3999 sic
896 3948 1170 4017 scriptum
1221 3947 1545 4001 invenitur:
1597 3969 1618 3997 ι
1676 3949 1775 4003 llic

99 4035 376 4088 constituit
424 4040 487 4087 nt
526 4034 772 4087 chrisma
801 4035 872 4087 ab
907 4035 1174 4105 episcopo
1219 4035 1527 4102 efﬁciatur;
1570 4046 1625 4089 et
1658 4038 1772 4106 pri-

98 4123 350 4192 vilegium
382 4124 457 4177 sit
479 4124 778 4193 episcopis.
813 4128 873 4177 ut
900 4124 1218 4192 baptizatos
1245 4124 1549 4177 chrismate
1580 4130 1772 4178 sancto

97 4212 437 4281 consignent,
504 4217 743 4281 propter
790 4212 1115 4265 hmreticam
1173 4212 1688 4267 insimulationem.
1742 4235 1769 4261 n

99 4298 219 4352 Hinc
274 4300 451 4353 etiam
501 4300 866 4353 Innocentius
915 4316 1063 4371 papa
1116 4300 1175 4353 in
1223 4301 1339 4353 suis
1390 4301 1774 4354 Decretalibus

99 4386 187 4439 hoc
232 4388 405 4440 modo
458 4387 713 4441 decernit
758 4390 939 4456 (epist.
997 4392 1042 4451 1,
1094 4404 1217 4458 cap.
1268 4390 1344 4457 3).
1389 4410 1417 4438 ρ’
1466 4390 1543 4442 De
1586 4389 1770 4441 consi-

98 4475 316 4542 gnandis
336 4476 655 4529 infantibus
687 4476 1052 4530 manifestum
1074 4482 1177 4543 est,
1212 4493 1324 4530 non
1357 4477 1425 4531 ab
1456 4477 1567 4530 alio
1601 4493 1773 4547 quam

100 4563 152 4615 ab
187 4564 454 4634 episcopo
502 4565 629 4617 ﬁeri
678 4566 867 4619 licere.
914 4567 1055 4618 Nam
1103 4566 1443 4635 presbyteri,
1489 4565 1620 4619 licet
1663 4567 1776 4620 sint

100 4655 417 4719 sacerdotes,
450 4652 819 4723 pontiﬁcatus
848 4658 1044 4708 tamen
1087 4653 1307 4723 apicem
1337 4670 1453 4707 non
1483 4653 1713 4707 habent.
1744 4672 1771 4704 ι)

101 4739 193 4793 Hoc
239 4748 432 4795 autem
482 4741 850 4811 pontilicibus
900 4742 1033 4795 solis
1082 4742 1296 4805 deberi,
1333 4747 1397 4794 ut
1440 4743 1527 4795 vel
1579 4741 1773 4795 consi-

99 4833 269 4894 gnent,
300 4830 390 4882 vel
414 4829 768 4899 paracletum
790 4829 1067 4899 Spiritum
1098 4834 1357 4882 sanctum
1382 4830 1627 4894 tradant,
1662 4846 1776 4882 non

98 4916 254 4970 solum
304 4918 664 4972 consuetudo
713 4918 1095 4972 ecclesiastica
1143 4918 1521 4985 demonstrat,
1576 4934 1776 4971 verum

101 5004 180 5056 illa
207 5006 373 5059 lectio
397 5009 645 5059 Actuuin
679 5007 1098 5075 apostolorum,
1141 5023 1271 5076 quas
1311 5006 1511 5060 asserit
1544 5008 1775 5061 Petrum

101 5100 145 5145 et
182 5095 462 5148 Joannem
513 5111 634 5149 esse
682 5095 949 5161 directos,
996 5095 1095 5166 qui
1132 5096 1253 5165 jam
1312 5095 1611 5166 baptizatis
1660 5099 1775 5147 tra-

104 5181 216 5235 dant
252 5184 531 5253 Spiritum
566 5189 845 5235 sanctum.
892 5184 1033 5236 Nam
1082 5182 1437 5252 presbyteris
1475 5199 1575 5235 seu
1623 5188 1777 5235 extra

104 5270 434 5341 episcopum,
483 5288 584 5324 seu
619 5276 900 5340 praesente
947 5270 1241 5340 episcopo,
1282 5287 1411 5324 cum
1458 5270 1772 5340 baptizant,

106 5359 386 5413 chrismate
444 5360 763 5429 baptizatos
835 5375 1051 5429 ungere
1111 5359 1266 5424 licet,
1335 5360 1431 5411 sed
1498 5359 1649 5428 quod
1705 5360 1776 5413 ab

107 5448 342 5517 episcopo
404 5449 579 5502 fuerit
632 5453 1052 5514 consecratum;
1120 5463 1235 5501 non
1289 5452 1483 5500 tamen
1526 5446 1773 5500 frontem

106 5537 280 5590 eodem
335 5538 462 5591 oleo
523 5537 772 5607 signare,
826 5536 982 5606 quod
1020 5536 1154 5589 solis
1208 5535 1448 5589 debetur
1498 5534 1776 5604 episcopis

109 5637 217 5678 cum
256 5626 497 5680 tradunt
546 5624 825 5694 Spiritum
857 5624 1227 5693 paracletum.
1278 5623 1419 5676 Hinc
1450 5638 1648 5675 omnes
1678 5622 1776 5675 0c-

1896 606 2044 651 nem,
2089 606 2384 659 sumpsere
2432 593 2902 647 consuetudinem
2959 602 3021 649 ut
3077 596 3291 650 frontes
3332 599 3589 669 baptiza-

1892 683 2083 731 torum
2120 679 2425 732 chrismate
2459 678 2697 734 liniendi
2730 698 2842 735 non
2875 685 3221 753 presbyteris
3250 690 3586 756 concedant,

1892 768 1989 820 sed
2040 767 2405 838 privilegium
2451 769 2558 822 sibi
2603 776 2936 823 reservent:
2986 789 3099 826 non
3151 781 3343 828 autem
3396 777 3584 845 ipsum

1891 855 2135 908 chrisma
2164 858 2332 926 (quod
2361 859 2719 911 mentiuntur
2740 860 2940 927 Graeci)
2975 861 3043 914 de
3066 861 3222 915 fonte
3253 864 3583 931 conﬁciunt,

1891 944 1989 997 sed
2029 961 2095 997 ex
2146 962 2310 997 succo
2362 946 2620 1011 balsami,
2673 948 2758 999 vel
2802 947 2965 1000 oliva:
3016 949 3277 1019 liquore:
3323 953 3476 1022 quod
3524 954 3588 1006 ﬁt

1890 1048 2005 1085 non
2055 1034 2237 1086 solum
2288 1051 2320 1087 a
2383 1035 2610 1100 Grircis,
2663 1052 2863 1089 verum
2919 1037 2990 1092 ab
3042 1038 3319 1092 universis
3379 1042 3584 1095 Christi

1892 1122 2171 1175 Ecclesiis.

2530 1214 2759 1266 CAPUT
2800 1214 2940 1267 VIII.

1889 1318 2122 1389 Romano
2179 1320 2425 1385 pontiﬁci
2487 1321 2865 1385 patriarcham
2913 1320 3013 1375 CP.
3084 1324 3348 1389 praeferre
3417 1338 3582 1376 cona—

1959 1387 2157 1439 bantur
2206 1391 2551 1456 imperatores
2602 1392 2798 1444 Graeci.
2839 1387 3098 1445 Ecclesia
3115 1394 3352 1447 Romana
3405 1410 3583 1448 omnes

1952 1458 2092 1511 alias
2123 1458 2389 1524 dignitate
2416 1462 2695 1528 praecellit.

1956 1563 2063 1617 Sed
2116 1564 2494 1617 criminantur
2551 1566 2702 1619 istud
2775 1566 2936 1632 falso,
2996 1567 3141 1620 sicut
3197 1574 3255 1621 et
3314 1569 3382 1621 de
3442 1572 3577 1639 agni

1885 1652 2351 1719 consecratione;
2405 1669 2628 1706 necnon
2677 1654 2831 1724 quod
2886 1662 3158 1724 arguunt,
3216 1657 3411 1709 levitas
3458 1660 3578 1728 epi-

1887 1755 2085 1808 scopos
2125 1740 2268 1804 ﬁeri,
2322 1740 2669 1809 presbyterii
2717 1743 2895 1810 gradu
2945 1759 3059 1795 non
3113 1744 3271 1813 prius
3317 1753 3581 1814 accepto;

1889 1842 2004 1879 non
2032 1832 2364 1896 reputantes
2396 1830 2551 1897 quod
2598 1829 2656 1881 in
2706 1829 2925 1881 czeteris
2957 1830 3068 1883 sibi
3112 1832 3345 1886 demant
3388 1839 3583 1885 aucto-

1886 1916 2115 1968 ritatem
2172 1915 2327 1982 ﬁdei,
2378 1916 2845 1987 quandoquidem
2902 1917 2958 1969 in
3018 1918 3140 1971 istis
3192 1924 3307 1971 tam
3356 1920 3582 1972 eviden-

1884 2006 1970 2056 ter
2022 2004 2417 2056 mentiuntur:
2472 2021 2586 2057 non
2644 2012 2903 2058 verentes
2956 2007 3108 2076 quod
3153 2007 3397 2076 Spiritus
3446 2025 3579 2059 san-

1884 2098 2006 2144 ctus
2033 2092 2317 2161 loquitur:
2380 2092 2577 2145 Virum
2618 2096 2945 2159 sanguinum
2988 2100 3038 2147 et
3081 2095 3320 2149 dolosum
3368 2096 3578 2150 abomi-

1883 2181 2106 2234 nabitur
2159 2183 2415 2234 Dominus
2471 2182 2635 2249 (Psal.
2693 2198 2743 2234 γ,
2799 2184 2869 2249 7).
2918 2184 3001 2247 Et,
3040 2184 3235 2237 Perdes
3265 2199 3442 2237 omnes
3485 2188 3581 2251 qui

1885 2273 2176 2340 loquuntur
2204 2271 2540 2324 mendacium
2572 2271 2777 2340 (Ibid).
2816 2273 2879 2324 Et
2922 2272 2978 2324 in
3010 2273 3347 2326 Salomone:
3385 2274 3579 2327 Falsus

1885 2362 2033 2412 testis
2083 2375 2186 2411 non
2217 2362 2319 2411 erit
2351 2362 2648 2428 impunitus
2700 2362 2877 2427 (Prov.
2917 2376 3033 2425 XIX,
3193 2360 3354 2424 Quod
3386 2367 3576 2413 autem

1883 2448 2233 2515 redarguunt
2273 2448 2500 2500 levitam
2542 2447 2876 2517 episcopum
2922 2448 3263 2513 consecrari,
3316 2465 3418 2501 cur
3464 2465 3576 2501 non

1883 2540 2083 2588 contra
2114 2551 2171 2587 se
2201 2535 2417 2588 dictum
2448 2535 2766 2601 advertunt,
2803 2536 2903 2604 qui
2938 2536 3006 2589 de
3034 2536 3190 2589 laicis
3222 2536 3411 2589 subito
3444 2542 3575 2588 ton-

1884 2623 1960 2677 sis
2008 2623 2227 2677 faciunt
2256 2623 2575 2693 episcopos,
2624 2630 2826 2676 contra
2873 2625 3097 2693 regulas
3143 2624 3570 2691 ecclesiasticas,

1884 2718 1941 2766 et
1973 2713 2294 2782 imperialia
2333 2712 2598 2767 decreta?
2637 2712 2933 2782 Siquidem
2968 2712 3239 2782 prohibet
3274 2713 3580 2783 Apostolus

1886 2803 1927 2871 (ι
1961 2803 2097 2853 Tim.
2146 2817 2225 2862 ιιι,
2276 2800 2327 2868 6)
2368 2801 2724 2869 neopliytum
2774 2800 3101 2870 episcopum
3140 2800 3284 2854 ﬁeri.
3319 2800 3575 2854 Justinus

1884 2905 2112 2959 quoque
2161 2889 2471 2957 imperator
2517 2889 2576 2941 in
2626 2888 3018 2941 ecclesiasticis
3072 2889 3579 2942 constitutionibus

1885 2978 2113 3047 (novella
2150 2978 2205 3045 6,
2259 2992 2381 3045 cap.
2423 2981 2466 3039 1,
2506 2976 2608 3029 sub
2657 2976 2829 3047 init.),
2871 2976 2948 3029 ita
2987 2976 3277 3029 decernit:
3316 2998 3337 3025 ι
3386 2977 3580 3047 Neque

1884 3082 1949 3118 ex
1971 3065 2112 3117 laico
2145 3065 2337 3117 statim
2361 3065 2431 3117 ad
2459 3065 2847 3134 episcopatum
2870 3064 3177 3118 ascendere
3201 3065 3368 3119 licet:
3394 3080 3580 3134 neque

1882 3154 2179 3207 clericatus
2227 3153 2506 3206 honorem
2552 3153 2720 3206 simul
2753 3153 3018 3206 habuisse
3066 3153 3295 3207 sufﬁcit.
3341 3154 3580 3222 Oportet

1883 3247 2074 3296 autem
2126 3259 2259 3295 eum
2292 3241 2393 3312 qui
2433 3241 2731 3312 episcopus
2760 3240 2825 3294 fit
2855 3258 3041 3311 neque
3075 3258 3308 3295 uxorem
3346 3241 3577 3307 habere,

1882 3347 2071 3402 neque
2102 3330 2501 3394 concubinam,
2526 3347 2713 3400 neque
2746 3330 2977 3397 liberos,
3004 3346 3189 3400 neque
3223 3336 3459 3400 nepotes
3483 3346 3579 3383 seu

1884 3421 2197 3489 legitimos,
2246 3435 2342 3471 seu
2386 3419 2607 3487 legibus
2645 3418 2987 3487 incognitas.
3024 3420 3092 3471 Et
3132 3419 3180 3471 si
3210 3419 3340 3488 quis
3385 3415 3579 3472 contra

1882 3509 2003 3561 haec
2035 3508 2251 3570 fecerit,
2293 3511 2347 3559 et
2381 3507 2428 3559 is
2469 3507 2566 3576 qui
2602 3507 2780 3559 factus
2819 3510 2924 3569 est,
2960 3512 3014 3557 et
3047 3507 3092 3558 is
3124 3506 3223 3576 qui
3254 3523 3385 3559 eum
3427 3507 3575 3573 fecit,

1882 3594 2243 3663 episcopatus
2289 3595 2607 3664 expellatur
2653 3595 2887 3648 honore.
2942 3595 3053 3647 Nec
3110 3594 3278 3647 liceat
3320 3595 3577 3664 pecunia:

1880 3682 2115 3736 datione
2142 3683 2474 3752 episcopum
2504 3682 2647 3735 ﬁeri.
2680 3684 2810 3735 Esse
2840 3687 3030 3735 autem
3063 3687 3291 3750 oportet
3320 3699 3452 3736 eum
3479 3684 3579 3752 qui

1882 3771 2181 3841 episcopus
2208 3771 2271 3823 tit
2300 3770 2387 3823 vel
2420 3770 2787 3834 monachum,
2819 3771 2903 3821 vel
2937 3769 3205 3822 clericum
3236 3786 3249 3822 :
3282 3769 3360 3822 ita
3386 3775 3578 3823 tamen

1880 3863 1945 3911 ut
1976 3875 2090 3911 non
2124 3858 2313 3910 minus
2333 3874 2425 3911 sex
2458 3857 2750 3910 mensibus
2771 3863 3045 3926 appareat
3066 3873 3198 3910 eum
3220 3857 3280 3910 in
3311 3858 3579 3911 clericatu

1881 3946 2076 4011 fuisse,
2112 3965 2137 3994 »
2171 3951 2271 3998 etc.
2306 3945 2572 3998 Videmus
2595 3961 2706 3998 non
2734 3946 2917 4003 solum
2944 3944 3353 4011 ecclesiasticis,
3380 3961 3578 3999 verum

1882 4035 2053 4088 etiam
2108 4034 2505 4103 imperialibus
2554 4033 2774 4090 obviari
2824 4033 3347 4099 constitutionibus,
3401 4040 3465 4088 ut
3514 4051 3576 4087 ex

1886 4124 2025 4177 laico
2054 4122 2245 4176 statim
2275 4122 2344 4176 ad
2367 4122 2729 4192 episcopatus
2762 4123 3039 4175 honorem
3070 4122 3277 4192 aliquis
3318 4140 3578 4177 assuma-

1882 4217 1993 4278 tur,
2038 4228 2167 4265 cum
2196 4211 2403 4264 debeat
2440 4210 2601 4280 prius
2632 4210 2691 4263 in
2730 4211 2971 4264 Ecclesia
3003 4211 3254 4280 probari,
3290 4216 3343 4265 et
3372 4228 3575 4265 secun-

1883 4300 2021 4354 dum
2079 4299 2456 4353 ecclesiastica
2510 4298 2819 4352 constituta
2874 4300 3095 4365 doceri;
3145 4306 3429 4370 quatenus
3493 4302 3584 4354 via

1814 4396 1853 4447 ι)
1886 4389 2044 4459 regia
2066 4405 2167 4459 per
2198 4388 2480 4458 graduum
2508 4388 2921 4442 successionem
2944 4390 3352 4455 conscendens,
3374 4390 3583 4459 dignus

1884 4478 2209 4530 inveniatur
2237 4476 2447 4529 summi
2484 4477 2750 4529 culminis
2798 4477 3015 4547 apicem
3052 4478 3332 4531 obtinere.
3374 4480 3580 4531 Verum

1884 4566 2214 4619 Graecorum
2268 4566 2666 4634 imperatores,
2718 4571 2835 4619 tam
2886 4566 3082 4619 divina
3122 4582 3294 4635 quam
3331 4567 3579 4619 humana

1878 4654 2013 4723 jura
2074 4654 2582 4723 transgredientes,
2635 4655 2853 4708 faciunt
2906 4654 3011 4707 sibi
3065 4655 3132 4707 de
3192 4654 3347 4706 laicis
3396 4654 3579 4707 subito

1884 4743 2062 4796 tonsis
2093 4742 2411 4812 episcopos,
2461 4750 2518 4795 et
2556 4760 2652 4796 eos
2692 4742 2791 4812 qui
2824 4742 3076 4795 nondum
3107 4742 3332 4794 minimi
3369 4742 3580 4811 gradus

1884 4832 2166 4884 honorem
2200 4830 2360 4899 digni
2405 4830 2699 4899 percipere
2750 4830 3001 4893 fuerant,
3049 4829 3261 4881 summi
3310 4829 3579 4883 culminis

1884 4920 2095 4973 vertice
2142 4920 2481 4972 sustollunt:
2541 4925 2595 4971 et
2640 4917 2776 4970 talia
2835 4922 3097 4986 gerentes
3141 4934 3256 4970 non
3315 4923 3581 4971 verentur

1885 5008 2092 5063 Christi
2128 5008 2429 5060 Ecclesiam
2464 5006 2822 5067 calumniari,
2856 5006 2994 5058 falsa
3015 5021 3119 5075 pro
3153 5006 3300 5059 veris
3334 5006 3579 5077 loquen-

1884 5102 1988 5159 tes,
2032 5111 2136 5165 pro
2172 5095 2351 5147 nihilo
2382 5094 2649 5147 ducentes
2682 5093 2831 5162 quod
2866 5094 3125 5147 Salvator
3162 5094 3243 5148 ait
3292 5095 3352 5148 in
3398 5096 3579 5149 Evan-

1886 5185 2065 5254 gelio:
2105 5183 2209 5247 Qui
2237 5180 2697 5235 scandalizaverit
2728 5196 2893 5233 unum
2935 5181 2999 5234 de
3041 5184 3263 5250 pusillis
3313 5185 3436 5236 istis
3487 5187 3583 5252 qui

1884 5275 1942 5325 in
1969 5286 2048 5323 me
2080 5269 2323 5335 credunt,
2358 5268 2579 5337 expedit
2605 5270 2654 5321 ei
2684 5274 2743 5321 ut
2762 5268 3133 5337 suspendatur
3164 5272 3303 5323 mola
3332 5273 3581 5323 asinaria

1886 5360 2015 5413 collo
2043 5357 2179 5423 ejus,
2212 5363 2262 5409 et
2309 5356 2653 5421 demergatur
2681 5358 2740 5409 in
2769 5356 3109 5425 profundum
3148 5361 3316 5412 maris
3340 5358 3573 5423 (Matth.

1885 5460 2040 5506 xvui,
2093 5443 2165 5510 6).
2206 5445 2271 5497 Ut
2317 5460 2484 5512 paena
2517 5444 2715 5497 mortis
2760 5446 2821 5497 in
2862 5461 2958 5498 eos
2989 5445 3256 5509 vindicet,
3295 5451 3351 5499 et
3395 5446 3579 5499 ﬂucti-

1885 5533 1989 5587 bus
2038 5531 2377 5601 perditionis
2425 5532 2860 5602 absorbeantur,
2912 5550 3055 5605 quos
3096 5533 3341 5588 Charitas
3387 5534 3581 5587 timori

1885 5624 2077 5674 sancto
2112 5636 2226 5673 non
2259 5620 2391 5673 fecit
2420 5637 2541 5673 esse
2574 5622 2875 5691 subjectos.
