3890 6230
314 419 415 471 3335

1473 416 1704 470 RA'l‘RA
1718 417 1832 470 MNI
1877 415 2332 472 CORBEIENSIS
2372 414 2682 472 MONACIII

3713 422 3792 472 336

406 552 510 607 Sed
550 552 697 606 unde
726 553 856 605 talis
878 552 1073 605 innata
1104 551 1176 604 sit
1198 552 1596 620 praesumptio,
1628 556 1692 604 ut
1715 553 2029 604 Romanam
2071 551 2302 620 Ajectis
2355 551 2459 605 sibi
2511 567 2612 622 per
2653 552 2828 604 totius
2883 552 3035 605 orbis
3078 551 3442 605 latitudinem
3487 552 3684 605 Christi
3726 555 3795 606 Ec-

336 658 447 693 non
481 646 784 694 vereantur
818 640 1119 694 Ecclesiam
1171 639 1324 692 falsis
1367 643 1639 710 oppetere
1681 639 2030 692 criminatio-

334 729 540 784 nibus?
562 729 841 783 Nimirum
863 728 1016 794 inde,
1051 728 1200 798 quod
1221 728 1304 780 sui
1343 743 1664 780 mensuram
1698 728 2028 797 ignorantes

335 823 534 882 status,
586 818 852 872 ambiunt
909 817 1014 870 sibi
1062 817 1349 870 vindicare
1396 817 1802 886 principatum,
1855 833 2026 888 quem

335 923 437 960 nec
470 905 726 960 Christus
765 905 864 971 eis,
909 921 1011 958 nec
1044 904 1304 974 apostoli,
1341 920 1442 958 nec
1481 904 1853 958 Ecclesiarum
1907 921 2026 958 ma-

334 995 516 1064 gistri,
587 1010 689 1047 nec
755 995 870 1047 ulla
941 994 1294 1046 consuetudo
1339 992 1671 1058 contribuit,
1721 993 1815 1047 sed
1873 993 2028 1046 illius

334 1083 653 1136 imitatores
703 1081 906 1147 effecti,
941 1081 1039 1152 qui
1071 1080 1293 1134 dicebat
1337 1081 1395 1132 in
1426 1081 1593 1134 corde
1624 1097 1725 1133 suo
1753 1098 1765 1134 :
1819 1086 2026 1135 Ascen-

335 1171 462 1224 dam
500 1186 661 1239 super
705 1171 1050 1222 altitudinem
1092 1169 1339 1236 nubium,
1388 1175 1436 1221 ct
1487 1184 1649 1237 super
1685 1168 1870 1222 sidera
1905 1172 2028 1224 σα»ζί

335 1260 585 1313 eaaltabo
628 1260 818 1312 solium
849 1274 1019 1311 meum
1047 1272 1059 1310 :
1088 1273 1284 1327 ponam
1313 1272 1478 1325 super
1505 1257 1851 1310 altitudinem
1877 1274 2027 1311 mon-

336 1349 492 1406 tium.
560 1353 610 1401 et
663 1350 720 1400 in
773 1348 1036 1402 lateribus
1102 1347 1393 1414 Aquilonis
1440 1346 1615 1399 sedem
1658 1361 1849 1399 meam.
1910 1348 2027 1400 Ero

332 1437 528 1487 similis
577 1436 858 1489 Altissimo
904 1436 1033 1504 (lsa.
1083 1451 1193 1501 xxv,
1254 1436 1337 1498 l3,
1386 1433 1492 1502 14).
1537 1433 1683 1497 Quid
1731 1435 1886 1487 enim
1934 1434 2027 1487 isti

332 1522 655 1576 Graecorum
680 1523 967 1592 principes
991 1523 1146 1576 aliud
1172 1522 1474 1575 altitudine
1493 1521 1678 1575 cordis
1696 1521 1782 1574 sui
1807 1522 2024 1588 dicunt,

331 1610 430 1680 qui
464 1611 721 1664 Ecclesia
752 1611 858 1664 sibi
889 1611 1277 1681 principatum
1308 1615 1607 1679 usurpant,
1651 1613 1705 1662 et
1749 1609 2029 1679 apostolo-

333 1715 458 1752 rum
503 1700 913 1753 sublimitatem
965 1699 1130 1769 (quos
1175 1699 1350 1752 Isaias
1376 1685 1661 1769 propheta
1711 1698 1891 1751 nubes
1929 1713 2025 1748 vo-

330 1788 512 1840 lantes
543 1787 816 1857 appellat)
847 1787 953 1841 sibi
982 1787 1303 1841 vindicant:
1340 1787 1632 1856 cupientes
1673 1787 1877 1839 solium
1911 1803 2025 1838 sum

330 1875 626 1945 dignitatis
666 1891 841 1945 super
886 1879 1036 1928 astra
1077 1875 1203 1928 caeli
1252 1891 1619 1944 componere,
1653 1874 1705 1928 id
1736 1879 1820 1928 est
1866 1875 2024 1927 omni

330 1969 653 2018 sanctorum
701 1964 871 2018 ccetui
915 1963 1206 2034 praeferre,
1253 1968 1308 2016 et
1348 1963 1802 2033 patriarcharum
1853 1979 2022 2016 vene-

329 2053 610 2106 rationem
681 2069 984 2123 usurpare;
1046 2058 1326 2122 quatenus
1390 2053 1547 2105 omni
1605 2051 1847 2106 Ecclesia
1915 2051 2022 2105 sibi

327 2141 578 2210 subjecta
609 2141 833 2196 Christo
875 2140 1090 2196 similes
1142 2139 1500 2195 efﬁciantur:
1551 2157 1680 2194 cum
1717 2141 1877 2194 nulla
1908 2157 2022 2193 ma-

320 2230 515 2299 jorum
548 2230 857 2282 auctoritas
887 2230 995 2283 hoc
1026 2229 1106 2282 eis
1132 2231 1477 2296 contribuat,
1515 2246 1616 2283 nec
1645 2229 2022 2283 ecclesiastica

321 2321 452 2387 jura
475 2319 808 2384 concedant,
833 2334 1028 2372 verum
1064 2335 1166 2371 nec
1195 2319 1462 2372 humanm
1505 2319 1658 2388 leges
1692 2318 1975 2371 ascribant
1994 2320 2023 2370 ‘?

325 2407 460 2470 Quae
491 2411 690 2460 cuncta
722 2406 824 2460 sibi
859 2406 1149 2461 vindicare
1181 2406 1324 2460 velle
1354 2407 1721 2474 potissimum
1749 2422 2022 2475 compro-

325 2496 483 2559 bant,
520 2497 675 2566 quod
716 2495 1103 2565 patriarcham
1149 2494 1846 2565 Constantiuopolitanum
1879 2511 2022 2564 prte-

325 2599 540 2653 ponere
594 2584 851 2637 Romano
893 2583 1150 2652 pontiﬁci
1190 2584 1466 2653 gestiunt,
1520 2588 1573 2636 et
1619 2583 1823 2636 urbem
1870 2583 2017 2636 Con-

326 2671 759 2741 stantinopolim
785 2672 976 2724 Romae
1000 2671 1267 2741 praeferre
1298 2677 1600 2737 conantur,
1624 2676 1901 2742 tanquam
1933 2673 2020 2724 sui

317 2761 467 2831 juris
514 2761 720 2814 existat
775 2761 928 2831 leges
985 2760 1390 2814 ecclesiasticas
1439 2761 1770 2825 immutare,
1826 2765 1882 2813 et
1927 2776 2018 2813 re-

324 2865 570 2920 gnorum
607 2850 824 2918 apicem
859 2849 1186 2918 disponere.

396 2939 718 2992 Meminisse
764 2944 958 2991 tamen
1006 2937 1325 2991 debuerant
1371 2937 1658 2992 Christum
1707 2937 1878 2990 totius
1913 2938 2019 2991 Ec-

323 3027 510 3079 clesiae
552 3032 726 3096 caput
758 3027 1015 3093 existere,
1067 3031 1124 3078 et
1169 3025 1221 3078 ei
1253 3027 1480 3079 Patrem
1523 3041 1629 3094 per
1673 3026 2016 3095 Prophetam

2064 1848 2105 1902 B

2136 640 2341 692 clesiis.

2208 730 2322 782 Hoc
2354 728 2432 781 ita
2455 727 2575 781 fore
2609 733 2664 780 et
2698 728 3010 797 antiquitas
3037 727 3160 798 ipsa
3185 729 3542 799 comprobat,
3577 734 3629 782 et
3678 731 3800 782 litte-

2136 833 2331 869 rarum
2393 816 2750 869 monimenta
2815 816 3178 870 conﬁtentur.
3233 817 3537 888 Siquidem
3585 817 3800 871 Socrates

2137 905 2192 958 in
2227 905 2474 959 Historia
2521 905 2900 958 ecclesiastica
2940 905 3190 958 scribens
3230 906 3298 958 de
3330 907 3582 970 Arianis,
3631 908 3716 976 qui
3755 909 3798 960 in

2135 993 2436 1046 Antiochia
2481 993 2654 1064 Syria:
2685 994 2970 1064 synodum
3018 994 3364 1063 collegerant
3409 996 3482 1048 ad
3520 995 3799 1048 subversio-

2135 1098 2290 1147 nem,
2343 1087 2515 1152 atque
2560 1082 3005 1135 destructionem
3053 1083 3264 1135 Nicasni
3310 1083 3563 1148 concilii,
3611 1089 3664 1135 et
3699 1100 3803 1136 con-

2137 1170 2562 1223 demuatiouem
2593 1170 2914 1235 Athanasii;
2952 1168 3255 1240 postquam
3281 1179 3801 1224 commemoraverat

2136 1259 2428 1328 prmsules,
2458 1275 2705 1329 quorum
2731 1260 3067 1312 auctoritate
3090 1260 3336 1330 synodus
3365 1260 3604 1313 collecta
3633 1260 3800 1318 fuerat,

2136 1347 2466 1417 subjunxit:
2533 1369 2558 1395 ‹‹
2616 1348 2721 1403 Sed
2789 1365 2976 1418 neque
3025 1349 3208 1402 Julius
3262 1349 3527 1402 interfuit
3575 1350 3802 1402 maxime

2138 1437 2330 1489 Romae
2362 1437 2592 1506 praesul,
2639 1453 2826 1506 neque
2868 1437 2923 1489 in
2958 1437 3147 1490 locum
3179 1453 3347 1490 suum
3380 1438 3634 1508 aliquem
3664 1437 3802 1491 desti-

2136 1525 2316 1592 navit;
2369 1540 2498 1578 cum
2543 1525 2742 1594 utique
2798 1525 2999 1595 regula
3055 1526 3436 1579 ecclesiastica
3474 1525 3671 1594 jubeat
3709 1540 3799 1577 non

2136 1619 2398 1682 oportere
2439 1618 2648 1681 praeter
2689 1615 3028 1666 sententiam
3078 1613 3317 1667 Romani
3364 1614 3652 1682 pontificis
3693 1628 3799 1665 con-

2135 1702 2265 1754 cilia
2320 1702 2592 1755 celebrari
2651 1717 2691 1755 a.
2744 1723 2770 1749 ››
2828 1703 2960 1755 Ecce
2999 1701 3108 1754 fuit
3154 1701 3244 1754 hic
3292 1702 3519 1756 Graecus
3564 1702 3801 1754 historio-

2137 1790 2410 1859 graphus,
2463 1807 2564 1843 nec
2622 1795 2812 1843 tamen
2871 1790 3430 1858 Constantinopolim
3485 1790 3626 1843 dicit
3676 1793 3801 1841 tanta

2137 1879 2349 1948 pollere
2401 1879 2742 1932 auctoritate
2785 1879 2957 1932 Veluti
3012 1879 3283 1943 Romam;
3347 1879 3660 1932 testitieans
3707 1880 3803 1929 sine

2135 1968 2375 2021 Romani
2400 1967 2684 2037 pontiﬁcis
2716 1968 2799 2020 vel
2826 1983 3058 2020 assensu
3088 1967 3173 2019 vel
3200 1966 3460 2037 jussione
3484 1967 3644 2019 nulla
3671 1981 3805 2035 posse

2133 2055 2374 2108 concilia
2405 2055 2702 2108 celebrari.

2203 2144 2263 2196 In
2295 2142 2535 2196 concilio
2566 2142 2888 2196 Tardicensi
2938 2146 3081 2212 (cap.
3145 2147 3192 2204 7,
3241 2159 3306 2195 ex
3357 2142 3804 2212 interpretatione

2135 2231 2387 2301 Dionysii
2433 2230 2654 2301 Exigui)
2690 2232 2788 2283 tali
2839 2232 3006 2284 modo
3057 2232 3345 2285 sancitur:
3409 2254 3429 2279 ‹
3494 2231 3724 2296 Placuit,
3756 2236 3802 2282 ut

2131 2320 2176 2373 si
2208 2320 2507 2390 episcopus
2545 2326 2837 2373 accusatus
2876 2320 3068 2382 fuerit,
3114 2325 3170 2373 et
3203 2337 3403 2374 omnes
3447 2320 3805 2388 judicaverint

2130 2408 2462 2478 congregati
2497 2409 2748 2479 episcopi
2780 2409 3032 2478 regionis
3065 2409 3264 2479 ipsius,
3308 2414 3365 2462 et
3400 2409 3469 2462 de
3505 2409 3688 2478 gradu
3716 2424 3798 2460 suo

2133 2513 2265 2550 eum
2299 2497 2647 2566 dejecerint:
2685 2498 2729 2549 si
2761 2497 3135 2568 appellaverit
3166 2496 3265 2567 qui
3296 2497 3552 2566 dejectus
3585 2497 3818 2553 videtur.’

2131 2590 2186 2639 et
2214 2586 2535 2656 confugerit
2580 2586 2644 2639 ad
2680 2586 3073 2639 beatissimum
3110 2586 3368 2639 Ecclesiae
3399 2586 3674 2639 Romanae
3705 2585 3806 2653 epi-

2131 2691 2390 2745 scopum,
2442 2679 2497 2727 et
2536 2675 2782 2729 voluerit
2829 2691 2886 2728 se
2918 2674 3143 2728 audiri:
3177 2674 3225 2727 si
3250 2675 3471 2744 justum
3523 2675 3801 2745 putaverit,

2131 2768 2193 2816 ut
2241 2767 2548 2816 renovetur
2599 2779 2858 2827 examen,
2916 2763 3164 2815 scribere
3219 2762 3505 2832 episcopis
3561 2763 3805 2832 dignetur

2132 2852 2426 2904 Romanus
2460 2852 2761 2921 episcopus
2793 2851 2880 2903 his
2915 2851 3091 2921 quiin
3121 2850 3369 2904 ﬁnitima
3403 2857 3459 2904 et
3501 2852 3805 2922 propinqua

2128 2940 2308 2992 altera
2329 2939 2623 3008 provincia
2653 2943 2806 3008 sunt,
2837 2945 2898 2992 ut
2928 2939 3033 3009 ipsi
3066 2939 3376 3008 diligenter
3405 2940 3606 2993 omnia
3635 2941 3802 3010 requi-

2130 3033 2273 3095 rant,
2305 3032 2368 3081 ut
2408 3027 2569 3098 juxta
2614 3028 2785 3082 ﬁdem
2827 3027 3078 3081 veritatis
3106 3027 3301 3080 omnia
3332 3027 3630 3081 deﬁniant.
3664 3028 3804 3091 Quod

323 3115 572 3169 dixisse:
625 3116 773 3168 Dabo
814 3115 914 3167 tibi
964 3119 1142 3180 gentes
1183 3115 1551 3168 hereditatem
1584 3120 1762 3181 tuam;
1794 3120 1843 3169 et
1886 3130 2020 3184 pos-
2059 3147 2097 3200 Ο
2130 3117 2176 3169 si
2208 3116 2255 3168 is
2301 3116 2400 3186 qui
2450 3121 2613 3187 rogat
2660 3132 2886 3169 causam
2940 3133 3099 3169 suam
3132 3116 3342 3169 iterum
3374 3117 3590 3183 audiri,
3625 3117 3804 3187 depre-

323 3205 608 3257 sessionem
658 3208 805 3256 tuam
845 3206 1097 3256 terminos
1147 3208 1303 3257 terra?
1350 3203 1518 3273 (Psal.
1566 3220 1623 3266 ιι,
1677 3203 1752 3272 8).
1799 3203 2017 3272 Ipsum-

322 3309 435 3362 que
466 3292 584 3345 fore
628 3291 875 3361 lapidem
906 3292 1215 3345 abscissum
1247 3293 1315 3345 de
1346 3295 1538 3345 monte
1575 3291 1698 3345 sine
1729 3291 2014 3357 manibus,

324 3381 422 3450 qui
469 3379 830 3450 confregerit,
880 3385 938 3434 et
983 3380 1041 3433 in
1093 3381 1387 3450 pulverem
1434 3379 1719 3450 redegerit
1749 3380 2016 3434 universa

323 3485 499 3539 regna
529 3469 729 3522 mundi
761 3469 990 3535 (Matth.
1024 3485 1132 3522 XVI.
1172 3468 1282 3538 18).
1316 3469 1620 3539 Ipsumque
1652 3468 1818 3521 Petro
1850 3467 2018 3521 dixis-

319 3576 416 3613 se:
478 3561 557 3612 Tu
611 3575 664 3613 es
719 3561 930 3625 Petrus,
978 3563 1028 3612 et
1079 3574 1243 3626 super
1290 3559 1426 3612 hanc
1473 3563 1684 3626 petram
1731 3555 2015 3627 aediﬁcabo

319 3649 609 3703 Ecclesiam
671 3663 879 3702 meam:
941 3653 991 3702 et
1035 3653 1208 3717 portae
1263 3647 1434 3714 inferi
1486 3663 1592 3700 non
1644 3647 2013 3715 praevalebunt

315 3737 576 3791 adversus
603 3753 741 3791 eam.
772 3737 853 3790 Et
883 3737 982 3790 tibi
1005 3736 1144 3790 dabo
1175 3738 1348 3790 claves
1377 3737 1534 3803 regni
1563 3736 1829 3789 calorum.
1866 3736 2010 3789 Pau-

314 3825 433 3879 lum
469 3843 698 3897 quoque
730 3825 1127 3879 testiﬁcantem
1159 3840 1170 3878 :
1224 3826 1330 3890 Qui
1356 3829 1608 3893 operatus
1655 3829 1733 3878 est
1770 3826 1925 3877 Petro
1955 3826 2013 3878 in

313 3917 672 3982 apostolatum
720 3916 1142 3968 circumcisionis
1186 3918 1438 3981 operatus
1475 3918 1552 3966 est
1600 3917 1650 3966 et
1692 3913 1830 3965 mihi
1871 3914 2014 3966 inter

312 4008 490 4068 gentes
518 4002 666 4071 (Gal.
713 4019 774 4068 ιι,
807 4005 880 4070 8).
916 4003 1068 4066 Quos
1102 4002 1300 4055 ambos
1330 4002 1390 4054 in
1427 4001 1674 4055 Ecclesia
1713 4001 2010 4070 principa-

311 4094 435 4143 tum
492 4106 526 4143 a
578 4090 802 4144 Christo
865 4091 1106 4158 positos,
1175 4093 1231 4143 et
1287 4089 1481 4142 Romae
1549 4089 1812 4154 directos,
1877 4104 2005 4142 cum

312 4178 687 4231 ecclesiastica
735 4177 962 4244 veritas,
1013 4182 1134 4231 tum
1184 4177 1365 4246 ipsius
1403 4177 1684 4248 passionis
1728 4181 2010 4230 monstrat

312 4266 636 4319 auctoritas.
703 4267 847 4318 Illuc
893 4282 1142 4336 namque
1192 4265 1360 4319 ambo
1409 4266 1698 4336 principes
1741 4269 1877 4319 sunt
1918 4265 2006 4318 di-

307 4354 472 4420 recti,
530 4354 627 4408 ubi
680 4354 1038 4424 principatus
1097 4354 1388 4408 eminebat
1435 4355 1668 4408 mundi:
1721 4359 2006 4424 quatenus

2128 3205 2350 3258 catione
2401 3221 2502 3258 sua
2569 3204 2815 3258 moverit
2868 3204 3199 3274 episcopum
3274 3205 3624 3268 Romanum,
3681 3211 3738 3259 ut
3782 3221 3803 3257 e

2127 3294 2300 3347 latere
2332 3310 2434 3347 suo
2467 3293 2830 3364 presbyteros
2861 3293 3073 3360 mittat,
3105 3293 3214 3346 erit
3245 3292 3301 3345 in
3330 3297 3617 3363 potestate
3647 3292 3802 3362 ipsius

2125 3383 2261 3452 quid
2293 3382 2425 3436 velit
2466 3387 2522 3435 et
2549 3381 2682 3452 quid
2719 3381 2984 3436 aestimet.
3042 3382 3104 3435 Et
3150 3381 3197 3434 si
3247 3381 3566 3435 decreverit
3594 3383 3804 3435 mitten.

2123 3471 2226 3525 dos
2279 3487 2397 3524 esse
2456 3470 2556 3541 qui
2603 3475 2911 3541 praesentes
2962 3486 3092 3524 cum
3124 3469 3403 3540 episcopis
3443 3470 3723 3539 judicent,
3753 3475 3802 3520 ut

2123 3560 2374 3614 habeant
2424 3560 2593 3613 etiam
2655 3559 3050 3612 auctoritatem
3110 3575 3372 3627 personae
3416 3558 3578 3612 illius
3625 3576 3657 3613 a
3705 3575 3800 3628 quo

2124 3648 2393 3703 destinati
2442 3652 2595 3715 sunt,
2630 3647 2737 3700 erit
2775 3647 2831 3700 in
2862 3647 2985 3717 ejus
3015 3646 3272 3700 arbitrio.
3310 3646 3365 3700 Si
3399 3663 3533 3700 vero
3568 3647 3799 3701 credide-

2122 3737 2196 3790 rit
2242 3735 2500 3789 sufﬁcere
2558 3734 2855 3805 episcopos
2886 3734 3285 3804 provinciales,
3339 3740 3400 3788 ut
3443 3735 3679 3805 negotio
3709 3741 3802 3788 ter-

2123 3825 2342 3878 minum
2384 3824 2704 3894 imponant,
2738 3823 2909 3877 faciat
2939 3823 3090 3894 quod
3127 3823 3553 3892 sapientissimo
3587 3825 3803 3878 consilio

2119 3930 2219 3966 suo
2273 3912 2636 3983 judicaverit.
2684 3935 2711 3961 ››
2765 3915 2876 3968 Hoc
2933 3911 3241 3965 concilium
3296 3912 3364 3965 ab
3427 3913 3803 3967 Orientalibus

2120 4002 2400 4072 episcopis
2441 4002 2500 4055 in
2548 4001 2689 4056 Asiae
2728 4001 3018 4072 provincia
3047 4003 3073 4042 b
3106 4005 3351 4070 gestum,
3387 4001 3581 4053 taliter
3612 4001 3678 4055 de
3707 4001 3802 4053 Ro-

2121 4091 2276 4144 mani
2322 4089 2608 4160 pontiﬁcis
2655 4089 2932 4159 dignitate
2979 4088 3229 4142 decrevit
3274 4089 3378 4142 sub
3411 4089 3674 4142 Romano
3703 4089 3802 4140 im-

2118 4182 2377 4249 peratore
2439 4177 2806 4231 Constantino
2875 4178 3101 4247 Magno,
3171 4177 3271 4247 qui
3329 4176 3618 4231 civitatem
3680 4177 3803 4231 Con-

2116 4265 2546 4336 stantinopolim
2604 4265 2926 4332 aadiﬁcavit,
2975 4265 3274 4336 voluitque
3341 4265 3641 4319 Juniorem
3705 4266 3798 4318 Ro-

2119 4371 2270 4408 mam
2343 4353 2595 4408 vocitari.
2669 4354 2816 4407 Num
2876 4353 2945 4406 de
3011 4353 3651 4424 Constantinopolitano
3716 4355 3801 4407 Pa-

308 4443 566 4497 Romana
604 4442 822 4511 civitas,
872 4444 1016 4496 sicut
1046 4443 1334 4512 imperiali
1364 4444 1624 4512 potentia
1667 4448 1853 4496 totum
1892 4443 2000 4496 sibi
2039 4447 2082 4500 D
2112 4443 2358 4496 triarcha
2396 4443 2507 4496 tale
2556 4441 2694 4513 quid
2741 4441 2808 4494 ab
2840 4441 3123 4512 episcopis
3154 4441 3367 4511 legitur
3396 4440 3799 4496 constitutum?

308 4531 627 4600 subjecerat
655 4531 873 4598 orbem,
907 4531 986 4583 sic
1027 4530 1321 4599 religionis
1350 4530 1622 4596 culmine,
1673 4535 1728 4584 et
1771 4534 1999 4600 aposto-

306 4620 455 4673 latus
488 4619 789 4690 diguitate,
837 4619 1013 4672 totius
1064 4618 1264 4672 mundi
1305 4618 1496 4688 regnis
1529 4618 1882 4688 praesideret.
1936 4620 2003 4672 Et

306 4708 451 4762 sicut
496 4708 674 4763 voluit
730 4707 989 4762 Salvator
1038 4706 1485 4774 Hierosolymam
1535 4706 1829 4758 nativitate
1875 4722 1996 4774 sua,

304 4795 580 4863 doctrina,
631 4796 942 4862 miraculis,
997 4800 1208 4862 morte,
1256 4795 1569 4863 sepultura,
1633 4797 2001 4849 resurrectio-

306 4900 490 4954 neque
516 4885 752 4939 reddere
781 4885 1104 4947 sublimem,
1131 4883 1209 4936 sic
1228 4882 1400 4935 etiam
1433 4882 1647 4953 delegit
1678 4883 1998 4938 Romanam

303 4972 504 5025 urbem
544 4973 936 5042 apostolorum
987 4971 1316 5042 principum
1362 4970 1663 5040 sanguine,
1712 4971 1998 5042 sepulcro,

303 5061 600 5123 memoria,
632 5061 913 5126 doctrina,
946 5059 1186 5113 reddere
1228 5058 1576 5129 gloriosam:
1614 5063 1677 5112 ut
1723 5059 1996 5129 quoniam

303 5147 560 5201 Christus
593 5148 910 5201 Jerusalem
956 5147 1199 5201 caelestis
1242 5147 1300 5200 in
1341 5147 1536 5200 dextra
1584 5147 1766 5200 Patris
1813 5147 1997 5200 consi-

305 5236 464 5302 dens,
497 5236 616 5290 Rex
646 5241 701 5290 et
743 5236 1018 5290 Dominus
1047 5236 1362 5290 honoratur
1398 5235 1732 5305 angelorum
1767 5240 1823 5290 et
1865 5252 1995 5290 san-

300 5329 524 5378 ctorum
582 5325 848 5379 omnium
900 5326 1208 5392 famulatu;
1269 5325 1348 5379 sic
1413 5326 1614 5380 Petrus
1671 5331 1727 5379 et
1784 5326 1993 5380 Paulus

297 5411 612 5466 Jerusalem
652 5413 1074 5484 peregrinantis
1118 5414 1373 5469 obtineat
1410 5413 1821 5484 principatum,
1869 5412 1996 5466 sub-

370 5543 394 5569 ⁸
426 5535 703 5602 Socrates,
758 5537 858 5590 lib.
895 5554 952 5606 ιι,
996 5554 1118 5608 cap.
1167 5541 1250 5605 l3,
1298 5538 1484 5604 med.;
1525 5537 1624 5592 sed
1656 5537 1783 5591 aliis
1806 5537 1994 5591 verbis

301 5621 530 5661 sensum
573 5609 859 5678 exprimit.

369 5680 395 5720 Β
426 5680 488 5733 1η
537 5677 687 5734 Asiae
711 5682 1017 5748 provincia.
1065 5681 1459 5750 Nequaquam,
1503 5677 1599 5731 sed
1638 5677 1695 5730 in
1729 5677 1950 5748 Illyrico
1979 5694 1990 5730 :

2111 4530 2410 4585 Cernimus
2471 4529 2710 4583 omnino
2761 4529 3007 4582 Romani
3071 4528 3360 4598 pontiﬁcis
3409 4531 3796 4583 auctoritatem

2110 4635 2282 4688 super
2311 4622 2541 4672 cunctas
2582 4617 2858 4670 Ecclesias
2907 4616 3113 4671 Christi
3163 4617 3556 4687 praecminere,
3591 4625 3657 4672 ut
3680 4621 3798 4687 Iom-

2109 4723 2210 4760 nes
2260 4706 2514 4776 episcopi
2560 4705 2723 4759 illum
2771 4704 3019 4758 habeant
3056 4709 3248 4776 caput,
3295 4710 3352 4758 et
3391 4705 3462 4759 ad
3502 4706 3628 4775 ejus
3653 4706 3794 4776 judi-

2109 4794 2260 4848 cium
2311 4795 2557 4864 pendeat
2588 4793 2868 4864 quidquid
2899 4793 2956 4847 in
2987 4793 3384 4847 ecclesiastieis
3417 4795 3666 4864 negotiis
3694 4794 3794 4847 dis-

2108 4883 2372 4953 ponitur;
2409 4888 2468 4936 ut
2506 4899 2574 4936 ex
2607 4882 2731 4951 ejus
2759 4881 2998 4935 arbitrio
3029 4883 3114 4935 vel
3157 4887 3388 4936 maneat
3407 4883 3793 4946 constitutum,

2109 4972 2196 5025 vel
2253 4971 2575 5040 corrigatur
2627 4976 2902 5037 erratum,
2952 4970 3040 5024 vel
3087 4971 3375 5025 sanciatur
3419 4971 3794 5042 quodcunque

2107 5061 2278 5114 fuerit
2307 5060 2722 5114 innovandum.

2175 5150 2434 5202 Testatur
2481 5153 2536 5201 et
2592 5147 2701 5201 hoc
2746 5147 3021 5202 Eusebius
3070 5147 3432 5202 Cresarieusis
3479 5149 3794 5219 episcopus,

2106 5237 2204 5308 qui
2235 5237 2291 5290 in
2338 5236 2575 5290 historia
2609 5237 2678 5290 de
2726 5237 2850 5290 Vita
2894 5236 3149 5290 Silvestri
3181 5237 3336 5304 (Vita
3375 5252 3474 5291 ms.
3519 5253 3692 5307 supra
3738 5240 3796 5290 ci-

2107 5327 2245 5394 tata)
2276 5324 2354 5378 sic
2385 5324 2498 5378 ait:
2563 5345 2591 5373 «
2641 5324 2854 5387 Quarta
2905 5324 2994 5377 die
3046 5324 3360 5393 imperator
3400 5326 3795 5379 Constantinus

2104 5413 2471 5484 privilegium
2509 5413 2766 5467 Ecclesiae
2817 5413 3089 5467 Romanae
3125 5412 3385 5482 pontiﬁci
3429 5415 3690 5478 contulit,
3719 5411 3795 5466 uti

2104 5537 2450 5659 Rattragmus
2480 5535 2790 5603 Serdicam,
2824 5535 2940 5590 sive
2990 5535 3302 5600 Serdicam,
3351 5552 3481 5590 cum
3523 5537 3791 5592 Sardibus

2104 5623 2204 5659 con
2238 5624 2268 5658 u
2319 5613 2377 5659 it.

2102 5613 2377 5661 confudit.
