3890 6230
86 482 188 534 33ἲ

1093 481 1372 536 CONTRA
1412 480 1811 536 GRJECORUM
1855 478 2208 536 OPPOSITA.
2241 510 2313 521 —
2352 480 2476 535 LIB.
2522 481 2607 534 ιν.

3495 482 3597 533 338

84 620 208 667 toto
258 615 397 669 orbe
450 617 709 671 Romano
758 616 1078 670 sacerdotes
1138 615 1216 669 ita
1264 616 1415 669 hunc
1464 622 1636 686 caput
1678 617 1785 669 ha-
1826 619 1872 669 A
1902 618 2106 681 cunda,
2135 622 2264 689 post
2290 616 2690 671 salutationem
2722 620 2779 669 et
2806 616 3162 686 prafationis
3194 617 3597 672 allocutionem

83 703 287 769 beant,
321 709 385 758 ut
427 704 651 775 judices
682 720 896 774 regem.
934 725 959 755 ))
989 705 1124 768 Qua
1174 720 1263 757 res
1308 721 1375 758 ex
1423 705 1796 758 conciliorum

83 792 268 859 gestis
317 793 715 861 approbatur:
771 792 1056 862 siquidem
1117 808 1289 845 omne
1351 793 1656 846 concilium
1708 793 1795 846 vel

83 880 247 948 quod
300 881 360 932 in
412 881 665 943 Oriente,
713 882 803 934 vel
851 881 1007 950 quod
1057 880 1115 933 in
1164 881 1351 934 Africa
1404 886 1626 951 gestum
1673 897 1796 935 esse

82 967 472 1036 dignoscitur,
526 970 613 1023 vel
663 968 903 1022 Romani
953 968 1238 1037 pontificis
1287 968 1525 1021 vicarios
1572 985 1797 1040 semper

82 1056 300 1110 habuit
336 1058 727 1125 prasidentes,
783 1058 870 1110 vel
922 1058 1043 1127 ejus
1069 1056 1400 1110 auctoritate
1448 1057 1793 1125 litterarum,

83 1160 221 1213 qua
252 1145 491 1198 fuerunt
513 1146 741 1199 decreta
766 1145 1181 1198 ﬁrmitudinem
1218 1152 1578 1214 acceperunt.
1613 1145 1796 1214 Siqui-

82 1232 221 1285 dem
262 1234 574 1287 concilium
621 1233 935 1299 Nicanum,
978 1233 1245 1287 omnibus
1286 1233 1491 1287 Christi
1536 1234 1795 1287 Ecclesiis

82 1323 513 1389 venerandum,
574 1322 858 1376 Victorem
911 1327 967 1375 et
1022 1323 1383 1375 Vincentium
1435 1324 1796 1393 presbyteros

85 1411 251 1463 urbis
300 1411 521 1477 Roma,
578 1411 821 1465 Romani
869 1410 1160 1480 pontificis
1204 1411 1383 1464 vicem
1433 1416 1685 1480 agentes,
1734 1410 1796 1462 in

86 1500 508 1569 episcoporum
560 1500 980 1570 subscriptione
1031 1500 1251 1569 primos
1307 1516 1550 1570 posuere
1602 1499 1794 1551 statim

86 1595 217 1657 post
247 1588 452 1642 Osium
492 1588 823 1658 episcopum
872 1587 1117 1641 civitatis
1153 1587 1533 1641 Cordubensis
1563 1586 1794 1656 provin-

85 1676 186 1728 cia
240 1676 557 1745 Hispania,
616 1676 713 1745 qui
766 1676 950 1728 fuerat
992 1674 1128 1727 illuc
1160 1692 1192 1727 a
1235 1675 1492 1728 Romano
1522 1674 1795 1743 pontilice

86 1764 368 1826 directus,
406 1765 683 1833 quoniam
715 1764 834 1834 ipse
870 1763 1060 1815 venire
1087 1769 1380 1817 senectute
1408 1763 1795 1832 prapedienie

85 1870 202 1905 non
260 1852 532 1905 valuerit.
598 1852 685 1905 Sic
747 1853 969 1921 reliqua
1027 1852 1265 1903 concilia
1320 1852 1507 1920 primo
1562 1851 1620 1903 in
1670 1852 1795 1903 loco

84 1957 319 2010 semper
354 1941 608 1994 habuere
640 1942 929 1993 Romanos
977 1940 1297 2010 pontiﬁces,
1343 1941 1426 1992 vel
1469 1956 1666 1992 eorum
1714 1941 1790 1992 le-

85 2035 267 2097 gatos,
354 2035 631 2099 tanquam
699 2030 1085 2096 apostolorum
1146 2028 1399 2080 vicarios.
1468 2028 1529 2080 Et
1595 2043 1792 2080 revera

84 2133 284 2169 omnes
341 2117 664 2170 Orientales
722 2116 1003 2175 Ecclesia,
1056 2116 1225 2167 simul
1281 2121 1338 2168 et
1383 2115 1788 2180 Occidentales,

86 2205 364 2257 Romana
435 2202 679 2257 civitatis
748 2205 1051 2272 prasulem
1121 2218 1348 2271 semper
1404 2202 1566 2271 quasi
1624 2207 1794 2271 caput

85 2294 498 2362 episcoporum
549 2293 799 2345 venerati
850 2298 999 2354 sunt,
1065 2296 1120 2344 et
1167 2291 1235 2344 ad
1267 2291 1390 2360 ejus
1446 2291 1789 2343 sententiam

86 2385 491 2449 respexerunt,
529 2384 586 2433 et
627 2381 694 2433 de
724 2381 893 2433 rebus
934 2380 1125 2433 dubiis
1157 2395 1515 2449 quacunque
1544 2379 1793 2432 decrevit

85 2470 207 2537 ejus
232 2469 522 2537 judicium
570 2469 986 2531 sustinuerunt,
1029 2469 1300 2538 illiusque
1333 2468 1558 2522 decreto
1587 2483 1791 2537 parue-

85 2560 238 2608 runt.
290 2556 665 2625 Quacunque
714 2556 957 2609 concilia
1010 2556 1133 2624 ejus
1196 2556 1474 2608 sententia
1524 2556 1792 2608 roborata

84 2648 237 2708 sunt,
273 2648 401 2696 rata
448 2648 817 2708 manserunt;
864 2660 993 2714 qua
1026 2660 1160 2697 vero
1208 2644 1519 2710 damnavit,
1572 2660 1673 2714 pro
1704 2643 1790 2696 ni-

87 2733 204 2784 liilo
234 2736 507 2802 reputata
537 2732 789 2798 fuerunt,
821 2749 925 2786 nec
956 2733 1352 2787 auctoritatem
1379 2733 1555 2786 ullam
1582 2733 1791 2786 habere

86 2825 423 2888 potuerunt.

156 2911 295 2972 Qua
350 2911 481 2962 licet
535 2908 908 2979 antiquorum
960 2908 1328 2963 monimentis
1384 2911 1614 2962 Patrum
1660 2925 1791 2961 vera

88 3013 207 3049 esse
240 3014 371 3067 qua
400 2998 645 3050 dicimus
674 2996 1093 3067 approbantur,
1129 2997 1299 3050 unius
1322 3002 1511 3050 tamen
1547 2997 1790 3050 Romani

88 3086 379 3153 pontiﬁcis
428 3086 615 3154 placet
670 3086 876 3139 litteris
938 3086 1241 3139 ostendere
1291 3102 1419 3155 qua
1475 3086 1786 3155 loquimur.

88 3176 226 3228 Nam
258 3191 394 3227 cum
426 3175 727 3228 Flavianus
753 3176 1427 3244 Constantinopolitanus
1466 3175 1788 3245 episcopus,

86 3264 183 3333 qui
216 3264 511 3333 Eutychen
553 3263 1061 3316 arcliimandritam
1095 3263 1786 3332 Constantinopolitanum

88 3352 236 3404 male
276 3353 348 3405 de
382 3351 779 3405 incarnatione
831 3339 1127 3405 Dominica
1162 3352 1503 3405 sentientem
1544 3352 1788 3405 damna-

83 3446 265 3508 verat,
333 3440 457 3510 ipse
513 3456 745 3511 quoque
792 3440 993 3493 fuisset
1039 3457 1070 3492 a
1117 3440 1353 3510 synodo,
1407 3456 1535 3511 qua
1585 3438 1787 3510 Ephesi

85 3531 323 3583 collecta
362 3535 470 3595 est,
515 3535 715 3583 contra
748 3531 978 3599 regulas
1017 3528 1423 3582 ecclesiasticas
1461 3529 1783 3590 damnatus,

88 3621 416 3671 Romanum
466 3619 572 3671 hac
601 3618 670 3671 de
717 3634 887 3671 causa
936 3619 1180 3671 Leonem
1228 3617 1562 3687 pontificem
1609 3617 1785 3671 inter-

86 3709 378 3776 pellasset,
446 3707 674 3776 scripsit
731 3706 1052 3760 Theodosio
1101 3706 1437 3775 imperatori
1504 3705 1785 3775 synodum

88 3796 531 3862 retractandam,
582 3800 641 3848 et
693 3811 759 3848 ea
804 3811 932 3865 qua
980 3811 1151 3864 prave
1200 3794 1508 3847 constituta
1561 3795 1789 3847 fuerant

86 3886 385 3938 cassanda.
442 3884 601 3948 Quod
636 3900 764 3937 cum
797 3884 899 3937 sub
938 3883 1252 3938 Theodosio
1284 3883 1632 3953 imperatore
1662 3883 1788 3936 ﬁeri

88 3990 197 4026 non
222 3974 438 4043 potuit,
473 3978 656 4026 morte
699 3972 1104 4042 praeveniente,
1138 3972 1242 4025 sub
1290 3972 1646 4042 principibus
1681 3972 1785 4024 Va-

88 4063 406 4115 lentiniano
442 4067 495 4115 et
540 4062 846 4127 Marciano,
894 4061 995 4131 qui
1037 4060 1356 4113 Theodosio
1388 4049 1537 4128 patri
1566 4076 1784 4113 succes-

88 4156 294 4215 serant,
332 4156 522 4203 actum
569 4155 669 4203 est.
704 4151 961 4213 Quorum
1004 4149 1229 4214 littera,
1282 4149 1352 4201 ad
1402 4149 1648 4202 Leonem
1690 4165 1783 4201 ve-

86 4241 401 4293 nerabilem
446 4239 783 4308 episcopum
831 4239 1100 4292 Romanae
1150 4236 1309 4290 urbis
1349 4236 1555 4301 missa,
1595 4236 1788 4290 taliter

86 4328 374 4381 habentur
428 4328 582 4396 (ante
639 4328 827 4379 concil.
877 4326 1193 4381 Chalcedon.
1245 4328 1402 4394 epist.
1456 4328 1590 4392 33):
1647 4324 1785 4377 «Vi-

89 4422 266 4469 ctores
316 4415 759 4468 Valentinianus
804 4420 861 4466 et
908 4413 1242 4477 Marcianus,
1293 4413 1529 4481 gloriosi
1575 4412 1779 4465 trium-

90 4504 378 4572 phatores,
448 4519 678 4571 semper
744 4501 1005 4572 Augusti,
1077 4501 1250 4555 Leoni
1315 4502 1786 4555 reverendissimo

92 4592 519 4661 archiepiscopo
598 4590 861 4660 gloriosa
932 4590 1169 4643 civitatis
1234 4591 1449 4644 Roma.
1525 4590 1609 4642 Ad
1680 4590 1788 4642 hoc

94 4680 401 4733 maximum
464 4679 773 4748 imperium
834 4678 1095 4731 venimus
1158 4678 1255 4731 Dei
1301 4678 1683 4747 providentia,
1734 4683 1789 4732 et

94 4774 313 4821 senatus
388 4767 880 4831 excellentissimi,
938 4772 1271 4836 cunctaque
1330 4766 1573 4820 militia.
1634 4767 1787 4821 Unde

92 4872 186 4923 pro
236 4856 559 4910 reverenda
611 4862 665 4908 et
696 4856 970 4909 catholica
1006 4856 1285 4925 religione
1334 4855 1784 4909 Christianorum

94 4946 237 5010 iidei,
268 4947 435 5014 cujus
457 4944 685 4997 auxiliis
707 4947 977 4998 virtutem
1006 4950 1214 4997 nostra
1246 4944 1517 5013 potentia.
1547 4944 1786 4997 conlidi-

92 5050 210 5085 mus
259 5034 601 5104 gubernari,
663 5039 820 5085 tuam
876 5034 1236 5086 sanctitatem
1294 5033 1679 5103 principatum
1729 5033 1789 5087 in

92 5122 413 5192 episcopatu
465 5121 679 5174 divina:
728 5121 858 5174 tidei
900 5122 1309 5191 possidentem,
1364 5122 1535 5174 sacris
1587 5122 1789 5175 litteris

94 5211 143 5262 in
172 5210 460 5280 principio
499 5203 1047 5279 justum'credimus
1086 5210 1511 5280 alloquendam,
1545 5210 1788 5263 invitan-

95 5304 165 5351 tes
210 5305 383 5369 atque
419 5304 712 5367 rogantes,
766 5303 829 5351 ut
866 5315 969 5367 pro
1009 5299 1281 5352 firmitate
1321 5303 1376 5352 et
1428 5305 1575 5352 statu
1608 5299 1790 5353 nostri

96 5388 332 5457 imperii,
419 5394 699 5441 aternam
760 5387 1116 5440 divinitatem
1189 5394 1284 5440 tua
1347 5388 1623 5441 Sanctitas
1687 5388 1786 5441 de-

99 5485 368 5544 precetur,
423 5482 485 5529 ut
539 5482 597 5528 et
645 5476 757 5528 tale
802 5477 1159 5545 propositum
1203 5483 1258 5528 et
1298 5476 1645 5529 desiderium
1689 5478 1789 5528 ha-

100 5567 336 5628 beamus,
373 5574 669 5636 quatenus
703 5563 862 5616 omni
894 5565 1073 5634 impio
1107 5581 1297 5618 errore
1321 5564 1544 5617 sublato
1576 5581 1679 5634 per
1708 5580 1791 5617 ce-

98 5654 415 5708 lebrandam
458 5652 774 5723 synodum,
815 5658 869 5705 te
909 5659 1163 5718 auctore,
1209 5653 1453 5705 maxima
1493 5670 1600 5722 pax
1643 5653 1791 5705 circa

101 5758 283 5794 omnes
329 5743 637 5811 episcopos
690 5739 826 5793 fidei
866 5741 1159 5794 catholica
1209 5742 1323 5793 tiat.
1362 5762 1382 5787 ι
1440 5742 1582 5794 Item
1614 5742 1671 5794 in
1704 5756 1791 5793 se-

1906 707 2169 760 scribitur
2217 706 2296 759 sic
2326 707 2489 775 (Ibid.
2541 708 2698 774 epist.
2734 707 2823 773 34)
2856 721 2868 758 :
2916 726 2943 754 ‹‹
2977 706 3264 775 Superest,
3298 710 3363 758 ut
3387 706 3432 757 si
3474 705 3595 773 pla-

1906 796 2087 848 cuerit
2119 800 2229 848 tua
2276 794 2619 848 Beatitudini
2660 794 2748 847 his
2779 793 3038 862 partibus
3061 794 3350 857 advenire,
3383 799 3439 846 et
3467 810 3595 863 syn-

1905 884 2080 936 odum
2138 883 2443 946 celebrare,
2499 883 2605 935 hoc
2662 882 2846 934 facere
2910 881 3202 950 religionis
3260 882 3460 934 affectu
3512 881 3595 935 di-

1904 976 2144 1041 gnetur;
2213 970 2422 1024 nostris
2477 970 2677 1039 utique
2731 969 3025 1022 desideriis
3076 974 3262 1022 vestra
3323 969 3598 1023 Sanctitas

1904 1059 2228 1122 satisfaciet,
2283 1063 2338 1110 et
2384 1073 2555 1109 sacra
2617 1056 2885 1125 religioni
2938 1071 3065 1125 qua
3112 1055 3273 1108 utilia
3320 1062 3455 1108 sunt
3501 1056 3596 1107 de-

1905 1152 2116 1200 cernat.
2174 1147 2231 1200 Si
2289 1162 2422 1199 vero
2474 1146 2579 1198 hoc
2628 1161 2934 1198 onerosum
2991 1150 3094 1209 est,
3148 1149 3212 1197 ut
3262 1149 3324 1197 tu
3368 1144 3437 1196 ad
3497 1144 3599 1196 has

1902 1240 2094 1305 partes
2133 1234 2420 1299 advenias,
2474 1235 2581 1287 hoc
2626 1234 2813 1303 ipsum
2868 1233 3032 1286 nobis
3063 1233 3312 1302 propriis
3343 1237 3439 1284 tua
3467 1232 3599 1285 San-

1904 1324 2065 1376 ctitas
2095 1322 2301 1375 litteris
2336 1322 2695 1386 manifestet;
2730 1326 3014 1391 quatenus
3044 1321 3103 1373 in
3136 1336 3366 1373 omnem
3401 1318 3597 1372 Orien-

1902 1416 2039 1476 tem,
2108 1417 2165 1464 et
2216 1411 2272 1464 in
2334 1411 2511 1480 ipsam
2571 1410 2886 1473 Thraciam,
2945 1413 3002 1461 et
3050 1410 3357 1479 Illyricum,
3426 1423 3598 1459 sacrae

1903 1507 2102 1552 vestra
2155 1500 2355 1553 littera
2410 1498 2760 1567 dirigantur;
2820 1502 2883 1549 ut
2928 1498 2999 1549 ad
3049 1497 3355 1566 quemdam
3390 1494 3597 1549 delini-

1903 1590 2024 1638 tum
2099 1587 2284 1638 locum
2359 1601 2559 1638 omnes
2629 1584 2969 1637 sanctissimi
3040 1582 3292 1653 episcopi
3356 1583 3601 1636 debeant

1904 1674 2236 1737 convenire;
2294 1679 2350 1725 et
2410 1689 2537 1742 qua
2590 1672 3043 1726 Christianorum
3099 1672 3366 1740 religioni
3428 1677 3598 1740 atque

1906 1763 2197 1815 catholica
2246 1762 2375 1815 tidci
2414 1767 2691 1832 .prosunt,
2744 1760 2885 1812 sicut
2933 1760 3211 1813 Sanctitas
3252 1766 3348 1812 tua
3400 1776 3598 1811 secun-

1906 1852 2043 1905 dum
2098 1851 2501 1905 ecclesiasticas
2560 1850 2784 1919 regulas
2843 1848 3151 1913 definierit,
3212 1864 3312 1900 sua
3368 1848 3601 1915 disposi-

1835 1912 1873 1965 Β
1907 1941 2061 1994 tione
2120 1941 2483 1993 declarent.»
2540 1939 2639 1993 His
2698 1938 2903 1991 litteris
2962 1939 3354 1991 Romanorum
3411 1935 3601 2005 impe-

1902 2034 2159 2082 ratorum
2193 2045 2307 2081 non
2343 2027 2684 2093 ostenditur,
2727 2028 2873 2096 quod
2911 2026 3234 2096 patriarcha
3257 2024 3597 2091 :Constanti-

1903 2118 2270 2187 nopolitauus
2329 2117 2582 2171 Romano
2637 2114 2896 2185 pontifici
2949 2116 3219 2184 praelatus
3278 2114 3599 2167 habeatur:

1904 2223 2097 2259 verum
2151 2206 2301 2277 quod
2354 2207 2644 2261 Romanus
2690 2204 2945 2272 pontifex
2995 2203 3395 2273 :principatum
3446 2202 3599 2255 obti—

1906 2300 2035 2348 neat
2060 2296 2481 2365 episc0porum,
2530 2293 2692 2362 cujus
2724 2293 2959 2346 arbitrio
2991 2292 3195 2346 debeat
3236 2290 3425 2360 colligi
3460 2307 3596 2359 syn-

1902 2386 2064 2449 odus,
2105 2389 2159 2437 et
2201 2401 2328 2454 qua
2371 2389 2504 2436 sunt
2536 2383 2828 2437 tractanda
2870 2398 2973 2452 per
3004 2384 3126 2453 ejus
3158 2381 3596 2451 dispositionem

1902 2473 2145 2527 debeant
2175 2471 2450 2525 ordinari.

1973 2564 2277 2616 Testantur
2325 2561 2493 2614 etiam
2540 2560 2745 2615 littera
2796 2558 3181 2612 Valentiniani
3232 2557 3594 2627 imperatoris

1902 2651 1971 2704 ad
2000 2650 2379 2704 Theodosium
2436 2653 2657 2718 patrem
2711 2652 3054 2718 Augustum,
3112 2664 3285 2717 quam
3342 2648 3591 2717 dignita-

1902 2744 2037 2805 tem,
2071 2744 2242 2808 atque
2274 2739 2554 2791 honorem
2588 2738 2881 2792 Romanus
2912 2735 3173 2806 pontifex
3206 2751 3377 2805 super
3397 2752 3595 2788 omnes

1901 2828 2193 2899 episcopos
2248 2827 2450 2881 debeat
2503 2826 2761 2880 obtinere
2797 2842 2809 2879 :
2865 2842 2992 2895 qua
3034 2825 3113 2878 ita
3161 2841 3218 2877 se
3252 2824 3460 2876 habere
3493 2841 3592 2876 no-

1901 2921 2135 2969 scuntur
2168 2916 2354 2987 (lbid.,
2387 2918 2545 2985 epist.
2577 2917 2669 2984 25)
2707 2931 2719 2967 :
2757 2934 2783 2964 (ι
2821 2914 3063 2967 Domino
3095 2912 3433 2978 Theodosio,
3469 2915 3592 2982 glo-

1903 3004 2215 3057 riosissimo
2256 3003 2475 3070 victori,
2511 3019 2573 3056 ac
2610 3002 3016 3071 triumphatori
3064 3000 3593 3071 praecellentissimo

1901 3092 2233 3162 imperatori
2267 3096 2319 3145 et
2362 3091 2531 3162 patri,
2588 3090 3019 3144 Valentinianus
3071 3091 3249 3143 victor
3288 3089 3592 3159 gloriosus,

1832 3209 1871 3263 ρ
1902 3198 1964 3234 ac
1994 3182 2401 3250 triumphator,
2450 3196 2676 3249 semper
2705 3183 2998 3249 Augustus
3042 3184 3092 3231 et
3128 3178 3300 3231 filius.
3336 3178 3475 3231 Cum
3507 3194 3595 3229 ve-

1901 3271 2111 3324 nissem
2169 3270 2228 3323 in
2278 3270 2483 3323 urbem
2535 3271 2771 3322 Romam
2819 3268 2889 3321 ob
2942 3267 3307 3321 Divinitatem
3357 3266 3595 3335 placan-

1896 3359 2049 3422 dam,
2104 3359 2367 3428 sequenti
2422 3357 2512 3410 die
2558 3357 2629 3411 ad
2661 3357 2954 3410 basilicam
3001 3356 3242 3425 apostoli
3276 3355 3427 3409 Petri
3454 3371 3593 3424 pro-

1896 3448 2058 3512 cessi,
2117 3452 2172 3500 et
2229 3447 2346 3499 illic
2396 3450 2522 3516 post
2562 3446 2949 3499 venerabilem
3009 3450 3235 3498 noctem
3282 3444 3397 3497 diei
3453 3460 3594 3513 apo-

1896 3536 2049 3599 stoli,
2116 3540 2171 3588 et
2219 3551 2251 3587 a
2310 3535 2565 3587 Romano
2619 3533 2906 3602 episcopo,
2968 3536 3023 3585 et
3070 3532 3138 3584 ab
3188 3530 3313 3583 aliis
3345 3547 3474 3583 cum
3527 3547 3592 3583 eo

1897 3640 1961 3678 ex
2038 3624 2274 3677 diversis
2352 3621 2658 3691 provinciis
2722 3619 3099 3689 congregatis,
3167 3623 3400 3688 rogatus
3464 3635 3589 3671 sum

1897 3711 2144 3765 scribere
2198 3720 2397 3762 vestra
2446 3709 2872 3761 mansuetudini
2922 3707 3156 3772 deiide,
3199 3724 3326 3777 qua
3358 3723 3485 3759 cum
3520 3707 3592 3758 sit

1896 3799 2278 3854 conservatrix
2336 3799 2596 3851 omnium
2650 3797 2907 3851 fidelium
2970 3797 3313 3857 animarum,
3386 3795 3592 3849 dicitur

1896 3889 2271 3958 perturbata:
2325 3902 2495 3957 quam
2551 3902 2655 3938 nos
2704 3901 2736 3937 a
2782 3886 2989 3938 nostris
3043 3884 3358 3953 majoribus
3406 3884 3589 3937 tradi-

1894 3983 2012 4030 tam
2078 3977 2352 4030 debemus
2434 3991 2561 4028 cum
2636 3974 2793 4027 omni
2858 3974 3203 4044 competenti
3263 3973 3588 4037 ,devotione

1896 4066 2222 4132 defendere,
2256 4074 2310 4118 et
2339 4063 2681 4134 dignitatem
2728 4063 2975 4133 propria
3008 4062 3391 4116 venerationis
3421 4063 3588 4115 beato

1895 4155 2150 4224 apostolo
2224 4155 2389 4207 Petro
2472 4152 2870 4205 intemeratam
2951 4152 3155 4205 nostris
3238 4151 3590 4221 temporibus

1895 4257 2251 4304 conservare,
2333 4244 2612 4309 quatenus
2683 4238 3043 4292 beatissimus
3113 4241 3387 4292 Romana
3459 4240 3589 4291 civi-

1892 4329 2022 4383 tatis
2075 4329 2397 4398 episcopus,
2470 4328 2560 4381 cui
2619 4328 3006 4397 principatum
3064 4328 3364 4381 sacerdotii
3421 4344 3591 4396 super

1894 4434 2091 4472 omnes
2139 4417 2448 4486 antiquitas
2482 4416 2740 4480 contulit,
2776 4418 2961 4469 locum
2994 4417 3202 4470 haheat
3251 4422 3308 4470 et
3353 4416 3583 4469 faculta-

1828 4502 1869 4554 D
1894 4512 2009 4561 tem
2039 4507 2106 4560 de
2130 4506 2241 4559 tide
2271 4510 2327 4559 et
2348 4505 3024 4573 sacerdotibusjudicare,
3062 4505 3301 4558 Domine
3335 4506 3590 4556 sacratis-

1895 4596 2038 4650 sime
2060 4600 2242 4665 pater,
2268 4600 2323 4647 et
2342 4594 2684 4647 venerabilis
2711 4593 3024 4663 imperator
3047 4610 3059 4646 :
3084 4593 3188 4645 hac
3206 4592 3357 4644 enim
3383 4592 3586 4660 gratia,

1896 4685 2210 4739 secundum
2275 4684 2697 4737 solemnitatem
2758 4682 3129 4735 conciliorum
3189 4685 3244 4733 et
3311 4680 3589 4733 Constan-

1894 4773 2309 4843 tinopolitanus
2354 4772 2656 4842 episcopus
2696 4787 2825 4823 eum
2873 4786 2973 4839 per
3006 4770 3227 4821 libellos
3259 4767 3587 4837 appellavit,

1894 4867 2130 4933 prOpter
2177 4860 2609 4913 contentionem
2654 4874 2781 4927 qua
2810 4862 2945 4925 .orta
2978 4861 3061 4909 est
3104 4857 3171 4909 de
3202 4856 3333 4908 lide.
3378 4876 3398 4902 ι
3434 4856 3590 4908 Galla

1897 4965 2127 5020 quoque
2165 4948 2428 5012 Placidia,
2475 4951 2658 4999 mater
2685 4944 2942 5013 Augusti,
2998 4944 3213 4997 litteras
3240 4938 3449 5008 Eadem
3486 4958 3589 5011 pro

1898 5054 1956 5091 re
1990 5038 2105 5090 tilio
2138 5036 2391 5105 dirigens
2438 5038 2712 5103 Augusto,
2755 5033 2903 5084 inter
2932 5035 3136 5084 catera
3176 5031 3253 5083 sic
3283 5032 3362 5083 ait
3399 5031 3587 5099 (lbid.,

1897 5129 2054 5195 epist.
2109 5128 2175 5177 26
2210 5128 2339 5193 post
2372 5122 2522 5191 init.)
2557 5138 2569 5175 :
2627 5143 2649 5169 ι
2688 5121 2809 5173 Νοη
2846 5120 3129 5173 modicum
3180 5120 3589 5173 detrimentum

1898 5219 1982 5266 est
2003 5230 2068 5266 ex
2097 5213 2183 5265 his
2214 5228 2343 5281 qua
2374 5216 2533 5281 gesta
2558 5213 2717 5273 sunt;
2759 5214 2817 5261 ut
2848 5208 3006 5275 lides,
3056 5224 3182 5276 qua
3229 5208 3404 5261 tantis
3446 5215 3591 5262 tem-

1896 5301 2135 5370 poribus
2166 5299 2509 5368 regulariter
2539 5296 2821 5350 custodita
2853 5300 2937 5349 est
2967 5312 3000 5348 a
3031 5295 3410 5350 sacratissimo
3434 5303 3592 5366 patre

1898 5392 2091 5441 nostro
2142 5385 2515 5440 Constantino
2570 5385 2693 5455 (qui
2744 5385 2964 5455 primus
3012 5384 3255 5455 imperio
3304 5385 3595 5455 splenduit

1899 5473 2279 5544 Christianus)
2332 5490 2518 5543 nuper
2567 5472 2796 5527 turbata
2842 5473 2935 5541 sit,
2967 5474 3034 5527 ad
3075 5473 3382 5527 arbitrium
3425 5473 3594 5528 unius

1896 5561 2166 5627 hominis,
2211 5562 2311 5632 qui
2358 5562 2416 5614 in
2457 5563 2673 5631 synodo
2706 5562 3008 5630 Ephesina
3040 5561 3284 5614 civitatis
3314 5562 3509 5614 odium
3540 5566 3596 5612 et

1899 5650 2296 5704 contentiones
2354 5650 2541 5721 potius
2608 5650 2926 5703 exercuisse
2998 5654 3285 5712 narratur,
3343 5649 3593 5701 militum

1899 5739 2203 5809 praesentia
2236 5746 2293 5793 et
2323 5745 2475 5792 metu
2529 5743 2804 5808 appetens
2836 5735 3483 5803 Constantinopolitanae
3516 5735 3593 5786 ci-
