3890 6230
325 530 426 581 339

1480 526 1834 582 BATRAMNI
1873 527 2328 581 CORBEIENSIS
2368 524 2674 580 MONACHI
3716 527 3793 579 3i0

323 660 513 713 vitatis
543 658 878 730 episcopum
936 657 1292 723 Flavianum,
1326 675 1392 711 eo
1447 658 1598 727 quod
1649 657 1909 710 libellum
1950 657 2018 711 ad
2059 662 2100 712 A
2132 659 2209 711 De
2250 657 2335 710 his
2386 660 2599 723 autem,
2655 655 2755 726 qui
2806 655 2866 709 in
2921 656 3027 709 hac
3074 672 3244 710 causa
3292 655 3531 727 gravius
3564 671 3797 726 peccave-

323 750 695 820 apostolicam
744 749 937 802 sedem
985 747 1205 801 miserit
1252 765 1354 817 per
1403 764 1497 800 eos
1528 746 1626 816 qui
1664 747 1863 800 directi
1892 746 2021 800 fue-

323 843 455 892 rant
484 839 544 891 in
585 837 892 892 concilium
922 853 952 889 a
986 835 1460 889 reverendissimo
1492 836 1759 906 episcopo
1802 838 2019 901 Romae,

323 928 422 998 qui
456 927 774 981 secundum
820 926 1187 981 deﬁnitiones
1234 924 1449 979 Nicaeni
1499 926 1722 977 concilii
1765 924 2023 978 consueti

325 1021 459 1070 sunt
505 1016 807 1082 interesse,
857 1014 1099 1068 Domine
1151 1014 1502 1067 sanctissime
1544 1015 1646 1081 ﬁli,
1683 1013 2023 1068 venerabilis

326 1105 660 1175 imperator.
696 1107 807 1158 Hac
835 1103 1028 1173 itaque
1063 1102 1266 1173 gratia,
1294 1109 1391 1156 tua
1431 1104 1810 1157 mansuetudo
1850 1103 2023 1156 tantis

328 1194 513 1247 turbis
560 1194 848 1259 resistens,
903 1194 1199 1245 veritatem
1251 1191 1678 1245 immaculatam
1732 1192 2023 1246 catholicas

328 1282 459 1336 ﬁdei
495 1283 706 1335 servari
739 1281 1051 1351 praecipiat,
1103 1287 1160 1335 et
1202 1281 1513 1334 secundum
1566 1282 1810 1334 formam
1842 1286 1897 1335 et
1927 1282 2024 1335 de-

328 1369 650 1423 ﬁnitionem
705 1372 1039 1438 apostolicm
1093 1369 1263 1437 sedis,
1317 1386 1489 1439 quam
1532 1371 1704 1423 etiam
1757 1387 1856 1424 nos
1907 1377 2029 1424 tan-

328 1474 501 1526 quam
562 1459 986 1527 praecellentem
1038 1458 1304 1511 similiter
1358 1476 1717 1527 veneramur,
1775 1460 1833 1512 in
1877 1464 2026 1513 statu

329 1547 631 1600 sacerdotii
679 1548 858 1600 illaeso
911 1552 1179 1600 manente
1233 1564 1336 1617 per
1375 1549 1574 1602 omnia
1622 1549 1907 1614 Flaviano,
1958 1549 2024 1603 ad

329 1635 555 1688 concilii
613 1641 669 1689 et
722 1636 1051 1705 apostolica:
1110 1636 1259 1688 sedis
1309 1636 1592 1705 judicium
1643 1638 2025 1703 transmittat;

331 1724 391 1776 in
424 1740 533 1793 qua
581 1724 802 1793 primus
847 1724 963 1787 ille,
1026 1724 1125 1794 qui
1154 1725 1410 1777 ccelestes
1462 1725 1645 1778 claves
1687 1726 1895 1795 dignus
1925 1725 2028 1779 fuit

335 1811 612 1881 accipere,
694 1812 1088 1881 principatum
1159 1812 1519 1882 episcopatus
1564 1814 1870 1868 ordinavit.
1924 1816 2028 1868 De-

334 1906 422 1953 cet
454 1900 645 1969 itaque
693 1916 795 1953 nos
841 1900 975 1952 huic
1025 1900 1289 1954 maxima:
1329 1900 1567 1967 civitati,
1619 1918 1747 1972 quae
1797 1902 2031 1956 domina

336 1988 599 2041 omnium
650 1992 754 2053 est,
807 1987 867 2040 in
925 1988 1196 2042 omnibus
1237 1989 1616 2043 reverentiam
1669 2007 2026 2045 conservare.

338 2076 679 2146 Diligentius
738 2082 930 2130 autem
979 2076 1086 2129 hoc
1140 2078 1452 2146 providete,
1506 2094 1575 2131 ne
1628 2080 1780 2148 quod
1833 2079 2032 2149 priscis

335 2164 687 2234 temporibus
745 2170 935 2218 nostra
988 2164 1283 2234 generatio
1346 2166 1664 2229 custodivit,
1707 2167 1811 2220 sub
1868 2167 2033 2220 nobis

335 2253 602 2307 imminui
646 2253 923 2320 videatur,
976 2257 1032 2307 et
1080 2270 1187 2324 per
1230 2270 1482 2323 praesens
1512 2256 1838 2325 exemplum
1885 2256 2032 2309 schi-

336 2347 519 2395 smata
560 2347 909 2409 generentur
956 2342 1108 2396 inter
1153 2342 1446 2412 episcopos
1493 2359 1557 2396 ac
1592 2350 1812 2397 sanctas
1851 2345 2032 2398 Eccle-

337 2429 467 2482 sias.
500 2450 527 2477 »
580 2433 828 2500 Apparet
874 2429 1052 2499 igitur
1100 2447 1165 2483 ex
1204 2430 1294 2483 his
1332 2432 1654 2485 Romanum
1702 2432 2033 2501 pontiﬁcem

339 2533 637 2586 nunquam
679 2516 854 2570 fuisse
898 2516 1215 2586 subjectum
1263 2519 1600 2587 patriarchas
1635 2520 2033 2575 Constantino-

338 2605 617 2675 politano,
668 2606 809 2675 quin
834 2606 1024 2675 potius
1069 2606 1167 2660 ubi
1206 2608 1511 2661 necessitas
1542 2610 1868 2679 postulavit,
1903 2627 2033 2664 eum

338 2692 709 2762 apostolicam
739 2693 932 2746 sedem
964 2693 1288 2763 expetiisse,
1332 2700 1388 2750 et
1423 2698 1735 2751 secundum
1784 2698 1908 2767 ejus
1943 2699 2035 2768 ju-

339 2780 553 2834 dicium
588 2797 751 2834 suam
783 2781 1093 2835 terminum
1137 2782 1346 2837 habere
1395 2801 1622 2839 causam
1670 2786 2031 2856 p0poscisse:

341 2870 812 2940 quandoquidem
863 2869 938 2923 sit
986 2870 1243 2925 Romana
1272 2872 1468 2926 civitas
1508 2875 1779 2927 omnibus
1806 2875 2036 2945 imperii

341 2958 583 3010 Romani
634 2958 958 3011 civitatibus
1000 2959 1414 3027 honorabilior,
1464 2968 1520 3015 et
1564 2963 1853 3017 Romanus
1892 2980 2034 3033 pon-

339 3046 475 3099 tifex
524 3046 911 3117 principatum
961 3048 1217 3103 obtineat
1274 3051 1578 3105 sacerdotii
1623 3069 1793 3123 super
1839 3070 2037 3107 omnes

341 3132 671 3203 episcopos;
713 3138 776 3187 ut
823 3139 953 3204 pote
987 3152 1131 3201 cum
1162 3136 1235 3189 sit
1264 3137 1457 3191 civitas
1490 3140 1609 3193 haec
1644 3141 1877 3195 domina
1920 3159 2038 3196 om-

340 3222 526 3282 nium,
559 3225 616 3273 et
647 3220 733 3274 illi
754 3221 964 3275 civitati
998 3224 1257 3294 quisquis
1300 3226 1591 3296 praefuerit
1615 3229 1934 3299 episcopus,
1968 3246 2036 3283 ex

341 3308 698 3378 antiquitatis
728 3309 1133 3365 constitutione
1171 3313 1439 3385 princeps
1468 3316 1729 3370 omnium
1758 3317 2034 3371 habeatur

341 3396 742 3452 Ecelesiarum.

413 3486 525 3538 Hac
579 3486 757 3556 igitur
814 3487 1148 3542 auctoritate
1208 3491 1315 3543 Leo
1374 3492 1715 3546 venerabilis
1763 3495 2035 3547 Romanae

340 3573 583 3626 civitatis
634 3581 934 3646 episcopus
982 3577 1180 3643 fretus,
1221 3580 1443 3649 scripsit
1474 3582 1738 3635 Anatolio
1770 3583 2035 3654 episcopo

340 3662 978 3734 Constantinopolitano
1024 3666 1225 3734 (Epist.
1269 3668 1378 3737 46),
1430 3685 1601 3738 quam
1633 3671 1876 3724 formam
1909 3688 2039 3725 con-

340 3748 455 3801 cilii
494 3756 689 3804 tenere
734 3751 1039 3819 debuisset,
1086 3753 1413 3808 damnando
1457 3758 1797 3823 Nestorium,
1841 3763 1897 3812 et
1930 3761 2036 3813 Eu-

341 3838 565 3905 tychen,
626 3839 705 3893 ita
764 3841 1063 3896 scribens:
1120 3864 1141 3891 ι
1203 3843 1355 3898 Licet
1395 3862 1619 3915 sperem
1673 3848 2033 3902 dilectionem

340 3930 498 3977 tuam
527 3927 598 3980 ad
630 3944 800 3981 omne
841 3946 983 4000 Opus
1014 3948 1133 3983 esse
1163 3932 1448 4001 devotam,
1498 3940 1559 3987 ut
1606 3941 1800 3989 tamen
1845 3937 2037 3990 efﬁca—

340 4012 458 4065 cior
504 4020 601 4067 tua
636 4016 763 4068 ﬁeri
793 4018 971 4084 possit
1021 4019 1325 4087 industria,
1370 4024 1751 4077 necessarium
1784 4031 1841 4078 et
1892 4042 2039 4079 com-

342 4102 579 4155 modum
627 4103 752 4169 fuit,
786 4104 991 4158 fratres
1022 4122 1177 4159 meos
1211 4108 1521 4163 Licentium
1564 4112 1895 4182 episcopum
1934 4114 2040 4168 Ba-

342 4188 532 4240 silium
610 4192 1005 4261 presbyterum
1090 4200 1172 4258 (ut
1247 4199 1639 4270 promisimus)
1729 4202 2034 4268 destinare,

343 4275 552 4345 quibus
594 4282 692 4330 tua
730 4279 958 4333 dilectio
1001 4283 1267 4351 societur,
1302 4292 1363 4338 ut
1402 4287 1545 4340 nihil
1589 4288 1646 4341 in
1678 4288 1767 4342 his
1807 4307 1934 4359 quae
1971 4292 2036 4345 ad

345 4363 676 4417 universalis
754 4367 1015 4422 Ecclesia":
1085 4376 1292 4426 statum
1356 4376 1659 4443 pertinent,
1722 4384 1820 4430 aut
1866 4378 2037 4434 dubie

342 4457 549 4522 agatur
574 4459 675 4507 aut
708 4456 999 4525 segniter:
1033 4475 1162 4511 cum
1209 4462 1587 4517 residentibus
1624 4465 1800 4533 vobis,
1833 4468 2039 4537 quibus

2130 751 2284 812 runt,
2322 751 2376 799 et
2408 746 2480 799 ob
2512 746 2617 799 hoc
2646 744 3002 815 superiorem
3035 744 3140 798 sibi
3173 745 3362 799 locum
3408 744 3472 797 in
3510 745 3698 797 eadem
3726 744 3797 796 in-

2131 836 2281 890 felici
2320 836 2534 905 synodo
2570 835 2950 900 vindicarunt,
2994 840 3057 888 ut
3089 834 3395 887 humilium
3424 834 3663 887 fratrum
3692 834 3801 885 sim-

2132 925 2442 994 plicitatem
2501 926 2837 993 arrogawize
2895 923 3241 993 praejudiciis
3300 928 3722 993 aggravarent:
3765 924 3799 974 si

2132 1013 2277 1065 forte
2329 1012 2666 1080 resipiscant
2696 1020 2751 1065 et
2803 1015 2864 1063 [ει.
2894 1013 2925 1062 li
2977 1013 3062 1065 sui
3106 1012 3509 1066 defensionem
3557 1016 3805 1065 cassanles

2132 1100 2193 1152 in
2220 1099 2761 1152 condemnationem
2793 1103 3010 1169 prOprii
3030 1104 3443 1152 convertuntur
3477 1099 3703 1161 erroris,
3731 1099 3806 1150 bo-

2135 1204 2263 1240 rum
2322 1187 2629 1240 satisfactio
2688 1187 2817 1240 talis
2876 1187 3125 1253 accedat,
3167 1204 3296 1258 quae
3349 1204 3473 1241 non
3539 1188 3807 1240 refutanda

2137 1276 2412 1342 videatur,
2458 1275 2555 1328 sed
2591 1276 3001 1329 maturioribus
3041 1277 3368 1346 apostolicae
3396 1276 3553 1330 sedis
3589 1276 3809 1329 consiliis

2136 1370 2486 1429 reservetur;
2522 1370 2602 1431 ut,
2636 1364 2977 1417 examinatis
3009 1366 3278 1418 omnibus
3308 1371 3486 1435 atque
3521 1363 3805 1434 perpensis,

2136 1453 2247 1523 ipsi
2294 1469 2494 1506 eorum
2528 1453 2942 1522 agnitionibus,
2971 1454 3108 1523 quid
3140 1453 3411 1507 constitui
3444 1454 3666 1513 debeat,
3697 1452 3811 1504 aesti-

2141 1550 2347 1596 metur.
2400 1544 2593 1613 Neque
2635 1544 2794 1613 prius
2843 1544 2900 1595 in
2934 1542 3196 1609 Ecclesia,
3231 1543 3320 1596 cui
3352 1549 3407 1596 te
3441 1542 3712 1597 Dominus
3738 1558 3809 1591 vo-

2138 1633 2247 1686 luit
2277 1632 2605 1702 praesidere,
2653 1631 2989 1702 cujusquam
3019 1632 3220 1685 talium
3254 1634 3338 1700 (ut
3367 1632 3440 1685 ad
3472 1638 3527 1684 te
3554 1632 3673 1701 jam
3699 1630 3807 1682 scri-

2138 1721 2379 1791 psimus)
2411 1737 2615 1773 nomen
2646 1721 2713 1774 ad
2741 1721 2916 1773 altare
2944 1722 3233 1783 recitetur,
3273 1737 3448 1791 quam
3485 1720 3627 1790 quid
3660 1720 3721 1772 de
3748 1718 3809 1771 eis

2141 1810 2412 1863 constitui
2468 1810 2693 1877 debeat,
2756 1826 2945 1862 rerum
2998 1826 3296 1878 processus
3349 1808 3636 1862 ostendat.
3692 1830 3709 1853 ι
3765 1808 3812 1859 Et

2143 1904 2270 1968 post
2299 1914 2479 1968 pauca
2509 1915 2521 1952 :
2568 1920 2594 1946 ‹‹
2626 1898 2901 1952 Annitere
2930 1899 3142 1968 itaque,
3190 1899 3362 1951 frater
3392 1898 3740 1960 charissime,
3765 1903 3825 1976 ut.

2142 2004 2271 2057 quae
2305 1987 2564 2040 Ecclesia:
2609 1987 2707 2040 Dei
2738 1992 3082 2056 congruunt,
3132 1987 3379 2041 ﬁdeliter
3427 1991 3485 2039 et
3537 1986 3814 2040 efﬁcaciter

2140 2092 2269 2128 cum
2319 2076 2405 2128 his
2436 2076 2705 2129 fratribus
2747 2082 3093 2140 constanter,
3128 2092 3271 2145 quos
3308 2076 3553 2129 idoneos
3585 2080 3814 2127 auctores

2141 2164 2442 2232 elegimus,
2493 2164 2839 2233 exsequaris.
2888 2182 2915 2215 »
2960 2164 3303 2216 Monstratur
3352 2164 3441 2216 his
3491 2162 3696 2217 litteris
3726 2164 3812 2216 Bo-

2142 2268 2379 2305 manum
2409 2252 2740 2322 pontiﬁcem
2776 2267 3019 2322 praeesse
3060 2252 3401 2322 patriarchae
3444 2250 3813 2306 Constantino-

2144 2340 2422 2411 politano,
2473 2340 2563 2393 cui
2616 2340 2763 2394 vices
2811 2357 2939 2393 suas
2986 2340 3045 2392 iu
3086 2341 3302 2410 synodo
3354 2340 3652 2393 habendas
3690 2354 3814 2391 com-

2144 2428 2353 2482 mittit:
2413 2429 2619 2498 cuique
2699 2428 2768 2481 de
2840 2427 3081 2497 singulis
3158 2428 3404 2496 qualiter
3470 2434 3811 2497 exsequatur,

2144 2518 2497 2589 praescribit;
2554 2521 2611 2570 et
2667 2516 2803 2587 quid
2860 2534 2961 2569 suo
3006 2515 3221 2585 judicio
3276 2517 3689 2570 reservandum
3742 2514 3811 2574 sit,

2144 2606 2371 2671 indicit;
2406 2606 2544 2677 quid
2577 2622 2709 2659 vero
2755 2606 2873 2675 ipse
2921 2605 3306 2659 determinare
3350 2605 3580 2671 debeat,
3613 2604 3813 2663 deﬁnit;

2144 2711 2248 2748 nec
2287 2700 2479 2748 tamen
2524 2695 2676 2748 solus
2718 2699 3058 2764 potestatem
3111 2694 3322 2747 habere
3363 2693 3667 2763 judicandi
3711 2708 3814 2761 per-

2146 2783 2412 2849 mittitur,
2470 2799 2664 2836 verum
2722 2784 2909 2836 socius
2964 2781 3096 2849 illis,
3156 2782 3255 2853 qui
3304 2782 3537 2835 fuerant
3588 2782 3655 2834 ab
3700 2796 3815 2849 apo-

2145 2872 2341 2925 stolica
2395 2872 2527 2926 sede
2582 2871 2802 2933 directi,
2863 2887 3035 2941 super
3088 2871 3547 2925 determinandis
3602 2870 3815 2941 negotiis

2144 2960 2465 3015 adhibetur.

2214 3048 2421 3103 Scribit
2471 3048 2644 3101 etiam
2684 3048 2835 3102 idem
2884 3047 3084 3101 beatus
3123 3048 3233 3101 Leo
3289 3049 3594 3119 episcopus
3632 3051 3815 3100 sanctae

2146 3138 2359 3206 synodo
2430 3136 2875 3191 Chalcedonensi
2939 3136 3261 3190 constituta:
3330 3139 3507 3205 (epist.
3574 3138 3681 3203 40),
3732 3149 3816 3204 pro

2076 3256 2114 3310 Ο
2146 3224 2581 3278 condemnanda
2627 3225 2907 3295 Ephesina
2940 3224 3157 3295 synodo
3189 3226 3454 3292 secunda,
3482 3225 3543 3278 in
3578 3241 3688 3295 qua
3713 3224 3815 3275 fue-

2147 3318 2232 3364 rat
2278 3312 2603 3382 patriarcha
2643 3311 3312 3381 Constantinopolitanus
3349 3313 3693 3366 venerabilis
3724 3312 3817 3363 Fla-

2145 3400 2344 3453 vianus
2387 3400 2767 3469 nonjustitia,
2814 3401 2910 3453 sed
2951 3400 3221 3454 violentia
3260 3402 3694 3454 condemnatus.
3738 3400 3817 3453 Cu-

2140 3490 2234 3558 jus
2264 3489 2371 3542 ista
2419 3494 2552 3541 sunt
2607 3489 2800 3553 verba,
2834 3489 3174 3542 salutatione
3224 3490 3542 3558 przemissa.
3581 3512 3608 3537 «
3664 3488 3817 3557 Opta-

2144 3593 2338 3630 veram
2395 3577 2649 3647 quidem,
2723 3577 3096 3641 dilectissimi,
3156 3594 3258 3647 pro
3313 3582 3510 3631 nostra
3570 3578 3816 3631 charitate

2145 3665 2385 3735 collegii,
2433 3681 2631 3717 omnes
2683 3665 2908 3718 Domini
2941 3666 3259 3719 sacerdotes
3292 3666 3350 3719 in
3393 3682 3511 3719 una
3551 3665 3816 3720 catholica?

2145 3754 2280 3807 ﬁdei
2309 3754 2607 3807 devotione
2640 3753 2966 3822 persistere,
3010 3770 3113 3806 nec
3148 3770 3497 3824 quemquam
3540 3756 3719 3824 gratia
3741 3758 3817 3806 aut

2145 3842 2453 3896 formidine
2510 3842 2868 3895 saecularium
2920 3842 3270 3896 sacerdotem
3314 3843 3639 3912 depravari,
3681 3848 3769 3895 aut
3796 3857 3820 3891 a

2145 3932 2237 3983 via
2288 3930 2541 3983 veritatis
2575 3930 2899 3984 abscedere.
2948 3931 3054 3984 Sed
3108 3931 3242 4001 quia
3287 3932 3469 3983 multa
3515 3948 3667 4002 saape
3713 3946 3818 4001 quae

2147 4017 2561 4088 paenitudinem
2584 4019 2806 4088 possint
2827 4035 3121 4088 generare,
3147 4020 3511 4088 proveniunt,
3539 4026 3598 4074 et
3617 4023 3821 4089 superat

2147 4107 2343 4176 culpas
2389 4105 2849 4176 delinquentium
2899 4107 3294 4160 misericordia
3342 4107 3459 4169 Dei,
3510 4113 3681 4178 atque
3710 4106 3819 4159 ideo

2149 4195 2516 4265 suspenditur
2546 4195 2709 4257 ultio,
2768 4200 2830 4248 ut
2874 4194 3055 4265 possit
3086 4196 3271 4248 locum
3302 4195 3511 4248 habere
3546 4196 3819 4253 correctio,

2148 4283 2608 4354 amplectendum
2659 4288 2744 4337 est
2796 4283 3225 4337 clementissimi
3276 4284 3553 4355 principis
3607 4286 3821 4356 plenum

2147 4372 2425 4442 religione
2452 4372 2796 4436 ,consilium,
2849 4389 2962 4442 quo
3008 4378 3261 4425 sanctam
3312 4373 3721 4426 fraternitatem
3751 4388 3821 4423 ve-

2149 4468 2325 4515 stram
2355 4462 2423 4514 ad
2471 4461 2843 4514 destruendas
2874 4461 3111 4514 insidias
3142 4461 3378 4525 diaboli,
3429 4466 3485 4513 et
3526 4462 3822 4515 reforman-

343 4542 769 4596 exsecutionem
820 4550 1029 4598 nostra:
1101 4548 1488 4618 dispositionis
1537 4552 1913 4621 injunximus,
1970 4572 2035 4609 ea
2074 4550 2117 4603 D
2149 4551 2278 4606 dam
2323 4550 2761 4603 ecclesiasticam
2798 4566 2996 4619 pacem
3038 4550 3244 4603 maluit
3279 4550 3607 4618 convenire,
3648 4548 3823 4604 beatis-

341 4629 563 4703 possint
608 4632 699 4701 agi
730 4638 932 4687 cuncta
977 4649 1105 4687 cum
1138 4637 1560 4706 moderatione;
1616 4646 1680 4693 ut
1729 4658 1832 4695 nec
1859 4643 2035 4697 bene-

342 4719 604 4772 volentim
634 4726 846 4790 partes,
881 4739 986 4776 nec
1009 4723 1250 4792 justitiaa
1282 4726 1667 4796 negligantur,
1702 4730 1795 4782 sed
1821 4731 2037 4801 absque

341 4822 715 4875 personarum
748 4812 1075 4881 acceptione
1098 4813 1355 4866 divinum
1380 4814 1438 4867 in
1468 4815 1733 4870 omnibus
1756 4818 2036 4887 judicium

341 4895 729 4964 cogitetur.»
792 4900 855 4952 Et
905 4901 1203 4954 nonnullis
1260 4901 1663 4972 interpositis:
1727 4907 1854 4959 «Et
1905 4909 2038 4977 quia

342 4985 666 5054 evangelica
716 4992 771 5041 et
800 4989 1116 5056 apostolica
1158 4991 1299 5044 ﬁdes
1329 5008 1528 5044 omnes
1559 5000 1847 5063 expugnat
1878 5012 2038 5049 erro-

343 5085 452 5136 res,
495 5073 650 5126 etab
681 5090 798 5127 uno
845 5076 1021 5129 latere
1070 5077 1395 5132 Nestorium
1431 5080 1642 5149 dejicit,
1686 5081 1755 5135 ab
1797 5083 1906 5135 alio
1939 5085 2039 5136 Eu-

340 5159 547 5227 tychen
579 5167 635 5213 et
682 5163 987 5234 participes
1043 5168 1166 5235 ejus
1225 5167 1402 5234 elidit,
1436 5168 1580 5223 hanc
1624 5172 1883 5239 regulam
1918 5188 2036 5226 me-

342 5251 596 5301 mentote
640 5252 1016 5307 servandam:
1079 5260 1141 5307 ut
1187 5256 1515 5327 quicunque
1545 5257 1604 5311 in
1654 5258 1751 5311 illa
1798 5260 2035 5329 synodo,

343 5350 471 5403 qua1
504 5352 715 5391 nomen
746 5341 947 5409 synodi
990 5357 1092 5395 nec
1122 5342 1333 5397 habere
1365 5346 1596 5414 poterit,
1629 5363 1732 5400 nec
1763 5357 2034 5414 meretur,

342 5428 397 5475 et
427 5422 485 5475 in
518 5441 628 5494 qua
663 5426 1123 5483 malevolentiam
1150 5449 1310 5486 suam
1340 5434 1660 5500 Dioscorus,
1695 5436 2035 5491 industriam

340 5516 535 5565 autem
592 5515 884 5568 Juvenalis
930 5519 1197 5587 ostendit,
1262 5521 1634 5577 satisfactioni
1682 5540 1878 5578 eorum
1928 5542 2035 5595 pax

340 5598 595 5654 fraterna
642 5609 946 5672 prmstetur
978 5622 991 5659 :
1185 5609 1264 5663 ita
1296 5617 1362 5664 ut
1418 5628 1531 5664 non
1582 5611 1771 5665 dubiis
1818 5615 2035 5681 profes-

340 5688 601 5743 sionibus
630 5692 917 5763 Eutychen
946 5711 1076 5748 cum
1104 5714 1206 5751 suo
1236 5698 1525 5769 dogmate,
1559 5704 1613 5752 et
1644 5715 1774 5752 cum
1804 5714 2037 5752 consor-

346 5776 500 5832 tibus
552 5780 687 5848 suis,
735 5782 1117 5837 anathematis
1156 5787 1581 5840 consecratione
1627 5787 2033 5840 condemnent.

2146 4639 2277 4692 simi
2305 4638 2550 4708 apostoli
2581 4638 2732 4692 Petri
2762 4638 2916 4691 sedis
2936 4638 3067 4708 jure
3100 4645 3156 4692 et
3187 4639 3402 4692 honore
3428 4645 3670 4705 servato,
3700 4638 3821 4690 adeo

2148 4732 2210 4781 ut
2241 4744 2343 4780 nos
2374 4744 2601 4797 quoque
2649 4727 2717 4779 ad
2766 4726 2875 4780 hoc
2924 4732 2987 4780 ut
3033 4728 3147 4779 suis
3198 4727 3398 4780 litteris
3446 4728 3728 4791 invitaret,
3775 4732 3823 4778 ut

2148 4813 2458 4866 venerabili
2492 4813 2710 4884 synodo
2745 4819 2998 4865 nostram
3040 4813 3386 4866 sententiam
3418 4814 3819 4884 praeberemus:

2148 4903 2301 4972 quod
2334 4901 2568 4971 quidem
2601 4916 2705 4953 nec
2734 4902 3039 4954 necessitas
3070 4902 3365 4971 temporis,
3393 4918 3499 4955 nec
3534 4903 3651 4956 ulla
3682 4908 3821 4973 pote-

2148 4995 2235 5043 rat
2266 4990 2618 5043 consuetudo
2666 4990 3003 5060 permittere
3042 5006 3054 5043 :
3100 4996 3291 5044 tamen
3343 4991 3398 5043 in
3430 4992 3516 5044 his
3548 4991 3821 5049 fratribus,

2150 5079 2255 5133 hoc
2300 5084 2402 5143 est,
2458 5079 2726 5132 Pacasino
2776 5083 2831 5131 et
2882 5079 3150 5132 Lucentio
3210 5079 3507 5149 episcopis,
3558 5077 3825 5132 Bonifacie

2149 5172 2203 5220 et
2242 5168 2446 5221 Basilio
2486 5166 2855 5236 presbyteris,
2900 5167 2997 5237 qui
3030 5167 3100 5220 ab
3133 5168 3439 5235 apostolica
3469 5167 3601 5220 sede
3649 5165 3825 5221 directi

2148 5261 2295 5321 sunt,
2329 5272 2421 5309 me
2446 5255 2664 5325 synodo
2696 5261 2881 5309 vestra
2902 5255 3232 5309 fraternitas
3254 5256 3496 5309 aestimet
3516 5258 3822 5325 praesidere,

2148 5361 2252 5397 nec
2291 5344 2607 5413 sejunctam
2647 5361 2680 5397 a
2720 5344 2877 5397 vobis
2908 5344 3272 5413 praesentiam
3309 5361 3515 5407 meam,
3561 5346 3664 5415 qui
3696 5358 3821 5399 nunc

2146 5432 2205 5486 in
2238 5432 2461 5485 vicariis
2491 5432 2633 5484 meis
2672 5432 2895 5496 adsum,
2926 5433 3096 5484 etiam
3131 5432 3349 5486 dudum
3390 5433 3447 5486 in
3480 5432 3615 5487 ﬁdei
3649 5434 3820 5487 catho-

2147 5522 2269 5575 licae
2306 5521 2712 5591 praedicatione
2741 5537 2858 5573 non
2884 5521 3104 5575 desum.
3138 5540 3164 5571 »
3208 5522 3273 5575 Et
3299 5528 3430 5591 post
3458 5522 3607 5575 alia:
3643 5544 3670 5571 ‹‹
3702 5520 3821 5585 Quia

2146 5625 2279 5662 vero
2318 5625 2433 5661 non
2481 5608 2835 5678 ignoramus,
2881 5625 2983 5679 per
3014 5625 3214 5679 pravas
3257 5610 3651 5663 mmulationes
3689 5610 3821 5664 mul-

2145 5703 2331 5751 tarum
2391 5696 2762 5750 Ecelesiarum
2820 5702 3033 5751 statum
3090 5697 3262 5751 fuisse
3309 5698 3622 5763 turbatum,
3670 5695 3821 5769 pluri-

2148 5801 2383 5855 mosque
2432 5785 2650 5846 fratres,
2699 5786 2835 5856 quia
2887 5785 3151 5839 haeresim
3203 5802 3316 5839 non
3360 5792 3715 5856 receperunt,
3754 5802 3820 5837 se-
