3890 6230
54 408 137 460 341

1065 410 1339 467 CONTRA
1378 413 1770 470 CILECORUM
1815 416 2170 472 OPPOSITA.
2220 446 2288 455 —
2339 415 2468 471 LlB.
2512 417 2599 470 IV.

3464 419 3569 475 342

49 537 201 591 dibus
233 540 356 593 suis
404 544 633 611 pulsos,
676 547 732 598 et
776 543 835 596 in
865 543 1062 597 exsilia
1108 545 1436 614 deportatos
1481 551 1651 615 atque
1692 544 1753 599 in
1794 550 1837 600 Α
1868 547 2051 601 deres.
2106 546 2404 618 Siquidem
2454 548 2774 602 continenti
2827 552 3270 620 opportunoque
3323 565 3569 621 prospe-

51 628 224 681 locum
259 634 659 699 superstitum
689 633 828 685 alios
860 633 1179 699 institutos;
1220 633 1307 686 his
1340 634 1605 703 primitus
1638 635 1759 687 vul-

52 717 271 768 neribus
308 720 677 774 adhibeatur
707 722 991 775 medicina
1018 723 1283 791 justitim;
1322 739 1427 775 nec
1456 725 1761 793 quisquam

54 807 122 857 ila
150 812 346 859 careat
400 810 681 879 propriis,
730 817 790 863 ut
831 812 1195 864 alterutatur
1238 810 1481 865 alienis:
1517 828 1644 864 cum
1693 812 1760 876 si,

55 902 109 945 ut
129 895 427 964 cupimus,
478 914 733 951 errorem
763 914 962 951 omnes
995 900 1345 969 relinquunt,
1380 899 1597 952 nemini
1629 899 1763 969 qui-

55 984 171 1035 dem
205 983 403 1037 honor
434 987 632 1055 perire
665 987 888 1049 debeat,
930 987 1024 1040 sed
1064 987 1176 1040 illis
1201 988 1298 1058 qui
1327 1005 1431 1057 pro
1464 988 1571 1042 ﬁde
1606 989 1762 1041 labo-

56 1078 339 1135 raverunt,
391 1090 535 1127 cum
586 1074 746 1128 omni
796 1076 1098 1146 priVilegio
1167 1081 1430 1145 Oporteat
1490 1076 1571 1129 eis
1630 1092 1763 1145 pro-

55 1161 237 1230 prium
288 1162 642 1216 reformare.
698 1164 908 1217 Prioris
953 1169 1145 1217 autem
1199 1165 1495 1233 Ephesiuze
1543 1165 1763 1235 synodi,

56 1249 136 1299 cui
176 1256 396 1303 sanctae
446 1252 744 1305 memoriae
793 1252 1033 1322 Cyrillus
1080 1269 1381 1321 episcopus
1431 1260 1567 1306 tunc
1614 1269 1763 1322 prte-

56 1336 213 1395 sedit.
273 1345 491 1393 contra
537 1340 859 1395 Nestorium
919 1341 1242 1409 specialiter
1295 1346 1505 1394 statuta
1537 1358 1763 1410 perma-

58 1431 255 1479 neant:
302 1443 378 1480 ne
430 1433 575 1482 tunc
620 1429 889 1482 damnata
941 1429 1205 1498 impietas
1255 1430 1488 1482 demum
1541 1428 1648 1481 sibi
1706 1429 1764 1481 in

60 1513 241 1582 aliquo
288 1513 660 1581 blandiatur,
713 1532 827 1586 qua
874 1516 1150 1585 Eutycbes
1173 1516 1326 1585 justa
1381 1515 1765 1569 exsecratione

62 1602 406 1671 percellitur.
469 1604 694 1656 Puritas
724 1602 876 1655 enim
910 1603 1045 1657 ﬁdei
1079 1608 1250 1674 atque
1282 1603 1563 1669 doctrina,
1591 1620 1764 1674 quani

62 1690 272 1753 eodem,
336 1708 467 1759 quo
525 1692 703 1745 sancti
763 1693 952 1745 Patres
1023 1692 1222 1758 nostri,
1285 1691 1493 1761 spiritu
1558 1693 1764 1762 praedi-

65 1794 268 1843 camus,
319 1784 380 1831 et
441 1779 841 1833 Nestorianam
898 1785 954 1833 et
1017 1780 1425 1851 Eutychianam
1475 1797 1606 1834 cum
1649 1780 1767 1834 suis

68 1865 395 1920 auctoribus
429 1869 779 1921 condemnat
810 1869 1026 1939 pariter
1064 1874 1122 1923 et
1168 1869 1535 1940 persequitur
1577 1868 1767 1940 pravi-

68 1959 250 2008 tatem.
292 1976 322 2006 )›

130 2045 507 2098 Advertimus
556 2051 707 2099 certe
761 2046 1035 2100 Romanae
1082 2046 1232 2100 sedis
1281 2046 1613 2117 pontiﬁcem
1664 2064 1769 2101 nec

74 2133 323 2203 supponi,
360 2150 473 2187 nec
524 2134 792 2201 conferri,
832 2135 931 2188 sed
978 2135 1238 2204 praeferri
1290 2136 1769 2206 Constantinopo-

75 2221 237 2274 litano
282 2223 671 2294 patriarchae;
730 2224 1200 2294 quandoquidem
1248 2224 1769 2279 Chalcedonensem

76 2311 342 2378 synodum
395 2310 699 2365 videamus
757 2312 880 2381 ejus
925 2312 1306 2382 permissione
1364 2313 1537 2367 fuisse
1595 2314 1768 2367 colle-

77 2404 246 2450 ctam:
298 2398 522 2468 cuique
578 2399 888 2468 praasidere
940 2400 1145 2454 maluit
1192 2417 1297 2470 per
1340 2417 1471 2454 suos
1526 2401 1765 2471 legatos,

78 2488 265 2557 cuique
298 2487 484 2541 etiam
528 2487 771 2541 formam
811 2488 966 2542 dedit
996 2488 1247 2559 prOpriis
1294 2488 1499 2543 litteris
1529 2489 1666 2559 quid
1701 2490 1769 2542 de

78 2577 313 2629 secunda
356 2576 585 2646 synodo
635 2577 843 2647 Ephesi
874 2578 1112 2631 collecta
1166 2578 1316 2632 foret
1363 2577 1766 2631 statuendum:

78 2664 201 2734 quid
232 2681 476 2735 quoque
525 2665 596 2718 de
625 2666 714 2719 his
758 2665 857 2736 qui
887 2666 1117 2720 fuerant
1165 2666 1224 2719 in
1258 2682 1323 2720 ea
1368 2672 1607 2736 propter
1638 2666 1771 2720 ﬁdei

80 2754 362 2807 veritatem
409 2753 643 2807 sedibus
680 2755 933 2824 propriis
966 2755 1208 2826 expulsi,
1243 2761 1300 2809 et
1328 2754 1387 2808 in
1425 2754 1623 2809 exsilia
1666 2755 1771 2808 de-

86 2843 309 2911 portati;
360 2858 591 2896 necnon
640 2849 696 2896 et
742 2860 809 2897 ex
852 2843 925 2896 iis
971 2844 1071 2914 qui
1102 2844 1273 2897 minis
1321 2848 1493 2914 atque
1536 2843 1769 2897 terrori-

84 2932 176 2984 bus
226 2931 519 3000 compulsi
580 2939 783 2985 contra
828 2932 999 2986 ﬁdem
1052 2932 1334 3002 judicium
1387 2933 1769 3002 protulerunt,

88 3026 240 3090 atque
298 3026 741 3084 consenserunt,
796 3021 841 3073 si
898 3021 1108 3075 reverti
1155 3021 1226 3075 ab
1277 3037 1471 3075 errore
1519 3022 1770 3083 mallent,

88 3114 137 3162 et
177 3108 479 3162 veritatem
527 3109 661 3163 ﬁdei
710 3110 996 3179 proﬁteri:
1048 3110 1331 3180 synodum
1378 3126 1605 3181 quoque
1648 3109 1772 3180 pri-

90 3212 222 3249 mam
276 3197 631 3267 Ephesinam
682 3214 787 3267 per
833 3199 1063 3252 beatum
1110 3198 1384 3268 Cyrillum
1434 3198 1770 3251 Alexandri-

90 3299 208 3337 num
249 3287 591 3356 episcopum
628 3287 839 3340 factam
889 3287 1086 3341 statuit
1115 3286 1383 3340 omnibus
1430 3287 1615 3340 modis
1655 3302 1769 3339 ser-

92 3374 337 3439 vandam,
410 3376 800 3429 condemnans
858 3380 973 3428 tam
1039 3375 1364 3429 Nestorium
1418 3391 1589 3445 quam
1658 3376 1771 3428 Eu-

92 3462 274 3531 tychen
318 3463 391 3517 de
428 3463 823 3518 incarnatione
875 3464 1102 3518 Domini
1151 3464 1333 3518 nostri
1381 3466 1510 3518 Jesu
1564 3463 1773 3518 Christi

93 3565 240 3617 prave
269 3552 608 3605 sentientes.
652 3552 871 3616 Quibus
903 3552 1173 3607 omnibus
1204 3552 1503 3606 evidenter
1532 3552 1773 3606 instrui-

94 3654 221 3705 mur,
267 3656 386 3693 non
437 3641 623 3693 solum
682 3640 1339 3710 Constantinopolitano,
1380 3656 1582 3695 verum
1633 3657 1774 3693 cun-

95 3728 179 3779 ctis
241 3728 636 3783 Orientalibus
698 3730 979 3800 episcopis
1046 3730 1370 3784 Romanum
1438 3729 1774 3799 pontiﬁcem

96 3816 288 3870 honore
338 3819 673 3887 prelatum,
734 3818 906 3872 veluti
961 3818 1060 3889 qui
1107 3822 1442 3873 cunctorum
1496 3818 1771 3872 sollicitu-

98 3904 265 3959 dinem
314 3907 553 3975 plenam
607 3907 819 3960 habere
875 3907 1080 3961 debeat
1131 3906 1556 3977 episcoporum,
1591 3911 1647 3961 et
1682 3906 1773 3960 cui

102 3994 406 4061 specialiter
457 3995 753 4049 incumbat
800 4010 904 4064 pro
953 3994 1171 4048 cunctis
1226 3995 1486 4048 Ecclesiis
1532 3995 1774 4066 pervigil

102 4082 424 4137 sollicitudo.

162 4173 223 4225 Ut
265 4178 463 4225 autem
525 4170 842 4225 evidentius
890 4176 1162 4241 appareat
1210 4176 1424 4242 quanto
1481 4173 1776 4225 Romanus

104 4260 377 4330 episcopus
426 4261 642 4314 honore
684 4260 975 4330 praecellat
1020 4275 1193 4330 supra
1242 4264 1475 4312 cunctos
1530 4259 1628 4329 qui
1677 4276 1777 4330 per

108 4350 367 4403 Orientem
445 4348 733 4402 habentur
796 4348 1114 4419 episcopos,
1183 4364 1247 4402 ex
1317 4348 1559 4417 epistola
1626 4349 1775 4402 beati

110 4436 279 4490 Leonis
323 4436 587 4507 episcopi
646 4436 802 4489 urbis
870 4437 1087 4501 Romae,
1152 4436 1445 4490 Anastasio
1506 4435 1774 4507 episcopo

108 4525 578 4581 Thessalonicensi
629 4526 845 4579 directa
905 4526 1084 4596 (epist.
1148 4526 1255 4593 84),
1321 4525 1535 4595 placuit
1594 4532 1777 4579 osten-

110 4612 241 4679 dere;
263 4616 353 4668 cui
374 4614 722 4667 salutatione
745 4615 1043 4683 prmmissa
1067 4614 1145 4666 sic
1174 4614 1431 4685 loquitur
1456 4630 1469 4667 :
1504 4636 1531 4663 «
1554 4615 1778 4678 Quanta

111 4700 419 4755 fraternitati
488 4707 603 4755 tuae
648 4718 681 4754 a
729 4702 1047 4755 beatissimi
1095 4702 1249 4755 Petri
1301 4702 1545 4772 apostoli
1590 4709 1779 4755 aucto-

113 4789 243 4844 ritate
270 4790 581 4844 commissa
612 4790 746 4856 sint,
792 4794 850 4844 et
894 4789 1089 4861 qualia
1115 4790 1286 4844 etiam
1338 4795 1530 4845 nostro
1561 4790 1665 4845 tibi
1695 4790 1777 4844 fa-

114 4892 217 4930 vore
272 4880 383 4933 sint
432 4878 671 4942 credita,
725 4877 774 4930 si
831 4894 967 4932 vera
1013 4877 1234 4932 ratione
1283 4879 1657 4949 perspiceres,
1724 4885 1780 4933 et

110 4964 230 5031 justo
260 4967 525 5021 examine
565 4966 933 5036 ponderares,
979 4967 1227 5020 multum
1258 4982 1556 5037 possemus
1585 4967 1655 5021 de
1690 4965 1782 5020 in-

114 5054 288 5121 junctze
334 5056 444 5109 tibi
496 5054 899 5109 sollicitudinis
948 5054 1251 5109 devotione
1304 5055 1588 5125 gaudere:
1635 5071 1777 5126 quo-

120 5144 240 5198 niam
267 5146 413 5199 sicut
461 5159 839 5215 praacessores
884 5144 994 5197 mei
1038 5145 1484 5214 praecessoribus
1515 5144 1650 5209 tuis,
1703 5143 1782 5196 ita

122 5247 199 5301 ego
225 5232 511 5287 dilectioni
542 5238 656 5286 tute
695 5233 955 5303 priorum
987 5239 1211 5287 secutus
1242 5234 1590 5301 exemplum,
1631 5232 1782 5285 vices

126 5323 208 5374 mei
248 5322 661 5377 moderaminis
720 5322 1009 5391 delegavi;
1061 5326 1126 5374 ut
1174 5337 1368 5374 curam
1419 5337 1592 5391 quam
1650 5320 1781 5373 uni-

124 5412 261 5463 versis
302 5410 571 5465 Ecclesiis
614 5409 1014 5480 principaliter
1063 5426 1131 5463 ex
1181 5410 1373 5464 divina
1424 5409 1783 5463 institutione

129 5498 378 5564 debemus,
436 5499 705 5553 imitator
761 5504 971 5552 nostrae
1024 5497 1482 5552 mansuetudinis
1549 5497 1784 5551 effectus

129 5586 407 5654 adjuvares,
461 5592 519 5640 et
576 5588 910 5657 longinquis
973 5603 1003 5639 a
1060 5586 1224 5640 nobis
1290 5585 1599 5656 provinciis
1645 5601 1787 5655 pra:-

133 5676 330 5731 sentiam
387 5676 823 5748 quodammodo
890 5680 1103 5728 nostra:
1155 5674 1497 5728 visitationis
1554 5673 1787 5744 impen-

1807 1844 1845 1897 Β

1871 643 1960 690 ctu
2016 642 2347 707 promptum
2404 636 2508 689 tibi
2558 642 2706 689 esset
2757 653 3086 707 agnoscere,
3141 638 3281 709 quid
3331 638 3389 691 in
3438 641 3567 709 qui-

1873 726 2093 795 busque
2127 727 2295 778 rebus
2333 725 2418 777 vel
2452 730 2550 778 tuo
2595 725 2782 777 studio
2816 741 3208 795 componeres,
3256 726 3340 779 vel
3374 732 3567 780 nostro

1867 812 2084 881 judicio
2135 828 2471 866 reservares.
2542 813 2683 866 Nam
2750 829 2877 865 cum
2948 813 3170 882 majora
3236 815 3466 884 negotia
3514 821 3569 867 et

1875 900 2225 954 difﬁciliores
2272 917 2574 954 causarum
2630 901 2814 955 exitus
2845 901 3090 954 liberum
3137 902 3241 955 tibi
3288 908 3432 956 esset
3463 904 3567 957 sub

1872 994 2069 1041 nostra
2139 989 2435 1042 sententiae
2510 989 2934 1059 exspectatione
3012 990 3382 1059 suspendere,
3464 1007 3569 1044 nec

1874 1078 2018 1129 ratio
2053 1076 2152 1130 tibi
2203 1093 2307 1131 nec
2338 1078 2643 1131 necessitas
2692 1078 2821 1141 fuit,
2854 1079 2911 1130 in
2943 1076 2996 1130 id
3035 1078 3191 1148 quod
3240 1094 3565 1131 mensuram

1874 1165 1957 1218 tui
2003 1166 2318 1232 excederet,
2373 1167 2672 1220 deviandi:
2731 1166 3027 1219 abundant
3090 1167 3248 1220 enim
3298 1168 3447 1237 apud
3512 1173 3567 1219 te

1876 1258 2226 1308 monitorum
2274 1256 2485 1325 scripta
2530 1261 2879 1320 nostrorum,
2959 1256 3166 1326 quibus
3210 1262 3262 1310 te
3310 1257 3379 1310 de
3445 1271 3565 1309 om-

1876 1341 2034 1394 nium
2098 1344 2387 1396 actionum
2445 1343 2826 1413 temperantia
2884 1344 3216 1413 frequenter
3291 1344 3569 1397 instruxi—

1876 1446 2031 1495 mus;
2097 1436 2159 1483 ut
2226 1432 2654 1484 commendatas
2720 1432 2821 1485 tibi
2875 1432 3081 1486 Christi
3143 1432 3416 1485 Ecclesias
3468 1449 3571 1501 per

1875 1519 2331 1572 exhortationem
2383 1519 2676 1573 charitatis
2733 1520 2804 1573 ad
2862 1520 3253 1574 salubritatem
3308 1520 3571 1573 obedien-

1879 1608 1971 1660 tiae
2020 1624 2377 1676 provocarcs.
2430 1629 2455 1654 ››
2496 1610 2560 1661 Et
2609 1616 2738 1677 post
2785 1609 2891 1660 alia
2927 1608 3241 1661 istiusmodi
3290 1610 3569 1678 redargu-

1875 1695 2127 1749 tionibus
2161 1703 2496 1765 conquesta,
2538 1696 2746 1749 iterum
2777 1696 2945 1749 infert
2978 1698 3196 1767 (ibid):
3256 1722 3283 1748 (ι
3325 1699 3391 1750 Et
3432 1698 3569 1751 dum

1878 1783 2160 1837 dominari
2204 1785 2386 1855 magis
2434 1801 2608 1855 quam
2657 1786 2954 1838 consulere
2998 1785 3240 1839 subditis
3286 1792 3565 1856 quierant,

1878 1872 2062 1943 placet
2113 1873 2321 1937 honor,
2377 1874 2541 1926 inflat
2607 1873 2895 1943 superbia,
2952 1878 3009 1927 et
3065 1874 3219 1943 quod
3280 1874 3570 1943 provisum

1878 1966 1963 2015 est
2029 1961 2102 2015 ad
2168 1962 2557 2026 concordiam,
2619 1961 2806 2015 tendit
2865 1961 2935 2015 ad
2993 1978 3217 2015 noxam.
3289 1961 3446 2025 Quod
3508 1966 3573 2014 ut

1877 2065 2108 2103 necesse
2147 2049 2462 2103 habeamus
2502 2050 2581 2103 ita
2627 2050 2838 2116 dicere,
2890 2067 3005 2104 non
3054 2052 3122 2105 de
3173 2067 3346 2120 parvo
3391 2050 3571 2103 animi

1879 2138 2074 2192 dolore
2162 2139 2460 2207 procedit:
2541 2139 2827 2208 meipsum
2915 2139 3070 2192 enim
3145 2138 3573 2209 quodammodo

1877 2226 2029 2280 trahi
2076 2226 2134 2279 in
2184 2227 2411 2296 culpam
2463 2227 2661 2290 sentio,
2709 2243 2838 2281 cum
2888 2233 2942 2280 te
2981 2244 3013 2281 a
3059 2228 3282 2281 traditis
3332 2227 3438 2281 tibi
3480 2244 3569 2280 re-

1878 2315 2027 2386 gulis
2091 2315 2399 2368 immodice
2463 2315 2785 2369 discessisse
2842 2332 3145 2385 cognosco.
3197 2314 3303 2378 Qui
3353 2315 3397 2368 si
3457 2319 3571 2368 tuae

1879 2403 2315 2457 existimationis
2374 2420 2580 2473 parum
2638 2404 2883 2474 diligens
2945 2420 3088 2471 eras,
3156 2419 3299 2456 meae
3369 2403 3571 2456 saltem

1878 2493 2041 2546 famae
2089 2509 2319 2563 parcere
2368 2493 2640 2557 debuisti;
2698 2510 2768 2547 ne
2828 2509 2958 2562 qua:
3007 2498 3107 2547 tuo
3157 2496 3383 2546 tantum
3427 2492 3571 2546 facta

1880 2581 2013 2631 sunt
2065 2577 2279 2644 animo,
2337 2583 2532 2630 nostro
2592 2577 2922 2630 viderentur
2976 2578 3125 2631 facta
3163 2576 3405 2647 judicio.
3468 2577 3578 2629 Re-

1881 2666 2034 2735 legat
2103 2666 2432 2719 fraternitas
2493 2672 2593 2719 tua
2654 2666 2896 2736 paginas
2945 2671 3190 2730 nostras,
3262 2663 3573 2734 omniaque

1879 2756 1946 2808 ad
1993 2759 2122 2808 tuos
2173 2755 2345 2808 missa
2393 2756 2637 2825 majores
2686 2754 3014 2824 apostolicae
3061 2755 3211 2809 sedis
3256 2753 3568 2822 praesulum

1880 2843 2087 2912 scripta
2119 2843 2401 2908 decurrat,
2444 2849 2500 2897 et
2546 2844 2697 2897 vela
2748 2859 2858 2909 me,
2914 2843 3001 2897 vel
3050 2860 3081 2897 a
3128 2841 3572 2913 praecessoribus

1882 2933 2024 2986 meis
2086 2932 2340 2986 inveniet
2392 2932 2743 2998 ordinatum,
2800 2932 2955 3002 quod
3016 2949 3049 2985 a
3097 2936 3152 2984 te
3202 2929 3571 3001 cognovimus

1881 3038 2003 3075 esse
2044 3027 2481 3092 praesumptum.
2532 3021 2697 3075 Venit
2746 3036 2993 3091 namque
3025 3020 3097 3073 ad
3146 3035 3249 3072 nos
3281 3034 3410 3072 cum
3450 3017 3572 3087 epi-

1881 3110 2069 3179 sc0pis
2102 3110 2412 3180 provincias
2454 3127 2571 3165 suae
2619 3111 2795 3163 frater
2839 3114 3033 3163 noster
3079 3108 3319 3173 Atticus,
3370 3106 3575 3160 veteris

1886 3198 2038 3267 Epiri
2096 3199 2563 3267 metropolitanus
2624 3197 2878 3264 antistes,
2931 3202 2987 3250 et
3032 3196 3101 3250 de
3168 3193 3576 3264 indignissima

1881 3287 2189 3340 afﬂictione
2235 3302 2407 3357 quam
2455 3287 2710 3356 pertulit,
2762 3283 3117 3356 lacrymabili
3168 3283 3390 3338 actione
3434 3298 3573 3336 con~

1882 3382 2117 3445 questus
2166 3380 2251 3428 est
2303 3392 2495 3429 coram
2540 3376 2858 3430 astantibus
2907 3372 3239 3428 diaconibus
3287 3370 3423 3437 tuis,
3474 3370 3575 3440 qui

1881 3464 2125 3534 querelis
2171 3464 2459 3518 ﬂebilibus
2505 3465 2628 3534 ejus
2686 3464 2831 3517 nihil
2891 3467 3090 3516 contra
3141 3459 3462 3523 referendo,
3510 3474 3577 3511 ca

1883 3568 2012 3622 quas
2052 3552 2215 3605 nobis
2266 3552 2679 3621 ingerebantur
2721 3550 2832 3604 ﬁde
2884 3566 3002 3603 non
3050 3563 3242 3601 carere
3288 3549 3571 3598 monstra-

1880 3642 2036 3695 bant.
2074 3642 2393 3711 Legebatur
2440 3657 2672 3711 quoque
2704 3641 2763 3692 in
2807 3638 3013 3692 litteris
3059 3638 3187 3701 tuis,
3226 3651 3367 3705 quas
3398 3634 3571 3687 iidem

1882 3730 1955 3783 ad
2005 3745 2096 3782 me
2142 3728 2368 3783 diaconi
2408 3729 2492 3782 tui
2540 3728 2889 3795 detulerunt,
2935 3726 3091 3796 quod
3137 3724 3314 3776 frater
3355 3722 3575 3775 Atticus

1880 3818 2338 3873 Thessalonicam
2373 3816 2633 3869 venisset.
2671 3835 2697 3866 »

1954 3908 2021 3959 Et
2046 3910 2173 3976 post
2199 3906 2311 3959 alia
2345 3905 2530 3971 (Ibid)
2562 3921 2574 3958 :
2610 3922 2637 3955 «
2670 3903 2825 3959 Unde
2856 3899 3344 3972 deplorationibus
3374 3913 3570 3968 supra-

1884 3995 2022 4049 dicti
2054 3994 2226 4047 verba
2274 3993 2529 4064 epistolae
2573 3999 2686 4047 tuae
2733 3989 3131 4045 testimonium
3182 3988 3572 4059 praebuerunt,

1885 4088 1940 4137 et
1968 4098 2070 4153 per
2100 4083 2225 4147 hoc,
2264 4081 2417 4152 quod
2459 4097 2572 4135 non
2609 4086 2694 4135 est
2722 4080 2981 4145 tacitum,
3013 4078 3292 4132 nudatum
3325 4080 3410 4128 est
3436 4075 3574 4128 illud

1885 4171 2042 4242 quod
2116 4171 2341 4224 silentio
2412 4170 2601 4224 fuerat
2659 4169 3035 4239 adopertam:
3093 4166 3305 4221 aditam
3364 4163 3578 4217 scilicet

1886 4259 2093 4330 Illyrici
2135 4261 2556 4330 praefecturam,
2602 4264 2660 4311 et
2706 4256 3179 4311 sublimissimain
3211 4255 3360 4307 inter
3408 4267 3576 4305 mun—

1885 4348 2063 4401 danos
2115 4347 2303 4417 apices
2360 4350 2701 4417 potestatem
2755 4347 2815 4398 in
2864 4345 3280 4399 exhibitionem
3332 4339 3579 4396 insontis

1818 4434 1859 4486 Ι)
1890 4435 2157 4489 antistitis
2204 4435 2523 4500 incitatam,
2571 4440 2637 4488 ut
2684 4435 2855 4488 missa
2908 4434 3270 4489 exsecutione
3315 4428 3576 4493 terribili,

1885 4540 2014 4596 quas
2063 4525 2258 4578 omnia
2289 4524 2395 4578 sibi
2436 4524 2623 4578 ofﬁcia
2661 4523 2889 4594 publica
2933 4522 3002 4575 ad
3050 4521 3312 4575 effectum
3364 4533 3578 4588 praece-

1885 4613 2098 4683 ptionis
2130 4614 2487 4683 adjungeret,
2524 4629 2557 4666 a
2586 4613 2759 4666 sacris
2791 4612 3051 4664 Ecclesiae
3083 4608 3270 4673 aditis,
3304 4607 3461 4659 nullo
3492 4604 3578 4656 vel

1885 4702 2024 4755 falso
2054 4701 2420 4755 insimulatus
2460 4700 2701 4755 crimine
2731 4699 3125 4753 extraheretur
3168 4693 3448 4758 sacerdos,
3487 4692 3577 4744 cui

1887 4806 2001 4844 non
2031 4790 2102 4844 ob
2134 4791 2458 4844 molestiam
2493 4787 2872 4859 wgritudinis,
2910 4802 3023 4838 non
3047 4785 3119 4837 ob
3150 4781 3425 4836 saevitiam
3449 4780 3579 4849 hye-

1888 4879 1996 4933 mis
2037 4879 2313 4933 darentur
2356 4879 2626 4943 inducite,
2674 4877 2769 4929 sed
2802 4876 2909 4928 iter
2951 4886 3218 4942 asperum
3251 4873 3305 4922 et
3352 4868 3576 4937 pericu-

1888 4968 1959 5022 lis
1997 4969 2233 5038 plenum
2285 4983 2389 5036 per
2437 4966 2618 5019 invias
2654 4964 2807 5017 nives
2848 4976 3017 5031 agere
3047 4963 3363 5029 cogeretur.
3417 4957 3577 5020 Quod

1890 5057 2032 5110 tanti
2070 5056 2300 5121 laboris,
2339 5054 2597 5123 tantique
2628 5050 2973 5105 discriminis
3005 5049 3131 5113 fuit,
3161 5051 3225 5100 ut
3251 5062 3318 5099 ex
3361 5045 3449 5098 his
3481 5046 3579 5114 qui

1891 5144 2220 5214 episcopum
2253 5142 2510 5196 comitati
2540 5146 2674 5194 sunt
2710 5138 2944 5210 quidam
2978 5136 3249 5191 defecisse
3296 5134 3578 5187 dicantur.

1892 5234 2129 5289 Multum
2161 5238 2379 5302 stupeo,
2419 5232 2594 5283 frater
2630 5227 2983 5289 charissima,
3021 5225 3123 5279 sed
3161 5228 3217 5277 et
3266 5223 3581 5294 plurimum

1894 5321 2078 5385 doleo,
2114 5320 2267 5389 quod
2311 5319 2371 5371 in
2416 5335 2548 5371 eum
2583 5318 2671 5388 (de
2703 5332 2817 5387 quo
2850 5315 2990 5367 nihil
3023 5314 3268 5384 amplius
3298 5312 3583 5366 indicave-

1892 5426 2005 5472 ras,
2049 5422 2221 5477 quam
2254 5406 2410 5477 quod
2457 5411 2724 5459 evocatus
2764 5404 2963 5458 adesse
3004 5402 3279 5469 differret,
3313 5406 3369 5454 et
3412 5416 3585 5452 excu-

1894 5496 2176 5550 sationem
2228 5495 2582 5549 inﬁrmitatis
2636 5494 2996 5559 obtenderet)
3056 5498 3171 5545 tam
3222 5489 3490 5544 atrociter
3532 5493 3588 5542 et

1893 5590 2009 5638 tam
2075 5583 2447 5636 vehementer
2508 5580 2768 5652 potueris
2820 5579 3197 5647 commoveri;
3264 5578 3585 5647 praesertim

1894 5687 2026 5726 cum
2074 5672 2121 5724 si
2166 5673 2280 5726 tale
2330 5671 2548 5744 aliquid
2606 5674 2946 5735 mereretur,
2996 5664 3434 5738 exspectandum
3482 5661 3589 5715 tibi
