3890 6230
292 329 392 382 313

647 328 1001 383 BATRAMNI
1041 327 1501 384 CORBEIENSIS
1542 327 1853 383 MONACHI
1897 326 2173 383 CONTRA
2211 327 2610 383 GRzECORUM
2648 324 3001 382 OPPOSITA.
3048 356 3115 365 —
3165 326 3291 380 LIB.
3333 323 3442 380 IV.
3710 321 3797 375 344

291 466 477 519 fuerat
529 464 667 535 quid
714 465 785 519 ad
832 470 933 519 tua
991 466 1252 519 consulta
1307 465 1697 519 rescriberem.
1764 465 1873 519 Sed
1925 470 1986 519 ut
2024 464 2071 519 A
2102 464 2358 529 Ecclesia,
2408 463 2699 534 totiusque
2749 462 2950 517 mundi
2990 462 3344 533 principatus
3392 459 3672 524 contulit,
3714 459 3800 512 im-

291 554 455 607 video
485 553 630 608 bene
678 554 747 608 de
781 554 922 608 meis
956 554 1212 607 moribus
1244 554 1558 620 zestimasti,
1592 561 1648 607 et
1692 571 1863 625 quam
1909 554 1985 607 ci-

291 643 424 696 vilia
452 659 556 713 pro
601 644 992 697 conservanda
1024 643 1358 698 sacerdotali
1401 643 1705 697 concordia
1751 659 1984 713 respon-

290 748 456 785 surus
488 748 671 785 essem
706 733 998 786 verissime
1028 733 1363 803 prmvidisti,
1400 738 1452 785 et
1484 732 1610 785 ideo
1643 737 1829 786 motus
1862 738 1986 785 tuos

292 821 523 890 exsequi
556 820 677 875 sine
727 822 1001 876 dilatione
1054 822 1395 892 properasti,
1443 838 1515 875 ne
1550 838 1679 875 cum
1729 822 1987 874 modera-

292 910 465 963 tionis
495 915 701 964 nostrar
754 911 904 964 aliud
949 910 1314 980 disponentia
1365 912 1579 981 scripta
1628 911 1986 981 sumpsisses,

291 999 537 1052 faciendi
580 999 636 1053 id
667 1000 818 1069 quod
868 1000 1076 1053 factum
1132 1005 1215 1052 est
1245 1000 1532 1054 licentiam
1569 1017 1684 1053 non
1723 1000 1982 1054 haberes.

292 1091 381 1139 An
431 1086 574 1140 forte
622 1088 841 1158 aliquid
873 1088 975 1141 tibi
1028 1088 1245 1141 facinus
1298 1089 1488 1142 fratris
1539 1090 1884 1154 innotuerat,
1933 1094 1988 1142 et

296 1176 802 1245 metropolitanum
853 1176 1183 1247 episcopum
1232 1178 1363 1230 novi
1429 1179 1579 1248 apud
1624 1185 1678 1232 te
1728 1178 1987 1231 criminis

294 1264 521 1332 pondus
571 1265 846 1334 urgebat?
900 1269 969 1318 At
1024 1265 1131 1318 hoc
1183 1266 1414 1335 quidem
1466 1267 1722 1320 alienum
1769 1268 1837 1320 ab
1888 1267 1987 1320 illo

295 1368 436 1417 esse,
500 1352 671 1405 etiam
720 1358 780 1406 tu
835 1353 975 1406 nihil
1022 1353 1073 1406 ei
1132 1355 1455 1423 objiciendo
1502 1356 1835 1419 conﬁrmas;
1888 1356 1987 1409 sed

295 1442 467 1496 etiam
501 1442 546 1495 si
595 1443 733 1512 quid
774 1459 943 1513 grave
988 1444 1533 1516 intolerandumque
1581 1445 1981 1508 committeret,

295 1536 488 1584 nostra
528 1536 649 1584 erat
679 1532 1053 1601 exspectanda
1084 1549 1349 1597 censura;
1391 1539 1454 1587 ut
1495 1534 1635 1587 nihil
1669 1535 1827 1603 prius
1870 1536 1989 1605 ipse

295 1620 654 1687 decerneres,
701 1637 870 1690 quam
926 1622 1065 1691 quid
1111 1621 1276 1674 nobis
1310 1624 1577 1691 placeret,
1629 1639 1985 1693 agnosceres.

296 1708 453 1761 Vices
499 1708 653 1760 enim
688 1714 912 1761 nostras
952 1708 1031 1761 ita
1069 1714 1183 1762 tua:
1231 1710 1578 1763 credidimus
1610 1711 1893 1775 charitati,
1929 1717 1991 1765 ut

297 1796 356 1849 in
388 1801 610 1865 partem
634 1796 707 1849 sis
739 1802 967 1849 vocatus
998 1797 1414 1862 sollicitudinis,
1450 1816 1565 1852 non
1598 1800 1654 1852 in
1688 1800 1991 1869 plenitudi-

296 1900 430 1937 nem
464 1884 779 1953 potestatis.
817 1885 976 1938 Unde
1013 1885 1150 1938 sicut
1181 1887 1428 1939 mnltum
1475 1903 1576 1940 nos
1607 1904 1673 1941 ea
1718 1906 1845 1959 qum
1876 1906 1907 1941 a
1938 1894 1990 1942 te

298 1973 390 2043 pie
424 1977 556 2025 sunt
586 1978 802 2039 curata,
844 1974 1157 2039 laetiﬁcant,
1206 1975 1285 2027 ita
1316 1975 1564 2030 nimium
1595 1994 1659 2029 ea
1699 1994 1828 2048 quas
1858 1994 1991 2047 per-

297 2078 496 2132 peram
542 2066 673 2115 sunt
715 2067 894 2129 gesta,
943 2064 1297 2117 contristant.
1346 2066 1407 2117 Et
1458 2081 1681 2119 necesse
1730 2071 1831 2135 est,
1867 2072 1993 2137 post

299 2152 608 2203 multarum
642 2150 1030 2221 experimenta
1055 2168 1353 2206 causarum
1388 2154 1686 2208 sollicitius
1722 2157 1990 2226 prospici,

300 2248 355 2294 et
416 2239 752 2308 diligentius
798 2240 1140 2309 praecaveri;
1222 2246 1501 2311 quatenus
1549 2260 1652 2314 per
1717 2245 1990 2314 Spiritum

299 2328 604 2381 charitatis
646 2334 703 2382 et
749 2329 905 2398 pacis
956 2329 1143 2383 omnis
1192 2330 1432 2383 materia
1481 2331 1879 2385 scandalorum
1923 2333 1994 2386 de

302 2416 561 2469 Ecclesiis
607 2417 859 2480 Domini,
918 2434 1059 2488 quas
1098 2418 1203 2472 tibi
1246 2419 1795 2485 commendavimus,
1830 2421 1994 2474 aufe-

302 2509 477 2568 ratur,
513 2504 924 2573 praaeminente
956 2507 1191 2577 quidem
1221 2507 1280 2560 in
1302 2508 1415 2561 illis
1444 2508 1752 2577 provinciis
1784 2509 1997 2577 episco-

302 2597 469 2661 patus
501 2592 585 2645 tui
630 2593 882 2663 fastigio,
919 2594 1018 2648 sed
1060 2600 1354 2665 amputato
1395 2597 1571 2648 totius
1604 2597 1995 2666 usurpationis

303 2695 554 2733 excessu.
599 2681 781 2750 Igitur
827 2683 1145 2737 secundum
1194 2689 1519 2737 sanctorum
1553 2686 1784 2738 Patrum
1823 2701 1995 2739 cano-

304 2784 424 2832 nes,
458 2768 674 2837 Spiritu
707 2770 807 2823 Dei
855 2770 1132 2837 conditos,
1186 2775 1241 2825 et
1272 2772 1447 2825 totius
1477 2773 1678 2826 mundi
1724 2790 1996 2827 reveren-

303 2855 382 2907 tia
429 2863 808 2923 consecratos,
860 2860 1333 2929 metropolitanos
1377 2861 1735 2929 singularum
1768 2863 1997 2931 provin-

306 2944 524 2997 ciarum
602 2947 917 3017 episcopos,
992 2948 1199 3017 quibus
1267 2965 1331 3000 ex
1387 2949 1746 3019 delegatione
1806 2956 1999 3004 nostra

308 3033 679 3087 fraternitatis
709 3040 823 3088 tuae
865 3051 1000 3088 cura
1050 3037 1447 3105 praetenditur,
1492 3039 1582 3107 jus
1622 3039 1843 3092 traditae
1894 3038 2000 3093 sibi

309 3120 625 3190 antiquitus
678 3123 974 3191 dignitatis
1028 3125 1433 3178 intemeratum
1483 3126 1693 3180 habere
1745 3127 2002 3181 decerni-

310 3224 467 3267 mus:
514 3209 594 3262 ita
627 3214 694 3263 ut
747 3228 781 3263 a
822 3212 1039 3280 regulis
1083 3213 1439 3281 praestitutis,
1487 3215 1645 3267 nulla
1678 3220 1774 3268 aut
1820 3216 1999 3285 negli-

310 3296 521 3366 gentia,
573 3302 673 3352 aut
733 3300 1181 3369 prmsumptione
1226 3300 1553 3355 discedant:
1608 3323 1634 3352 »
1685 3307 1742 3355 et
1798 3308 2004 3356 caetera

311 3401 439 3454 quae
470 3386 668 3439 statuit
697 3388 1190 3442 Thessalonicensi
1222 3389 1489 3460 episcopo
1526 3389 1583 3443 in
1614 3392 2005 3445 ecclesiasticis

314 3474 555 3542 negotiis
594 3477 1000 3530 conservanda.

383 3562 597 3624 Quibus
619 3563 875 3617 videmus
906 3581 1271 3635 nequaquam
1304 3565 2005 3636 Constantinopolitanum

314 3651 645 3721 episcopum
690 3654 949 3707 Ecclesiis
981 3654 1205 3720 Christi,
1239 3655 1349 3708 nisi
1380 3660 1602 3709 tantum
1642 3674 1758 3710 suae
1798 3658 2003 3711 dicece-

314 3756 457 3806 seos,
511 3758 630 3794 esse
680 3744 1008 3811 praelatum,
1067 3743 1164 3797 sed
1217 3744 1472 3797 Romano
1526 3746 1781 3814 pontiﬁci
1832 3746 2006 3815 hujus

314 3829 713 3883 sollicitudinis
753 3848 949 3885 curam
996 3832 1310 3902 antiquitus
1355 3849 1475 3886 esse
1506 3834 1893 3899 commissam,
1936 3835 2005 3887 ad

314 3932 484 3985 quem
532 3934 729 3971 omnes
793 3921 1053 3973 Ecclesite
1103 3921 1312 3975 Christi
1357 3922 1691 3991 respiciant;
1745 3928 1802 3975 et
1844 3922 2007 3991 cujus

315 4006 387 4057 sit
430 4004 601 4059 ofﬁcii
632 4007 700 4059 de
739 4008 979 4077 singulis
1028 4010 1417 4061 ecclesiasticis
1448 4010 1765 4063 rationibus
1814 4012 2006 4081 dispo-

313 4108 471 4156 nere,
507 4110 749 4164 eamque
780 4102 976 4148 tenere
1018 4097 1273 4166 singulas
1315 4098 1633 4166 provincias
1666 4100 2004 4153 ecclesiasti~

315 4196 509 4232 carum
551 4198 850 4236 causarum
900 4184 1165 4249 formam,
1218 4202 1387 4254 quam
1422 4187 1677 4256 pontifex
1715 4189 2007 4241 Romanus

316 4269 403 4320 vel
463 4270 843 4336 constituerit,
908 4272 996 4324 vel
1057 4274 1423 4339 concesserit;
1478 4276 1633 4345 quod
1687 4277 2007 4346 approbant

2099 551 2317 607 mutare
2380 570 2575 623 posse;
2644 552 3115 623 quandoquidem
3176 551 3482 605 civitatem
3548 549 3797 611 Romam,

2096 658 2226 712 quze
2287 648 2623 695 cunctarum
2682 641 3068 712 principatum
3122 641 3518 694 Ecclesiarum
3574 638 3803 702 obtinet,

2096 731 2165 783 ab
2224 730 2468 799 imperio
2518 747 2619 783 suo
2668 730 2859 782 vident
2906 734 3208 791 remotam,
3260 734 3318 783 et
3365 743 3623 782 omnem
3665 726 3803 781 Occi-

2097 818 2327 871 dentem
2396 818 2502 871 sibi
2571 818 2877 870 sublatnm.
2944 817 3331 887 Africamque,
3392 821 3458 870 et
3524 815 3804 871 Orientem

2096 923 2242 977 pene
2291 911 2577 974 cunctum,
2624 913 2835 975 praeter
2885 906 3277 975 paucissimas,
3330 907 3617 974 Europe,
3651 904 3807 958 Asiae-

2097 1012 2207 1065 que
2240 995 2578 1065 provincias,
2614 999 2669 1048 et
2695 1010 3007 1065 paucarum
3040 994 3289 1048 ambitus
3321 994 3692 1046 insularum.

2166 1087 2345 1150 Quam
2421 1092 2614 1140 autem
2684 1086 3063 1139 reverentiam
3123 1083 3807 1153 Constantinopolitanus

2096 1177 2345 1246 pontifex
2398 1175 2658 1228 obtinere
2710 1175 2931 1239 debeat,
2965 1190 3081 1226 non
3112 1190 3215 1226 suo
3252 1173 3494 1235 merito,
3532 1172 3639 1224 sed
3688 1172 3809 1240 quia

2056 1256 2059 1259 ’
2097 1265 2343 1319 secunda
2381 1264 2623 1318 vocitata
2671 1264 2743 1316 sit
2790 1265 2988 1327 Roma,
3040 1267 3278 1315 testatur
3321 1260 3655 1315 Iustiniani
3689 1276 3808 1329 pra-

2097 1354 2407 1425 gmaticum
2461 1352 2824 1422 imperatoris
2874 1352 3076 1415 (Norel.
3129 1367 3303 1417 cxxxt,
3349 1367 3485 1421 cap,
3542 1348 3623 1417 '2),
3658 1349 3803 1418 quod

2096 1443 2174 1495 ita
2211 1443 2429 1495 fertur:
2478 1464 2498 1491 ι
2547 1444 2698 1511 Papa
2746 1443 3034 1495 Romanus
3065 1440 3222 1509 prior
3266 1440 3554 1492 omnibus
3592 1438 3807 1507 episco-

2098 1531 2184 1600 pis
2221 1536 2275 1584 et
2320 1531 2659 1601 patriarcbis
2691 1530 2907 1596 sedeat,
2938 1535 2994 1582 et
3026 1534 3157 1599 post
3189 1528 3349 1581 illum
3386 1525 3803 1581 Constantino-

2099 1619 2364 1689 politanae
2408 1619 2650 1672 civitatis
2682 1617 3164 1687 archiepiscopus.
3208 1639 3227 1664 ι
3262 1618 3385 1670 Non
3419 1616 3523 1669 hic
3578 1616 3806 1696 praefer-

2098 1712 2193 1760 tur
2230 1723 2417 1776 neque
2466 1707 2757 1759 confertur
2788 1722 2951 1775 pasz
2997 1706 3279 1767 Romano,
3318 1704 3417 1757 sed
3449 1703 3810 1773 supponitur

2100 1796 2423 1865 patriarcha
2514 1794 3205 1863 Constantinopolitanns.
3299 1792 3810 1846 Considerandum

2099 1899 2351 1953 quoque,
2388 1884 2536 1953 quod
2564 1884 2749 1936 honor
2776 1883 2921 1935 sedis
2949 1882 3031 1935 illi
3062 1882 3465 1942 contribuitur.
3509 1879 3809 1951 potestatis

2099 1979 2291 2025 autem
2324 1973 2550 2025 culmen
2582 1973 2912 2024 nullatenus
2936 1969 3247 2023 confertur.
3282 1971 3425 2023 Item
3456 1969 3523 2021 in
3560 1968 3808 2020 Historia

2100 2061 2346 2114 Socratis
2378 2061 2493 2129 (lib.
2528 2077 2579 2127 v,
2624 2076 2744 2128 cap.
2797 2062 2851 2127 8)
2892 2060 2972 2111 sic
3003 2058 3305 2112 scribitur:
3368 2080 3389 2105 ι
3424 2059 3597 2111 Tunc
3646 2057 3806 2108 etiam

2102 2152 2357 2221 regulam
2392 2150 2770 2219 praztulerunt
2822 2148 3119 2214 (nimirum
3154 2146 3404 2217 episcopi
3456 2146 3567 2217 qui
3621 2146 3807 2199 Necta-

2102 2240 2252 2294 rium
2306 2237 2800 2307 Constantinopoli
2846 2236 3269 2290 constituerunt
3306 2240 3369 2289 ut
3407 2240 3566 2289 esset
3611 2235 3808 2303 episco-

2102 2329 2252 2397 pus),
2288 2332 2351 2380 ut
2400 2326 3067 2395 Constantinopolitanus
3102 2325 3406 2394 episcopus
3438 2323 3695 2377 haberet
3719 2321 3806 2373 ho-

2102 2417 2259 2469 noris
2293 2415 2591 2486 privilegia
2628 2420 2758 2485 post
2796 2415 3126 2484 pontiﬁcem
3166 2414 3518 2474 Romanum,
3557 2428 3632 2465 eo
3665 2410 3804 2480 quod

2104 2506 2175 2559 sit
2205 2521 2346 2558 nova
2380 2506 2581 2558 Roma.
2616 2524 2641 2555 »
2688 2503 2798 2557 Sed
2830 2519 3018 2572 neque
3054 2501 3348 2573 potestatis
3380 2502 3476 2555 hic
3504 2500 3807 2571 privilegia

2102 2594 2390 2648 donantur
2432 2592 2537 2658 illi,
2589 2609 2717 2663 quas
2770 2591 3028 2662 pontiﬁci
3077 2607 3309 2643 manere
3345 2591 3619 2644 Romano
3662 2604 3808 2641 com-

2102 2682 2440 2753 probantur.
2476 2681 2633 2735 Unde
2656 2681 2831 2750 igitur
2860 2680 3253 2733 auctoritatem
3285 2680 3627 2733 Grascorum
3663 2676 3807 2747 prin-

2105 2772 2257 2841 cipes
2303 2769 2611 2838 accipiunt,
2648 2773 2709 2822 ut
2738 2768 3437 2837 Constantinopolitanum
3468 2767 3804 2837 episcopum

2107 2861 2376 2915 omnibus
2435 2859 2691 2913 Ecclesiis
2741 2858 3088 2928 praeferant?
3136 2857 3461 2927 Antiquitas
3519 2856 3803 2910 eisnulla

2106 2950 2469 3019 suffragatur,
2519 2948 2866 3018 synodorum
2912 2946 3137 2999 decreta
3172 2947 3348 3011 nulla,
3383 2945 3801 3014 imperatorum

2040 3056 2080 3111 ρ
2107 3038 2461 3106 pragmatica
2493 3037 2668 3101 nulla,
2712 3052 2842 3105 quae
2882 3035 3011 3088 licet
3042 3034 3145 3087 etsi
3181 3034 3372 3104 aliqua
3420 3038 3805 3087 monstraren-

2107 3131 2223 3191 tur,
2254 3124 2605 3177 auctoritatis
2650 3123 2878 3193 pondus
2919 3122 3175 3176 obtinere
3209 3122 3522 3191 nequirent
3553 3122 3684 3174 sine
3716 3122 3802 3173 Ro—

2110 3213 2264 3266 mani
2310 3212 2598 3283 pontiﬁcis
2660 3212 3102 3282 astipulatione:
3172 3211 3333 3279 cujus
3385 3215 3565 3264 tanta;
3620 3213 3803 3262 manet

2110 3302 2451 3371 antiquitate
2496 3301 2783 3355 tribuente
2824 3299 3116 3369 potestatis
3146 3299 3262 3369 jus,
3313 3303 3374 3351 ut
3405 3299 3531 3353 sine
3562 3298 3796 3370 permis-

2110 3389 2287 3442 sionis
2348 3389 2502 3443 illius
2557 3388 2890 3443 auctoritate
2940 3405 3043 3441 nec
3102 3388 3657 3458 Constantin0polis,
3706 3402 3801 3439 nec

2110 3479 2228 3531 ulla
2259 3478 2453 3531 civitas
2497 3478 2798 3533 Orientalis
2847 3478 2936 3531 vel
2980 3476 3355 3531 Occidentalis
3397 3476 3667 3530 obtinere
3698 3474 3798 3545 pri-

2112 3567 2320 3637 vilegia
2349 3568 2531 3621 valeat
2558 3566 2875 3636 potestatis,
2916 3566 3027 3619 nisi
3060 3582 3187 3636 quae
3226 3564 3455 3618 fuerant
3484 3581 3518 3617 a
3549 3566 3798 3618 Romano

2112 3656 2387 3724 pontiﬁce
2430 3656 2518 3708 vel
2570 3672 2836 3708 concessa
2885 3654 2968 3707 vel
3017 3655 3316 3707 roborata:
3354 3652 3464 3722 ipsi
3505 3670 3642 3706 vero
3689 3667 3795 3704 ma-

2113 3750 2245 3796 neat
2274 3748 2522 3812 potestas
2557 3749 2728 3813 atque
2760 3741 3085 3796 sollicitudo
3114 3742 3371 3795 omnium
3406 3741 3795 3799 Ecclesiarum,

2113 3831 2484 3899 concedendi,
2521 3831 2609 3883 vel
2650 3830 2994 3899 disponendi
3025 3846 3383 3900 quascunque
3416 3826 3800 3882 ecclesiasticis

2116 3919 2453 3973 utilitatibus
2483 3919 2796 3972 secundum
2846 3918 3251 3971 ecclesiasticas
3297 3918 3530 3987 regulas
3575 3918 3799 3987 probata

2112 4007 2326 4061 fuerint
2369 4006 2671 4060 deservire.
2724 4006 2880 4068 Quod
2934 4006 3126 4059 multis
3165 4006 3522 4075 approbatur
3554 4006 3797 4074 Scriptu-

2113 4111 2304 4149 rarum
2358 4095 2765 4158 monumentis,
2814 4111 2915 4164 per
2967 4095 3256 4147 universas
3300 4094 3579 4147 Ecclesias
3631 4112 3661 4147 a
3704 4094 3797 4146 Ro-

2113 4199 2285 4236 mano
2318 4183 2590 4252 pontilice
2622 4183 2936 4236 destinatis.

2188 4273 2346 4326 Unde
2403 4272 2636 4325 Acacius
2687 4271 2987 4341 episcopus
3031 4271 3694 4339 Constantinopolitanus
3738 4267 3796 4319 ad

314 4356 650 4425 pontiﬁcum
699 4358 921 4413 decreta
988 4362 1405 4429 Romanorum,
1473 4364 1741 4417 omnibus
1796 4364 2000 4418 Christi
2044 4356 2085 4409 D
2116 4361 2473 4431 Simplicium
2524 4360 2855 4430 episcopum
2886 4359 3041 4412 urbis
3084 4360 3277 4413 Romae
3309 4359 3564 4412 scribens
3616 4360 3795 4426 (Epist.

316 4446 573 4499 Ecclesiis
616 4452 731 4499 tam
780 4464 881 4517 per
927 4448 1217 4502 Orientem
1271 4466 1445 4519 quam
1495 4466 1597 4520 per
1644 4452 2005 4506 Occidentem

311 4534 516 4604 positis
583 4536 817 4605 directa,
874 4554 1000 4608 quae
1059 4538 1235 4591 veluti
1285 4539 1439 4609 leges
1490 4540 2003 4597 ecclesiasticorum

314 4623 671 4691 negotiorum
705 4632 762 4679 et
804 4626 1177 4679 observantur
1208 4627 1276 4680 ab
1304 4627 1571 4681 omnibus
1598 4633 1653 4681 et
1684 4630 2003 4697 suspiciun-

311 4717 405 4764 tur
450 4714 733 4769 Ecclesiis.
790 4715 926 4778 Quis
958 4720 1149 4768 autem
1192 4716 1337 4768 ferat
1382 4722 1443 4768 ut
1494 4717 2005 4788 Constantinopoli-

309 4804 477 4853 tanus
508 4802 834 4871 patriarcha
864 4803 1083 4856 cunctis
1115 4803 1324 4856 Christi
1354 4804 1691 4874 praeferatur
1722 4806 1999 4873 Ecclesiis,

311 4890 463 4956 quod
516 4906 618 4943 nec
668 4891 977 4961 antiquitas
1026 4890 1077 4944 ei
1131 4891 1388 4958 contulit,
1447 4908 1550 4944 nec
1611 4892 1725 4944 ulla
1780 4894 2002 4947 decreta

310 4977 590 5045 majorum
624 4980 995 5043 constituunt,
1034 4995 1135 5032 nec
1160 4980 1401 5033 rationis
1434 4980 1677 5033 habetur
1707 4982 1792 5034 vel
1833 4984 2002 5036 eccle-

309 5064 550 5117 siasticae
598 5067 686 5119 vel
728 5067 1000 5121 humana:
1026 5069 1155 5137 jure
1202 5068 1529 5122 ﬁrmatum:
1567 5069 1675 5123 nisi
1720 5070 1864 5124 forte
1896 5088 2003 5141 pu-

307 5157 427 5204 tant
458 5153 784 5207 Graecorum
812 5155 1186 5226 imperatores
1222 5158 1499 5226 moderni,
1532 5175 1643 5212 non
1671 5159 1756 5212 illi
1789 5161 2000 5213 Roma-

306 5255 536 5307 norum,
601 5258 845 5312 quorum
891 5244 1202 5313 imperium
1252 5247 1425 5319 totius
1474 5247 1628 5301 orbis
1675 5248 1998 5317 provincias

304 5328 661 5398 disponebat,
695 5331 799 5385 hoc
844 5333 953 5386 sibi
989 5334 1181 5400 licere,
1228 5336 1382 5405 quod
1415 5336 1526 5389 illis
1554 5353 1668 5390 non
1712 5337 1904 5391 licuit:
1942 5342 1998 5390 et

303 5417 608 5473 Ecclesiam
658 5420 995 5487 Romanam,
1048 5440 1221 5494 quam
1280 5425 1363 5477 illi
1415 5430 1691 5495 tanquam
1751 5439 1995 5480 matrem

301 5508 552 5560 venerati
592 5513 743 5573 sunt,
775 5526 879 5578 pro
921 5511 1085 5566 libito
1117 5529 1219 5565 suo
1250 5513 1574 5582 disponere,
1605 5520 1660 5567 et
1690 5516 1993 5570 auctorita-

302 5598 413 5654 tem
447 5611 619 5665 quam
665 5596 831 5651 beato
881 5602 1046 5653 Petro
1093 5607 1209 5653 tam
1259 5602 1535 5666 Christus,
1588 5619 1761 5671 quam
1807 5603 1993 5655 omnis

2116 4454 2146 4504 6
2179 4450 2495 4518 Simplicii),
2547 4448 2624 4501 sic
2675 4449 2787 4501 ait:
2826 4470 2852 4497 ε(
2904 4448 3145 4501 Domino
3201 4452 3394 4500 sancto
3442 4447 3594 4516 patri
3631 4445 3795 4499 archi-

2115 4539 2384 4608 episcopo
2415 4536 2707 4607 Simplicio
2734 4536 2989 4590 Aeacius.
3040 4536 3496 4589 Sollicitudinem
3545 4536 3794 4589 omnium

2116 4628 2491 4682 Ecclesiarum
2553 4626 2865 4679 secundum
2928 4625 3267 4695 Apostolum
3324 4625 3791 4681 circumferentes,

2112 4735 2215 4771 nos
2279 4717 2673 4771 indesinenter
2722 4715 3053 4779 hortamini,
3112 4713 3377 4784 quamvis
3425 4718 3632 4782 sponte
3678 4711 3795 4779 vigi-

2112 4807 2293 4859 lantes
2333 4811 2389 4859 et
2424 4808 2866 4875 praecurrentes;
2910 4804 3007 4856 sed
3055 4820 3153 4855 vos
3201 4802 3396 4855 divino
3437 4802 3557 4854 zelo
3609 4800 3796 4855 sollici-

2111 4904 2199 4948 tos
2228 4893 2652 4959 demonstratis,
2700 4898 2915 4946 statum
2946 4891 3348 4946 Alexandrinm
3390 4890 3651 4943 Ecclesia
3690 4904 3790 4942 cer-

2109 4984 2223 5037 tius
2272 4983 2651 5053 requirentes,
2705 4988 2767 5035 ut
2807 4998 2912 5050 pro
2958 4981 3213 5051 paternis
3259 4979 3574 5033 canonibus
3630 4979 3793 5032 susci~

2109 5074 2277 5143 piatis
2320 5072 2595 5139 laborem,
2655 5071 2912 5142 piissimo
2963 5071 3241 5123 stillantes
3301 5069 3507 5122 sudore
3559 5085 3665 5138 pro
3696 5068 3787 5125 his,

2110 5164 2255 5216 sicut
2303 5178 2531 5230 semper
2571 5166 2653 5215 est
2700 5160 3107 5229 approbatum,
3154 5178 3181 5207 ι)
3220 5163 3276 5210 et
3308 5157 3545 5227 reliqua.
3580 5157 3787 5226 Cogno-

2108 5251 2317 5303 scimus
2347 5250 2500 5319 quod
2550 5249 2790 5304 Aeacius
2833 5247 3085 5318 pontifex
3134 5246 3787 5314 Constantinopolitanus

2106 5340 2429 5392 Romanum
2459 5338 2785 5408 pontiﬁcem
2834 5341 3070 5389 testatur
3109 5335 3369 5388 omnium
3422 5335 3784 5387 Ecclesiarum

2107 5428 2420 5481 secundum
2443 5426 2777 5495 Apostolum
2810 5424 3247 5477 sollicitudinem
3278 5423 3779 5487 circumferentem,

2105 5521 2163 5568 et
2206 5516 2351 5567 hanc
2389 5514 2440 5566 ei
2472 5529 2699 5583 semper
2737 5513 2929 5565 adesse
2967 5528 3031 5564 ex
3062 5511 3402 5581 antiquitate
3435 5510 3779 5581 superimpo-

2103 5602 2305 5655 sitam:
2339 5601 2492 5671 quod
2525 5601 2737 5666 dicens,
2782 5600 2888 5654 sibi
2916 5601 3073 5653 nullo
3113 5599 3288 5653 modo
3320 5597 3634 5651 contribuit
3663 5615 3770 5651 om-
