3890 6230
94 433 197 484 345

1134 444 1734 502 GOTTESClIALCUS.
1769 478 1836 486 —
1865 450 2141 506 NOTITIA
2184 452 2567 508 HISTORICA.

3494 459 3597 515 3&6

95 564 254 617 nium
308 565 685 622 Ecclesiarum
738 573 1197 640 procurationem
1244 578 1445 631 :novit
1488 579 1641 632 enim
1690 580 1795 633 hoc
1834 582 2038 648 Alica,
2087 600 2307 637 necnon
2350 586 2523 638 etiam
2574 604 2604 640 a
2650 587 2906 641 fidelium
2960 605 3200 643 numero
3243 596 3594 661 segregatus,

93 669 123 703 a
156 668 261 704 suo
297 654 465 721 longe
499 664 784 711 remotum
820 661 1027 728 officio,
1071 680 1173 716 nec
1206 682 1480 737 usurpare
1511 668 1614 720 sibi
1649 685 1792 738 pra-

93 744 293 812 snmit,
324 762 356 798 a
387 763 503 816 quo
544 764 601 800 se
631 752 827 818 procul
862 753 1058 806 abesse
1092 772 1201 807 non
1235 756 1480 825 ignorat.
1516 758 1616 811 Cui
1648 762 1792 812 Aca-

91 832 199 895 cio,
242 850 376 886 cum
422 843 619 889 contra
670 841 897 908 regulas
953 844 1353 897 ecclesiasticas
1404 847 1794 917 deprehensus

91 922 291 974 fuisset
325 926 529 993 egisse,
572 928 724 996 quod
756 929 864 983 sibi
895 932 1051 985 nulla
1084 934 1226 986 ratio
1254 935 1410 1004 justa
1444 937 1624 989 facere
1655 953 1793 989 con-

90 1012 375 1078 cessisset,
410 1014 558 1066 Felix
594 1016 895 1087 episcopus
936 1020 1197 1075 Ecclesia
1247 1030 1455 1078 sancta
1502 1026 1794 1078 catholica

91 1099 251 1152 urbis
316 1102 534 1168 Roma,
591 1105 670 1157 sic
728 1107 922 1160 scribit
980 1109 1172 1177 (Epist.
1228 1112 1279 1181 6)
1332 1130 1343 1166 :
1403 1136 1421 1160 α
1488 1116 1793 1168 Multarum

89 1194 616 1261 transgressionum
654 1197 917 1264 reperiris
941 1199 1239 1265 obnoxius,
1274 1206 1331 1255 et
1368 1203 1425 1255 in
1458 1204 1794 1257 venerabilis

89 1281 321 1334 concilii
351 1284 563 1336 Nicani
595 1287 940 1339 contumelia
981 1305 1129 1358 sape
1171 1294 1443 1357 versatus,
1474 1294 1790 1346 alienarum

90 1370 191 1421 tibi
248 1372 676 1439 provinciarum
715 1376 847 1443 jura
894 1379 1197 1432 temerarie
1236 1380 1555 1435 vindicasti.
1599 1383 1790 1436 [lare-

91 1459 228 1510 thUS
282 1466 342 1512 et
379 1478 758 1530 perversores,
807 1471 977 1536 atque
1027 1468 1097 1520 ab
1145 1468 1427 1522 hareticis
1478 1470 1791 1537 ordinatos,

91 1552 138 1597 et
176 1563 335 1615 quos
367 1548 488 1616 ipse
529 1551 920 1619 damnaveras,
967 1559 1137 1625 atque
1190 1556 1259 1608 ab
1302 1558 1609 1626 apostolica
1659 1560 1791 1612 sede

90 1636 277 1705 petisti
336 1638 618 1703 damnari,
666 1655 778 1691 non
825 1642 991 1695 modo
1041 1646 1434 1697 communioni
1484 1652 1598 1698 tua
1649 1648 1789 1700 reci-

89 1725 335 1791 piendos
384 1727 623 1795 putasti;
672 1744 869 1781 verum
918 1730 1091 1783 etiam
1142 1732 1402 1786 Ecclesiis
1449 1734 1595 1801 aliis,
1639 1736 1793 1805 quod

91 1826 186 1862 nec
243 1812 320 1865 de
389 1814 680 1869 catholicis
744 1816 869 1870 ﬁeri
920 1823 1161 1888 poterat,
1226 1823 1530 1890 prasidere
1588 1824 1787 1890 fecisti,

89 1907 254 1971 atque
299 1903 639 1970 honoribus,
689 1907 845 1975 quod
894 1923 1010 1960 non
1069 1910 1457 1978 merebantur,
1505 1912 1733 1966 auxisti.
1764 1935 1784 1960 ι

94 1992 148 2044 Et
178 2008 314 2046 cum
350 1994 535 2047 multa
568 1997 636 2047 de
669 1997 1217 2065 trausgressiouibus
1247 1998 1402 2052 illius
1453 2001 1789 2070 scripsisset,

94 2080 145 2131 iu
196 2082 573 2135 conclusione
628 2085 705 2135 sic
753 2084 996 2139 intulit:
1045 2106 1071 2134 ‹‹
1121 2087 1271 2140 Habe
1330 2103 1466 2158 ergo
1523 2105 1649 2142 cum
1706 2090 1794 2143 his

94 2184 227 2236 quos
276 2169 535 2223 libenter
579 2173 956 2241 amplecteris,
1004 2175 1349 2243 portionem,
1403 2182 1456 2228 et
1514 2178 1795 2231 sententia

96 2259 380 2325 prasenti,
419 2276 596 2329 quam
628 2276 730 2329 per
759 2268 874 2314 tua
907 2262 1009 2315 tibi
1041 2262 1353 2316 direximus
1402 2264 1659 2317 Ecclesia
1690 2265 1791 2319 de-

96 2346 400 2411 fensorem,
436 2349 772 2403 sacerdotali
801 2349 1045 2417 honore,
1078 2357 1136 2405 et
1165 2352 1573 2405 communione
1603 2354 1795 2408 catho-

1902 672 2189 726 sublatum
2224 674 2325 726 tibi
2372 691 2583 727 nomen
2622 681 2677 728 et
2726 692 2935 729 munus
2980 679 3280 732 ministerii
3330 680 3596 733 sacerdo-

1904 761 2032 813 talis
2063 775 2326 831 agnosce,
2378 762 2625 832 Spiritus
2676 766 2852 817 sancti
2900 766 3133 834 judicio,
3184 774 3239 820 et
3281 770 3597 836 apostolica

1903 866 2007 917 per
2037 867 2138 903 nos
2167 851 2501 904 auctoritate
2529 852 2854 917 damnatus,
2902 870 3004 906 nec
3047 856 3165 923 jam
3217 857 3595 912 anathematis

1902 939 2141 992 vinculis
2175 942 2484 994 exuendus.
2524 963 2549 989 ››
2585 943 2728 995 Num
2773 943 2944 995 modo
2985 944 3340 996 convincitur
3388 946 3592 998 Roma-

1903 1044 2009 1080 nus
2040 1031 2293 1099 pontifex
2340 1032 2677 1100 patriarcha
2729 1032 3354 1102 Constantinopolitano
3404 1034 3593 1101 subje-

1902 1123 2043 1184 ctus,
2079 1134 2181 1186 per
2218 1136 2389 1188 quem
2421 1120 2489 1172 de
2520 1122 2637 1172 suis
2668 1121 3217 1189 transgressiouibus
3251 1138 3365 1175 non
3404 1122 3597 1175 leviter

1902 1205 2285 1276 redarguitur,
2323 1214 2378 1260 et
2404 1208 2785 1261 anathematis
2818 1210 3100 1262 sententia
3137 1210 3551 1263 condemnatur
3569 1210 3596 1263 Ῥ

1902 1296 2248 1347 Immensum
2281 1296 2380 1348 ﬁet
2410 1296 2455 1348 si
2487 1303 2690 1349 cuncta
2720 1298 3192 1366 congesserimus,
3240 1298 3450 1369 quibus
3482 1299 3593 1353 Ro-

1903 1399 2105 1435 manus
2137 1383 2388 1451 pontifex
2409 1385 2761 1453 approbatur
2783 1386 3419 1456 Constantinopolitano
3449 1403 3594 1456 pon-

1901 1471 2038 1523 titici
2072 1472 2190 1523 fore
2220 1473 2507 1541 praelatus.
2542 1473 2649 1526 Sed
2695 1474 2980 1527 sufficiant
3026 1491 3152 1544 qua
3204 1475 3391 1544 posita
3439 1480 3592 1535 sunt,

1902 1560 2111 1629 quibus
2142 1561 2431 1613 evidenter
2460 1567 2749 1614 ostensum
2781 1568 2865 1615 est
2897 1562 3593 1632 Constantinopolitanum

1902 1648 2279 1718 patriarcliam
2347 1650 2605 1702 Ecclesiis
2671 1650 2877 1704 Christi
2947 1651 3269 1705 nullatenus
3329 1652 3595 1705 omnibus

1902 1737 2344 1807 praeferendum,
2379 1739 2475 1791 sed
2509 1739 2596 1791 sui
2627 1755 2895 1791 mensura
2939 1739 3173 1792 honoris
3223 1756 3343 1792 esse
3391 1740 3596 1793 debere

1903 1831 2268 1891 contentum;
2297 1842 2365 1879 ne
2389 1832 2587 1881 contra
2617 1827 2834 1882 Nicani
2862 1827 3088 1880 concilii
3118 1828 3344 1881 decreta
3366 1828 3594 1893 faciens,

1901 1914 2135 1967 honoris
2163 1915 2380 1983 proprii
2413 1915 2621 1968 damna
2652 1916 2950 1968 sustineat.

1978 2003 2207 2072 Egimus
2248 2004 2401 2055 velut
2444 2004 2762 2072 potuimus,
2812 2004 3224 2068 respondentes
3271 2005 3342 2058 ad
3374 2020 3441 2058 ea
3471 2020 3600 2075 qua

1905 2092 2066 2144 nobis
2096 2091 2304 2160 scripta
2339 2092 2587 2145 misistis.
2625 2092 2761 2155 Qua
2791 2093 2835 2145 si
2869 2093 3207 2162 placuerint,
3246 2095 3356 2147 Deo
3389 2094 3600 2163 gratias

1902 2179 2168 2249 agimus:
2212 2180 2299 2231 sin
2338 2195 2472 2232 vero
2519 2180 2934 2250 displicuerint,
2991 2186 3190 2233 vestra
3232 2180 3599 2235 correctionis

1903 2282 2202 2320 censuram
2234 2269 2652 2337 prastolamur.

1975 2356 2297 2425 (Epistolam
2323 2356 2389 2409 de
2418 2358 2802 2427 Cynocephalis
2840 2358 2977 2412 Vide
3005 2358 3079 2411 ad
3103 2359 3299 2411 calcem
3328 2357 3466 2426 vol.)

1412 2617 1580 2661 ANNO
1631 2618 1857 2661 DOMINI
1906 2618 2231 2663 DCCCLXVII
2243 2620 2260 2663 Ι
2272 2648 2285 2662 .

586 2752 3111 2897 GOTTESCHALCUS

1312 2957 1842 3019 ORBACENSIS
1888 2958 2384 3020 MONACHUS.

906 3176 1266 3259 ΝΟΤΙΤΙΑ
1320 3177 1777 3259 HISTORICA
1837 3178 1925 3258 IN
1983 3177 2442 3259 GOTTESCH

1231 3181 1266 3258 l
1320 3177 1777 3259 HISTORICA
1837 3178 1925 3258 IN
1983 3177 2767 3259 GOTTESCHALCUM.

1242 3323 1415 3388 (Apud
1447 3324 1761 3384 Fabricium,
1792 3323 1925 3373 Bibl.
1957 3324 2093 3375 med.
2127 3328 2178 3374 et
2202 3325 2295 3374 inf.
2330 3326 2457 3377 Lat.)

164 3552 313 3605 lnter
348 3551 650 3605 Walafridi
681 3551 867 3607 Strabi
909 3557 1173 3623 poemata
1220 3553 1428 3620 legitur
1470 3570 1699 3607 carmen
1729 3554 1796 3608 ad
1838 3555 1878 3609 C
1908 3554 2175 3621 beiensis,
2203 3558 2308 3608 etc.
2342 3555 2537 3624 Neque
2570 3554 2719 3609 ultra
2750 3554 3054 3623 Augustini
3085 3554 3426 3608 sententiam
3467 3570 3599 3622 pro-

101 3623 528 3676 Gotteschalcum
587 3624 953 3689 monachum,
1009 3625 1105 3693 qui
1155 3629 1212 3678 et
1262 3626 1599 3691 Fulgentius,
1654 3630 1793 3680 tom.

100 3694 176 3745 XV
224 3695 601 3747 Bibliotheca
643 3695 875 3747 Patrum
922 3696 1340 3765 Lugdunensis,
1377 3712 1506 3765 pag.
1541 3698 1664 3750 232.
1700 3697 1799 3749 Hic

101 3768 173 3815 est
202 3765 706 3817 nominatissimus
734 3765 829 3818 ille
874 3766 1317 3828 Gotteschalcus,
1362 3766 1579 3819 ordinis
1616 3768 1796 3819 Bene-

101 3836 284 3887 dictini
323 3836 668 3901 monachus,
703 3836 1018 3890 Orbacensis
1044 3837 1100 3889 in
1128 3837 1354 3890 dioecesi
1384 3838 1795 3903 Suessioncnsi,

104 3906 189 3973 qui
235 3906 308 3958 ob
364 3906 558 3958 acrius
608 3913 790 3959 motas
835 3907 900 3960 de
946 3908 1428 3962 Prardestinatione
1474 3914 1798 3961 controver-

105 3978 199 4027 sias
240 3977 665 4049 condemnatus
706 3977 765 4029 in
798 3979 1010 4047 synodo
1042 3979 1371 4049 Moguntina
1404 3995 1555 4032 anno
1586 3980 1709 4044 8-i8,
1744 3984 1800 4032 et

104 4054 367 4119 conventu
400 4047 780 4119 Carisiacensi
813 4064 965 4101 anno
1007 4047 1154 4115 849,'
1179 4050 1547 4119 inclususque
1586 4050 1645 4103 in
1687 4066 1794 4103 ca-

106 4117 735 4189 nobioAltivillarensi,
788 4125 919 4188 post
968 4120 1169 4188 viginti
1217 4117 1467 4189 amplius
1513 4137 1797 4173 annorum

105 4188 439 4251 custodiam,
474 4189 618 4241 obiit
647 4189 795 4242 circa
824 4206 1039 4243 annum
1072 4192 1192 4243 870.
1240 4188 1446 4244 Durius
1492 4208 1621 4244 cum
1664 4192 1795 4245 Got-

103 4260 367 4331 teschalco
399 4265 596 4312 actum
631 4259 698 4312 ab
732 4261 1034 4313 Hincmaro
1070 4262 1377 4315 Rhemensi
1418 4262 1515 4331 (a),
1565 4262 1797 4315 Rabano

107 4329 301 4403 llauro,
336 4331 624 4403 Amolone
655 4331 770 4403 sive
801 4333 1092 4385 Amalario
1143 4329 1532 4403 Lugdunensi,
1582 4334 1796 4385 Joanne

107 4399 273 4464 Scuto,
304 4401 656 4470 caterisque
692 4401 812 4469 ejus
842 4403 1196 4466 adversariis,
1232 4399 1356 4455 'non
1390 4404 1628 4455 obscure
1655 4420 1794 4472 que-

106 4472 233 4542 ritur
279 4472 491 4524 Florus
533 4477 734 4542 contra
782 4474 1057 4525 Joannem
1118 4475 1347 4526 Scotum
1398 4479 1453 4526 et
1504 4474 1795 4542 Remigius

108 4539 494 4605 Lugdunensis
522 4540 587 4613 in
622 4542 765 4594 libro
817 4544 1077 4597 Ecclesia
1122 4544 1518 4613 Lugdunensis
1565 4539 1796 4597 nomine

108 4614 290 4683 _S(‘t'tptu
324 4614 398 4665 de
434 4611 624 4664 tribus
660 4613 943 4678 Epistolis,
997 4615 1095 4683 qui
1143 4611 1323 4667 exstat
1370 4621 1526 4667 tomo
1571 4616 1657 4669 XV
1708 4616 1796 4667 Bi-

106 4680 381 4755 bliotheca
418 4684 661 4755 Patrum
698 4680 1112 4751 Lugdunensis,
1146 4702 1201 4755 p.
1236 4689 1337 4740 666
1371 4703 1487 4755 seq.
1534 4685 1795 4739 Pruden—

106 4754 195 4805 tius
239 4754 627 4818 Tricassinus,
674 4755 1017 4809 Ratramuus
1065 4754 1181 4810 sive
1241 4754 1609 4810 Bertramnus
1660 4759 1793 4810 Cor-

1906 3626 2138 3678 cessisse
2188 3625 2261 3692 (ὁ)
2306 3626 2758 3679 Gotthescalcum
2810 3626 3103 3679 contendit
3150 3625 3387 3678 Jacobus
3438 3626 3599 3678 Usse-

1906 3696 2025 3748 rius
2055 3696 2113 3748 in
2144 3695 2516 3749 Gotteschalci
2548 3700 2602 3748 et
2632 3695 3153 3749 Pradestinatiaua
3199 3695 3601 3748 controversia

1910 3767 2176 3831 llistoria,
2207 3772 2339 3835 post
2370 3767 2675 3818 editionem
2712 3766 3114 3818 Dublinensem
3144 3767 3374 3830 1631,4ο
3402 3782 3601 3818 recusa

1909 3838 2197 3899 Hanovia,
2238 3839 2389 3899 1662,
2424 3840 2475 3900 8,
2515 3836 2581 3888 ad
2614 3836 2785 3905 hujus
2814 3838 3025 3889 calcem
3058 3836 3195 3889 duas
3230 3837 3599 3890 Gotteschalci

1905 3910 2271 3972 Confessiones
2305 3908 2629 3976 publicavit,
2665 3922 2835 3959 unam
2878 3907 3220 3971 breviorem,
3257 3914 3313 3959 et
3359 3907 3598 3959 alteram

1905 3979 2243 4047 longiorem.
2294 3980 2355 4031 In
2403 3983 2645 4046 utraque
2695 3978 3109 4048 prascieutiam
3159 3977 3411 4031 divinam
3443 3993 3476 4029 a
3506 3977 3600 4029 de-

1905 4054 2059 4102 creto
2090 4050 2284 4102 divino
2327 4064 2437 4101 non
2489 4049 2700 4118 patitur
2744 4049 2918 4102 dividi
2951 4066 2962 4101 :
2992 4049 3052 4101 in
3099 4053 3341 4115 utraque
3390 4048 3596 4101 identi-

1905 4120 2035 4174 dem
2075 4120 2145 4173 ad
2176 4120 2556 4189 Augustinum
2605 4124 2661 4172 et
2706 4120 3071 4189 Fulgentium
3119 4119 3191 4187 (ο)
3240 4120 3599 4188 Ruspensem

1904 4195 2195 4260 provocat,
2229 4198 2284 4243 et
2323 4191 2391 4243 de
2421 4190 2703 4243 sententia
2736 4207 2837 4243 sua
2879 4196 2992 4243 tam
3024 4192 3266 4244 firmiter
3296 4191 3601 4260 profitetur

1906 4278 1965 4314 se
1997 4278 2118 4315 esse
2158 4278 2514 4329 persuasum,
2550 4267 2612 4315 ut
2642 4278 2771 4329 pag.
2809 4263 2909 4315 345
2943 4260 3192 4315 affirmet
3220 4278 3299 4325 se,
3334 4264 3384 4315 si
3422 4266 3599 4329 posset

1903 4335 2044 4401 ﬁeri,
2108 4334 2302 4385 millies
2364 4335 2545 4400 potius
2598 4348 2697 4400 pro
2752 4339 2976 4386 veritate
3032 4340 3220 4401 optare
3276 4333 3599 4396 occumbere,

1905 4420 2070 4470 quam
2117 4404 2274 4456 semel
2321 4403 2488 4469 (quod
2532 4404 2699 4473 absit)
2750 4405 2967 4456 cuilibet
3014 4419 3161 4457 secus
3211 4404 3464 4471 loquenti,
3518 4418 3596 4455 ce-

1904 4474 2078 4526 dendo
2119 4474 2475 4527 succumbere.
2520 4475 2586 4527 Et
2632 4491 2689 4543 p.
2732 4477 2855 4533 353,
2902 4476 2968 4527 ab
3015 4477 3140 4539 ipsa
3192 4475 3430 4527 Veritate
3476 4474 3598 4525 edo-

1904 4550 2047 4598 ctum
2076 4549 2126 4597 et
2155 4547 2330 4611 gratis
2362 4545 2429 4597 ab
2459 4561 2521 4597 ea
2561 4547 2753 4613 pieque
2790 4548 2926 4598 satis
2955 4547 3228 4612 afﬂatum,
3274 4547 3597 4607 animatum,

1904 4622 2194 4681 armatum,
2244 4616 2771 4682 misericorditerque
2809 4616 2972 4668 simul
3012 4632 3073 4668 ac
3125 4615 3449 4666 mirabiliter
3495 4613 3598 4664 ad-

1897 4687 2083 4753 jutum
2113 4692 2161 4738 et
2188 4691 2384 4753 tutum,
2415 4690 2618 4753 fretum
2649 4692 2697 4739 et
2726 4688 2949 4751 fultum.
2992 4685 3226 4737 ﬁdeliter
3253 4685 3340 4735 illi
3365 4682 3596 4747 credere,

1901 4759 2125 4822 fortiter
2172 4764 2362 4823 tenere,
2422 4760 2685 4811 ueraciter
2757 4760 3127 4825 patienterque
3185 4753 3488 4819 defendere,
3548 4759 3597 4806 et

158 4924 222 4985 (al
252 4923 387 4975 Vide
426 4922 711 4987 Bulaum,
746 4922 877 4975 hist.
910 4923 1232 4977 Academia
1266 4924 1618 4985 Parisiensis,
1644 4929 1779 4976 tom.
1826 4926 1869 4978 D
1900 4928 2131 4991 ptorum
2166 4940 2294 4975 sac.
2342 4940 2394 4976 ix
2431 4924 2499 4976 de
2536 4921 3036 4991 Pradestinatione
3067 4924 3123 4974 et
3152 4920 3360 4985 Gratia,
3414 4920 3589 4973 Palis.

105 4991 132 5049 1,
174 5009 294 5063 pag.
350 4997 459 5047 178
509 5010 630 5062 seq.
687 4995 1082 5047 Summarische
1134 4997 1492 5049 Nachricltten
1542 5011 1645 5048 von
1693 4995 1790 5047 der

108 5062 495 5119 Thomasischen
528 5064 865 5132 Bibliothec,
898 5072 1039 5118 tom.
1077 5066 1117 5130 Ι,
1148 5082 1276 5136 pag.
1308 5068 1430 5119 681.
1482 5082 1623 5137 seq.,
1661 5066 1783 5119 733i.

105 5149 195 5201 seq.

154 5206 215 5271 (ὁ)
246 5206 365 5258 Non
401 5206 580 5275 plane
638 5205 891 5258 Usserius
940 5206 1044 5259 hoc
1092 5206 1377 5275 persuasit
1425 5206 1641 5273 Vossio,
1693 5207 1785 5261 cui

105 5271 279 5348 librum
314 5271 491 5348 suum
523 5275 903 5348 dedicaverat.
939 5278 1075 5330 Vide
1095 5271 1285 5329 'Vossii
1316 5278 1479 5346 epist.
1524 5271 1637 5343 156,
1670 5295 1784 5348 qua

110 5344 292 5416 t’sserio
332 5347 560 5415 gratias
615 5346 753 5414 agit,
805 5353 860 5399 et
919 5348 1083 5416 epist.
1150 5351 1267 5413 158,
1316 5344 1384 5401 ad
1436 5344 1781 5402 Guilelmum

107 5413 360 5479 laudum,—
388 5413 737 5485 episcopum
795 5413 1213 5471 Loudinensem
1248 5436 1258 5471 :
1300 5435 1401 5471 nec
1443 5436 1555 5472 non
1602 5420 1782 5474 Grotii

108 5490 235 5553 epist.
266 5491 389 5547 29'2,
432 5487 621 5559 Yossii
669 5488 927 5541 Historia
978 5490 1295 5557 Pelagiana
1346 5490 1443 5542 lib.
1488 5506 1583 5553 vn,
1632 5496 1777 5559 part.

108 5572 160 5615 IV,
182 5566 308 5611 tom.
342 5560 411 5611 Vl
448 5558 731 5629 Operum,
767 5574 897 5627 pag.
942 5561 1043 5612 8t2
1077 5576 1195 5629 seq.
1230 5562 1310 5613 Ad
1347 5561 1555 5613 Usserii
1585 5558 1778 5613 tamen

108 5632 340 5700 accedunt
366 5628 731 5700 sententiam
768 5635 973 5697 prater
1010 5628 1322 5684 Gilbertum
1355 5631 1681 5700 Magniuum
1720 5631 1778 5683 in

111 5696 338 5753 Vindiciis
365 5696 906 5771 pradestiuationis
936 5705 992 5753 et
1021 5701 1220 5771 gratia
1265 5708 1322 5755 et
1362 5696 1587 5771 Syl‘loge
1636 5701 1779 5753 scri-

1904 4990 2058 5060 1650,
2088 4995 2164 5057 4ο,
2198 4995 2239 5046 Il
2269 4995 2378 5045 vol.
2415 5000 2472 5047 et
2501 4994 2801 5046 cardinalis
2834 4990 3109 5057 Norisius,
3136 4993 3297 5056 cujus
3330 4992 3594 5061 synopsis

1899 5064 2152 5117 historia
2186 5064 2728 5117 Gottliesclialciana
2757 5062 2969 5133 prodiit
2997 5068 3138 5116 tom.
3173 5063 3238 5115 ιν
3276 5062 3400 5132 ejus
3443 5063 3592 5133 Ope-

1892 5151 2044 5198 rum,
2075 5152 2129 5203 p.
2167 5136 2291 5195 68t,
2322 5137 2447 5200 720,
2484 5140 2740 5199 Verona,
2778 5136 2928 5197 1732,
2963 5133 3061 5188 fol.

1963 5206 2031 5275 (ς)
2057 5206 2316 5273 Suspicio
2352 5216 2435 5257 est
2477 5206 2546 5257 ab
2582 5205 2689 5257 hoc
2725 5205 3040 5274 Fulgentio,
3091 5205 3161 5259 ad
3212 5204 3373 5271 cujus
3418 5204 3592 5258 libros

1890 5281 2005 5328 tam
2069 5276 2292 5329 fortiter
2345 5282 2629 5345 provocat,
2690 5275 3121 5328 Gottlieschalco
3168 5276 3439 5340 Fulgentii
3472 5276 3589 5328 ha-

1890 5347 2027 5398 sisse
2086 5351 2555 5414 cognomentum,
2624 5346 2755 5399 licet
2821 5346 2917 5399 alii
2977 5348 3165 5400 dicant
3220 5347 3588 5415 appellatum,

1889 5417 2041 5485 quod
2074 5417 2193 5477 ipse
2228 5433 2345 5485 pra
2377 5418 2501 5469 aliis
2532 5418 2765 5487 ingenio
2819 5422 2874 5469 et
2924 5418 3126 5471 litteris
3170 5416 3389 5485 fulgere
3436 5418 3588 5470 visus

1888 5493 2053 5539 esset.
2090 5488 2224 5538 Vide
2259 5488 2503 5540 Caveum
2532 5489 2590 5541 in
2623 5489 2866 5541 Historia
2918 5488 3193 5541 litteraria
3234 5487 3290 5541 S.
3341 5488 3425 5553 15.;
3457 5488 3585 5541 Cas-

1885 5573 2080 5627 parem
2109 5557 2502 5627 Sagittarium,
2536 5560 2847 5613 introduct.
2890 5559 2950 5611 in
2982 5560 3122 5613 Hist.
3175 5558 3405 5623 Eccles.,
3444 5564 3583 5611 tom.

1886 5629 1927 5695 l,
1959 5643 2017 5697 p.
2054 5629 2157 5681 9‘70
2191 5644 2312 5699 seq.
