3890 6230
270 446 372 499 347

269 592 633 647 quemcunque
692 579 970 631 contraria
1048 577 1421 643 dogmatizare
1494 592 1766 644 coquosco,

268 664 431 718 quam
482 654 681 717 pestem
730 651 886 714 fugio
943 653 992 701 et
1045 654 1308 716 tanquam
1370 650 1676 702 haereticum
1744 650 1961 716 obiicio.

268 720 333 773 Et
365 734 492 789 pag.
542 720 665 783 354,
713 720 783 772 ad
833 721 1009 772 Deum
1045 719 1232 787 ipsum
1282 726 1552 788 provocat
1598 720 1688 773 his
1734 720 1962 773 verbis:

265 791 446 857 Atque
475 794 686 843 utinam
717 792 950 858 placeret
996 790 1114 851 tibi,
1167 792 1714 858 cunctipotmtissime
1755 795 1967 859 pariter

266 876 327 913 ac
358 862 763 914 clementissime
796 865 1035 925 Domine,
1066 867 1125 914 ut
1154 865 1295 914 sicut
1327 865 1385 913 in
1413 866 1461 914 te
1489 862 1644 915 credo
1692 868 1741 915 et
1787 878 1962 927 spero,

266 931 395 984 dato
422 934 557 984 mihi
587 934 762 998 gratis
792 947 963 999 posse,
1003 938 1164 1000 prout
1200 931 1531 999 jamdudum
1582 932 1715 984 dare
1759 933 1963 1000 digna-

268 1008 353 1055 tus
395 1016 469 1067 es,
518 1008 567 1055 et
610 1003 741 1054 dare
787 1003 1027 1069 quotidie
1067 1003 1317 1070 dignaris
1362 1006 1525 1055 etiam
1576 1004 1706 1055 velle
1738 1018 1749 1055 :
1784 1019 1965 1056 coram

265 1072 507 1141 undique
558 1075 723 1125 electa
770 1075 1091 1141 populorum
1140 1079 1187 1125 te
1241 1076 1543 1126 timentium
1594 1074 1961 1137 multitudine,

264 1146 523 1211 prmeriti
546 1147 707 1197 etiam
736 1147 894 1197 istius
925 1146 1080 1211 regni
1111 1146 1363 1212 principe
1396 1144 1465 1212 (α)
1498 1160 1612 1196 cum
1653 1148 1967 1211 pontiﬁcum

267 1220 316 1267 et
364 1214 724 1276 sacerdotum,
775 1217 1259 1282 monachorumque
1307 1229 1399 1267 seu
1440 1217 1818 1268 canonicorum
1876 1232 1965 1267 re-

267 1285 501 1337 nerabili
557 1286 720 1337 simul
772 1288 1010 1352 agmine,
1067 1286 1440 1339 concederetur
1491 1286 1649 1350 mihi,
1699 1289 1751 1338 si
1817 1302 1966 1340 secus

266 1355 407 1408 hanc
437 1356 712 1408 catholica
757 1356 887 1423 ﬁdei
928 1356 993 1409 de
1021 1356 1495 1423 pranbstinatione
1548 1362 1643 1409 tua
1687 1359 1965 1409 veritatem

266 1427 464 1478 nollent
495 1425 749 1493 recipere,
777 1432 836 1478 ut
866 1431 967 1479 ista
1016 1443 1118 1495 quo
1166 1426 1412 1479 dicturus
1450 1442 1594 1489 sum,
1626 1428 1844 1491 favente
1874 1434 1967 1481 tua

265 1499 468 1563 gratia,
505 1497 563 1549 id
592 1497 969 1565 approbarem,
1012 1499 1348 1551 cernentibus
1388 1500 1616 1561 cunctis,
1659 1503 1907 1550 examine
1948 1513 1959 1551 :

264 1572 325 1620 ut
352 1568 595 1620 videlicet
625 1574 870 1637 quatuor
902 1568 1067 1619 doliis
1113 1569 1181 1635 (ὁ)
1217 1585 1329 1619 uno
1372 1574 1498 1636 post
1530 1583 1708 1620 unum
1748 1572 1961 1636 positis,

264 1644 427 1706 atque
454 1640 691 1703 ferventi
733 1640 1058 1705 singillatim
1106 1640 1325 1706 repletis
1376 1654 1546 1707 aqua,
1601 1640 1725 1691 oleo
1774 1642 1967 1707 pingui

265 1714 312 1761 et
342 1709 483 1779 pice,
516 1715 564 1763 et
596 1709 669 1761 ad
696 1710 945 1762 ultimam
979 1724 1196 1761 accenso
1243 1711 1607 1777 copiosissime
1651 1710 1803 1778 igne,
1839 1711 1962 1763 lice-

264 1785 345 1831 ret
392 1780 546 1846 mihi,
602 1782 843 1833 invocato
885 1782 1269 1843 gloriosissimo
1310 1782 1521 1831 nomine
1570 1785 1679 1844 tuo,
1727 1781 1800 1832 ad
1858 1796 1963 1849 ap-

1350 443 1874 500 GOTTESCHALCI
1911 444 2341 500 ORBACENSIS
2381 444 2693 499 MONACHI
3667 443 3760 499 343

1848 583 1963 630 tan-
2001 582 2041 632 A
2077 580 2369 646 tramnum,
2404 575 2748 629 monachum
2798 575 3221 638 Corbeiensem,
3258 591 3405 646 quos
3444 576 3762 643 vulgaverat

2075 645 2407 700 Sirmondus
2468 654 2627 701 tomo
2688 648 2706 699 I
2761 647 3011 716 Operam
3080 645 3389 710 Hincmari,
3460 664 3593 717 pag.
3649 650 3760 701 555.

2074 718 2230 769 Alios
2294 734 2490 770 versus
2547 718 2976 770 anacreouticos
3028 735 3097 771 ex
3148 719 3426 788 prommio
3500 720 3569 770 ad
3617 734 3759 770 eum-

2075 789 2204 841 dem
2264 789 2635 842 Hatramnum
2694 790 2973 858 producit.
3025 789 3363 843 Sirmondus
3409 788 3485 841 ad
3536 790 3761 841 Ennodii

2076 860 2173 912 lib.
2225 875 2276 923 v,
2328 876 2399 929 ep
2452 864 2530 912 7:
2570 862 2687 923 Age
2730 875 2927 928 quaeso,
2978 876 3164 928 perge,
3225 862 3357 926 Clio,
3411 866 3520 913 etc.
3586 860 3760 927 Longe

2075 932 2267 999 plures
2319 930 2486 983 editis
2534 946 2718 984 versus
2769 932 3140 983 Gotthescalci
3188 947 3218 982 a
3252 932 3370 983 viro
3420 931 3617 982 nescio
3664 948 3761 998 quo

2076 1001 2241 1053 docto
2274 1000 2332 1052 in
2363 1002 2548 1053 lucem
2581 1001 3319 1071 proferendosjanipridem
3351 1017 3589 1069 sperare
3610 1001 3763 1069 jussit

2076 1071 2350 1136 Labbeus,
2396 1088 2525 1141 pag.
2563 1074 2627 1124 59
2662 1072 2925 1125 Biblioth.
2983 1088 3113 1125 mss.
3170 1074 3243 1125 Ex
3291 1075 3499 1140 pitacio
3550 1072 3761 1125 Cottlie-

2075 1142 2241 1194 scalci
2268 1147 2340 1195 ad
2366 1142 2651 1210 quemdam
2679 1145 3000 1195 monachum
3037 1144 3308 1196 nonnulla
3354 1143 3583 1211 profert
3623 1142 3762 1194 idem

2077 1214 2433 1275 Hincmarus,
2484 1230 2614 1282 pag.
2668 1214 2789 1279 301i,
2826 1217 2948 1272 305.
2989 1219 3042 1265 et
3072 1230 3139 1266 ex
3184 1216 3427 1281 Epistola
3477 1214 3557 1267 ad
3604 1228 3762 1280 quem-

2075 1284 2203 1336 dam
2252 1299 2409 1337 suam
2456 1285 2781 1352 complicem,
2831 1300 2889 1352 p.
2932 1287 3054 1338 226.
3106 1287 3352 1352 Epistula
3403 1284 3480 1336 ad
3530 1287 3766 1338 Hatram-

2073 1370 2203 1407 num
2267 1353 2326 1406 in
2391 1354 2657 1407 Ludovici
2725 1355 2947 1408 Cellotii
3018 1354 3262 1407 Historia
3332 1356 3762 1411 Gottbeschulci.

2075 1426 2230 1478 edita
2279 1425 2525 1490 Parisiis,
2579 1427 2732 1487 1655,
2770 1426 2893 1490 fo|.,
2928 1441 2982 1493 p.
3017 1427 3119 1479 415
3167 1425 3506 1478 Schedulam
3556 1426 3766 1479 Gotthe-

2076 1495 2265 1559 scalci,
2304 1496 2448 1562 quod
2498 1499 2646 1548 trina
2694 1498 2875 1549 Deitas
2929 1496 3041 1548 dici
3089 1499 3281 1563 possit,
3336 1496 3575 1548 exhibet
3628 1496 3765 1548 idem

2078 1567 2413 1619 Hincmarus
2444 1571 2484 1619 t.
2534 1567 2573 1632 l,
2610 1583 2664 1636 p.
2718 1568 2970 1631 415-418,
3022 1572 3190 1636 atque
3241 1568 3462 1635 integro
3512 1567 3765 1634 deinceps

2074 1637 2219 1689 libro
2251 1637 2321 1689 de
2354 1653 2465 1688 non
2507 1638 2655 1689 trina
2702 1637 2939 1697 Deitate,
2989 1637 3233 1706 sumpsit
3278 1638 3380 1690 sibi
3431 1653 3767 1707 oppugnan-

2073 1707 2227 1760 dum.
2259 1708 2339 1761 Ad
2370 1707 2736 1760 Gotthescalci
2771 1708 3096 1761 subtiliores
3141 1709 3208 1760 de
3241 1711 3451 1760 ratione
3492 1724 3606 1777 qua
3640 1710 3769 1759 beati

2072 1780 2248 1831 visuri
2275 1781 2443 1831 simus
2479 1781 2659 1843 Deum,
2694 1778 3039 1847 qumstiones
3073 1780 3367 1847 respondit
3407 1780 3607 1847 Lupus
3654 1778 3767 1831 Fer-

261 1850 604 1931 probandam
658 1852 793 1903 hanc
828 1851 999 1931 [idem
1040 1866 1231 1915 meam,
1282 1852 1387 1902 imo
1432 1850 1591 1931 ﬁdem
1621 1848 1960 1915 catholicam,
2002 1877 2044 1931 Β
2075 1849 2344 1931 rariensis
2375 1848 2617 1931 epistola
2647 1849 2961 1931 trigesima,
2993 1850 3084 1931 cui
3117 1850 3297 1931 etiam
3330 1849 3547 1903 librum
3586 1849 3661 1931 de.
3684 1849 3767 1926 tri:

265 1922 325 1973 in
366 1922 586 1986 singula
632 1924 865 1975 transire
908 1921 1112 1973 :donec
1151 1926 1200 1974 te
1248 1923 1622 1989 praeveniente,
1654 1925 1958 1985 comitante,

266 2006 330 2043 ac
376 1992 743 2059 subsequente,
807 1992 1190 2059 dexteramque
1242 1992 1510 2060 przebente
1566 2008 1632 2046 ac
1687 1994 1966 2046 clementer

266 2061 517 2115 educente
569 2064 800 2116 valerem
848 2078 1027 2130 sospes
1084 2065 1252 2122 exire,
1305 2068 1571 2130 quatenus
1616 2066 1672 2115 in
1724 2065 1964 2117 Ecclesia

267 2138 361 2186 tua
423 2132 638 2186 tandem
690 2133 987 2202 aliquando
1041 2134 1315 2187 catholicae
1372 2134 1495 2185 hinc
1553 2132 1686 2201 ﬁdei
1738 2135 1963 2189 claritas

266 2204 594 2267 claresceret,
646 2209 695 2256 et
736 2205 961 2269 falsitas
1010 2208 1358 2270 evanesceret,
1411 2204 1654 2273 ﬁdesque
1704 2204 1963 2274 ﬁrmare-

268 2279 375 2339 tur,
407 2279 458 2328 et
482 2275 718 2344 perﬁdia
752 2277 1039 2328 citaretur.

338 2347 468 2398 Post
517 2346 824 2409 Usserium,
886 2351 1176 2415 utramque
1223 2345 1604 2399 Gotteschalci
1653 2346 1963 2407 Confessio-

264 2431 381 2469 nem
426 2417 655 2469 exhibet
699 2417 983 2471 Gilbertus
1031 2416 1371 2485 Manguinus
1418 2418 1485 2484 (c)
1538 2418 1803 2469 Veterum
1853 2433 1962 2470 ste-

264 2486 377 2538 culi
433 2503 505 2553 ix,
580 2488 919 2556 scriptorum
978 2488 1046 2540 de
1100 2486 1290 2540 Gratia
1353 2494 1408 2540 et
1461 2487 1963 2541 Praedestinatione

266 2562 406 2609 tom.
442 2558 482 2623 l,
518 2574 645 2627 pag.
699 2561 844 2611 7-25.
892 2557 1057 2626 Apud
1103 2558 1369 2611 eumdem
1420 2573 1550 2626 pag.
1604 2561 1656 2623 6,
1704 2564 1759 2610 et
1803 2565 1964 2627 parte

264 2643 323 2689 ιι,
360 2643 490 2696 pag.
526 2631 555 2682 3
587 2644 730 2697 seq.,
774 2628 1097 2698 fragmenta
1145 2644 1207 2681 ex
1256 2629 1634 2681 Gotteschalci
1675 2629 1851 2683 libello
1900 2630 1965 2681 de

269 2698 744 2752 Praedestinatione
800 2706 854 2752 et
916 2699 1175 2752 chartula
1248 2700 1630 2765 Professionis,
1706 2716 1799 2752 an.
1861 2701 1963 2754 818

266 2769 498 2822 Rabano
561 2770 753 2823 Mauro
814 2770 1037 2836 oblatas,
1111 2785 1239 2837 quae
1306 2770 1549 2822 servavit
1627 2770 1964 2823 Hincmarus

266 2840 599 2893 Rhemensis
635 2842 693 2894 T.
732 2841 751 2893 Ι
784 2842 956 2909 Opp.,
987 2857 1041 2907 p.
1079 2844 1167 2905 25,
1215 2842 1302 2905 26,
1355 2842 1473 2904 118,
1528 2841 1647 2905 149,
1679 2844 1803 2907 211,
1834 2842 1960 2907 221,

264 2912 395 2982 226.
417 2912 585 2980 Apud
637 2912 904 2964 eumdem
962 2910 1331 2979 Manguinum
1378 2917 1533 2964 tomo
1584 2914 1649 2977 ll,
1702 2929 1831 2982 pag.
1871 2915 1959 2974 54,

266 2980 401 3034 editi
435 2987 567 3034 sunt
615 2984 832 3046 Versus,
876 2984 941 3035 26
990 2982 1306 3035 hexametri
1351 2982 1568 3035 leonini
1617 2980 1960 3037 ex'Gotthe-

266 3051 433 3105 scalci
463 3054 731 3121 Epistola,
779 3069 951 3123 quam
1003 3069 1068 3106 ex
1122 3053 1425 3107 Germania
1469 3052 1693 3124 scripsit
1738 3054 1812 3107 ad
1851 3057 1960 3108 Ra-

360 3210 409 3270 a)
444 3210 642 3264 Carolo
676 3210 868 3278 Calvo,
902 3227 1035 3279 rege
1070 3209 1284 3265 Galliae.

360 3280 413 3350 b)
446 3281 530 3334 Ad
560 3282 711 3334 hunc
737 3281 925 3334 locum
973 3281 1284 3351 respiciens
1322 3283 1566 3335 Joannes
1606 3283 1805 3336 Scotus
1847 3284 1964 3337 Eri-

266 3368 415 3421 gena
445 3368 568 3421 cap.
607 3354 636 3405 3
670 3352 739 3405 de
785 3352 1313 3419 Prmdestinatione,
1368 3369 1497 3423 pag.
1553 3356 1672 3419 1‘23,
1721 3355 1786 3407 ad
1836 3356 1964 3409 Got-

266 3424 610 3476 teschalcum
647 3438 659 3477 :
688 3426 834 3477 Inter
870 3424 992 3486 illa,
1035 3428 1095 3476 ut
1124 3423 1280 3476 video
1310 3423 1480 3491 dolia,
1525 3440 1643 3491 quae
1692 3426 1793 3478 tibi
1820 3442 1958 3492 pra:-

263 3496 461 3561 parari
476 3494 657 3561 jubes,
682 3495 804 3562 jam
844 3494 1115 3565 involutus
1157 3493 1441 3559 su/f'ocaris
1481 3509 1491 3547 :
1528 3498 1715 3549 merito
1764 3499 1966 3565 quippe

266 3567 324 3617 in
354 3566 461 3619 oleo
490 3570 652 3633 atque
681 3567 799 3631 pice
828 3564 1018 3617 ardere
1056 3565 1311 3630 debuisti,
1364 3569 1460 3632 qui
1491 3571 1539 3618 et
1571 3567 1745 3619 tamen
1779 3564 1964 3620 chario

268 3639 418 3701 tatis,
462 3641 513 3690 et
544 3638 868 3704 mysterium
911 3635 1416 3704 przdestinationis
1440 3651 1732 3706 perperam
1779 3638 1964 3692 docere

2076 1919 2180 1972 bus
2247 1920 2664 1989 qumstionibus
2729 1921 2977 1973 vindicat
3039 1920 3317 1983 Baluzius,
3375 1936 3553 1990 quem
3613 1920 3767 1972 alteri

2074 1991 2231 2059 Lupo
2294 1990 2411 2054 alii,
2475 1991 2571 2043 alii
2628 1992 2917 2044 Amalario
2976 1992 3303 2044 maluerunt
3359 1992 3639 2044 tribuere.
3700 1992 3767 2043 De

2073 2060 2485 2113 Gottheschalci
2531 2067 2722 2114 autem
2772 2078 2938 2113 causa
2990 2068 3201 2130 praeter
3250 2063 3563 2122 Usserium,
3603 2062 3770 2115 Cello-

2072 2132 2217 2184 tium
2271 2132 2525 2202 aliosque
2566 2150 2597 2184 a
2644 2148 2736 2185 me
2794 2133 3050 2185 laudatos
3105 2132 3249 2186 adiri
3301 2134 3473 2185 etiam
3537 2137 3770 2202 possunt

2074 2202 2431 2255 Mahillonius
2480 2204 2704 2271 prwfat.
2754 2204 2825 2256 ad
2854 2209 2991 2257 tom.
3030 2204 3097 2256 lll
3138 2204 3341 2255 Annal.
3393 2202 3766 2265 Bcnedictin.,

2071 2273 2409 2326 Sirmondus
2468 2274 2525 2325 in
2585 2275 2830 2327 Historia
2898 2274 3405 2327 Praedestinatiana
3470 2281 3530 2326 et
3584 2280 3771 2327 contra

2075 2344 2444 2397 Sirmondum
2477 2344 2761 2398 Gilbertus
2781 2346 3143 2414 Manguinus,
3170 2346 3225 2397 in
3248 2343 3518 2397 historica
3540 2349 3601 2397 et
3622 2344 3770 2397 chro-

2074 2416 2200 2467 nica
2246 2414 2485 2484 Synopsi
2533 2415 2938 2469 controversite
2984 2416 3507 2481 Gotthescalcianaz,
3568 2421 3627 2467 et
3673 2415 3772 2468 dis-

2073 2492 2206 2539 sert.
2255 2486 2523 2538 historica
2569 2491 2624 2538 et
2665 2486 2954 2551 chronica,
3008 2487 3067 2539 in
3116 2492 3277 2555 parte
3306 2503 3324 2538 1
3353 2486 3493 2538 tomi
3539 2486 3772 2538 secundi

2074 2556 2427 2625 Scriptorum
2472 2572 2598 2609 smc.
2633 2573 2686 2609 ix
2719 2557 2788 2609 de
2832 2557 3025 2611 Gratia
3055 2562 3105 2609 et
3155 2557 3691 2620 Praedestinatione,
3724 2563 3775 2607 et

2073 2643 2140 2679 ex
2168 2627 2517 2680 nostratibus
2548 2628 2609 2681 D.
2661 2629 2866 2680 Paulus
2917 2628 3213 2691 Roeberus,
3261 2628 3667 2681 dissertatione
3711 2628 3774 2680 de

2073 2698 2364 2750 erroribus
2404 2698 2822 2752 Gottheschalci
2866 2716 2993 2752 saec.
3046 2715 3098 2752 ix
3148 2698 3450 2752 damnatis.
3502 2698 3775 2752 Witeber-

2074 2785 2181 2838 gae,
2224 2770 2356 2822 1646
2378 2769 2455 2824 4ο.

2142 2840 2217 2892 Ex
2250 2840 2490 2892 historia
2518 2856 2621 2893 ms.
2654 2840 2723 2892 de
2756 2839 3170 2893 Gottlieschalci
3208 2839 3772 2893 Novimonasterien-

2071 2910 2146 2962 sis
2178 2910 2492 2963 visionibus
2534 2928 2624 2963 an.
2666 2914 2799 2964 1190
2844 2916 3104 2980 excerpta
3154 2910 3308 2963 edita
3359 2917 3495 2963 sunt
3539 2911 3614 2965 ab
3659 2911 3775 2964 illn-

2072 2981 2485 3106 strislsgisbpgtio
2552 2987 2710 3035 tomo
2762 2983 2781 3034 l
2825 2982 3179 3052 Scriptorum
3251 2981 3774 3043 Brunsvicensium,

2072 3067 2129 3106 ll.
2212 3077 2290 3105 ι-
2404 3093 2414 3105 .

2071 3067 2129 3121 p.
2164 3067 2414 3106 oio-aro.

2002 3206 2041 3261 C
2070 3229 2176 3267 non
2204 3216 2455 3267 timuisti.
2510 3216 2750 3284 Propter
2795 3214 2947 3267 idem
2996 3213 3247 3267 insolens
3284 3213 3643 3281 promissum
3690 3215 3778 3267 do-

2072 3285 2304 3349 liorum,
2340 3285 2546 3338 acriter
2590 3284 3035 3353 reprehenditur
3078 3284 3500 3337 Gotteschalcus
3540 3285 3616 3338 ab
3651 3286 3777 3339 Hin-

2073 3372 2263 3409 cmaro
2294 3355 2603 3410 Rbemensi
2636 3356 2732 3409 lib.
2783 3356 2852 3409 de
2900 3372 3014 3408 non
3058 3356 3209 3408 trina
3256 3354 3496 3419 Deitate,
3546 3360 3708 3410 tomo
3738 3356 3776 3421 ῐ,

2073 3427 2459 3566 paallggtcra
2501 3514 2630 3565 quia
2673 3498 2730 3550 in
2780 3501 3026 3567 utroque
3077 3496 3367 3567 Manguini
3413 3501 3572 3549 tomo
3630 3496 3781 3549 exhi-

2074 3568 2303 3632 bentur,
2360 3569 2576 3621 notavit
2608 3570 2667 3621 Β.
2700 3569 2947 3622 Thomas
2994 3567 3218 3636 Ittigius
3264 3567 3412 3620 libro
3462 3567 3533 3621 de
3576 3568 3782 3621 Biblio-

2073 3638 2254 3692 thecis
2279 3644 2336 3692 et
2366 3640 2591 3693 Catenis
2623 3640 2878 3705 Patrum,
2913 3654 3041 3708 pag.
3077 3642 3177 3692 397
3212 3654 3329 3708 seq.

645 3930 1441 4040 CONFESSIO
1536 3932 2636 4042 GOTTESCHALCI
2727 3934 3389 4042 MONACHI

1314 4124 1527 4185 POST
1579 4125 1989 4187 HrERESIM
2049 4125 2568 4187 DAMNATAM.

902 4254 1069 4316 (Apud
1102 4255 1469 4317 Manguinum,
1505 4255 1759 4304 Vindicite
1793 4256 2041 4305 Prtedest.
2073 4259 2126 4304 et
2151 4256 2359 4316 Gratim,
2396 4271 2445 4319 p.
2481 4260 2529 4317 5,
2558 4270 2621 4305 ex
2658 4270 2755 4305 ms.
2793 4258 3137 4318 Corbeiensi.)

340 4507 517 4562 Credo
575 4515 632 4562 et
678 4508 957 4563 conﬁteor
1019 4512 1197 4564 Deum
1246 4514 1601 4582 omnipotem
1646 4519 1702 4568 et
1746 4514 1963 4568 incom-
2010 4514 2353 4582 Djudicatus
2401 4521 2478 4569 est
2529 4515 2701 4585 (Joan.
2765 4531 2844 4579 ιιι,
2907 4516 3014 4583 18),
3073 4515 3132 4568 id
3194 4520 3281 4569 est
3332 4516 3411 4585 (ut
3470 4514 3785 4584 praedictos

272 4596 608 4651 mutabilem
659 4598 953 4667 prtescisse
992 4605 1050 4653 et
1078 4599 1516 4669 praedestinasse
1560 4602 1796 4670 angelos
1837 4618 1964 4656 san-

269 4691 405 4745 ctos,
441 4691 497 4740 et
527 4686 790 4740 homines
823 4687 1032 4741 electos
1064 4688 1131 4741 ad
1166 4688 1337 4742 vitam
1370 4688 1547 4759 gratis
1582 4694 1877 4755 aeternam,
1911 4694 1969 4743 et

270 4772 459 4844 ipsum
511 4775 801 4829 diabolum
849 4782 1020 4847 caput
1063 4776 1322 4830 omnium
1372 4776 1790 4831 daemoniorum
1837 4793 1967 4832 cum

269 4862 538 4916 omnibus
565 4863 680 4916 suis
712 4865 1062 4933 apostaticis,
1105 4870 1162 4918 et
1189 4880 1320 4918 cum
1353 4866 1490 4935 ipsis
1521 4882 1751 4937 quoque
1778 4866 1965 4919 homi-

271 4950 439 5003 nibus
506 4952 787 5021 reprobis,
855 4953 1129 5007 membris
1192 4953 1455 5008 videlicet
1524 4956 1663 5018 suis,
1730 4961 1968 5025 propter

268 5038 531 5106 prmscita
563 5040 878 5095 certissime
910 5040 1164 5111 ipsorum
1199 5043 1431 5112 propria
1463 5043 1658 5097 futura
1679 5045 1826 5097 mala
1856 5060 1968 5097 me-

268 5124 380 5178 rita
403 5127 830 5195 praedestinasse
858 5130 1072 5199 pariter
1117 5147 1217 5200 per
1257 5132 1643 5201 justissimum
1687 5132 1967 5203 judicium

272 5229 437 5266 suum
468 5214 526 5267 in
561 5221 801 5270 mortem
844 5219 1048 5272 merito
1101 5220 1507 5291 sempiternam
1538 5238 1550 5275 :
1581 5222 1717 5292 quia
1764 5222 1842 5274 sic
1889 5222 1969 5274 ait

271 5302 390 5371 ipse
454 5302 731 5357 Dominus
796 5306 854 5359 in
924 5308 1226 5379 Evangelio
1292 5326 1394 5362 suo
1437 5327 1449 5363 :
1488 5312 1740 5379 Princeps
1803 5312 1966 5379 hujus

270 5391 462 5445 mundi
481 5393 604 5460 jam
636 5394 919 5460 judicatus
967 5402 1044 5450 est
1091 5399 1268 5465 (Joan.
1320 5415 1431 5464 xvn,
1478 5399 1583 5469 11).
1632 5399 1791 5463 Quod
1839 5400 1964 5452 bea-

270 5488 360 5535 tus
387 5481 739 5550 Augustinus
767 5500 1057 5553 exponens
1087 5487 1157 5540 ad
1192 5488 1471 5557 populum
1498 5488 1665 5557 (Aug.
1697 5491 1755 5541 in
1783 5490 1962 5555 Joan.,

270 5574 431 5623 tract.
461 5571 572 5639 95},
612 5570 689 5624 sic
738 5572 867 5625 inde
910 5574 1099 5643 palam
1132 5575 1352 5629 locutus
1385 5581 1471 5629 est
1498 5593 1510 5629 :
1547 5597 1573 5625 ‹‹
1607 5577 1664 5630 Id
1696 5582 1780 5629 est
1803 5576 1961 5645 judi-

270 5656 355 5709 cio
386 5656 536 5728 ignis
568 5659 770 5713 aeterni
800 5660 1252 5716 irrevocabiliter
1284 5663 1598 5717 destinatus
1629 5668 1730 5716 est.
1768 5684 1795 5711 ››
1824 5664 1964 5716 Item

269 5745 339 5799 de
360 5746 618 5817 reprobis
645 5747 770 5818 ipsa
794 5749 1011 5803 Veritas
1043 5769 1058 5803 :
1089 5751 1197 5816 Qui
1239 5756 1418 5804 autem
1462 5767 1569 5805 non
1608 5751 1800 5817 credit,
1843 5753 1965 5819 jam

2077 4608 2278 4656 auctor
2338 4602 2619 4674 exposuit)
2690 4601 2869 4675 [tract.
2936 4602 3033 4675 xu]
3097 4605 3220 4673 jam
3293 4602 3599 4657 damnatus
3673 4608 3779 4655 est.

2080 4711 2107 4743 α
2168 4691 2452 4755 Nondum,
2506 4691 2713 4761 inquit,
2775 4691 3060 4761 apparuit,
3128 4690 3434 4761 judicium,
3505 4691 3605 4744 sed
3658 4691 3785 4760 jam

2075 4781 2289 4835 factum
2322 4786 2406 4834 est
2429 4780 2733 4849 judicium.
2772 4801 2793 4827 ι
2833 4782 2971 4833 Item
3018 4795 3309 4849 exponens
3356 4780 3500 4833 illud
3529 4780 3786 4849 [Joannis

2080 4869 2347 4938 Baptista:
2381 4885 2394 4922 :
2434 4871 2815 4924 Testimonium
2845 4884 2962 4936 ejus
3012 4883 3161 4921 nemo
3205 4871 3430 4937 accepit.
3484 4870 3659 4936 (Joan.
3701 4885 3780 4927 ιιι,

2077 4960 2187 5021 32),
2216 4958 2293 5010 ita
2321 4957 2457 5011 dicit
2495 4960 2674 5023 [tract.
2707 4956 2819 5025 xxv]
2855 4976 2866 5009 :
2910 4978 2930 5005 ι
2969 4958 3165 5023 Nemo,
3210 4962 3295 5009 est
3322 4957 3557 5026 quidam
3603 4974 3789 5026 pepu-

2076 5044 2165 5099 lus
2214 5048 2567 5114 praeparatus
2598 5044 2669 5096 ad
2716 5043 2859 5096 iram
2912 5044 3035 5109 Dei,
3085 5044 3447 5097 damnandus
3494 5061 3627 5097 cum
3671 5045 3790 5098 dia-

2076 5132 2227 5186 bolo.
2262 5155 2281 5180 ι
2318 5134 2457 5186 Item
2485 5132 2553 5185 de
2582 5131 2794 5185 Judaeis
2830 5148 2841 5185 :
2882 5154 2901 5179 ε
2943 5132 3037 5184 Isti
3067 5131 3433 5201 indignantes
3481 5133 3701 5185 mortui
3731 5140 3792 5185 et

2078 5221 2250 5275 morti
2281 5221 2645 5291 sempiterna:
2671 5219 3079 5290 prmdestinati.
3121 5242 3139 5267 ι
3179 5221 3321 5273 Item
3352 5221 3533 5291 [tract.
3567 5222 3786 5293 xum]:

2083 5332 2101 5358 ι
2140 5310 2322 5373 Quare
2377 5309 2518 5362 dixit
2574 5309 2848 5362 Dominus
2904 5308 3111 5361 Judzeis
3157 5325 3170 5361 :
3220 5311 3324 5363 Vos
3373 5325 3478 5362 non
3535 5310 3789 5373 creditis,

2076 5402 2210 5467 quia
2238 5415 2342 5452 non
2371 5400 2497 5451 estis
2540 5413 2608 5451 ea:
2635 5398 2824 5451 ovibus
2854 5400 2984 5451 meis
3016 5399 3189 5467 (Joan.
3224 5414 3281 5465 x,
3313 5398 3429 5466 26).
3483 5397 3594 5451 nisi
3645 5400 3791 5468 quia

2074 5487 2303 5540 videbat
2322 5502 2417 5540 eos
2444 5486 2515 5540 ad
2542 5486 2960 5555 sempiternum
2988 5485 3285 5539 interitum
3318 5486 3787 5556 praedestinatos,

2075 5591 2191 5629 non
2217 5575 2287 5628 ad
2318 5574 2490 5627 vitam
2518 5580 2791 5628 aeternam
2842 5574 2930 5626 sui
2980 5574 3277 5643 sanguinis
3325 5576 3514 5644 pretio
3560 5591 3789 5645 compa-

2075 5668 2249 5716 ratos.
2289 5684 2309 5710 ι
2346 5665 2485 5715 ltem
2537 5677 2828 5731 exponens
2877 5660 3071 5731 (lbid.)
3120 5662 3217 5715 illa
3268 5661 3446 5717 verba
3498 5663 3783 5717 Domini:

2076 5752 2206 5806 Oves
2262 5766 2389 5804 mea
2445 5766 2614 5803 meam
2672 5765 2847 5803 vocem
2902 5750 3158 5815 audiunt,
3200 5754 3249 5803 et
3289 5765 3543 5817 cognosco
3595 5766 3685 5804 eas
3733 5760 3787 5804 et
