3890 6230
99 516 189 569 3ἱ9
1449 516 1826 582 CQNFESSIO
1861 516 2251 573 PROLIXIOR.

3497 520 3599 571 350

92 654 377 720 sequuntur
426 667 533 717 me,
587 656 639 706 et
666 668 759 720 ego
807 654 978 706 vitam
1026 656 1281 707 aeternam
1311 652 1379 706 do
1426 655 1525 721 eis,
1582 658 1632 707 et
1678 669 1784 707 non
1825 656 1862 703 A
1898 650 2250 722 przescientia
2279 649 2630 719 protulitque
2675 648 3036 701 sententiam.
3077 668 3098 696 ι
3150 649 3287 701 Item
3346 648 3405 702 in
3434 648 3598 703 libris

91 739 331 809 peribunt
382 742 439 793 in
474 746 758 807 internum,
791 746 841 794 et
884 756 989 794 non
1050 743 1231 810 rapiet
1287 757 1376 795 eas
1409 744 1699 810 quisquam
1730 742 1796 795 de

95 846 244 881 manu
268 844 425 881 mea:
487 832 653 882 Pater
696 844 843 883 meus
900 829 1044 897 quod
1072 829 1223 882 dedit
1271 832 1410 883 mihi
1454 831 1632 898 majus
1688 846 1793 883 om-

95 918 239 970 nibus
281 922 380 981 est,
417 923 469 970 et
523 934 675 971 nemo
704 923 878 986 potest
909 934 1099 986 rapere
1156 918 1220 971 de
1251 935 1416 971 manu
1474 921 1658 972 Patris
1692 920 1795 971 mei

98 1008 255 1071 (Joan.
310 1021 370 1072 ι,
433 1009 506 1059 27
562 1009 667 1073 29),
748 1007 828 1059 ita
879 1006 1052 1059 dixit:
1115 1006 1263 1071 Quid
1335 1011 1521 1076 potest
1580 1007 1795 1077 lupus?

99 1094 225 1162 quid
257 1099 453 1163 potest
486 1098 580 1147 fur
610 1101 665 1149 et
706 1096 850 1148 latro
879 1094 906 1148 ?
942 1096 1063 1149 Non
1086 1096 1353 1165 perdunt,
1377 1096 1487 1149 nisi
1514 1096 1581 1149 ad
1616 1097 1793 1149 inter-

96 1182 226 1235 itum
262 1183 731 1252 prmdestinalos.
770 1204 795 1233 ››
828 1184 970 1237 Item
993 1184 1061 1237 de
1093 1184 1315 1237 duobus
1350 1186 1587 1254 loquens
1622 1201 1794 1237 mun-

96 1271 171 1323 dis
202 1274 387 1339 (tract.
439 1274 697 1338 Lxxxvu).
738 1296 757 1317 -
794 1274 966 1326 Totus
1016 1273 1261 1325 mundus
1312 1273 1555 1326 Ecclesia
1602 1278 1704 1338 est,
1740 1276 1797 1325 et

96 1364 236 1414 totus
268 1360 527 1413 mundus
577 1361 695 1414 odit
752 1361 1105 1428 Ecclesiam;
1160 1362 1401 1415 Mundus
1443 1362 1621 1431 igitur
1674 1362 1797 1415 odit

99 1448 395 1511 mundum,
434 1448 706 1502 inimicus
754 1450 1205 1515 reconciliatum,
1264 1451 1565 1504 damnatus
1615 1452 1794 1503 salva-

99 1544 230 1601 tum,
298 1536 648 1607 inquinatus
725 1540 1145 1592 mandatum.»
1210 1541 1349 1593 Item
1422 1542 1603 1607 (tract.
1666 1539 1791 1607 cx):

106 1651 121 1674 ε
157 1628 243 1679 Est
274 1626 535 1679 mundus
568 1627 633 1680 de
681 1644 796 1696 quo
837 1627 976 1680 dicit
1028 1628 1372 1698 Apostolus:
1424 1631 1498 1684 Ne
1537 1645 1655 1683 cum
1703 1629 1796 1681 hoc

100 1713 283 1766 mundo
331 1714 739 1781 damnemurU
801 1716 918 1770 Cor.
973 1733 1044 1781 ιιι,
1100 1718 1207 1785 3‘2).
1270 1718 1376 1770 Pro
1435 1717 1543 1769 isto
1581 1717 1795 1771 mundo

103 1801 365 1853 Dominus
400 1817 522 1854 non
558 1808 758 1872 rugat:
814 1804 1007 1873 Neque
1039 1804 1191 1857 enim
1226 1820 1339 1874 quo
1388 1804 1462 1857 sit
1503 1804 1795 1874 praedesti-

102 1894 275 1951 natus,
309 1888 566 1957 ignorat.
603 1910 630 1941 ιι
672 1890 811 1943 Item
851 1894 1034 1957 (tract.
1096 1892 1261 1962 cvu):
1300 1914 1326 1940 ‹‹
1384 1892 1558 1946 Filius
1614 1891 1797 1963 perdi-

100 1977 257 2029 tionis
302 1977 499 2030 dictus
562 1983 645 2031 est
700 1980 873 2032 ludas
934 1979 1181 2033 traditor
1234 1980 1442 2035 Christi
1488 1980 1798 2051 proditioni

105 2066 561 2135 praedestinatus.
601 2088 620 2113 ι
654 2067 794 2120 Item
818 2068 878 2120 in
910 2068 1277 2122 Enchiridion
1306 2070 1448 2139 (cap.
1487 2072 1625 2138 100).
1659 2092 1685 2117 ‹‹
1713 2070 1797 2123 Ad

105 2170 292 2207 eorum
346 2154 783 2209 damnationem
840 2172 982 2225 quos
1033 2157 1185 2226 juste
1244 2158 1669 2227 praedestinavit
1728 2158 1797 2211 ad

108 2259 343 2311 poenam.
381 2265 409 2291 η
450 2244 593 2297 Item
622 2244 679 2297 in
714 2245 860 2298 libro
908 2246 977 2299 de
1036 2246 1388 2300 Perfectione
1412 2248 1653 2317 justitiaa
1693 2247 1796 2301 ho-

111 2332 263 2383 minis
291 2333 440 2402 (cap.
486 2336 607 2398 l3):
648 2355 667 2381 ι
696 2332 832 2399 Hoc,
866 2335 1074 2405 inquit,
1108 2334 1347 2399 bonum,
1389 2337 1544 2405 quod
1594 2340 1678 2389 est
1708 2352 1795 2389 re-

111 2421 467 2490 quirendum,
500 2437 612 2475 non
644 2427 764 2475 erat
791 2422 891 2493 qui
919 2422 1153 2491 faceret,
1204 2441 1317 2478 non
1369 2431 1491 2478 erat
1520 2441 1700 2494 usque
1731 2426 1799 2479 ad

110 2524 273 2561 unum
300 2525 313 2573 ;
350 2509 450 2562 sed
486 2510 544 2561 in
576 2527 643 2563 eo
670 2526 878 2579 genere
908 2512 1210 2565 hominum
1239 2504 1392 2583 quod
1424 2513 1799 2582 praedestina-

110 2604 220 2649 tum
252 2604 338 2650 est
369 2598 441 2651 ad
473 2598 770 2653 interitum
804 2616 817 2652 :
872 2617 1044 2670 super
1077 2601 1178 2654 bos
1220 2601 1376 2655 enim
1422 2602 1671 2673 respexit
1703 2602 1803 2656 Dei

1905 741 1972 794 do
1996 740 2231 795 Civitate
2254 738 2351 793 Dei
2376 738 2490 808 (lib.
2521 754 2653 803 χχιι,
2679 754 2723 790 c.
2758 738 2847 805 24)
2876 752 2887 789 :
2920 736 3119 800 «Quid
3157 736 3314 790 dabit
3343 736 3423 790 eis
3456 754 3599 808 quos

1902 827 2328 900 praedestinavit
2357 828 2424 881 ad
2477 832 2800 880 mortem.»
2862 826 3000 878 Item
3047 825 3244 878 beatus
3291 826 3599 895 Gregorius

1902 934 2048 988 papa
2088 918 2302 987 (Moral.
2336 917 2428 970 lib.
2472 932 2659 975 xxxxv,
2695 932 2741 969 c.
2775 918 2862 980 2):
2900 936 2926 961 ‹‹
2971 913 3423 983 Leviathangiste
3464 931 3594 968 cum

1904 1006 2183 1059 universis
2218 1003 2489 1058 membris
2520 1004 2635 1055 suis
2666 1003 2895 1056 mternis
2921 1002 3266 1055 cruciatibus
3311 1007 3394 1054 est
3428 1002 3601 1073 depu-

1900 1099 2070 1147 tatus.
2112 1116 2130 1142 ι
2171 1096 2307 1148 Item
2362 1098 2590 1146 sanctus
2626 1092 2957 1161 Fulgentius
3007 1090 3065 1143 in
3108 1090 3251 1143 libro
3309 1090 3479 1143 tertio
3533 1091 3602 1144 de

1903 1182 2146 1236 Veritate
2204 1180 2722 1251 prtedestinationis
2779 1186 2832 1233 et
2889 1179 3088 1247 gratiae
3142 1179 3254 1247 (lib.
3292 1196 3370 1245 ιιι,
3422 1194 3473 1233 c.
3512 1182 3599 1241 5):

1905 1292 1932 1322 (ι
1976 1270 2339 1340 Preeparavit,
2386 1269 2593 1339 inquit,
2649 1270 2799 1322 Deus
2834 1268 3223 1338 peccatoribus
3269 1284 3463 1337 poenas
3492 1268 3603 1320 illis

1902 1361 2101 1432 utique
2133 1377 2275 1432 quos
2327 1360 2477 1429 juste
2531 1357 2961 1430 przedestinavit
3000 1357 3071 1411 ad
3134 1357 3343 1410 luenda
3382 1356 3605 1426 suppli-

1904 1449 2007 1503 cia.
2042 1472 2061 1496 ι

1974 1539 2080 1602 Qui
2112 1538 2307 1591 beatus
2344 1536 2673 1607 Fulgentius
2714 1534 3037 1605 composuit
3093 1534 3160 1589 de
3206 1534 3309 1587 hac
3352 1537 3604 1588 tantum-

1905 1627 2075 1682 modo
2105 1626 2419 1697 quaestione
2452 1641 2627 1678 unum
2659 1625 2867 1678 librum
2920 1626 3232 1693 integrum,
3290 1623 3344 1677 id
3396 1629 3482 1677 est
3534 1623 3603 1676 de

1908 1715 2414 1768 Prasdestinatione
2448 1714 2823 1784 reproborum
2870 1713 2941 1766 ad
2986 1712 3305 1777 interitum,
3358 1712 3425 1765 ad
3459 1711 3602 1765 ami-

1904 1819 2030 1857 cum
2068 1818 2232 1854 suum
2268 1802 2502 1854 nomine
2534 1800 2847 1855 Monimum
2891 1801 3001 1869 (lib.
3038 1804 3096 1865 l).

1979 1892 2135 1946 Unde
2170 1891 2305 1945 dicit
2338 1896 2393 1944 et
2431 1895 2656 1943 sanctus
2690 1890 2937 1943 Isidorus
2971 1888 3229 1958 (Sentent.
3262 1905 3321 1953 ιι,
3353 1903 3474 1958 cap.
3509 1890 3603 1956 6):

1838 1953 1877 2005 Β
1914 2004 1933 2029 ε
1973 1980 2210 2035 Gemina
2267 1984 2353 2033 est
2410 1978 2840 2047 prmdestinatio
2892 1977 3009 2031 sive
3062 1977 3374 2030 electorum
3415 1975 3484 2030 ad
3514 1992 3605 2030 re-

1908 2074 2122 2145 quiem,
2159 2073 2275 2126 sive
2302 2072 2679 2142 reproborum
2730 2071 2797 2124 ad
2832 2074 3094 2123 mortem.
3133 2090 3159 2117 ››
3215 2068 3306 2122 Sic
3342 2084 3478 2137 ergo
3509 2067 3604 2137 (al.

1906 2168 1961 2215 et
1986 2164 2116 2231 ego)
2158 2176 2260 2230 per
2291 2160 2487 2213 omnia
2514 2175 2643 2212 cum
2678 2158 2799 2211 istis
2832 2158 3027 2211 electis
3074 2156 3197 2221 Dei,
3232 2160 3288 2209 et
3317 2154 3609 2208 catholicis

1907 2250 2076 2303 credo
2100 2254 2155 2303 et
2186 2250 2479 2313 contiteor,
2512 2252 2685 2317 prout
2716 2246 2994 2300 divinitus
3026 2246 3272 2311 afﬂatus,
3298 2245 3605 2309 animatus,

1910 2345 2163 2391 armatus
2192 2337 2448 2406 adjuvor.
2484 2342 2686 2389 Amen.

1984 2428 2173 2481 Falsus
2199 2426 2351 2479 enim
2382 2425 2539 2479 testis
2577 2430 2680 2489 est,
2711 2424 2810 2495 qui
2840 2423 2898 2477 in
2932 2422 3093 2493 dictis
3131 2437 3608 2493 quorumcunque

1911 2520 2009 2570 aut
2042 2530 2271 2569 sensum
2295 2519 2391 2567 aut
2412 2513 2777 2584 superﬁciem
2808 2512 3146 2582 corrumpit.

732 2925 1577 3063 GOTTESCHALGI
1663 2926 2271 3062 CONFESSIO
2358 2924 2998 3062 PBOLIXIOR.

181 3321 534 3388 Dominator,
578 3319 815 3374 Domine
868 3320 1036 3383 Deus,
1068 3318 1461 3372 misericordia
1508 3335 1653 3385 mea,
1713 3336 1812 3373 rex
1853 3320 1891 3375 C
1925 3320 2071 3373 libus
2128 3320 2416 3390 indagata,
2486 3320 2603 3373 imo
2657 3324 2710 3373 te
2779 3319 3068 3373 revelante
3137 3317 3251 3371 illis
3326 3316 3616 3371 evidenter

117 3412 471 3480 omnipotens
515 3414 573 3462 et
624 3407 1150 3477 incomparabiliter
1199 3408 1450 3461 clemens
1490 3408 1804 3461 inazstima-

119 3499 206 3551 bili
235 3515 467 3569 quoque
526 3498 677 3550 circa
722 3498 1042 3550 humanum
1076 3514 1257 3567 genus
1306 3496 1660 3567 benignitate
1716 3514 1809 3568 pa-

119 3588 270 3651 tiens,
303 3595 362 3640 et
409 3585 796 3655 investigabili
847 3585 1073 3655 penitus
1122 3585 1512 3655 profunditate
1558 3586 1803 3655 sapiens.

120 3676 278 3745 Cujus
306 3676 562 3745 profecto
594 3675 672 3726 sic
703 3690 929 3745 semper
976 3674 1238 3743 indigent
1276 3690 1475 3727 omnes
1509 3675 1671 3728 electi
1700 3674 1805 3741 tui,

121 3781 222 3833 quo
257 3764 522 3816 videlicet
553 3762 654 3816 tibi
686 3762 754 3816 de
785 3767 840 3816 te
879 3763 1001 3815 solo
1030 3778 1259 3832 semper
1288 3763 1511 3817 valeant
1565 3765 1805 3834 placere.

122 3852 615 3914 Quemadmodum
647 3851 910 3921 palmites
944 3851 1203 3921 indigent
1240 3850 1374 3916 vite,
1408 3868 1521 3921 quo
1562 3852 1809 3905 fructum

123 3946 320 4009 queant
354 3939 525 4005 ferre,
572 3940 658 3992 vel
714 3954 811 3991 aer
866 3944 964 3992 aut
1011 3939 1160 3992 oculi
1216 3938 1361 4005 luce,
1414 3955 1528 4009 quo
1578 3941 1663 3993 vel
1715 3940 1810 3993 ille

124 4026 331 4081 lucidus
386 4044 533 4092 esse,
593 4027 681 4080 vel
737 4026 821 4079 illi
870 4026 1089 4097 possint
1140 4026 1371 4093 videre;
1435 4027 1693 4098 alioquin
1757 4034 1813 4082 et

124 4116 370 4183 palmites
396 4115 617 4185 absque
646 4114 758 4167 vite
806 4120 1090 4180 arescunt,
1127 4120 1183 4167 et
1215 4115 1276 4167 in
1308 4114 1441 4184 igne
1475 4114 1631 4169 missi
1671 4132 1813 4169 con-

123 4209 417 4272 sequenter
450 4203 674 4265 ardent,
709 4207 765 4256 et
802 4219 897 4255 aer
928 4202 1139 4272 absque
1170 4204 1294 4256 luce
1339 4204 1672 4257 tenebrosus
1702 4208 1809 4272 est,

125 4297 172 4343 et
195 4292 338 4345 oculi
386 4292 601 4345 frustra
654 4295 869 4361 patent.
924 4292 1001 4344 Te
1059 4291 1236 4356 igitur
1292 4293 1529 4362 supplex
1584 4292 1809 4359 invoco,

125 4380 701 4450 cunctipotentissime
772 4379 1217 4433 clementissime
1279 4386 1333 4433 et
1382 4380 1810 4451 gloriosissime,

125 4472 257 4520 trine
283 4476 340 4521 et
376 4484 492 4520 une
543 4467 780 4521 Domine
832 4468 998 4529 Deus,
1051 4473 1114 4521 ut
1161 4468 1335 4538 gratis
1394 4485 1514 4523 esse
1558 4470 1813 4539 digneris

127 4558 405 4625 piissimus
440 4556 671 4624 adjutor
701 4560 753 4609 et
814 4556 1114 4610 exauditur
1162 4573 1344 4621 meus,
1394 4558 1814 4628 dignanterqne

129 4644 370 4714 largiaris
434 4644 893 4713 indigentissimo
941 4644 1085 4697 mihi
1147 4661 1249 4714 per
1302 4646 1566 4715 gratuita:
1616 4647 1814 4715 gratiae

129 4738 223 4786 tua:
251 4733 696 4787 invictissimum
729 4732 1018 4799 virtutem,
1053 4738 1116 4788 ut
1165 4735 1320 4803 quod
1374 4751 1441 4788 ex
1482 4740 1555 4801 te,
1604 4752 1707 4805 per
1738 4741 1814 4805 te,

130 4824 248 4874 etin
276 4828 329 4874 te
376 4822 449 4875 de
482 4821 843 4891 praescientia
869 4826 924 4874 et
971 4822 1470 4891 praedestinatione
1522 4828 1637 4891 tua,
1665 4825 1815 4893 jam-

130 4910 328 4964 dudum
364 4910 535 4963 corde
570 4910 736 4963 credo
766 4910 890 4978 (tibi
922 4911 1157 4980 gratias)
1188 4911 1257 4964 ad
1298 4912 1595 4981 justitiam,
1650 4913 1817 4965 sicuti

127 4997 226 5064 jam
254 4998 457 5051 crebro
506 5014 610 5067 per
648 4999 889 5066 gratiam
924 5005 1081 5050 tuam
1116 4998 1406 5051 confessus
1460 5016 1606 5064 sum,
1665 5016 1817 5053 nunc

130 5100 338 5156 quoque
374 5087 654 5138 veraciter
683 5092 853 5155 atque
906 5086 1245 5156 simpliciter
1291 5103 1389 5140 ore
1439 5088 1716 5140 confitear
1748 5088 1817 5142 ad

130 5176 375 5239 Salutem,
409 5180 701 5243 quatenus
747 5174 980 5227 tandem
1028 5174 1339 5244 aliquando
1370 5191 1497 5229 mea
1528 5176 1597 5228 de
1657 5182 1817 5245 parte

132 5262 343 5330 pateﬁat
374 5262 573 5315 electis
605 5262 717 5314 tuis
764 5263 970 5315 veritas
1000 5262 1231 5329 invicta,
1266 5268 1321 5316 et
1376 5264 1498 5317 sine
1552 5264 1666 5317 fine
1724 5264 1817 5317 be-

134 5352 353 5415 nedicta,
388 5357 445 5404 et
495 5350 739 5403 facescat
772 5351 891 5420 jam
916 5351 1153 5421 jamque
1184 5352 1331 5405 sicut
1364 5358 1608 5421 oportet,
1661 5352 1814 5407 falsi-

135 5443 202 5488 tas
223 5440 439 5492 devicta
473 5444 529 5491 et
561 5455 794 5508 prorsus
817 5439 947 5508 jure
988 5440 1307 5493 maledicta.
1350 5444 1557 5495 Amen.

192 5528 362 5582 Credo
395 5527 685 5598 siquidem
720 5533 889 5598 atque
935 5528 1213 5582 conﬁteor
1242 5529 1536 5598 praescisse
1580 5534 1633 5583 te
1685 5532 1815 5583 ante

136 5618 335 5683 saecula,
402 5631 770 5686 quaecunque
844 5621 1005 5669 erant
1064 5616 1256 5670 futura
1304 5617 1420 5669 sive
1491 5617 1641 5671 bona
1698 5617 1815 5671 sive

140 5704 265 5756 mala
295 5722 307 5757 ε
341 5705 786 5774 ρι’ωᾱεδιιιιδδεθ
838 5720 970 5757 vero
1004 5705 1399 5758 tantummodo
1457 5706 1627 5758 bona.
1664 5708 1816 5759 Bona

141 5800 303 5845 autem
345 5810 381 5845 a
426 5799 481 5845 te
515 5790 921 5862 praedestinata
974 5792 1238 5845 bifariam
1284 5798 1418 5846 sunt
1461 5792 1573 5846 tuis
1604 5811 1635 5845 a
1677 5793 1814 5845 lide-

1916 3413 2135 3462 constat
2167 3425 2286 3462 esse
2316 3408 2599 3474 intimate,
2656 3408 2707 3461 id
2765 3413 2846 3461 est
2891 3407 2950 3460 in
3001 3408 3199 3477 gratiae
3249 3406 3527 3460 beneficia
3560 3410 3618 3458 et

1910 3498 2148 3567 justitiae
2188 3498 2358 3551 simul
2394 3498 2631 3566 judicia.
2698 3497 2980 3561 Quoniam
3029 3496 3263 3566 quidem
3319 3495 3465 3548 sicut
3494 3509 3614 3547 cer-

1920 3586 2203 3640 tissimum
2231 3588 2525 3640 Psalmista
2560 3586 2774 3656 praebet
2820 3584 3120 3650 indicium,
3175 3588 3482 3653 utrumque
3531 3588 3614 3645 tu,

1920 3676 2180 3741 Domine,
2217 3676 2408 3745 diligis
2440 3679 2490 3728 et
2520 3674 2949 3727 misericordiam
2979 3672 3240 3726 videlicet
3267 3676 3317 3725 et
3339 3672 3618 3740 judicium

1918 3765 2084 3833 (Psal.
2128 3780 2316 3828 χχχιιι,
2378 3764 2452 3827 ὅ).
2512 3762 2941 3815 Praedestinasse
2991 3761 3185 3830 itaque
3236 3760 3294 3813 in
3351 3758 3617 3811 omnibus

1918 3852 2110 3907 electis
2160 3852 2271 3905 tuis
2322 3852 2493 3904 vitam
2543 3850 2718 3921 gratis
2750 3855 3046 3914 aeternam,
3097 3852 3154 3902 et
3186 3864 3281 3901 eos
3326 3846 3616 3901 nihilomi-

1922 3958 2028 3994 nus
2085 3940 2154 3993 ad
2210 3939 2453 4007 gloriam
2518 3938 2971 4009 sempiternam:
3013 3936 3151 4007 quia
3202 3942 3355 3991 certe
3406 3936 3616 3989 frustra

1919 4029 2032 4082 illis
2081 4027 2547 4098 praedestinasses
2596 4026 2793 4092 vitam,
2857 4025 2967 4079 nisi
3022 4030 3079 4079 et
3134 4025 3262 4078 illos
3320 4023 3617 4095 praedesti-

1920 4133 2114 4170 nasses
2147 4117 2215 4170 ad
2255 4116 2459 4185 ipsam.
2501 4115 2593 4170 Sic
2641 4114 2812 4168 etiam
2845 4113 3263 4185 propemodum
3293 4112 3523 4166 diabolo
3565 4116 3621 4165 et

1922 4205 2140 4276 angelis
2172 4205 2316 4275 ejus,
2370 4210 2425 4258 et
2465 4203 2735 4258 omnibus
2781 4220 3012 4274 quoque
3061 4202 3320 4273 reprobis
3378 4200 3620 4256 homini-

1922 4295 2049 4360 bus,
2113 4310 2423 4364 perennem
2502 4294 2707 4347 merito
2775 4292 3193 4363 prmdestinasti
3243 4307 3491 4362 poenam,
3564 4293 3623 4343 et

1924 4384 2152 4438 eosdem
2210 4382 2475 4436 similiter
2505 4381 2925 4453 praedestinasti
2978 4382 3047 4435 ad
3077 4396 3221 4434 eam.
3258 4379 3403 4443 Quia
3453 4377 3618 4432 nimi-

1924 4488 2052 4525 rum
2083 4471 2204 4524 sine
2236 4488 2424 4533 causa,
2462 4477 2518 4524 et
2570 4472 2709 4541 ipsis
2758 4470 3224 4541 praedestinasses
3266 4467 3468 4521 mortis
3498 4483 3622 4538 per-

1858 4600 1900 4653 Β
1928 4566 2115 4630 petua:
2150 4577 2399 4629 poenam,
2433 4560 2545 4613 nisi
2577 4566 2635 4614 et
2682 4559 2838 4629 ipsos
2871 4558 3337 4629 praedestinasses
3368 4556 3437 4609 ad
3471 4572 3617 4608 eam.

1930 4649 2053 4702 Non
2084 4649 2235 4702 enim
2268 4649 2419 4703 irent
2465 4648 2576 4702 nisi
2625 4648 2910 4711 destinati,
2961 4662 3145 4716 neque
3177 4644 3431 4713 profecto
3455 4642 3621 4695 desti-

1927 4743 2220 4803 narentur,
2286 4738 2395 4791 nisi
2469 4742 2658 4790 essent
2730 4733 3138 4806 preedestinati.
3216 4731 3436 4801 Quippe
3490 4745 3620 4783 cum

1926 4826 2066 4895 ipse,
2102 4831 2235 4878 ante
2266 4826 2457 4879 omnia
2488 4825 2696 4878 saecula
2742 4840 2969 4893 semper
3027 4837 3177 4875 esses
3237 4820 3386 4889 quod
3438 4836 3508 4872 ne
3549 4819 3621 4873 ad

1930 4920 2283 4966 momentum
2302 4913 2533 4983 quidem
2564 4912 2733 4964 modo
2762 4910 3021 4981 quolibet
3047 4912 3204 4977 potes
3225 4922 3397 4971 esses,
3438 4911 3623 4959 muta-

1925 5002 2073 5067 bilis,
2113 5006 2166 5054 et
2213 5018 2315 5071 per
2367 5001 2562 5053 omnia
2612 4997 2975 5069 postmodum
3029 4996 3234 5049 saecula
3284 4994 3619 5065 probaberis

1926 5106 2047 5143 esse
2073 5092 2359 5154 mutatus;
2390 5087 2437 5139 si
2473 5088 2558 5139 vel
2612 5086 2781 5152 ullus,
2831 5086 2980 5155 quod
3028 5084 3194 5149 absit,
3245 5084 3621 5154 reproborum

1924 5179 2061 5231 illuc
2127 5182 2275 5229 esset
2329 5176 2664 5238 destinatus,
2731 5173 2829 5243 qui
2889 5188 3001 5225 non
3059 5172 3259 5226 fuisset
3323 5172 3619 5243 praedesti-

1926 5271 2111 5319 natus.

1996 5352 2241 5406 Proinde
2269 5351 2401 5422 quia
2436 5357 2516 5417 tu,
2553 5348 2812 5413 Domine,
2846 5352 2988 5404 solus
3009 5365 3062 5404 es
3095 5352 3272 5417 quies
3306 5348 3503 5421 (Exod.
3540 5365 3619 5415 ιιι,

1924 5442 2003 5509 4),
2059 5439 2213 5493 velut
2270 5441 2391 5509 ipse
2448 5438 2692 5500 testaris,
2766 5444 2823 5492 et
2875 5444 2935 5492 ut
3000 5439 3175 5493 David
3233 5439 3336 5492 tibi
3389 5452 3622 5507 quoque

1922 5529 2097 5585 dicit:
2161 5532 2237 5585 Tu
2278 5544 2486 5597 semper
2554 5528 2695 5582 idem
2756 5531 2871 5597 ipse
2928 5543 2981 5582 es
3034 5530 3199 5594 (Psal,
3256 5544 3325 5593 cx,
3394 5528 3508 5593 28),
3566 5531 3623 5580 et

1926 5622 1986 5670 ut
2016 5616 2154 5669 alias
2186 5619 2356 5671 etiam
2392 5618 2509 5687 ipse
2539 5616 2709 5671 dicis:
2741 5620 2823 5670 Tu
2861 5632 2936 5680 es,
2973 5615 3233 5680 Domine,
3268 5620 3318 5667 et
3354 5630 3459 5667 non
3500 5630 3620 5667 mu-

1925 5707 2060 5757 laris
2090 5704 2352 5773 (Maluch.
2392 5723 2471 5772 ιιι,
2512 5710 2586 5771 l).
2631 5707 2694 5759 Et
2732 5705 2875 5757 sicut
2905 5702 3171 5773 egregius
3201 5717 3430 5771 quoque
3468 5716 3621 5769 pra:-

1923 5793 2142 5846 dicator
2175 5799 2305 5848 tuus
2334 5795 2600 5866 perhibet
2630 5794 2875 5848 Paulus:
2913 5794 2991 5844 Tu
3029 5792 3170 5845 solus
3202 5790 3362 5842 habes
3392 5792 3611 5841 immor-
