3890 6230
305 457 398 508 351

1386 451 1904 508 GOTTESCHALCI
1947 452 2374 508 ORBACENSIS
2417 453 2724 508 MONACHI
3715 460 3800 508 332

302 588 568 641 talitatem
634 586 684 652 (Ι
743 586 883 639 Tim.
945 603 1018 649 γι,
1088 584 1190 651 16),
1253 583 1308 638 id
1373 587 1456 636 est
1511 582 1996 636 incommutabili-
2037 589 2079 638 A
2114 589 2266 637 ratus
2316 589 2392 638 est
2447 586 2728 651 Dominus,
2771 584 3000 653 impium
3041 601 3250 654 quoque
3297 587 3371 639 ad
3423 586 3578 639 diem
3620 587 3800 640 malum

296 680 512 740 tatem;
562 675 714 744 apud
747 690 903 742 quem
936 673 1023 741 (ut
1050 674 1122 727 ab
1171 673 1284 725 alio
1316 672 1698 726 nihilominus
1730 673 2001 725 asseritur

299 763 582 833 apostolo)
644 779 749 816 non
804 767 883 817 est
951 763 1357 829 transmutatio,
1435 777 1528 814 nec
1601 762 1998 814 vicissitudinis

297 851 638 907 obumbratio
692 851 828 918 (Jac.
894 867 932 916 ι,
989 853 1095 917 17),
1131 850 1310 920 liquet
1340 865 1572 919 prorsus
1603 849 1912 915 evidenter,
1944 855 2000 902 et

295 940 474 993 cuivis
504 955 706 992 sanum
741 938 984 1008 sapienti
1029 940 1207 992 claret
1257 939 1495 991 omnino
1545 938 1679 990 satis
1709 942 1994 1007 potenter,

298 1027 592 1099 praescisse
649 1034 705 1081 et
760 1027 1196 1097 praedestinasse
1258 1031 1312 1080 te
1383 1042 1535 1087 mox,
1594 1026 1809 1097 absque
1879 1027 1997 1080 ullo

297 1117 513 1170 scilicet
569 1117 888 1181 intervallo,
951 1121 1008 1167 ut
1061 1120 1191 1186 pote
1248 1115 1418 1167 simul
1489 1119 1545 1168 et
1598 1116 1796 1181 semel,
1866 1120 1997 1168 ante

297 1205 502 1258 saecula
587 1211 701 1257 tam
787 1209 988 1257 cuncta
1068 1219 1242 1273 quam
1320 1203 1543 1273 singula
1617 1220 1791 1273 opera
1860 1207 1992 1257 tua:

297 1293 512 1364 quippe
543 1293 641 1361 qui
669 1293 828 1362 juxta
863 1293 1008 1362 quod
1069 1292 1286 1345 dictum
1335 1297 1420 1345 est
1474 1291 1544 1344 ab
1575 1292 1719 1345 Isaia
1752 1308 1764 1345 :
1816 1295 1997 1358 fecisti

297 1384 617 1450 quae/utare
634 1387 761 1436 sunt
795 1382 932 1451 (lsa.
966 1398 1086 1444 va,
1127 1385 1208 1445 11,
1233 1380 1407 1451 juxta
1446 1383 1632 1449 LXX).

371 1470 527 1524 Unde
555 1470 726 1524 etiam
756 1470 1052 1523 verissime
1085 1470 1256 1524 David
1303 1471 1646 1540 prophetam
1705 1471 1994 1540 sequendo

295 1563 352 1612 et
387 1560 724 1629 exponendo
764 1559 1128 1612 fidelissimus
1175 1559 1424 1612 famulus
1461 1562 1594 1611 tuus
1644 1558 1994 1627 Augustinus

295 1647 377 1701 ita
407 1647 582 1702 dicit:
619 1668 645 1696 ς
677 1648 846 1711 Deus,
881 1647 1071 1716 inquit
1100 1647 1411 1699 secundum
1451 1645 1609 1698 illam
1645 1646 1992 1699 voluntatem

296 1752 478 1802 suam,
537 1752 665 1805 quae.
715 1751 844 1788 cum
893 1737 1016 1805 ejus
1077 1734 1434 1805 praescientia
1493 1733 1843 1803 sempiterna
1888 1739 1990 1800 est,

291 1827 533 1894 profecto
566 1827 625 1878 in
673 1825 799 1878 cazlo
825 1828 874 1877 et
908 1827 965 1877 in
996 1829 1142 1878 terra
1184 1825 1366 1877 omnia
1419 1838 1763 1891 quaecumque
1802 1825 1991 1889 voluit,

296 1928 410 1966 non
449 1913 637 1965 solum
671 1911 961 1982 praeterita
999 1912 1085 1964 vel
1116 1910 1440 1981 praesentia,
1472 1911 1567 1964 sed
1599 1910 1769 1964 etiam
1802 1911 1997 1965 futura

288 2001 410 2070 jam
463 2001 611 2054 fecit.
674 2020 702 2051 »
761 2001 942 2070 Igitur
995 2016 1123 2053 cum
1181 1999 1529 2068 sempiterna
1576 1999 1667 2064 sit,
1734 2000 1992 2066 Domine,

295 2105 426 2143 cum
475 2088 833 2159 prmscientia
876 2089 1142 2142 voluntas
1193 2092 1313 2156 tua,
1355 2088 1500 2141 sicut
1554 2087 1645 2142 hic
1677 2088 1753 2142 ait
1799 2092 1994 2159 Augu-

292 2177 494 2241 stinus,
542 2183 598 2230 et
629 2177 777 2247 apud
841 2176 1318 2247 omnipotentiam
1375 2181 1534 2230 tuam
1600 2176 1668 2230 de
1726 2178 1997 2247 operibus

292 2267 566 2321 duntaxat
594 2268 728 2335 tuis,
766 2267 875 2320 hoc
906 2266 979 2320 sit
1010 2266 1274 2336 praescire
1302 2265 1455 2335 quod
1479 2265 1647 2333 velle,
1681 2267 1993 2320 secundum

296 2354 446 2425 quod
497 2355 566 2409 ad
619 2355 885 2410 eumdem
945 2353 1328 2425 Augustinum
1381 2354 1576 2407 scribit
1633 2354 1882 2421 Orosius,
1942 2360 1996 2408 et

290 2442 478 2512 ipsum
527 2459 758 2514 quoque
818 2443 962 2496 velle
1009 2448 1172 2496 tuum
1223 2442 1440 2508 fecisse,
1494 2442 1584 2508 sit,
1635 2442 1994 2514 juxtalquod

289 2531 427 2584 dicit
453 2530 810 2596 Ambrosius,
859 2530 1223 2584 manifestum
1272 2535 1354 2584 est
1387 2531 1584 2600 procul
1617 2531 1789 2584 dubio
1825 2532 1996 2602 quid-

291 2619 430 2686 quid
479 2619 630 2672 foras
659 2619 919 2673 futurum
952 2623 1034 2672 est
1065 2619 1123 2672 in
1154 2635 1349 2688 opere,
1386 2620 1509 2689 jam
1538 2620 1752 2673 factum
1803 2637 1924 2674 esse
1965 2638 1998 2674 a

290 2712 347 2761 te
380 2708 438 2761 in
491 2707 1019 2777 praadestinatione.
1073 2707 1234 2775 juxta
1285 2709 1435 2778 quod
1487 2708 1681 2776 audet,
1744 2714 1801 2763 et
1839 2709 1993 2776 dicit,

290 2797 455 2850 docet
497 2801 550 2849 et
580 2796 797 2862 scribit,
834 2811 983 2865 papa
1015 2796 1336 2865 Gregorius.
1370 2796 1532 2849 Absit
1565 2814 1702 2868 ergo
1738 2803 1800 2852 ut
1847 2799 1998 2852 inter

293 2883 714 2951 prmscientiam
756 2889 814 2937 et
842 2884 1408 2953 praedestinationem
1468 2901 1706 2956 operum
1762 2892 1996 2940 tuorum

295 2971 476 3024 ullum
531 2972 619 3025 vel
674 2971 952 3025 momenti
1000 2971 1245 3042 quilibet
1293 2973 1706 3027 catholicorum
1766 2981 1995 3029 tuorum

291 3058 610 3128 suspicetur
664 3058 1030 3113 intervallum
1087 3060 1304 3114 fuisse:
1377 3061 1514 3115 dum
1602 3063 1792 3116 omnia
1866 3080 1995 3133 quae

291 3146 517 3200 voluisti
564 3153 620 3201 te
651 3148 809 3216 legit,
858 3148 946 3202 vel
998 3148 1158 3201 audit
1203 3147 1498 3218 creditque
1552 3150 1722 3203 simul
1777 3152 1991 3205 fecisse.

291 3235 614 3290 Praesertim
643 3252 773 3290 cum
804 3236 965 3306 prius
985 3235 1220 3289 omnino
1252 3236 1396 3289 nihil
1435 3237 1495 3289 in
1532 3238 1734 3292 effectu
1773 3239 1992 3306 feceris,

291 3339 464 3394 quam
495 3323 1022 3394 incomparabiliter
1051 3325 1243 3378 futura
1272 3325 1606 3394 praescieris,
1643 3331 1700 3379 et
1744 3345 1809 3381 ea
1840 3345 1993 3382 sem-

287 3412 515 3481 piterno
546 3412 785 3466 consilio
814 3412 1280 3483 praedestinando
1323 3413 1697 3482 disposueris.

361 3501 469 3555 Sed
492 3501 612 3572 jam
645 3506 869 3570 tempus
901 3505 1003 3567 est,
1057 3501 1322 3568 Domine,
1377 3501 1627 3556 veridica
1667 3503 1993 3557 divinorum

288 3589 490 3660 subjici
519 3588 844 3643 testimonia
893 3589 1193 3656 librorum,
1227 3589 1438 3660 quibus
1499 3591 1738 3645 docetur
1781 3591 1994 3662 absque

287 3679 554 3749 scrupulo
576 3683 633 3732 et
657 3679 979 3732 declaratur
1010 3678 1225 3749 absque
1257 3679 1530 3749 ambiguo
1559 3680 1993 3750 praedestinatos

288 3781 407 3819 esse
440 3766 716 3836 reprobos
749 3766 820 3820 ad
867 3770 1219 3820 aeternorum
1249 3766 1511 3821 incendia
1551 3771 1989 3822 tormentorum.

286 3857 363 3908 Ac
388 3855 640 3925 primum
672 3860 792 3922 tua,
829 3855 1069 3909 Domine
1099 3857 1229 3909 Jesu
1281 3856 1520 3917 Christe,
1551 3857 1758 3911 veritas
1780 3857 1990 3910 invicta

286 3943 629 4012 proferenda
648 3959 873 4007 censeo,
897 3943 1104 3996 merito
1125 3944 1294 3996 dicta.
1313 3945 1417 4009 Qui
1436 3961 1540 3998 non
1557 3947 1748 4011 credit,
1772 3945 1985 4016 inquis,

279 4032 400 4099 jam
423 4031 708 4098 judicatus
737 4036 814 4085 est
841 4031 1015 4100 (Joan.
1051 4049 1133 4096 ιιι,
1172 4032 1277 4101 18),
1301 4032 1355 4085 id
1390 4039 1493 4099 est,
1529 4038 1594 4087 ut
1630 4035 1987 4105 Augustinus

287 4119 567 4188 exposuit.
595 4120 714 4186 jam
765 4119 1068 4172 damnatus
1111 4124 1212 4172 est.
1269 4121 1532 4175 Nondum
1565 4123 1740 4189 enim,
1776 4123 1982 4193 inquit,

289 4207 556 4275 apparuit
593 4205 897 4274 judicium,
958 4207 1054 4260 sed
1106 4207 1222 4275 jam
1273 4208 1486 4263 factum
1546 4216 1632 4264 est
1679 4212 1980 4281 judicium.

288 4295 470 4347 Item:
523 4294 813 4361 Princeps,
853 4293 927 4355 ai,
986 4296 1181 4348 mundi
1217 4297 1380 4365 hujus
1413 4301 1534 4367 jam
1575 4300 1861 4367 judicatus
1907 4306 1986 4354 est

288 4382 468 4445 (Joan.
514 4396 621 4446 xvr,
675 4380 781 4448 ll),
837 4382 894 4434 id
957 4388 1060 4446 est,
1115 4389 1177 4436 ut
1234 4385 1382 4439 idem
1441 4388 1718 4456 exposuit,
1764 4388 1982 4457 judicio

286 4465 439 4535 ignis
490 4466 692 4519 aeterni
746 4466 1193 4521 irrevocabiliter
1256 4470 1571 4524 destinatus
1636 4479 1738 4525 est.
1811 4475 1984 4528 David

288 4555 459 4608 etiam
509 4555 692 4609 dicit:
746 4555 879 4609 Ideo
953 4572 1058 4610 non
1115 4563 1394 4625 resurgent
1451 4562 1609 4627 impii
1668 4564 1726 4613 in
1772 4563 1985 4629 judicio

289 4643 460 4713 (Psal.
491 4661 528 4710 ι,
563 4647 633 4710 5).
659 4645 1014 4712 Augustinus
1065 4648 1302 4715 exponit
1344 4647 1480 4716 quia
1501 4648 1620 4716 jam
1653 4651 1836 4717 poenis
1864 4668 1981 4704 cer-

285 4732 517 4784 tissimis
573 4733 843 4786 destinati
906 4740 1058 4786 sunt.
1104 4735 1264 4797 Item,
1333 4741 1389 4789 tu
1425 4740 1748 4804 percussisti
1808 4754 1985 4794 omnes

286 4821 634 4874 adversantes
666 4823 803 4874 mihi
843 4824 958 4875 sine
1003 4838 1188 4877 causa.
1246 4824 1432 4890 Recte,
1481 4824 1690 4896 inquit,
1728 4826 1785 4879 in
1835 4844 1984 4897 prie-

288 4909 668 4964 destinatione
691 4911 901 4963 dicitur
925 4911 994 4964 de
1028 4911 1257 4964 diabolo
1288 4917 1344 4966 et
1384 4914 1598 4984 angelis
1628 4915 1768 4984 ejus.
1801 4920 1985 4986 Atque

289 5012 360 5048 ne
400 4996 622 5050 dicatur
653 4997 946 5051 diabolum
980 5000 1384 5053 tantummodo
1433 5017 1560 5053 cum
1595 5003 1815 5072 angelis
1865 5005 1987 5073 ejus

289 5084 355 5136 ad
390 5091 631 5138 mortem
659 5101 780 5138 esse
829 5085 1200 5150 destinatum,
1238 5088 1398 5157 quod
1431 5090 1667 5144 omnino
1699 5091 1834 5144 satis
1865 5108 1986 5147 esse

289 5173 563 5242 probatur
614 5173 964 5240 absurdum;
1018 5180 1075 5227 ut
1109 5176 1367 5231 videlicet
1422 5185 1593 5249 caput
1649 5196 1680 5232 a
1749 5196 1988 5251 corpore

290 5261 752 5331 prmdestiuando
785 5263 878 5327 _sit
907 5271 1307 5334 segregatum:
1347 5267 1488 5321 Dicit
1533 5268 1742 5322 iterum
1790 5270 1984 5335 David,

289 5353 348 5402 in
394 5351 666 5418 pulverem
716 5354 904 5404 mortis
955 5352 1235 5408 deduxisti
1280 5371 1362 5408 me
1406 5357 1574 5423 (Psal.
1638 5373 1749 5422 xxx,
1796 5361 1899 5426 15),
1929 5360 1986 5414 id

290 5443 393 5501 est,
426 5438 632 5508 impios
685 5441 857 5493 morti
891 5441 1222 5508 destinatos,
1291 5445 1441 5514 quod
1485 5446 1767 5514 ;omnibus
1819 5465 1989 5517 super

289 5525 621 5580 hominibus
660 5527 731 5581 de
787 5530 1025 5598 pulvere
1055 5530 1265 5585 scilicet
1296 5533 1476 5599 factis,
1510 5540 1566 5587 et
1603 5535 1661 5588 in
1692 5536 1986 5604 pulverem

292 5631 522 5686 quoque
554 5616 784 5682 relictis,
808 5634 978 5671 nemo
1005 5620 1373 5688 prudentium
1403 5622 1643 5693 ambigit
1674 5624 1804 5677 dici.
1838 5625 1989 5679 Salo-

291 5719 428 5756 mon
459 5720 690 5776 quoque
722 5705 832 5759 ait:
889 5708 1149 5762 Universa
1201 5715 1423 5779 propter
1471 5714 1812 5780 semetipsum
1859 5728 1986 5782 ope-

2109 675 2289 739 (Prov.
2321 689 2434 737 xvr,
2471 674 2572 740 14).
2609 674 2669 727 In
2714 673 2858 727 libro
2893 690 3122 744 quoque
3155 674 3552 728 Ecclesiastico
3601 675 3678 727 ita
3724 675 3800 728 di-

2107 761 2283 814 citur:
2315 763 2419 826 Qui
2449 762 2855 828 transgreditur
2884 778 2919 815 a
2954 763 3179 829 justitia
3217 763 3291 816 ad
3317 770 3629 832 peccatum,
3677 765 3801 817 Deus

2102 857 2326 919 para-vit
2361 853 2513 904 illum
2545 851 2620 904 ad
2664 853 3014 919 rhompheam
3047 851 3238 921 (Eccli.
3295 869 3452 918 xxvi,
3509 852 3627 921 27),
3669 855 3801 923 quod

2105 941 2361 1010 profecto
2414 941 2482 992 de
2530 939 2912 1010 reproborum
2958 942 3174 1010 populo
3228 940 3685 1011 intelligendum
3736 947 3805 993 est

2107 1044 2227 1081 esse
2263 1028 2478 1081 dictum
2511 1029 2933 1082 tantummodo.

2179 1118 2318 1171 Ilinc
2342 1117 2511 1170 etiam
2534 1117 2634 1170 Iob
2663 1117 2779 1170 ait:
2815 1119 3154 1184 Interrogate
3185 1118 3479 1186 quemlibet
3541 1118 3609 1170 de
3653 1119 3805 1170 mro.

2104 1205 2274 1270 ribus,
2316 1211 2364 1258 et
2404 1205 2510 1258 haec
2533 1204 2717 1257 eadem
2747 1205 2901 1258 illum
2948 1205 3249 1269 intelligere
3290 1207 3661 1272 cognoscatis,
3695 1210 3808 1273 quia

2104 1295 2163 1345 in
2191 1293 2334 1346 diem
2362 1293 2682 1360 perditionis
2713 1298 2963 1346 servatur
2985 1294 3180 1358 malus,
3220 1299 3270 1347 et
3299 1294 3374 1347 ad
3425 1294 3579 1347 diem
3618 1296 3808 1359 furoris

2105 1381 2325 1434 ducitur
2355 1383 2473 1448 (Job
2529 1399 2586 1447 ιι,
2619 1381 2726 1451 29).
2763 1381 2926 1444 Quod
2978 1382 3311 1452 explanator
3366 1381 3556 1452 ipsius
3611 1382 3690 1434 ita
3729 1394 3808 1434 ex‘

2105 1470 2266 1539 ponit
2301 1470 2644 1540 Gregorius:
2688 1492 2708 1516 ι
2747 1472 2926 1539 Saepe,
2967 1470 3176 1540 inquit,
3227 1471 3327 1524 diu
3356 1471 3559 1524 divina
3600 1470 3807 1540 patien-

2104 1558 2184 1611 tia
2213 1559 2437 1620 tolerat,
2470 1575 2613 1632 quos
2637 1559 2757 1629 jam
2811 1559 2877 1612 ad
2910 1559 3192 1628 supplicia
3247 1560 3517 1629 prazscita
3562 1559 3806 1612 condem-

2105 1651 2220 1700 nat.
2251 1666 2278 1697 ι)
2327 1647 2483 1700 Unde
2533 1664 2661 1700 cum
2708 1655 3018 1718 exponeret
3062 1649 3242 1701 illud:
3293 1650 3418 1718 Ipse
3480 1648 3648 1701 habet
3694 1665 3807 1700 con—

2102 1736 2288 1789 silium
2313 1740 2362 1788 et
2388 1736 2766 1801 fortitudinem
2819 1736 2932 1807 (Job
2979 1753 3074 1803 xu,
3109 1739 3218 1806 l3),
3247 1737 3346 1806 [ait
3376 1737 3538 1790 inter
3577 1741 3804 1789 caetera:

2109 1843 2136 1874 α
2169 1825 2359 1876 Potest
2391 1841 2620 1895 quoque
2668 1825 2727 1878 in
2760 1825 2981 1878 consilii
3013 1826 3248 1879 nomine
3299 1826 3424 1896 ipsa
3462 1827 3696 1879 occulta
3727 1826 3810 1893 ju-

2036 1883 2074 1935 Β
2107 1909 2240 1963 dicii
2273 1926 2433 1963 mora
2463 1909 2712 1980 signari:
2745 1914 2808 1963 ut
2837 1911 2991 1980 quod
3021 1911 3329 1980 aliquando
3375 1910 3608 1964 tardius
3636 1909 3807 1964 delin-

2106 2003 2348 2068 quentes
2390 1998 2653 2069 percutit,
2704 2015 2822 2052 non
2870 1999 3007 2070 quia
3071 1999 3406 2070 iniquorum
3468 2000 3647 2068 culpa
3710 2016 3808 2051 non

2104 2087 2473 2156 conspicitur,
2541 2087 2635 2140 sed
2705 2093 2768 2140 ut
2825 2087 3207 2140 damnationis
3273 2103 3479 2141 eorum
3537 2088 3809 2141 sententia

2105 2191 2235 2246 qum
2266 2192 2369 2244 pro
2394 2176 2615 2245 agenda
2643 2175 2979 2246 poenitentia
3025 2175 3306 2243 differtur,
3356 2176 3526 2246 quasi
3574 2175 3734 2229 tarde
3761 2182 3807 2227 et

2104 2264 2341 2317 consilio
2399 2264 2632 2334 prodire
2679 2264 2968 2334 jubeatur.
3030 2264 3194 2328 Quod
3254 2281 3391 2334 ergo
3462 2265 3805 2334 quandoque

2104 2352 2240 2406 foris
2288 2357 2484 2422 aperta
2526 2353 2809 2406 sententia
2843 2353 3077 2421 judicat,
3124 2353 3232 2406 hoc
3259 2352 3411 2421 apud
3445 2353 3804 2422 omnipoten-

2104 2445 2220 2494 tem
2256 2441 2432 2493 Deum
2458 2446 2592 2493 ante
2623 2439 2828 2492 saecula
2856 2439 2914 2492 in
2941 2439 3178 2493 consilio
3212 2441 3448 2494 latebat.
3488 2463 3510 2488 ι
3553 2441 3802 2509 Itemque

2105 2543 2433 2598 exponens:
2489 2529 2831 2585 Constituisti
2879 2531 3133 2581 terminos
3187 2529 3324 2596 ejus,
3386 2531 3488 2596 qui
3532 2530 3804 2597 praeteriri

2103 2631 2210 2669 non
2236 2620 2493 2685 poterunt
2524 2615 2645 2685 (Job
2671 2633 2785 2685 xiv,
2816 2616 2891 2684 5),
2926 2616 3061 2670 dicit
3094 2633 3106 2669 :
3142 2638 3169 2665 ‹‹
3225 2617 3390 2670 Nulla
3421 2633 3557 2686 qua:
3599 2618 3661 2670 in
3711 2619 3804 2670 hoc

2108 2705 2322 2758 mundo
2355 2705 2684 2758 hominibus
2721 2706 2936 2776 absque
2988 2705 3398 2775 omnipotentis
3432 2705 3536 2759 Dei
3590 2706 3801 2759 occulto

2105 2793 2342 2846 consilio
2391 2793 2646 2848 veniunt.
2690 2794 2834 2849 Nam
2883 2799 3086 2848 cuncta
3137 2796 3284 2848 Deus
3332 2801 3608 2848 secutura
3667 2811 3800 2864 pra:-

2105 2882 2288 2934 sciens
2320 2885 2449 2935 ante
2477 2884 2685 2936 saecula
2733 2883 2982 2936 decrevit
3022 2883 3266 2952 qualiter
3299 2898 3399 2952 per
3449 2883 3668 2936 saecula
3697 2882 3798 2935 dis-

2105 2976 2472 3039 ponantur.»
2536 2971 2675 3023 Item
2723 2987 2973 3041 expones
3014 2971 3157 3024 illud
3215 2970 3282 3023 de
3335 2970 3569 3039 impiis:
3635 2973 3799 3025 Erunt

2103 3061 2242 3112 sicut
2285 3060 2453 3128 palea:
2499 3065 2624 3112 ante
2650 3061 2848 3125 faciem
2873 3062 3038 3127 venti,
3091 3063 3140 3112 et
3171 3062 3308 3113 sicut
3358 3061 3584 3126 favilla,
3645 3075 3799 3128 quam

2035 3148 2260 3234 Cturbo
2312 3148 2579 3216 dispergit
2634 3148 2750 3217 (Job
2795 3148 3048 3217 xx1,l8),
3100 3146 3215 3200 ait:
3253 3169 3279 3195 «
3337 3150 3481 3202 Ante
3534 3147 3796 3216 omnipo-

2105 3235 2279 3288 tentis
2309 3236 2406 3289 Dei
2440 3237 2630 3289 oculos
2661 3236 2848 3306 iniqui
2879 3236 2994 3289 vita
3022 3235 3213 3288 favilla
3242 3239 3344 3302 est,
3393 3235 3531 3305 quia
3567 3236 3676 3289 etsi
3707 3252 3798 3303 ap-

2103 3331 2268 3394 paret
2299 3324 2368 3377 ad
2402 3330 2763 3378 momentum
2811 3324 3026 3389 viridis,
3061 3324 3129 3378 ab
3187 3325 3309 3394 ejus
3349 3329 3548 3377 tamen
3587 3324 3798 3395 judicio

2096 3414 2216 3481 jam
2277 3418 2617 3482 consumpta
2669 3413 2946 3480 cernitur,
3019 3413 3157 3483 quia
3225 3414 3665 3482 consumptioni
3725 3418 3800 3466 est

2103 3507 2332 3554 aeterna:
2361 3501 2698 3569 deputata.»

2177 3590 2252 3642 De
2295 3589 2502 3642 talibus
2533 3605 2762 3660 quoque
2811 3594 2867 3644 et
2897 3606 3100 3643 eorum
3142 3589 3374 3661 ﬂagitiis
3421 3594 3482 3641 tu
3519 3589 3666 3660 ipse,
3699 3592 3794 3644 Do-

2101 3678 2277 3741 mine,
2311 3694 2414 3747 per
2449 3679 2676 3748 Moysen
2701 3679 2874 3732 dicis:
2907 3681 3091 3735 Nonne
3117 3680 3223 3732 haec
3246 3678 3466 3732 condita
3505 3685 3638 3732 sunt
3658 3677 3797 3746 apud

2099 3782 2199 3831 me,
2232 3771 2280 3820 et
2305 3769 2525 3833 signata
2554 3769 2614 3820 in
2648 3768 2917 3821 thesauris
2961 3769 3093 3821 meis
3116 3767 3143 3822 ‘l
3170 3770 3289 3822 Mea
3315 3772 3395 3820 est
3438 3769 3599 3835 ultio,
3633 3773 3684 3820 et
3713 3782 3795 3830 ego

2095 3855 2394 3908 retribuam
2431 3858 2506 3909 eis
2538 3859 2594 3910 in
2631 3861 2868 3926 tempore
2913 3855 3094 3925 (Deut.
3131 3872 3280 3922 xxxr,
3321 3857 3411 3922 34,
3449 3858 3562 3924 35).
3619 3857 3792 3910 Item:

2094 3945 2266 3996 Jul-ta
2294 3951 2372 3997 est
2400 3945 2514 3998 dies
2541 3945 2866 4014 perditionis
2914 3949 2963 3998 et
2994 3946 3181 3998 adesse
3226 3947 3498 4010 festinant
3555 3950 3794 4013 tempora

2096 4031 2312 4101 (Ibid).
2345 4035 2486 4086 Item
2538 4049 2550 4085 :
2582 4034 2789 4087 Levabo
2823 4034 2896 4087 ad
2923 4034 3107 4087 ca'lum
3146 4049 3366 4087 manum
3397 4049 3597 4097 meam,
3629 4040 3681 4086 et
3706 4032 3791 4086 di-

2094 4136 2211 4175 cam
2236 4138 2247 4174 :
2273 4123 2402 4175 Vivo
2459 4137 2552 4189 ego
2584 4125 2642 4174 in
2670 4124 2947 4175 aeternum.
2983 4123 3042 4176 Si
3073 4138 3264 4176 acuere
3305 4128 3365 4175 ut
3429 4122 3634 4189 fulgur
3682 4123 3793 4189 gla-

2093 4210 2244 4263 dium
2288 4227 2481 4273 meum,
2513 4216 2563 4263 et
2592 4212 2931 4278 arripuerint
2951 4210 3230 4279 judicium
3261 4226 3454 4264 manus
3491 4227 3642 4275 mear,
3677 4209 3792 4263 red-

2093 4299 2220 4352 dam
2272 4300 2522 4354 ultionem
2554 4299 2792 4352 hostibus
2844 4301 2994 4364 meis,
3041 4304 3092 4352 et
3115 4300 3197 4352 his
3224 4301 3320 4368 qui
3346 4299 3579 4352 oderunt
3610 4315 3693 4352 me
3714 4314 3794 4350 νεα

2094 4390 2348 4442 tribuam.
2384 4389 2664 4442 Inebriabo
2701 4390 2932 4454 sagittas
2979 4403 3123 4440 meas
3161 4390 3446 4454 sanguine,
3495 4394 3549 4440 et
3580 4388 3795 4455 gladius

2026 4467 2068 4520 D
2097 4493 2240 4531 meus
2274 4477 2554 4530 derorabit
2575 4492 2760 4530 carnes
2790 4476 2856 4529 de
2885 4492 3070 4530 cruore
3116 4479 3429 4542 occisorum,
3474 4481 3545 4538 et,
3613 4477 3678 4529 de
3703 4492 3795 4529 ca-

2090 4567 2343 4634 ptivitate
2375 4565 2574 4618 nudati
2619 4567 2956 4619 inimicorum
3000 4567 3223 4632 capitis.
3281 4565 3546 4630 Laudate,
3596 4572 3791 4632 gentes,

2090 4655 2348 4724 populum
2379 4653 2516 4721 eius,
2550 4656 2683 4722 quia
2711 4656 3029 4722 sanguinem
3069 4669 3343 4706 servorum
3390 4668 3622 4708 suorum
3655 4655 3790 4706 ulci-

2091 4748 2267 4796 scetur
2295 4747 2343 4795 et
2399 4742 2702 4795 vindictam
2751 4742 3012 4795 retribuet
3060 4743 3119 4795 in
3177 4744 3349 4795 hostes
3399 4757 3584 4794 eorum
3617 4746 3786 4807 (Deut.

2094 4847 2258 4897 xxxii,
2285 4832 2497 4897 40-43).
2544 4831 2602 4885 Si
2644 4831 2770 4900 quis
2803 4832 2921 4884 hinc
2977 4831 3174 4884 omnia
3221 4837 3278 4884 et
3313 4831 3424 4882 alia
3455 4830 3787 4884 intermina-

2091 4920 2286 4973 biliter
2318 4920 2482 4990 plura
2541 4936 2642 4988 per
2680 4919 3082 4972 canonicarum
3140 4919 3503 4972 latitudinem
3533 4919 3788 4989 Scriptu-

2095 5025 2285 5062 rarum
2340 5008 2734 5077 multipliciter
2785 5024 2980 5076 sparsa
3011 5007 3090 5060 sic
3117 5023 3150 5059 a
3181 5012 3235 5059 te
3276 5007 3577 5077 praesumit
3609 5008 3792 5061 dicere

2095 5095 2389 5165 praedicta,
2424 5099 2486 5148 ut
2527 5095 2640 5147 sint
2689 5094 2916 5164 quidem
2971 5095 3254 5165 prazscita,
3311 5095 3408 5148 sed
3454 5095 3789 5148 nullomodo

2093 5184 2413 5253 praeﬁnita:
2456 5183 2542 5236 fac
2589 5184 2776 5249 illum,
2838 5200 3054 5253 quasso,
3109 5184 3416 5254 diligenter
3473 5184 3789 5247 attendere,

2096 5289 2268 5343 quam
2301 5273 2373 5325 sit
2404 5273 2725 5326 contrarius
2757 5272 3002 5339 veritati,
3056 5289 3345 5342 quamque
3374 5271 3556 5325 noxiae
3611 5272 3793 5325 faveat

2095 5362 2346 5427 falsitati,
2379 5361 2516 5415 dum
2558 5369 2611 5415 te
2634 5367 2749 5415 tam
2784 5361 3106 5415 temerarii:
3139 5361 3369 5430 subjicit
3403 5361 3789 5421 mutabilitati,

2096 5455 2160 5503 ut
2190 5455 2310 5504 tum
2345 5451 2607 5504 videlicet
2634 5453 2816 5521 (juxta
2848 5451 2998 5522 quod
3033 5456 3259 5503 sanctus
3303 5450 3384 5502 ait
3414 5451 3786 5518 Augustinus)

2101 5558 2121 5584 α
2151 5539 2307 5591 nulla
2339 5544 2667 5592 remuneret
2695 5543 2898 5591 natura
2947 5538 3265 5604 mutabilis,
3297 5538 3409 5591 nisi
3440 5541 3522 5603 tu,
3549 5539 3787 5591 Domine

2101 5626 2245 5678 Deus
2279 5629 2494 5694 noster,
2542 5643 2912 5696 permaneres
2941 5627 3360 5680 immutabilis:
3394 5647 3421 5678 ι)
3462 5628 3623 5698 parvi
3657 5643 3788 5698 peu-

2096 5714 2193 5767 dat
2221 5715 2266 5767 si
2297 5714 2366 5768 ab
2387 5720 2602 5768 aeterno
2636 5731 2816 5786 usque
2847 5715 2906 5769 in
2939 5715 3091 5770 diem
3116 5715 3318 5785 judicii
3349 5715 3646 5769 mutabilis
3675 5731 3786 5769 esse
