3890 6230
101 422 183 472 333

1408 417 1780 474 CONFESSIO
1820 420 2227 475 PROIJXIOR.

3461 428 3565 480 35'}

102 549 246 621 (quod
276 549 432 616 absit)
472 551 544 602 ab
583 550 833 603 Ecclesia
863 553 958 603 tua
988 548 1224 620 puteris,
1269 549 1383 602 imo
1421 549 1666 603 credaris
1708 555 1764 603 ct.
1801 553 1839 602 A
1876 566 2016 604 mors
2059 557 2106 603 et
2139 554 2386 615 infernus
2413 553 2570 604 missi
2596 557 2720 606 sunt
2777 555 2834 605 in
2889 558 3141 621 stagnum
3191 557 3354 621 ignis,
3391 555 3563 626 (quod

99 640 404 710 prmdiceris,
439 648 495 690 et
527 641 586 691 in
620 641 741 709 ipso
788 655 1017 709 quoque
1050 639 1140 692 die
1167 639 1389 707 judicii,
1433 638 1597 708 quasi
1647 654 1762 691 non

101 729 469 797 prmdestinata
508 728 792 792 faciendo,
846 728 901 780 id
937 732 1038 793 est,
1073 727 1341 796 reprobas
1373 729 1441 780 ad
1476 733 1763 780 tormenta

99 816 340 870 mittendo
379 816 645 870 muteris.
686 818 746 869 Et
804 816 883 868 ita
932 816 1204 885 deinceps
1249 815 1307 868 in
1341 815 1760 884 sempiternum

100 911 333 968 mutatus,
374 903 432 956 id
459 911 567 971 est,
611 911 870 957 mortuus
898 920 1016 956 esse
1049 904 1224 973 (quod
1253 905 1420 973 absit)
1456 905 1712 974 proberis
1746 923 1759 958 :

99 993 469 1064 qunquomodo
515 993 668 1045 enim
725 993 972 1046 moritur
1015 993 1112 1062 qui
1147 999 1422 1058 mutatur,
1457 997 1523 1045 ut
1565 997 1758 1061 Augu-

97 1082 207 1134 stini
245 1088 297 1134 et
325 1081 612 1150 Gregorii,
642 1087 1098 1150 czeterorumque
1130 1081 1426 1133 doctorum
1454 1082 1762 1134 auctoritas

97 1175 392 1234 attestatur;
426 1170 525 1224 sed
559 1170 708 1223 absit
738 1174 803 1222 ut
849 1175 932 1236 tu,
987 1170 1248 1234 Domine,
1282 1170 1382 1239 qui
1434 1170 1761 1222 nullatenus

97 1259 275 1312 mutari
313 1259 577 1328 potuisti.
604 1267 766 1329 potes
821 1259 904 1311 vel
939 1258 1174 1328 poteris,
1211 1258 1519 1329 aliquando
1561 1263 1623 1312 ut
1673 1258 1760 1311 vel

96 1349 152 1400 ad
182 1355 530 1401 momentum
563 1349 637 1400 sis
668 1348 879 1418 absque
913 1349 1027 1400 ullo
1059 1347 1226 1400 initio
1260 1347 1553 1400 mutabilis
1583 1364 1761 1416 usque

98 1439 142 1490 in
169 1438 306 1490 diem
333 1436 562 1505 judicii,
599 1442 654 1490 et
682 1437 812 1490 inde
847 1452 1076 1506 quoque
1114 1440 1367 1489 mutatus
1393 1451 1670 1506 appareas
1702 1437 1761 1489 in

98 1533 344 1579 aeternum
392 1529 632 1595 propter
678 1525 1039 1578 solummodo
1087 1524 1514 1578 damnationem
1565 1539 1760 1594 repro-

99 1615 292 1677 borum,
327 1614 706 1684 debitumque
739 1614 845 1666 sibi
875 1618 1248 1666 tormentum.

154 1703 295 1766 Vere,
351 1702 614 1767 Domine,
646 1702 823 1754 satius
865 1701 1418 1754 incommutabiliter
1465 1700 1682 1766 fuisset,
1714 1701 1759 1753 si

95 1790 259 1844 nullus
288 1789 398 1844 nisi
426 1796 482 1843 te
517 1791 802 1844 mutabilii
827 1791 1060 1860 (nedum
1095 1792 1339 1857 mutato)
1364 1796 1585 1842 creatus
1615 1797 1762 1843 esset

92 1881 196 1946 (nec
222 1879 339 1932 dico
379 1879 648 1947 salvatus)
681 1880 1016 1946 electorum,
1046 1884 1260 1950 quanto
1306 1879 1489 1948 magis
1521 1879 1667 1932 absit
1697 1885 1760 1933 ut

90 1968 380 2022 immuteris
424 1972 665 2038 propter
706 1984 838 2020 vasa
882 1968 982 2020 ira:
1032 1974 1088 2021 et
1134 1967 1367 2034 furoris,
1409 1984 1583 2037 super
1630 1985 1758 2038 quae

90 2057 253 2109 vultus
281 2062 413 2109 tuus
446 2057 518 2109 ob
552 2057 702 2110 mala
734 2072 862 2126 qua:
893 2055 1130 2122 faciunt,
1167 2069 1226 2108 ut
1253 2056 1455 2124 perdas
1487 2056 1555 2112 de
1611 2061 1758 2110 terra

91 2147 367 2198 memoriam
398 2160 583 2199 eorum
615 2146 780 2212 (Psal.
814 2161 1006 2210 χχχιιι,
1054 2145 1183 2211 16)?
1223 2146 1298 2198 De
1338 2145 1544 2215 quibus
1583 2145 1753 2199 etiam

92 2234 232 2297 longe
262 2234 487 2304 lateque
531 2233 622 2286 die
656 2237 945 2303 noctuque
985 2231 1089 2285 tibi
1117 2232 1392 2286 veraciter
1430 2233 1695 2303 psallitur
1723 2251 1755 2287 a

92 2321 368 2374 ﬁdelibus:
423 2324 502 2375 Ta
547 2336 690 2382 vero.
735 2323 892 2386 Deus,
926 2320 1152 2374 deducas
1201 2335 1285 2374 eos
1330 2326 1387 2374 in
1419 2326 1640 2389 puteum
1669 2324 1752 2375 in-

91 2414 247 2462 teritus
293 2410 458 2479 (Psal.
510 2425 621 2475 Liv,
671 2410 783 2478 2i).
838 2411 912 2462 De
970 2409 1179 2479 quibus
1221 2409 1300 2462 ait
1351 2414 1407 2461 et
1462 2409 1753 2478 apostolus

93 2499 298 2549 Petrus:
349 2497 559 2563 Quibus
599 2497 875 2566 judicium
911 2498 1030 2566 jam
1087 2499 1143 2549 in
1182 2497 1308 2550 olim
1339 2512 1445 2550 non
1479 2502 1668 2563 cessat,
1701 2501 1754 2550 et

87 2587 288 2653 perditio
313 2602 494 2639 eorum
528 2601 632 2638 non
661 2585 924 2638 dormitat
959 2585 1044 2655 (II
1072 2587 1217 2639 Petr.
1254 2601 1311 2649 ιι,
1346 2586 1416 2654 3).
1455 2586 1515 2638 Et
1546 2585 1753 2638 Paulus

91 2675 233 2734 (Rom.
266 2689 333 2740 ix,
383 2677 476 2740 22)
514 2689 528 2727 :
590 2674 782 2728 Valens
830 2675 969 2727 Deus
1017 2674 1293 2727 ostendere
1337 2677 1500 2739 iram,
1559 2678 1608 2727 et
1658 2674 1744 2726 de.

88 2768 351 2816 monstrare
377 2765 681 2831 potentiam
710 2778 886 2827 suam,
932 2765 1198 2816 sustinuit
1244 2765 1301 2816 in
1339 2764 1510 2816 multa
1541 2765 1750 2830 patien-

90 2854 152 2901 tia
187 2867 308 2904 rasa
343 2856 476 2920 apta
513 2851 599 2904 vel
640 2856 832 2922 aptata
861 2853 919 2904 in
950 2854 1248 2916 interitum,
1273 2851 1584 2904 secundum
1621 2851 1747 2904 Hie-

87 2955 378 3008 ronymum,
426 2941 513 2992 vel
572 2945 890 3010 praeparata
947 2939 1005 2992 in
1055 2939 1376 3005 interitum,
1433 2939 1748 2993 secundum

86 3029 437 3092 Ambrosium,
467 3029 558 3082 vel
592 3029 838 3099 perfecta
870 3027 930 3081 in
964 3028 1396 3098 perfectionem,
1431 3027 1745 3081 secundum

87 3118 450 3186 Augustinum,
495 3117 550 3171 id
601 3121 704 3183 est,
750 3117 873 3170 sine
907 3117 1085 3170 dubio
1135 3116 1559 3186 prmdestinata,
1602 3116 1748 3171 sicut

85 3204 140 3257 ab
166 3207 273 3275 ipso
297 3205 618 3276 Augustino
644 3221 764 3259 esse
795 3209 1016 3258 constat
1053 3206 1394 3276 expositum.
1430 3206 1568 3258 Item
1600 3222 1746 3275 pra:-

85 3292 267 3346 dicator
311 3294 515 3348 idem:
583 3295 649 3349 Ut
709 3295 1008 3363 compleant
1063 3299 1283 3362 peccata
1333 3309 1435 3347 sua
1487 3308 1742 3363 semper:

81 3384 288 3445 pervenit
341 3384 490 3436 enim
543 3384 631 3434 ira
700 3384 794 3435 Dei
844 3396 1007 3449 super
1072 3395 1157 3434 eos
1227 3395 1399 3449 usque
1471 3383 1530 3434 in
1588 3383 1746 3449 ﬁnem

87 3471 119 3533 -ζι
145 3470 305 3522 Thess.
338 3485 398 3535 II,
437 3472 548 3538 16).
584 3470 724 3522 Item
749 3469 922 3522 Judas
958 3485 972 3522 :
1000 3469 1467 3534 Subintroierunt,
1490 3469 1588 3536 ait,
1621 3471 1744 3537 qui-

83 3557 204 3621 dam,
243 3560 335 3625 qui
362 3559 493 3611 olim
539 3559 854 3626 praescripti
881 3563 1007 3611 sunt
1058 3561 1116 3610 in
1159 3558 1251 3611 hoc
1279 3557 1551 3625 judicium
1587 3559 1747 3626 impii

84 3644 226 3707 (Iud,
253 3646 304 3714 4)
338 3662 350 3698 :
398 3646 501 3699 ubi
541 3646 679 3699 dum
713 3661 812 3699 eos
852 3661 968 3698 non
998 3645 1060 3699 in
1107 3646 1214 3698 hoc
1257 3645 1500 3715 judicio,
1535 3645 1628 3698 sed
1687 3647 1742 3699 in

82 3732 478 3803 hocjudicium,
514 3734 570 3788 id
602 3739 704 3800 est,
738 3734 796 3788 in
837 3733 982 3787 hanc
1020 3733 1448 3788 damnationem
1479 3735 1740 3804 praescri-

82 3826 183 3888 ptos
205 3824 458 3889 asseruit,
503 3839 624 3876 non
650 3822 823 3876 modo
845 3823 1161 3892 prtescitos,
1188 3838 1386 3876 verum
1409 3823 1579 3876 etiam
1604 3839 1745 3892 prte-

84 3909 356 3965 destinatos
395 3912 616 3983 pariter
667 3911 914 3982 intelligi
963 3911 1162 3965 voluit.
1220 3910 1445 3980 Quippe
1501 3927 1631 3964 cum
1682 3917 1740 3965 tu

86 3998 200 4051 Deus
235 4006 482 4054 aeternus
511 4016 606 4053 eos
631 3999 793 4070 prius
823 3999 1033 4053 habeas
1080 3999 1536 4070 praedestinatos,
1568 4016 1741 4071 quam

83 4086 199 4140 nllus
235 4089 635 4160 temporaliter
672 4093 839 4142 natus
878 4105 975 4142 eos
1008 4089 1338 4158 cognoverit
1361 4105 1482 4142 esse
1511 4089 1742 4158 praesci-

81 4180 161 4228 tos.
187 4177 318 4241 Quia
350 4195 500 4249 quos
533 4177 810 4248 prmscisti
841 4193 946 4248 per
995 4177 1253 4248 ipsorum
1296 4177 1586 4248 propriam
1627 4177 1740 4231 mi-

81 4267 248 4319 seriam
296 4267 353 4320 in
386 4265 817 4321 damnabilibus
864 4271 1325 4335 perseveraturos
1355 4282 1476 4320 esse
1541 4281 1740 4336 pecca-

80 4353 148 4417 tis,
171 4356 288 4408 illos
316 4356 576 4426 profecto
617 4359 891 4425 tanquam
911 4353 1266 4424 justissimus
1300 4355 1476 4424 juolex
1511 4354 1743 4424 praede-

1871 646 2061 692 autem
2101 647 2341 692 mortem
2383 646 2438 693 et
2485 640 2774 694 infernum
2824 641 2881 694 in
2921 648 3184 713 stagnum
3231 644 3380 712 ignis
3407 661 3563 697 asse-

1872 729 1946 780 rit
1990 744 2108 780 esse
2146 728 2364 793 missos,
2419 728 2712 782 diabolum
2755 730 2891 782 dicit
2939 736 2993 783 et
3040 733 3190 801 suos)
3236 738 3284 786 et
3327 737 3421 800 qui
3460 749 3565 787 non

1870 824 1946 870 ist
1979 820 2226 869 intentus
2258 820 2313 870 in
2364 817 2501 870 libro
2538 820 2664 870 vita:
2709 821 2965 886 scriptus,
3011 823 3207 873 missus
3238 828 3313 874 est
3347 825 3404 874 in
3452 827 3565 876 sta-

1869 921 2035 972 gnum
2109 909 2256 972 ignis
2311 907 2494 972 (lbid.,
2559 907 2765 966 13-15).
2839 909 2975 960 Item
3032 910 3206 976 paulo
3267 916 3438 963 ante:
3501 913 3564 964 Et

1870 993 2139 1058 diabolus,
2191 997 2289 1062 qui
2345 995 2628 1048 seducebat
2677 1010 2780 1060 eos,
2841 999 3035 1049 missus
3075 1001 3156 1049 est
3212 1000 3267 1049 in
3312 1002 3562 1063 stagnum

1870 1086 2012 1147 ignis
2069 1090 2117 1136 et
2165 1085 2447 1151 sulphuris
2497 1083 2687 1149 (Ibid,
2740 1087 2817 1152 9).
2870 1085 3010 1138 Item
3065 1085 3234 1154 paulo
3270 1091 3443 1154 post:
3496 1090 3562 1140 Et

1870 1171 2012 1224 dixit
2044 1173 2179 1224 mihi
2213 1189 2224 1225 :
2261 1173 2442 1225 Scribe
2481 1174 2614 1239 quia
2655 1173 2762 1225 haec
2793 1173 2954 1226 verba
2985 1172 3306 1231 ﬁdelissima
3347 1180 3477 1227 sunt
3516 1179 3565 1226 et

1868 1275 2017 1312 vera.
2048 1263 2116 1313 Et
2136 1261 2283 1314 dixit
2312 1262 2450 1313 mihi
2474 1261 2724 1314 :Factum
2753 1268 2830 1314 est
2865 1261 3060 1330 (Apoc.
3083 1277 3192 1328 xxr,
3217 1265 3268 1327 5,
3302 1261 3375 1330 6).
3401 1265 3476 1314 Ac
3495 1278 3563 1313 ne

1870 1347 1997 1417 quis
2012 1348 2153 1400 forte
2180 1349 2468 1402 dubitaret
2485 1349 2591 1402 hoc
2607 1349 2849 1402 audiens
2864 1367 2894 1402 a
2907 1351 3144 1414 Joanne,
3169 1350 3426 1420 sequeris
3447 1351 3564 1419 ipse

1869 1436 2164 1502 continuo,
2187 1442 2239 1490 et
2268 1437 2407 1491 dicis
2431 1437 2712 1507 (Domine,
2728 1439 2857 1491 Jesu
2885 1438 3128 1504 Christe)
3153 1455 3164 1491 :
3189 1441 3302 1504 Ego
3322 1454 3440 1492 sum
3463 1458 3494 1489 α
3515 1444 3565 1491 et

1870 1546 1929 1589 ω,
1960 1527 2180 1578 initium
2211 1531 2262 1578 et
2282 1525 2432 1582 linis.
2465 1528 2579 1592 Ego
2598 1528 2807 1579 sitienti
2833 1526 2972 1579 dabo
2993 1527 3058 1580 de
3085 1529 3233 1592 fonte
3256 1531 3379 1580 vitae
3408 1543 3564 1595 aquae

1869 1616 2066 1680 gratis.
2103 1615 2208 1683 Qui
2237 1615 2444 1679 vicerit,
2481 1614 2774 1682 possidebit
2802 1615 2930 1678 haec,
2964 1621 3013 1666 et
3041 1629 3129 1667 ero
3177 1615 3259 1667 illi
3301 1617 3461 1675 [)eus.
3513 1620 3562 1668 et

1869 1704 1983 1769 ipse
2013 1704 2118 1755 erit
2158 1703 2295 1754 mihi
2333 1702 2504 1761 ﬁlius.
2569 1703 2796 1755 Timidis
2825 1707 3024 1768 autem,
3074 1708 3125 1756 et
3162 1705 3476 1770 incredulis,
3511 1709 3561 1756 et

1869 1793 2184 1857 exsecratis,
2229 1796 2278 1843 et
2326 1790 2612 1844 homicidis
2651 1796 2700 1844 et
2727 1789 3176 1855 fornicatoribus,
3219 1796 3268 1844 et
3296 1795 3558 1859 vemﬁcis,

1868 1883 1917 1932 et
1971 1878 2298 1944 idololatris,
2360 1884 2409 1931 et
2461 1879 2706 1932 omnibus
2746 1879 3112 1938 mendacibus,
3161 1895 3290 1948 pars
3345 1881 3560 1933 illorum

1866 1969 1971 2020 erit
2016 1970 2074 2020 in
2101 1973 2293 2034 stagno
2324 1967 2547 2021 ardente
2575 1971 2694 2033 igni
2723 1973 2774 2020 et
2814 1969 3104 2037 sulphure;
3134 1969 3278 2036 quod
3305 1973 3383 2021 est
3420 1984 3561 2021 mors

1865 2055 2102 2110 secunda
2131 2056 2316 2126 (Ibid,
2361 2056 2505 2126 6-8).
2549 2057 2812 2109 Timeant
2859 2057 3056 2127 igitur,
3091 2063 3147 2110 et
3191 2061 3427 2110 caveant
3472 2057 3558 2109 in-

1865 2145 2083 2197 creduli
2105 2145 2275 2196 simul
2308 2149 2482 2214 atque
2515 2144 2817 2198 mendaces
2850 2160 2919 2197 ne
2953 2160 3083 2214 pars
3108 2160 3304 2197 eorum
3328 2145 3402 2196 sit
3429 2160 3559 2197 cum

1803 1851 1838 1902 Β

1865 2232 2206 2302 supradictis
2226 2233 2619 2303 complicibus,
2654 2233 2698 2285 si
2731 2237 2845 2286 tam
2880 2233 3195 2303 perspicua:
3242 2232 3556 2287 resistendo

1865 2322 2089 2374 veritati
2119 2321 2237 2375 fore
2271 2321 2609 2391 delegerunt
2634 2321 2977 2390 pertinaces.

1934 2411 2118 2465 Item:
2178 2413 2310 2464 Ecce
2354 2412 2505 2463 venio
2549 2413 2651 2463 cito
2708 2415 2758 2462 et
2802 2425 2997 2464 merces
3050 2425 3166 2463 mea
3221 2425 3424 2464 mecum
3480 2415 3558 2464 est

1860 2498 2084 2552 reddere
2131 2500 2421 2566 unicuique
2456 2498 2748 2552 secundum
2794 2514 2957 2567 opera
3013 2514 3112 2552 sua
3164 2499 3364 2569 (Apoc.
3420 2514 3557 2566 χχιι,

1865 2588 1970 2656 12).
1998 2596 2022 2621 ⁸
2070 2587 2186 2640 Nisi
2233 2586 2292 2640 in
2339 2587 2834 2657 praedestinatione
2875 2604 3046 2657 quam
3101 2586 3437 2655 deposuisti,
3469 2587 3556 2639 in-

1859 2675 2344 2728 commutabiliter
2410 2676 2807 2728 irretractabili
2863 2676 3368 2745 praeordinatione.
3458 2675 3557 2729 Se-

1859 2762 2052 2832 queris
2078 2760 2253 2832 igitur
2282 2767 2338 2815 et
2367 2761 2505 2815 dicis
2537 2777 2550 2814 :
2594 2764 2706 2829 Ego
2742 2778 2861 2816 sum
2888 2781 2920 2812 α
2950 2766 2999 2815 et
3029 2783 3088 2827 ω,
3116 2777 3330 2830 primus
3362 2766 3411 2814 et
3452 2777 3555 2814 no-

1856 2852 2133 2916 vissimus,
2165 2851 2501 2919 principium
2533 2854 2583 2904 et
2619 2853 2762 2919 ﬁnis.
2817 2853 2973 2904 Beati
3013 2853 3110 2918 qui
3158 2851 3346 2904 lavant
3389 2851 3556 2904 stolas

1857 2954 2006 3004 suas,
2036 2943 2096 2992 ut
2131 2941 2205 2992 sit
2241 2944 2476 3007 potestas
2505 2954 2686 2992 eorum
2707 2941 2766 2992 in
2799 2940 2944 3005 ligno
2972 2941 3116 3006 vitae,
3159 2944 3210 2993 et
3245 2954 3344 3007 per
3366 2945 3554 3007 portas

1857 3031 2061 3081 intrent
2090 3029 2148 3080 in
2178 3029 2470 3081 civitatem.
2512 3029 2660 3081 Foris
2692 3042 2868 3092 canes,
2901 3032 2952 3080 et
2993 3027 3234 3092 veneﬁci,
3272 3033 3323 3080 et
3366 3030 3554 3095 impu-

1857 3117 1969 3170 dici
2028 3119 2078 3170 et
2135 3116 2418 3170 homicida
2465 3120 2516 3169 et
2563 3117 2726 3170 idolis
2773 3119 3082 3181 servientes,
3129 3122 3179 3168 et
3243 3119 3415 3170 omnis
3460 3119 3557 3185 qui

1855 3211 2006 3259 amat
2075 3210 2124 3259 et
2181 3207 2320 3271 facit
2375 3205 2714 3258 mendacium
2765 3205 2951 3272 (Ibid,
3024 3207 3230 3271 13-15).
3301 3203 3556 3258 Audiant

1855 3293 1974 3348 haec
2002 3294 2348 3363 generaliter
2386 3293 2634 3346 universi
2686 3293 2921 3363 quidem
2967 3293 3291 3359 mendaces,
3322 3293 3417 3347 sed
3467 3291 3551 3346 illi

1853 3388 2046 3437 tamen
2099 3378 2482 3454 potissimum,
2533 3383 2631 3453 qui
2674 3382 2734 3435 in
2790 3381 3049 3436 doctrina
3097 3382 3391 3452 religionis
3438 3398 3554 3435 non

1854 3472 2024 3526 modo
2049 3487 2167 3525 non
2198 3477 2488 3536 verentur,
2517 3475 2616 3524 aut
2645 3471 3121 3536 verecundantur,
3152 3486 3350 3524 verum
3376 3473 3548 3524 etiam

1852 3562 2182 3614 nullatenus
2235 3565 2580 3614 cunctantur
2628 3576 2746 3612 esse
2803 3560 3051 3612 fallaces.
3103 3559 3247 3622 Quia
3300 3558 3552 3629 profecto

1851 3649 1960 3703 isto
1994 3664 2202 3720 genere
2247 3647 2532 3702 mendacii
2573 3648 2796 3701 nullum
2843 3647 3070 3717 gravius
3117 3662 3373 3717 unquam
3404 3648 3553 3700 valet

1850 3738 2117 3804 inveniri,
2169 3737 2286 3790 imo
2344 3736 2566 3790 nullum
2631 3736 2917 3804 reperitur
2991 3738 3107 3788 tam
3162 3749 3354 3804 grave,
3416 3735 3552 3789 licet

1851 3827 2144 3880 nonnullis
2200 3825 2462 3879 videatur
2517 3841 2636 3877 esse
2700 3824 2840 3889 leve,
2905 3823 3022 3875 sive
3079 3825 3315 3892 putetur
3374 3823 3548 3877 etiam

1850 3929 2038 3966 suave.
2082 3914 2188 3968 Sed
2229 3912 2466 3967 audiant
2512 3911 2814 3982 sequentia
2843 3910 2888 3964 si
2921 3910 3351 3982 ﬂoccipendunt
3399 3926 3547 3981 prie-

1850 4001 2128 4056 cedentia.
3131 4047 3136 4050 .

1921 4091 2033 4155 Ego
2061 4090 2211 4143 Jesus
2255 4091 2383 4143 misi
2429 4088 2680 4154 angelum
2724 4103 2899 4141 meum
2937 4088 3224 4156 testiﬁcari
3271 4087 3368 4142 hoc
3395 4087 3547 4142 vobis

1848 4181 1907 4232 in
1954 4179 2194 4233 Ecclesia
2239 4179 2441 4249 (Apoc.
2489 4193 2621 4241 xxn,
2671 4178 2783 4246 16).
2838 4178 2903 4230 Et
2952 4177 3121 4248 paulo
3180 4181 3350 4247 post:
3412 4177 3546 4233 Con-

1851 4272 2016 4321 testor
2061 4282 2155 4334 ego
2199 4269 2346 4320 omni
2387 4266 2636 4320 audienti
2689 4265 2853 4320 verba
2893 4266 3195 4335 prophetiae
3239 4264 3402 4335 hujus
3443 4283 3456 4320 :
3491 4267 3553 4322 Si

1851 4358 1971 4424 quis
2003 4358 2318 4425 opposuerit
2346 4354 2420 4408 ad
2446 4356 2576 4423 haec,
2614 4360 2846 4424 apponet
2878 4358 3016 4409 Deus
3049 4369 3212 4423 super
3241 4356 3394 4408 illum
3418 4356 3547 4424 pla-

80 4443 262 4496 stinasti
311 4444 382 4498 ad
413 4443 716 4498 interitum
754 4444 908 4512 juste
965 4458 1028 4496 ac
1055 4443 1259 4497 merito
1308 4442 1465 4496 satis.
1519 4445 1582 4498 Et
1622 4460 1736 4497 non
1778 4449 1824 4504 D
1849 4459 1947 4512 gas
1973 4447 2208 4513 scriptas
2235 4447 2293 4498 in
2318 4444 2457 4498 libro
2486 4447 2609 4498 isto.
2647 4443 2724 4497 Et
2753 4445 2804 4497 si
2832 4446 2955 4512 quis
2994 4443 3312 4497 diminuerit
3339 4443 3404 4496 de
3427 4459 3546 4497 ver-

81 4531 210 4584 modo
237 4533 685 4601 praedestinasti,
708 4547 906 4584 verum
939 4532 1110 4585 etiam
1139 4531 1737 4602 praedestinandojam

80 4618 236 4688 utique
256 4621 578 4675 destinasti.
627 4619 786 4674 Unde
818 4619 953 4674 dicit
985 4623 1039 4674 et
1072 4621 1246 4674 David
1301 4620 1464 4690 quasi
1500 4619 1569 4674 de
1615 4621 1734 4691 jam

81 4704 121 4757 in
156 4708 428 4763 infernum
472 4707 942 4780 predestinnndo
975 4708 1194 4779 positis,
1239 4709 1370 4763 licet
1415 4708 1602 4762 adhuc
1649 4725 1736 4762 es-

81 4796 321 4851 sentilluc
354 4802 409 4851 te
448 4797 694 4867 jubente
729 4796 1004 4866 ponendi.
1047 4796 1188 4850 Cum
1229 4796 1384 4850 enim
1435 4796 1738 4865 przedixis-

78 4889 175 4936 set:
219 4887 282 4940 Et
330 4890 525 4955 postea
578 4887 638 4938 in
694 4899 782 4938 ore
834 4899 930 4939 suo
981 4885 1402 4956 complacebunt,
1459 4884 1734 4954 subjecit:

80 4972 192 5025 Sicut
217 4989 328 5028 oves
367 4978 428 5028 in
460 4974 684 5040 inferno
711 4975 880 5042 positi
907 4979 1032 5027 sunt
1061 4975 1228 5042 (Psal.
1280 4989 1464 5039 XLvm,
1511 4975 1596 5041 14,
1632 4976 1734 5036 15).

127 5059 244 5115 Cum
265 5078 366 5132 per
387 5062 590 5116 omnia
613 5061 1074 5114 manifestissime
1098 5066 1391 5128 consonat,
1417 5067 1473 5114 et
1491 5063 1738 5115 Joannes

79 5151 320 5214 apostolus
357 5150 418 5203 in
451 5149 798 5219 Apocalypsi
823 5148 1017 5202 dicens
1059 5165 1072 5202 :
1115 5150 1195 5203 Et
1242 5149 1370 5201 libri
1405 5150 1585 5218 aperti
1611 5155 1737 5203 sunt

79 5243 110 5286 et
146 5239 267 5292 alius
316 5239 457 5292 liber
497 5242 722 5307 apertus
769 5242 866 5304 est,
931 5241 1028 5307 qui
1059 5243 1138 5292 est
1189 5239 1344 5302 vitae;
1396 5242 1447 5291 et
1490 5238 1735 5305 judicati

80 5331 396 5395 suntmortui,
446 5344 514 5380 ea:
549 5327 634 5380 his
666 5342 785 5395 qua:
804 5329 1011 5396 scripta
1050 5331 1206 5380 erant
1246 5329 1303 5379 in
1345 5326 1502 5380 libris
1541 5341 1732 5380 secun-

81 5411 171 5466 dum
200 5431 350 5484 opera
380 5419 633 5486 ipsorum
666 5415 852 5485 (Apoc.
908 5430 1001 5480 xx,
1038 5418 1142 5484 12).
1191 5415 1330 5468 Item
1360 5431 1371 5468 :
1409 5416 1487 5468 Et
1514 5416 1734 5484 judica-

81 5503 159 5554 tum
208 5511 276 5558 est
331 5505 398 5560 de
462 5504 702 5572 singulis
766 5505 1056 5558 secundum
1112 5519 1276 5573 opera
1341 5507 1630 5573 ipsorum:
1685 5509 1736 5558 et

129 5685 146 5708 '
169 5678 307 5734 Deest
339 5681 433 5735 hic
463 5677 711 5750 aliquid.

1846 4532 1926 4586 bis
1960 4533 2090 4586 libri
2118 4533 2418 4601 prophetiae
2455 4533 2640 4601 hujus,
2674 4533 2885 4598 auferet
2921 4533 3064 4585 Deus
3092 4536 3306 4601 partem
3327 4531 3441 4600 ejus
3475 4531 3545 4585 de

1847 4621 1984 4675 libro
2011 4624 2155 4687 vitae,
2187 4626 2236 4675 et
2277 4621 2343 4675 de
2381 4623 2599 4676 civitate
2629 4626 2837 4687 sancta,
2870 4624 2921 4672 et
2947 4619 3012 4672 de
3056 4619 3141 4672 his
3171 4633 3289 4686 quae
3337 4620 3545 4686 scripta

1843 4714 1971 4763 sunt
2000 4711 2058 4763 in
2088 4710 2225 4763 libro
2255 4713 2378 4764 isto.
2415 4712 2560 4764 Dicit
2595 4711 2691 4776 qui
2738 4708 3100 4761 testimonium
3128 4705 3370 4774 perhibet
3412 4707 3541 4758 isto-

1844 4814 1964 4852 rum
1997 4815 2011 4852 :
2046 4799 2240 4852 Etiam
2277 4800 2430 4853 venio
2461 4800 2564 4852 cito
2604 4797 2801 4867 (Ibid,
2855 4795 3054 4864 18-20).
3100 4794 3257 4855 Ecce,
3293 4793 3537 4846 Domine

1843 4887 1995 4952 Jesu,
2029 4887 2087 4940 in
2144 4888 2249 4940 hoc
2301 4891 2494 4940 sancto
2525 4885 2674 4938 libro
2711 4889 2810 4938 tuo
2869 4881 3162 4936 diabolum
3212 4888 3268 4934 et
3309 4881 3542 4950 angelos

1845 4975 1986 5045 ejus,
2019 4981 2076 5029 et
2100 4991 2301 5030 omnes
2327 4975 2499 5028 etiam
2547 4973 2810 5026 homines
2844 4969 3120 5040 reprobos
3152 4969 3212 5022 in
3271 4974 3536 5039 stagnum

1841 5065 1994 5134 ignis
2023 5069 2079 5118 et
2105 5063 2417 5134 sulphuris,
2454 5066 2514 5115 ut
2543 5077 2716 5131 supra
2741 5061 2956 5114 dictum
2981 5061 3085 5122 est,
3127 5063 3182 5112 te
3213 5057 3540 5112 destinante

1837 5153 1960 5221 jam
1989 5168 2109 5206 esse
2141 5151 2348 5204 missos
2376 5149 2630 5204 invenio.
2669 5150 2886 5217 Negare
2925 5151 3002 5213 te,
3035 5146 3092 5200 id
3123 5151 3209 5200 est
3239 5146 3540 5201 veritatem

1844 5255 1960 5292 non
1984 5239 2189 5303 audeo,
2229 5237 2362 5308 quia
2403 5235 2600 5306 negari
2633 5240 2748 5289 ate
2791 5234 3010 5301 timeo,,
3049 5234 3540 5304 quemadmodum

1845 5326 2105 5380 videlicet
2159 5325 2280 5395 ipse
2309 5325 2577 5378 testaris:
2612 5325 2717 5389 Qui
2759 5337 2842 5376 me
2886 5326 3164 5389 negaverit
3212 5339 3392 5378 coram
3439 5324 3540 5377 ho—

1843 5415 2100 5479 minibus,
2137 5414 2340 5481 negabo
2370 5419 2419 5466 et
2462 5428 2555 5478 ego
2584 5428 2704 5466 eum
2746 5427 2925 5466 coram
2981 5414 3142 5466 Patre
3179 5427 3312 5475 meo,
3344 5414 3442 5481 qui
3482 5414 3541 5465 in

1843 5504 1988 5559 cwlis
2039 5508 2117 5557 est
2167 5502 2390 5572 (Matth.
2444 5518 2499 5565 x,
2552 5503 2660 5569 33).
2716 5502 2854 5555 Item
2904 5505 2961 5556 et
3016 5502 3268 5556 Paulus:
3319 5501 3380 5555 Si
3421 5515 3537 5567 nos,
