  <div class='ocr_page' id='page_1' title='image "/cluster/home/n/w/nwhite01/storage/ocr_20150623/121/uva.x000827051/185.png"; bbox 0 0 3890 6230; ppageno 0'>
   <div class='ocr_carea' id='block_1_1' title="bbox 317 375 420 427">
    <p class='ocr_par' dir='ltr' id='par_1_1' title="bbox 317 375 420 427">
     <span class='ocr_line' id='line_1_1' title="bbox 317 375 420 427; baseline -0.01 0"><span class='ocrx_word' id='word_1_1' title='bbox 317 375 420 427; x_wconf 75' lang='lat'>355</span> 
     </span>
    </p>
   </div>
   <div class='ocr_carea' id='block_1_2' title="bbox 1395 368 3795 433">
    <p class='ocr_par' dir='ltr' id='par_1_2' title="bbox 1395 368 3795 433">
     <span class='ocr_line' id='line_1_2' title="bbox 1395 368 3795 433; baseline 0.003 -7"><span class='ocrx_word' id='word_1_2' title='bbox 1395 368 1910 427; x_wconf 81' lang='lat' dir='ltr'>GOTTESCHALCI</span> <span class='ocrx_word' id='word_1_3' title='bbox 1951 368 2384 428; x_wconf 85' lang='lat' dir='ltr'>ORBACENSIS</span> <span class='ocrx_word' id='word_1_4' title='bbox 2426 372 2739 428; x_wconf 83' lang='lat' dir='ltr'>MONACHI</span> <span class='ocrx_word' id='word_1_5' title='bbox 3713 382 3795 433; x_wconf 72' lang='lat'>356</span> 
     </span>
    </p>
   </div>
   <div class='ocr_carea' id='block_1_3' title="bbox 319 508 3796 582">
    <p class='ocr_par' dir='ltr' id='par_1_3' title="bbox 319 508 3796 582">
     <span class='ocr_line' id='line_1_3' title="bbox 319 508 3796 582; baseline 0.001 -18"><span class='ocrx_word' id='word_1_6' title='bbox 319 511 529 581; x_wconf 84' lang='lat' dir='ltr'>inquit,</span> <span class='ocrx_word' id='word_1_7' title='bbox 559 526 675 563; x_wconf 86' lang='lat' dir='ltr'>eum</span> <span class='ocrx_word' id='word_1_8' title='bbox 722 510 1117 577; x_wconf 80' lang='lat' dir='ltr'>negaverimus,</span> <span class='ocrx_word' id='word_1_9' title='bbox 1166 513 1216 562; x_wconf 88' lang='lat' dir='ltr'>et</span> <span class='ocrx_word' id='word_1_10' title='bbox 1256 510 1347 567; x_wconf 75' lang='lat' dir='ltr'>ille</span> <span class='ocrx_word' id='word_1_11' title='bbox 1394 509 1614 575; x_wconf 79' lang='lat' dir='ltr'>negabit</span> <span class='ocrx_word' id='word_1_12' title='bbox 1643 524 1738 564; x_wconf 84' lang='lat' dir='ltr'>nos</span> <span class='ocrx_word' id='word_1_13' title='bbox 1781 509 1845 579; x_wconf 86' lang='lat' dir='ltr'>(II</span> <span class='ocrx_word' id='word_1_14' title='bbox 1882 511 2016 564; x_wconf 77' lang='lat' dir='ltr'>Tim.</span> <span class='ocrx_word' id='word_1_15' title='bbox 2061 509 2108 562; x_wconf 88' lang='lat' dir='ltr'>A</span> <span class='ocrx_word' id='word_1_16' title='bbox 2134 508 2293 563; x_wconf 91' lang='lat' dir='ltr'>nium</span> <span class='ocrx_word' id='word_1_17' title='bbox 2326 509 2552 579; x_wconf 82' lang='lat' dir='ltr'>penitus</span> <span class='ocrx_word' id='word_1_18' title='bbox 2581 509 2867 563; x_wconf 86' lang='lat' dir='ltr'>debuisset</span> <span class='ocrx_word' id='word_1_19' title='bbox 2914 526 3056 575; x_wconf 90' lang='lat' dir='ltr'>esse,</span> <span class='ocrx_word' id='word_1_20' title='bbox 3107 511 3504 582; x_wconf 88' lang='lat' dir='ltr'>metalepticos</span> <span class='ocrx_word' id='word_1_21' title='bbox 3554 512 3608 566; x_wconf 90' lang='lat' dir='ltr'>id</span> <span class='ocrx_word' id='word_1_22' title='bbox 3655 514 3796 568; x_wconf 85' lang='lat' dir='ltr'>intel-</span> 
     </span>
    </p>
   </div>
   <div class='ocr_carea' id='block_1_4' title="bbox 319 598 2014 669">
    <p class='ocr_par' dir='ltr' id='par_1_4' title="bbox 319 598 2014 669">
     <span class='ocr_line' id='line_1_4' title="bbox 319 598 2014 669; baseline -0.001 -16"><span class='ocrx_word' id='word_1_23' title='bbox 319 617 378 665; x_wconf 87' lang='lat' dir='ltr'>II,</span> <span class='ocrx_word' id='word_1_24' title='bbox 423 601 523 669; x_wconf 75' lang='lat'>12).</span> <span class='ocrx_word' id='word_1_25' title='bbox 562 600 778 667; x_wconf 86' lang='lat' dir='ltr'>Negare</span> <span class='ocrx_word' id='word_1_26' title='bbox 809 599 1008 669; x_wconf 80' lang='lat' dir='ltr'>igitur,</span> <span class='ocrx_word' id='word_1_27' title='bbox 1042 598 1188 651; x_wconf 86' lang='lat' dir='ltr'>sicut</span> <span class='ocrx_word' id='word_1_28' title='bbox 1229 598 1490 668; x_wconf 60' lang='lat' dir='ltr'>praedixi,</span> <span class='ocrx_word' id='word_1_29' title='bbox 1549 604 1603 651; x_wconf 90' lang='lat' dir='ltr'>te</span> <span class='ocrx_word' id='word_1_30' title='bbox 1646 616 1758 651; x_wconf 93' lang='lat' dir='ltr'>non</span> <span class='ocrx_word' id='word_1_31' title='bbox 1810 599 2014 663; x_wconf 85' lang='lat' dir='ltr'>audeo,</span> 
     </span>
    </p>
   </div>
   <div class='ocr_carea' id='block_1_5' title="bbox 318 686 2016 757">
    <p class='ocr_par' dir='ltr' id='par_1_5' title="bbox 318 686 2016 757">
     <span class='ocr_line' id='line_1_5' title="bbox 318 686 2016 757; baseline -0.001 -17"><span class='ocrx_word' id='word_1_32' title='bbox 318 688 452 757; x_wconf 88' lang='lat' dir='ltr'>quia</span> <span class='ocrx_word' id='word_1_33' title='bbox 482 687 681 756; x_wconf 88' lang='lat' dir='ltr'>negari</span> <span class='ocrx_word' id='word_1_34' title='bbox 711 690 819 739; x_wconf 88' lang='lat' dir='ltr'>ate</span> <span class='ocrx_word' id='word_1_35' title='bbox 859 686 1056 739; x_wconf 84' lang='lat' dir='ltr'>timeo.</span> <span class='ocrx_word' id='word_1_36' title='bbox 1080 688 1381 756; x_wconf 88' lang='lat' dir='ltr'>Apponere</span> <span class='ocrx_word' id='word_1_37' title='bbox 1410 703 1541 739; x_wconf 86' lang='lat' dir='ltr'>vero</span> <span class='ocrx_word' id='word_1_38' title='bbox 1577 686 1662 741; x_wconf 91' lang='lat' dir='ltr'>vel</span> <span class='ocrx_word' id='word_1_39' title='bbox 1699 687 2016 740; x_wconf 89' lang='lat' dir='ltr'>diminuere</span> 
     </span>
    </p>
   </div>
   <div class='ocr_carea' id='block_1_6' title="bbox 318 774 2015 845">
    <p class='ocr_par' dir='ltr' id='par_1_6' title="bbox 318 774 2015 845">
     <span class='ocr_line' id='line_1_6' title="bbox 318 774 2015 845; baseline -0.001 -16"><span class='ocrx_word' id='word_1_40' title='bbox 318 776 461 829; x_wconf 88' lang='lat' dir='ltr'>nihil</span> <span class='ocrx_word' id='word_1_41' title='bbox 492 792 807 845; x_wconf 73' lang='lat' dir='ltr'>przesumo,</span> <span class='ocrx_word' id='word_1_42' title='bbox 838 774 1114 845; x_wconf 90' lang='lat' dir='ltr'>quoniam</span> <span class='ocrx_word' id='word_1_43' title='bbox 1146 776 1231 827; x_wconf 86' lang='lat' dir='ltr'>vel</span> <span class='ocrx_word' id='word_1_44' title='bbox 1256 776 1454 844; x_wconf 85' lang='lat' dir='ltr'>plagas</span> <span class='ocrx_word' id='word_1_45' title='bbox 1490 775 1546 828; x_wconf 92' lang='lat' dir='ltr'>in</span> <span class='ocrx_word' id='word_1_46' title='bbox 1576 775 1681 828; x_wconf 91' lang='lat' dir='ltr'>hoc</span> <span class='ocrx_word' id='word_1_47' title='bbox 1716 776 1837 845; x_wconf 88' lang='lat' dir='ltr'>ipso</span> <span class='ocrx_word' id='word_1_48' title='bbox 1870 774 2015 827; x_wconf 92' lang='lat' dir='ltr'>libro</span> 
     </span>
    </p>
   </div>
   <div class='ocr_carea' id='block_1_7' title="bbox 318 862 2015 934">
    <p class='ocr_par' dir='ltr' id='par_1_7' title="bbox 318 862 2015 934">
     <span class='ocr_line' id='line_1_7' title="bbox 318 862 2015 934; baseline -0.004 -16"><span class='ocrx_word' id='word_1_49' title='bbox 318 866 557 934; x_wconf 87' lang='lat' dir='ltr'>scriptas</span> <span class='ocrx_word' id='word_1_50' title='bbox 605 864 750 917; x_wconf 88' lang='lat' dir='ltr'>mihi</span> <span class='ocrx_word' id='word_1_51' title='bbox 783 864 1015 933; x_wconf 91' lang='lat' dir='ltr'>apponi,</span> <span class='ocrx_word' id='word_1_52' title='bbox 1061 863 1146 915; x_wconf 85' lang='lat' dir='ltr'>vel</span> <span class='ocrx_word' id='word_1_53' title='bbox 1198 863 1410 916; x_wconf 87' lang='lat' dir='ltr'>auferri</span> <span class='ocrx_word' id='word_1_54' title='bbox 1459 869 1679 933; x_wconf 85' lang='lat' dir='ltr'>partem</span> <span class='ocrx_word' id='word_1_55' title='bbox 1731 879 1914 916; x_wconf 87' lang='lat' dir='ltr'>meam</span> <span class='ocrx_word' id='word_1_56' title='bbox 1949 862 2015 915; x_wconf 75' lang='lat' dir='ltr'>de</span> 
     </span>
    </p>
   </div>
   <div class='ocr_carea' id='block_1_8' title="bbox 317 955 868 1010">
    <p class='ocr_par' dir='ltr' id='par_1_8' title="bbox 317 955 868 1010">
     <span class='ocr_line' id='line_1_8' title="bbox 317 955 868 1010; baseline -0.005 0"><span class='ocrx_word' id='word_1_57' title='bbox 317 955 465 1010; x_wconf 85' lang='lat' dir='ltr'>libro</span> <span class='ocrx_word' id='word_1_58' title='bbox 496 956 625 1008; x_wconf 75' lang='lat' dir='ltr'>vitae</span> <span class='ocrx_word' id='word_1_59' title='bbox 658 960 868 1007; x_wconf 92' lang='lat' dir='ltr'>metuo.</span> 
     </span>
    </p>
   </div>
   <div class='ocr_carea' id='block_1_9' title="bbox 394 1041 2013 1114">
    <p class='ocr_par' dir='ltr' id='par_1_9' title="bbox 394 1041 2013 1114">
     <span class='ocr_line' id='line_1_9' title="bbox 394 1041 2013 1114; baseline -0.002 -16"><span class='ocrx_word' id='word_1_60' title='bbox 394 1046 577 1114; x_wconf 81' lang='lat' dir='ltr'>Igitur</span> <span class='ocrx_word' id='word_1_61' title='bbox 607 1045 665 1097; x_wconf 91' lang='lat' dir='ltr'>in</span> <span class='ocrx_word' id='word_1_62' title='bbox 696 1044 931 1096; x_wconf 87' lang='lat' dir='ltr'>nomine</span> <span class='ocrx_word' id='word_1_63' title='bbox 966 1043 1169 1107; x_wconf 82' lang='lat' dir='ltr'>Patris,</span> <span class='ocrx_word' id='word_1_64' title='bbox 1201 1047 1256 1094; x_wconf 83' lang='lat' dir='ltr'>et</span> <span class='ocrx_word' id='word_1_65' title='bbox 1289 1041 1434 1109; x_wconf 84' lang='lat' dir='ltr'><strong>Filii,</strong></span> <span class='ocrx_word' id='word_1_66' title='bbox 1470 1042 1786 1112; x_wconf 87' lang='lat' dir='ltr'>etSpiritus</span> <span class='ocrx_word' id='word_1_67' title='bbox 1814 1042 2013 1109; x_wconf 84' lang='lat' dir='ltr'>sancti,</span> 
     </span>
    </p>
   </div>
   <div class='ocr_carea' id='block_1_10' title="bbox 318 1130 2015 1204">
    <p class='ocr_par' dir='ltr' id='par_1_10' title="bbox 318 1130 2015 1204">
     <span class='ocr_line' id='line_1_10' title="bbox 318 1130 2015 1204; baseline -0.002 -17"><span class='ocrx_word' id='word_1_68' title='bbox 318 1134 597 1204; x_wconf 86' lang='lat' dir='ltr'>supplico,</span> <span class='ocrx_word' id='word_1_69' title='bbox 638 1131 895 1199; x_wconf 86' lang='lat' dir='ltr'>Domine,</span> <span class='ocrx_word' id='word_1_70' title='bbox 936 1136 1107 1200; x_wconf 86' lang='lat' dir='ltr'>prout</span> <span class='ocrx_word' id='word_1_71' title='bbox 1154 1130 1402 1199; x_wconf 89' lang='lat' dir='ltr'>amplius</span> <span class='ocrx_word' id='word_1_72' title='bbox 1441 1147 1675 1200; x_wconf 91' lang='lat' dir='ltr'>possum</span> <span class='ocrx_word' id='word_1_73' title='bbox 1723 1131 1847 1194; x_wconf 86' lang='lat' dir='ltr'><strong>tibi,</strong></span> <span class='ocrx_word' id='word_1_74' title='bbox 1899 1147 2015 1200; x_wconf 93' lang='lat' dir='ltr'>quo</span> 
     </span>
    </p>
   </div>
   <div class='ocr_carea' id='block_1_11' title="bbox 319 1218 2014 1291">
    <p class='ocr_par' dir='ltr' id='par_1_11' title="bbox 319 1218 2014 1291">
     <span class='ocr_line' id='line_1_11' title="bbox 319 1218 2014 1291; baseline -0.002 -16"><span class='ocrx_word' id='word_1_75' title='bbox 319 1221 807 1291; x_wconf 84' lang='lat' dir='ltr'>quemadmodum</span> <span class='ocrx_word' id='word_1_76' title='bbox 841 1219 1066 1289; x_wconf 85' lang='lat' dir='ltr'>indigeo</span> <span class='ocrx_word' id='word_1_77' title='bbox 1098 1218 1399 1287; x_wconf 76' lang='lat' dir='ltr'>suffragari</span> <span class='ocrx_word' id='word_1_78' title='bbox 1430 1218 1685 1287; x_wconf 83' lang='lat' dir='ltr'>digneris</span> <span class='ocrx_word' id='word_1_79' title='bbox 1716 1219 1880 1285; x_wconf 86' lang='lat' dir='ltr'>mihi,</span> <span class='ocrx_word' id='word_1_80' title='bbox 1914 1235 2014 1273; x_wconf 87' lang='lat' dir='ltr'>ne-</span> 
     </span>
    </p>
   </div>
   <div class='ocr_carea' id='block_1_12' title="bbox 319 1307 2016 1379">
    <p class='ocr_par' dir='ltr' id='par_1_12' title="bbox 319 1307 2016 1379">
     <span class='ocr_line' id='line_1_12' title="bbox 319 1307 2016 1379; baseline -0.001 -16"><span class='ocrx_word' id='word_1_81' title='bbox 319 1326 430 1379; x_wconf 88' lang='lat' dir='ltr'>que</span> <span class='ocrx_word' id='word_1_82' title='bbox 485 1309 784 1379; x_wconf 86' lang='lat' dir='ltr'>permittas</span> <span class='ocrx_word' id='word_1_83' title='bbox 837 1308 907 1361; x_wconf 89' lang='lat' dir='ltr'>ab</span> <span class='ocrx_word' id='word_1_84' title='bbox 966 1309 1081 1361; x_wconf 93' lang='lat' dir='ltr'>ullo</span> <span class='ocrx_word' id='word_1_85' title='bbox 1141 1307 1353 1360; x_wconf 90' lang='lat' dir='ltr'>diutius</span> <span class='ocrx_word' id='word_1_86' title='bbox 1414 1308 1725 1361; x_wconf 85' lang='lat' dir='ltr'>electorum</span> <span class='ocrx_word' id='word_1_87' title='bbox 1785 1313 2016 1361; x_wconf 87' lang='lat' dir='ltr'>tuorum</span> 
     </span>
    </p>
   </div>
   <div class='ocr_carea' id='block_1_13' title="bbox 319 1396 2017 1468">
    <p class='ocr_par' dir='ltr' id='par_1_13' title="bbox 319 1396 2017 1468">
     <span class='ocr_line' id='line_1_13' title="bbox 319 1396 2017 1468; baseline -0.002 -17"><span class='ocrx_word' id='word_1_88' title='bbox 319 1398 492 1468; x_wconf 92' lang='lat' dir='ltr'>(quod</span> <span class='ocrx_word' id='word_1_89' title='bbox 548 1397 714 1463; x_wconf 88' lang='lat' dir='ltr'>absit)</span> <span class='ocrx_word' id='word_1_90' title='bbox 747 1397 878 1449; x_wconf 89' lang='lat' dir='ltr'>hinc</span> <span class='ocrx_word' id='word_1_91' title='bbox 910 1396 1141 1465; x_wconf 86' lang='lat' dir='ltr'>ambigi.</span> <span class='ocrx_word' id='word_1_92' title='bbox 1188 1396 1296 1449; x_wconf 85' lang='lat' dir='ltr'>Sed</span> <span class='ocrx_word' id='word_1_93' title='bbox 1344 1396 1781 1449; x_wconf 83' lang='lat' dir='ltr'>saluberrimam</span> <span class='ocrx_word' id='word_1_94' title='bbox 1827 1396 2017 1465; x_wconf 89' lang='lat' dir='ltr'>potius</span> 
     </span>
    </p>
   </div>
   <div class='ocr_carea' id='block_1_14' title="bbox 318 1484 2017 1548">
    <p class='ocr_par' dir='ltr' id='par_1_14' title="bbox 318 1484 2017 1548">
     <span class='ocr_line' id='line_1_14' title="bbox 318 1484 2017 1548; baseline -0.001 -9"><span class='ocrx_word' id='word_1_95' title='bbox 318 1487 610 1540; x_wconf 87' lang='lat' dir='ltr'>veritatem</span> <span class='ocrx_word' id='word_1_96' title='bbox 670 1484 801 1538; x_wconf 84' lang='lat' dir='ltr'>huic</span> <span class='ocrx_word' id='word_1_97' title='bbox 854 1485 1211 1537; x_wconf 87' lang='lat' dir='ltr'>innotescere</span> <span class='ocrx_word' id='word_1_98' title='bbox 1270 1501 1384 1537; x_wconf 91' lang='lat' dir='ltr'>non</span> <span class='ocrx_word' id='word_1_99' title='bbox 1442 1484 1705 1548; x_wconf 87' lang='lat' dir='ltr'>moreris,</span> <span class='ocrx_word' id='word_1_100' title='bbox 1779 1490 1842 1537; x_wconf 91' lang='lat' dir='ltr'>ut</span> <span class='ocrx_word' id='word_1_101' title='bbox 1896 1501 2017 1538; x_wconf 81' lang='lat' dir='ltr'>esse</span> 
     </span>
    </p>
   </div>
   <div class='ocr_carea' id='block_1_15' title="bbox 317 1573 2016 1644">
    <p class='ocr_par' dir='ltr' id='par_1_15' title="bbox 317 1573 2016 1644">
     <span class='ocr_line' id='line_1_15' title="bbox 317 1573 2016 1644; baseline 0 -19"><span class='ocrx_word' id='word_1_102' title='bbox 317 1576 473 1627; x_wconf 80' lang='lat' dir='ltr'>vides</span> <span class='ocrx_word' id='word_1_103' title='bbox 536 1574 1021 1644; x_wconf 64' lang='lat' dir='ltr'>pernecessarium</span> <span class='ocrx_word' id='word_1_104' title='bbox 1078 1574 1203 1625; x_wconf 78' lang='lat' dir='ltr'>sibi.</span> <span class='ocrx_word' id='word_1_105' title='bbox 1258 1573 1401 1636; x_wconf 87' lang='lat' dir='ltr'>Quia</span> <span class='ocrx_word' id='word_1_106' title='bbox 1448 1589 1640 1625; x_wconf 83' lang='lat' dir='ltr'>revera</span> <span class='ocrx_word' id='word_1_107' title='bbox 1701 1573 2016 1625; x_wconf 88' lang='lat' dir='ltr'>secundum</span> 
     </span>
    </p>
   </div>
   <div class='ocr_carea' id='block_1_16' title="bbox 318 1662 2017 1732">
    <p class='ocr_par' dir='ltr' id='par_1_16' title="bbox 318 1662 2017 1732">
     <span class='ocr_line' id='line_1_16' title="bbox 318 1662 2017 1732; baseline -0.002 -15"><span class='ocrx_word' id='word_1_108' title='bbox 318 1663 469 1717; x_wconf 87' lang='lat' dir='ltr'>beati</span> <span class='ocrx_word' id='word_1_109' title='bbox 536 1680 768 1732; x_wconf 88' lang='lat' dir='ltr'>quoque</span> <span class='ocrx_word' id='word_1_110' title='bbox 835 1662 1139 1730; x_wconf 85' lang='lat' dir='ltr'>Augustini</span> <span class='ocrx_word' id='word_1_111' title='bbox 1188 1662 1609 1714; x_wconf 75' lang='lat' dir='ltr'>veracissimam</span> <span class='ocrx_word' id='word_1_112' title='bbox 1668 1662 2017 1714; x_wconf 86' lang='lat' dir='ltr'>testiﬁcatio-</span> 
     </span>
    </p>
   </div>
   <div class='ocr_carea' id='block_1_17' title="bbox 320 1750 2015 1821">
    <p class='ocr_par' dir='ltr' id='par_1_17' title="bbox 320 1750 2015 1821">
     <span class='ocr_line' id='line_1_17' title="bbox 320 1750 2015 1821; baseline -0.002 -16"><span class='ocrx_word' id='word_1_113' title='bbox 320 1768 473 1818; x_wconf 90' lang='lat' dir='ltr'>nem,</span> <span class='ocrx_word' id='word_1_114' title='bbox 516 1766 689 1821; x_wconf 90' lang='lat' dir='ltr'>quam</span> <span class='ocrx_word' id='word_1_115' title='bbox 716 1751 904 1820; x_wconf 87' lang='lat' dir='ltr'>palam</span> <span class='ocrx_word' id='word_1_116' title='bbox 938 1750 1180 1819; x_wconf 85' lang='lat' dir='ltr'>protulit</span> <span class='ocrx_word' id='word_1_117' title='bbox 1209 1751 1276 1803; x_wconf 87' lang='lat' dir='ltr'>ad</span> <span class='ocrx_word' id='word_1_118' title='bbox 1312 1751 2015 1819; x_wconf 62' lang='lat' dir='ltr'>poi,iuliim,evangelicam</span> 
     </span>
    </p>
   </div>
   <div class='ocr_carea' id='block_1_18' title="bbox 320 1838 2012 1907">
    <p class='ocr_par' dir='ltr' id='par_1_18' title="bbox 320 1838 2012 1907">
     <span class='ocr_line' id='line_1_18' title="bbox 320 1838 2012 1907; baseline -0.001 -15"><span class='ocrx_word' id='word_1_119' title='bbox 320 1840 640 1893; x_wconf 88' lang='lat' dir='ltr'>luculenter</span> <span class='ocrx_word' id='word_1_120' title='bbox 687 1855 748 1891; x_wconf 86' lang='lat' dir='ltr'>ac</span> <span class='ocrx_word' id='word_1_121' title='bbox 816 1839 1061 1891; x_wconf 90' lang='lat' dir='ltr'>ﬁdeliter</span> <span class='ocrx_word' id='word_1_122' title='bbox 1119 1838 1476 1907; x_wconf 80' lang='lat' dir='ltr'>explananda</span> <span class='ocrx_word' id='word_1_123' title='bbox 1533 1838 2012 1907; x_wconf 85' lang='lat' dir='ltr'>perplexitatem:</span> 
     </span>
    </p>
   </div>
   <div class='ocr_carea' id='block_1_19' title="bbox 320 1925 2015 1997">
    <p class='ocr_par' dir='ltr' id='par_1_19' title="bbox 320 1925 2015 1997">
     <span class='ocr_line' id='line_1_19' title="bbox 320 1925 2015 1997; baseline -0.001 -16"><span class='ocrx_word' id='word_1_124' title='bbox 320 1928 427 1991; x_wconf 89' lang='lat' dir='ltr'>Qui</span> <span class='ocrx_word' id='word_1_125' title='bbox 452 1928 836 1991; x_wconf 87' lang='lat' dir='ltr'>mendacium,</span> <span class='ocrx_word' id='word_1_126' title='bbox 868 1926 1077 1997; x_wconf 87' lang='lat' dir='ltr'>inquit,</span> <span class='ocrx_word' id='word_1_127' title='bbox 1112 1925 1476 1979; x_wconf 69' lang='lat' dir='ltr'>aediﬁcantin</span> <span class='ocrx_word' id='word_1_128' title='bbox 1501 1925 1850 1987; x_wconf 89' lang='lat' dir='ltr'>hominibus,</span> <span class='ocrx_word' id='word_1_129' title='bbox 1876 1926 2015 1995; x_wconf 89' lang='lat' dir='ltr'>quid</span> 
     </span>
    </p>
   </div>
   <div class='ocr_carea' id='block_1_20' title="bbox 319 2014 2013 2085">
    <p class='ocr_par' dir='ltr' id='par_1_20' title="bbox 319 2014 2013 2085">
     <span class='ocr_line' id='line_1_20' title="bbox 319 2014 2013 2085; baseline -0.001 -16"><span class='ocrx_word' id='word_1_130' title='bbox 319 2018 389 2069; x_wconf 92' lang='lat' dir='ltr'>ab</span> <span class='ocrx_word' id='word_1_131' title='bbox 422 2016 499 2068; x_wconf 91' lang='lat' dir='ltr'>eis</span> <span class='ocrx_word' id='word_1_132' title='bbox 520 2016 833 2085; x_wconf 86' lang='lat' dir='ltr'>expellunt,</span> <span class='ocrx_word' id='word_1_133' title='bbox 860 2014 969 2067; x_wconf 89' lang='lat' dir='ltr'>nisi</span> <span class='ocrx_word' id='word_1_134' title='bbox 989 2014 1324 2067; x_wconf 84' lang='lat' dir='ltr'>veritatem?</span> <span class='ocrx_word' id='word_1_135' title='bbox 1350 2014 1674 2066; x_wconf 89' lang='lat' dir='ltr'>Immittunt</span> <span class='ocrx_word' id='word_1_136' title='bbox 1694 2014 2013 2079; x_wconf 90' lang='lat' dir='ltr'>diabolum,</span> 
     </span>
    </p>
   </div>
   <div class='ocr_carea' id='block_1_21' title="bbox 320 2103 2017 2170">
    <p class='ocr_par' dir='ltr' id='par_1_21' title="bbox 320 2103 2017 2170">
     <span class='ocr_line' id='line_1_21' title="bbox 320 2103 2017 2170; baseline -0.001 -12"><span class='ocrx_word' id='word_1_137' title='bbox 320 2104 624 2158; x_wconf 86' lang='lat' dir='ltr'>excludunt</span> <span class='ocrx_word' id='word_1_138' title='bbox 649 2104 937 2157; x_wconf 84' lang='lat' dir='ltr'>Christum</span> <span class='ocrx_word' id='word_1_139' title='bbox 964 2119 975 2155; x_wconf 90' lang='lat'>:</span> <span class='ocrx_word' id='word_1_140' title='bbox 999 2103 1321 2155; x_wconf 90' lang='lat' dir='ltr'>immittunt</span> <span class='ocrx_word' id='word_1_141' title='bbox 1340 2103 1686 2170; x_wconf 89' lang='lat' dir='ltr'>adulterum,</span> <span class='ocrx_word' id='word_1_142' title='bbox 1707 2104 2017 2157; x_wconf 89' lang='lat' dir='ltr'>excludunt</span> 
     </span>
    </p>
   </div>
   <div class='ocr_carea' id='block_1_22' title="bbox 319 2191 2015 2263">
    <p class='ocr_par' dir='ltr' id='par_1_22' title="bbox 319 2191 2015 2263">
     <span class='ocr_line' id='line_1_22' title="bbox 319 2191 2015 2263; baseline -0.001 -17"><span class='ocrx_word' id='word_1_143' title='bbox 319 2209 623 2263; x_wconf 90' lang='lat' dir='ltr'>sponsum;</span> <span class='ocrx_word' id='word_1_144' title='bbox 687 2191 1067 2263; x_wconf 75' lang='lat' dir='ltr'>paranymphi</span> <span class='ocrx_word' id='word_1_145' title='bbox 1125 2191 1335 2244; x_wconf 78' lang='lat' dir='ltr'>scilicet</span> <span class='ocrx_word' id='word_1_146' title='bbox 1391 2192 1475 2243; x_wconf 88' lang='lat' dir='ltr'>vel</span> <span class='ocrx_word' id='word_1_147' title='bbox 1535 2192 1726 2260; x_wconf 91' lang='lat' dir='ltr'>potius</span> <span class='ocrx_word' id='word_1_148' title='bbox 1779 2192 2015 2245; x_wconf 89' lang='lat' dir='ltr'>lenones</span> 
     </span>
    </p>
   </div>
   <div class='ocr_carea' id='block_1_23' title="bbox 317 2280 2014 2351">
    <p class='ocr_par' dir='ltr' id='par_1_23' title="bbox 317 2280 2014 2351">
     <span class='ocr_line' id='line_1_23' title="bbox 317 2280 2014 2351; baseline -0.001 -18"><span class='ocrx_word' id='word_1_149' title='bbox 317 2281 615 2351; x_wconf 86' lang='lat' dir='ltr'>serpentis.</span> <span class='ocrx_word' id='word_1_150' title='bbox 660 2280 741 2333; x_wconf 87' lang='lat' dir='ltr'>Ad</span> <span class='ocrx_word' id='word_1_151' title='bbox 772 2282 875 2333; x_wconf 87' lang='lat' dir='ltr'>hoc</span> <span class='ocrx_word' id='word_1_152' title='bbox 903 2281 1057 2333; x_wconf 92' lang='lat' dir='ltr'>enim</span> <span class='ocrx_word' id='word_1_153' title='bbox 1108 2280 1441 2349; x_wconf 90' lang='lat' dir='ltr'>loquuntur,</span> <span class='ocrx_word' id='word_1_154' title='bbox 1478 2284 1539 2331; x_wconf 92' lang='lat' dir='ltr'>ut</span> <span class='ocrx_word' id='word_1_155' title='bbox 1569 2296 1803 2349; x_wconf 87' lang='lat' dir='ltr'>serpens</span> <span class='ocrx_word' id='word_1_156' title='bbox 1831 2282 2014 2349; x_wconf 88' lang='lat' dir='ltr'>possi-</span> 
     </span>
    </p>
   </div>
   <div class='ocr_carea' id='block_1_24' title="bbox 316 2369 2013 2439">
    <p class='ocr_par' dir='ltr' id='par_1_24' title="bbox 316 2369 2013 2439">
     <span class='ocr_line' id='line_1_24' title="bbox 316 2369 2013 2439; baseline -0.001 -16"><span class='ocrx_word' id='word_1_157' title='bbox 316 2370 468 2436; x_wconf 86' lang='lat' dir='ltr'>deat,</span> <span class='ocrx_word' id='word_1_158' title='bbox 516 2370 771 2423; x_wconf 86' lang='lat' dir='ltr'>Christus</span> <span class='ocrx_word' id='word_1_159' title='bbox 820 2370 1173 2422; x_wconf 83' lang='lat' dir='ltr'>excludatur.</span> <span class='ocrx_word' id='word_1_160' title='bbox 1212 2369 1450 2432; x_wconf 79' lang='lat' dir='ltr'>Quando</span> <span class='ocrx_word' id='word_1_161' title='bbox 1490 2369 1743 2439; x_wconf 89' lang='lat' dir='ltr'>possidet</span> <span class='ocrx_word' id='word_1_162' title='bbox 1784 2369 2013 2429; x_wconf 87' lang='lat' dir='ltr'>falsitas,</span> 
     </span>
    </p>
   </div>
   <div class='ocr_carea' id='block_1_25' title="bbox 318 2457 2015 2529">
    <p class='ocr_par' dir='ltr' id='par_1_25' title="bbox 318 2457 2015 2529">
     <span class='ocr_line' id='line_1_25' title="bbox 318 2457 2015 2529; baseline -0.001 -18"><span class='ocrx_word' id='word_1_163' title='bbox 318 2475 551 2529; x_wconf 86' lang='lat' dir='ltr'>serpens</span> <span class='ocrx_word' id='word_1_164' title='bbox 594 2458 851 2528; x_wconf 90' lang='lat' dir='ltr'>possidet</span> <span class='ocrx_word' id='word_1_165' title='bbox 883 2474 895 2510; x_wconf 90' lang='lat'>:</span> <span class='ocrx_word' id='word_1_166' title='bbox 931 2457 1164 2528; x_wconf 89' lang='lat' dir='ltr'>quando</span> <span class='ocrx_word' id='word_1_167' title='bbox 1195 2457 1449 2527; x_wconf 91' lang='lat' dir='ltr'>possidet</span> <span class='ocrx_word' id='word_1_168' title='bbox 1492 2457 1717 2521; x_wconf 88' lang='lat' dir='ltr'>veritas,</span> <span class='ocrx_word' id='word_1_169' title='bbox 1762 2457 2015 2511; x_wconf 86' lang='lat' dir='ltr'>Christus</span> 
     </span>
    </p>
   </div>
   <div class='ocr_carea' id='block_1_26' title="bbox 317 2545 2010 2618">
    <p class='ocr_par' dir='ltr' id='par_1_26' title="bbox 317 2545 2010 2618">
     <span class='ocr_line' id='line_1_26' title="bbox 317 2545 2010 2618; baseline -0.001 -17"><span class='ocrx_word' id='word_1_170' title='bbox 317 2548 586 2618; x_wconf 91' lang='lat' dir='ltr'>possidet.</span> <span class='ocrx_word' id='word_1_171' title='bbox 640 2548 765 2616; x_wconf 89' lang='lat' dir='ltr'>Ipse</span> <span class='ocrx_word' id='word_1_172' title='bbox 814 2547 969 2600; x_wconf 89' lang='lat' dir='ltr'>enim</span> <span class='ocrx_word' id='word_1_173' title='bbox 1018 2545 1201 2600; x_wconf 84' lang='lat' dir='ltr'>dixit:</span> <span class='ocrx_word' id='word_1_174' title='bbox 1253 2548 1366 2613; x_wconf 89' lang='lat' dir='ltr'>Ego</span> <span class='ocrx_word' id='word_1_175' title='bbox 1417 2560 1535 2599; x_wconf 88' lang='lat' dir='ltr'>sum</span> <span class='ocrx_word' id='word_1_176' title='bbox 1584 2548 1786 2598; x_wconf 79' lang='lat' dir='ltr'>veritas</span> <span class='ocrx_word' id='word_1_177' title='bbox 1836 2546 2010 2615; x_wconf 82' lang='lat' dir='ltr'>(Joan.</span> 
     </span>
    </p>
   </div>
   <div class='ocr_carea' id='block_1_27' title="bbox 318 2634 2015 2704">
    <p class='ocr_par' dir='ltr' id='par_1_27' title="bbox 318 2634 2015 2704">
     <span class='ocr_line' id='line_1_27' title="bbox 318 2634 2015 2704; baseline -0.001 -16"><span class='ocrx_word' id='word_1_178' title='bbox 318 2652 428 2703; x_wconf 84' lang='lat' dir='ltr'>xiv,</span> <span class='ocrx_word' id='word_1_179' title='bbox 460 2635 542 2704; x_wconf 75' lang='lat'>6&#39;);</span> <span class='ocrx_word' id='word_1_180' title='bbox 574 2635 643 2689; x_wconf 89' lang='lat' dir='ltr'>de</span> <span class='ocrx_word' id='word_1_181' title='bbox 673 2634 772 2689; x_wconf 93' lang='lat' dir='ltr'>illo</span> <span class='ocrx_word' id='word_1_182' title='bbox 805 2640 994 2687; x_wconf 91' lang='lat' dir='ltr'>autem</span> <span class='ocrx_word' id='word_1_183' title='bbox 1031 2674 1042 2686; x_wconf 94' lang='lat'>.</span> <span class='ocrx_word' id='word_1_184' title='bbox 1077 2635 1144 2685; x_wconf 85' lang='lat' dir='ltr'>Et</span> <span class='ocrx_word' id='word_1_185' title='bbox 1175 2634 1234 2685; x_wconf 81' lang='lat' dir='ltr'>in</span> <span class='ocrx_word' id='word_1_186' title='bbox 1275 2636 1505 2685; x_wconf 78' lang='lat' dir='ltr'>veritate</span> <span class='ocrx_word' id='word_1_187' title='bbox 1548 2649 1654 2685; x_wconf 84' lang='lat' dir='ltr'>non</span> <span class='ocrx_word' id='word_1_188' title='bbox 1684 2636 1851 2699; x_wconf 80' lang='lat' dir='ltr'>stetit,</span> <span class='ocrx_word' id='word_1_189' title='bbox 1883 2637 2015 2702; x_wconf 72' lang='lat' dir='ltr'>quia</span> 
     </span>
    </p>
   </div>
   <div class='ocr_carea' id='block_1_28' title="bbox 318 2721 1408 2791">
    <p class='ocr_par' dir='ltr' id='par_1_28' title="bbox 318 2721 1408 2791">
     <span class='ocr_line' id='line_1_28' title="bbox 318 2721 1408 2791; baseline -0.004 -14"><span class='ocrx_word' id='word_1_190' title='bbox 318 2726 518 2777; x_wconf 81' lang='lat' dir='ltr'>veritas</span> <span class='ocrx_word' id='word_1_191' title='bbox 550 2726 608 2776; x_wconf 79' lang='lat' dir='ltr'>in</span> <span class='ocrx_word' id='word_1_192' title='bbox 630 2738 685 2776; x_wconf 90' lang='lat' dir='ltr'>eo</span> <span class='ocrx_word' id='word_1_193' title='bbox 708 2738 811 2776; x_wconf 85' lang='lat' dir='ltr'>non</span> <span class='ocrx_word' id='word_1_194' title='bbox 841 2728 918 2775; x_wconf 88' lang='lat' dir='ltr'>est</span> <span class='ocrx_word' id='word_1_195' title='bbox 949 2722 1123 2791; x_wconf 86' lang='lat' dir='ltr'>(Joan.</span> <span class='ocrx_word' id='word_1_196' title='bbox 1160 2737 1274 2785; x_wconf 87' lang='lat' dir='ltr'>vm,</span> <span class='ocrx_word' id='word_1_197' title='bbox 1299 2721 1408 2789; x_wconf 71' lang='grc'>44).</span> 
     </span>
    </p>
   </div>
   <div class='ocr_carea' id='block_1_29' title="bbox 387 2808 2017 2883">
    <p class='ocr_par' dir='ltr' id='par_1_29' title="bbox 387 2808 2017 2883">
     <span class='ocr_line' id='line_1_29' title="bbox 387 2808 2017 2883; baseline -0.003 -17"><span class='ocrx_word' id='word_1_198' title='bbox 387 2813 747 2883; x_wconf 89' lang='lat' dir='ltr'>Quapropter</span> <span class='ocrx_word' id='word_1_199' title='bbox 793 2816 847 2865; x_wconf 88' lang='lat' dir='ltr'>et</span> <span class='ocrx_word' id='word_1_200' title='bbox 890 2810 1032 2864; x_wconf 91' lang='lat' dir='ltr'>illud</span> <span class='ocrx_word' id='word_1_201' title='bbox 1090 2810 1242 2880; x_wconf 90' lang='lat' dir='ltr'>quod</span> <span class='ocrx_word' id='word_1_202' title='bbox 1298 2809 1451 2862; x_wconf 91' lang='lat' dir='ltr'>idem</span> <span class='ocrx_word' id='word_1_203' title='bbox 1505 2809 1705 2862; x_wconf 87' lang='lat' dir='ltr'>beatus</span> <span class='ocrx_word' id='word_1_204' title='bbox 1754 2808 2017 2862; x_wconf 90' lang='lat' dir='ltr'>minister</span> 
     </span>
    </p>
   </div>
   <div class='ocr_carea' id='block_1_30' title="bbox 318 2898 2010 2970">
    <p class='ocr_par' dir='ltr' id='par_1_30' title="bbox 318 2898 2010 2970">
     <span class='ocr_line' id='line_1_30' title="bbox 318 2898 2010 2970; baseline -0.003 -15"><span class='ocrx_word' id='word_1_205' title='bbox 318 2908 449 2955; x_wconf 91' lang='lat' dir='ltr'>tuus</span> <span class='ocrx_word' id='word_1_206' title='bbox 497 2902 770 2954; x_wconf 87' lang='lat' dir='ltr'>veraciter</span> <span class='ocrx_word' id='word_1_207' title='bbox 827 2899 1129 2970; x_wconf 89' lang='lat' dir='ltr'>perhibere</span> <span class='ocrx_word' id='word_1_208' title='bbox 1189 2898 1406 2951; x_wconf 88' lang='lat' dir='ltr'>studuit</span> <span class='ocrx_word' id='word_1_209' title='bbox 1452 2898 1823 2967; x_wconf 87' lang='lat' dir='ltr'>Augustinus,</span> <span class='ocrx_word' id='word_1_210' title='bbox 1866 2914 2010 2967; x_wconf 69' lang='lat' dir='ltr'>prae-</span> 
     </span>
    </p>
   </div>
   <div class='ocr_carea' id='block_1_31' title="bbox 319 2986 2013 3057">
    <p class='ocr_par' dir='ltr' id='par_1_31' title="bbox 319 2986 2013 3057">
     <span class='ocr_line' id='line_1_31' title="bbox 319 2986 2013 3057; baseline -0.002 -15"><span class='ocrx_word' id='word_1_211' title='bbox 319 2991 552 3044; x_wconf 79' lang='lat' dir='ltr'>scientia</span> <span class='ocrx_word' id='word_1_212' title='bbox 581 2989 845 3042; x_wconf 87' lang='lat' dir='ltr'>videlicet</span> <span class='ocrx_word' id='word_1_213' title='bbox 877 2990 1152 3057; x_wconf 88' lang='lat' dir='ltr'>reprobos</span> <span class='ocrx_word' id='word_1_214' title='bbox 1194 3003 1313 3040; x_wconf 87' lang='lat' dir='ltr'>esse</span> <span class='ocrx_word' id='word_1_215' title='bbox 1361 2987 1680 3053; x_wconf 89' lang='lat' dir='ltr'>damnatos,</span> <span class='ocrx_word' id='word_1_216' title='bbox 1715 3002 1843 3039; x_wconf 91' lang='lat' dir='ltr'>cum</span> <span class='ocrx_word' id='word_1_217' title='bbox 1879 2986 2013 3040; x_wconf 89' lang='lat' dir='ltr'>alibi</span> 
     </span>
    </p>
   </div>
   <div class='ocr_carea' id='block_1_32' title="bbox 2125 598 3798 668">
    <p class='ocr_par' dir='ltr' id='par_1_32' title="bbox 2125 598 3798 668">
     <span class='ocr_line' id='line_1_32' title="bbox 2125 598 3798 668; baseline 0.002 -17"><span class='ocrx_word' id='word_1_218' title='bbox 2125 598 2226 667; x_wconf 88' lang='lat' dir='ltr'>ligi</span> <span class='ocrx_word' id='word_1_219' title='bbox 2255 598 2597 667; x_wconf 83' lang='lat' dir='ltr'>regulariter</span> <span class='ocrx_word' id='word_1_220' title='bbox 2626 599 2925 668; x_wconf 89' lang='lat' dir='ltr'>potuisset,</span> <span class='ocrx_word' id='word_1_221' title='bbox 2978 605 3035 653; x_wconf 89' lang='lat' dir='ltr'>et</span> <span class='ocrx_word' id='word_1_222' title='bbox 3085 600 3322 654; x_wconf 88' lang='lat' dir='ltr'>omnino</span> <span class='ocrx_word' id='word_1_223' title='bbox 3368 601 3704 655; x_wconf 87' lang='lat' dir='ltr'>debuisset:</span> <span class='ocrx_word' id='word_1_224' title='bbox 3748 608 3798 655; x_wconf 87' lang='lat' dir='ltr'>ut</span> 
     </span>
    </p>
   </div>
   <div class='ocr_carea' id='block_1_33' title="bbox 2126 687 3797 760">
    <p class='ocr_par' dir='ltr' id='par_1_33' title="bbox 2126 687 3797 760">
     <span class='ocr_line' id='line_1_33' title="bbox 2126 687 3797 760; baseline 0.004 -23"><span class='ocrx_word' id='word_1_225' title='bbox 2126 687 2387 739; x_wconf 89' lang='lat' dir='ltr'>videlicet</span> <span class='ocrx_word' id='word_1_226' title='bbox 2416 687 2469 739; x_wconf 91' lang='lat' dir='ltr'>id</span> <span class='ocrx_word' id='word_1_227' title='bbox 2506 688 2654 757; x_wconf 86' lang='lat' dir='ltr'>quod</span> <span class='ocrx_word' id='word_1_228' title='bbox 2693 688 2954 757; x_wconf 87' lang='lat' dir='ltr'>sequitur</span> <span class='ocrx_word' id='word_1_229' title='bbox 2996 703 3095 757; x_wconf 90' lang='lat' dir='ltr'>per</span> <span class='ocrx_word' id='word_1_230' title='bbox 3131 689 3189 743; x_wconf 91' lang='lat' dir='ltr'>id</span> <span class='ocrx_word' id='word_1_231' title='bbox 3234 690 3385 760; x_wconf 91' lang='lat' dir='ltr'>quod</span> <span class='ocrx_word' id='word_1_232' title='bbox 3419 690 3691 759; x_wconf 78' lang='lat' dir='ltr'>praecedit</span> <span class='ocrx_word' id='word_1_233' title='bbox 3730 691 3797 743; x_wconf 87' lang='lat' dir='ltr'>iu-</span> 
     </span>
    </p>
   </div>
   <div class='ocr_carea' id='block_1_34' title="bbox 2125 774 3800 847">
    <p class='ocr_par' dir='ltr' id='par_1_34' title="bbox 2125 774 3800 847">
     <span class='ocr_line' id='line_1_34' title="bbox 2125 774 3800 847; baseline 0.001 -19"><span class='ocrx_word' id='word_1_234' title='bbox 2125 774 2499 844; x_wconf 85' lang='lat' dir='ltr'>telligeretur.</span> <span class='ocrx_word' id='word_1_235' title='bbox 2572 778 2838 829; x_wconf 87' lang='lat' dir='ltr'>Attamen</span> <span class='ocrx_word' id='word_1_236' title='bbox 2893 775 2939 829; x_wconf 90' lang='lat' dir='ltr'>si</span> <span class='ocrx_word' id='word_1_237' title='bbox 2985 776 3169 830; x_wconf 91' lang='lat' dir='ltr'>adhuc</span> <span class='ocrx_word' id='word_1_238' title='bbox 3211 778 3347 831; x_wconf 90' lang='lat' dir='ltr'>hinc</span> <span class='ocrx_word' id='word_1_239' title='bbox 3398 778 3605 831; x_wconf 89' lang='lat' dir='ltr'>audire</span> <span class='ocrx_word' id='word_1_240' title='bbox 3660 780 3800 847; x_wconf 81' lang='lat' dir='ltr'>plura</span> 
     </span>
    </p>
   </div>
   <div class='ocr_carea' id='block_1_35' title="bbox 2125 864 3800 936">
    <p class='ocr_par' dir='ltr' id='par_1_35' title="bbox 2125 864 3800 936">
     <span class='ocr_line' id='line_1_35' title="bbox 2125 864 3800 936; baseline 0.002 -20"><span class='ocrx_word' id='word_1_241' title='bbox 2125 864 2468 927; x_wconf 88' lang='lat' dir='ltr'>desiderant,</span> <span class='ocrx_word' id='word_1_242' title='bbox 2502 864 2573 917; x_wconf 91' lang='lat' dir='ltr'>ob</span> <span class='ocrx_word' id='word_1_243' title='bbox 2599 881 2856 918; x_wconf 88' lang='lat' dir='ltr'>amorem</span> <span class='ocrx_word' id='word_1_244' title='bbox 2906 866 3171 919; x_wconf 88' lang='lat' dir='ltr'>videlicet</span> <span class='ocrx_word' id='word_1_245' title='bbox 3200 866 3475 933; x_wconf 87' lang='lat' dir='ltr'>veritatis,</span> <span class='ocrx_word' id='word_1_246' title='bbox 3509 884 3681 936; x_wconf 88' lang='lat' dir='ltr'>quam</span> <span class='ocrx_word' id='word_1_247' title='bbox 3726 868 3800 919; x_wconf 89' lang='lat' dir='ltr'>ni—</span> 
     </span>
    </p>
   </div>
   <div class='ocr_carea' id='block_1_36' title="bbox 2126 952 3799 1025">
    <p class='ocr_par' dir='ltr' id='par_1_36' title="bbox 2126 952 3799 1025">
     <span class='ocr_line' id='line_1_36' title="bbox 2126 952 3799 1025; baseline 0.002 -21"><span class='ocrx_word' id='word_1_248' title='bbox 2126 952 2234 1004; x_wconf 89' lang='lat' dir='ltr'>mis</span> <span class='ocrx_word' id='word_1_249' title='bbox 2264 953 2589 1021; x_wconf 90' lang='lat' dir='ltr'>oppugnari</span> <span class='ocrx_word' id='word_1_250' title='bbox 2618 954 3002 1019; x_wconf 90' lang='lat' dir='ltr'>considerant,</span> <span class='ocrx_word' id='word_1_251' title='bbox 3052 970 3217 1007; x_wconf 88' lang='lat' dir='ltr'>aures</span> <span class='ocrx_word' id='word_1_252' title='bbox 3247 955 3549 1017; x_wconf 83' lang='lat' dir='ltr'>audiendi,</span> <span class='ocrx_word' id='word_1_253' title='bbox 3609 971 3799 1025; x_wconf 88' lang='lat' dir='ltr'>precor,</span> 
     </span>
    </p>
   </div>
   <div class='ocr_carea' id='block_1_37' title="bbox 2126 1042 3799 1114">
    <p class='ocr_par' dir='ltr' id='par_1_37' title="bbox 2126 1042 3799 1114">
     <span class='ocr_line' id='line_1_37' title="bbox 2126 1042 3799 1114; baseline 0.002 -21"><span class='ocrx_word' id='word_1_254' title='bbox 2126 1042 2575 1103; x_wconf 88' lang='lat' dir='ltr'>accommodent,</span> <span class='ocrx_word' id='word_1_255' title='bbox 2628 1047 2683 1095; x_wconf 84' lang='lat' dir='ltr'>et</span> <span class='ocrx_word' id='word_1_256' title='bbox 2727 1043 2953 1096; x_wconf 64' lang='lat' dir='ltr'>tuenda:</span> <span class='ocrx_word' id='word_1_257' title='bbox 3004 1043 3359 1113; x_wconf 83' lang='lat' dir='ltr'>jamjamque</span> <span class='ocrx_word' id='word_1_258' title='bbox 3416 1044 3648 1097; x_wconf 87' lang='lat' dir='ltr'>veritati</span> <span class='ocrx_word' id='word_1_259' title='bbox 3689 1061 3799 1114; x_wconf 88' lang='lat' dir='ltr'>ope-</span> 
     </span>
    </p>
   </div>
   <div class='ocr_carea' id='block_1_38' title="bbox 2126 1130 3801 1202">
    <p class='ocr_par' dir='ltr' id='par_1_38' title="bbox 2126 1130 3801 1202">
     <span class='ocr_line' id='line_1_38' title="bbox 2126 1130 3801 1202; baseline 0.002 -20"><span class='ocrx_word' id='word_1_260' title='bbox 2126 1147 2247 1183; x_wconf 90' lang='lat' dir='ltr'>ram</span> <span class='ocrx_word' id='word_1_261' title='bbox 2276 1130 2430 1183; x_wconf 89' lang='lat' dir='ltr'>dent.</span> <span class='ocrx_word' id='word_1_262' title='bbox 2474 1130 2743 1197; x_wconf 88' lang='lat' dir='ltr'>Audiant,</span> <span class='ocrx_word' id='word_1_263' title='bbox 2775 1130 3036 1201; x_wconf 90' lang='lat' dir='ltr'>inquam,</span> <span class='ocrx_word' id='word_1_264' title='bbox 3087 1132 3218 1185; x_wconf 90' lang='lat' dir='ltr'>hinc</span> <span class='ocrx_word' id='word_1_265' title='bbox 3245 1133 3431 1185; x_wconf 89' lang='lat' dir='ltr'>adhuc</span> <span class='ocrx_word' id='word_1_266' title='bbox 3486 1133 3801 1202; x_wconf 83' lang='lat' dir='ltr'>loquentem</span> 
     </span>
    </p>
   </div>
   <div class='ocr_carea' id='block_1_39' title="bbox 2126 1218 3804 1290">
    <p class='ocr_par' dir='ltr' id='par_1_39' title="bbox 2126 1218 3804 1290">
     <span class='ocr_line' id='line_1_39' title="bbox 2126 1218 3804 1290; baseline 0.001 -18"><span class='ocrx_word' id='word_1_267' title='bbox 2126 1218 2467 1272; x_wconf 90' lang='lat' dir='ltr'>mirabiliter</span> <span class='ocrx_word' id='word_1_268' title='bbox 2494 1219 2881 1287; x_wconf 87' lang='lat' dir='ltr'>Augustinum</span> <span class='ocrx_word' id='word_1_269' title='bbox 2923 1236 3027 1289; x_wconf 86' lang='lat' dir='ltr'>per</span> <span class='ocrx_word' id='word_1_270' title='bbox 3052 1221 3159 1273; x_wconf 88' lang='lat' dir='ltr'>sibi</span> <span class='ocrx_word' id='word_1_271' title='bbox 3190 1221 3367 1290; x_wconf 86' lang='lat' dir='ltr'>gratis</span> <span class='ocrx_word' id='word_1_272' title='bbox 3397 1221 3658 1274; x_wconf 80' lang='lat' dir='ltr'>infusum</span> <span class='ocrx_word' id='word_1_273' title='bbox 3693 1223 3804 1274; x_wconf 82' lang='lat' dir='ltr'>satis</span> 
     </span>
    </p>
   </div>
   <div class='ocr_carea' id='block_1_40' title="bbox 2126 1306 3802 1379">
    <p class='ocr_par' dir='ltr' id='par_1_40' title="bbox 2126 1306 3802 1379">
     <span class='ocr_line' id='line_1_40' title="bbox 2126 1306 3802 1379; baseline 0.001 -19"><span class='ocrx_word' id='word_1_274' title='bbox 2126 1307 2371 1360; x_wconf 89' lang='lat' dir='ltr'>ubertim</span> <span class='ocrx_word' id='word_1_275' title='bbox 2414 1306 2698 1359; x_wconf 89' lang='lat' dir='ltr'>charisma</span> <span class='ocrx_word' id='word_1_276' title='bbox 2757 1307 3038 1361; x_wconf 91' lang='lat' dir='ltr'>divinum.</span> <span class='ocrx_word' id='word_1_277' title='bbox 3093 1331 3112 1354; x_wconf 76' lang='grc' dir='ltr'><strong><em>α</em></strong></span> <span class='ocrx_word' id='word_1_278' title='bbox 3154 1309 3287 1375; x_wconf 84' lang='lat' dir='ltr'>Hoc,</span> <span class='ocrx_word' id='word_1_279' title='bbox 3337 1309 3555 1379; x_wconf 80' lang='lat' dir='ltr'>inquit,</span> <span class='ocrx_word' id='word_1_280' title='bbox 3609 1310 3802 1362; x_wconf 88' lang='lat' dir='ltr'>bonum</span> 
     </span>
    </p>
   </div>
   <div class='ocr_carea' id='block_1_41' title="bbox 2124 1395 3801 1467">
    <p class='ocr_par' dir='ltr' id='par_1_41' title="bbox 2124 1395 3801 1467">
     <span class='ocr_line' id='line_1_41' title="bbox 2124 1395 3801 1467; baseline 0.002 -20"><span class='ocrx_word' id='word_1_281' title='bbox 2124 1395 2275 1465; x_wconf 90' lang='lat' dir='ltr'>quod</span> <span class='ocrx_word' id='word_1_282' title='bbox 2307 1400 2391 1448; x_wconf 90' lang='lat' dir='ltr'>est</span> <span class='ocrx_word' id='word_1_283' title='bbox 2410 1395 2703 1465; x_wconf 88' lang='lat' dir='ltr'>requirere</span> <span class='ocrx_word' id='word_1_284' title='bbox 2738 1397 2915 1449; x_wconf 90' lang='lat' dir='ltr'>Deum</span> <span class='ocrx_word' id='word_1_285' title='bbox 2947 1412 3063 1449; x_wconf 90' lang='lat' dir='ltr'>non</span> <span class='ocrx_word' id='word_1_286' title='bbox 3096 1401 3219 1450; x_wconf 89' lang='lat' dir='ltr'>erat</span> <span class='ocrx_word' id='word_1_287' title='bbox 3256 1397 3355 1467; x_wconf 91' lang='lat' dir='ltr'>qui</span> <span class='ocrx_word' id='word_1_288' title='bbox 3404 1398 3624 1451; x_wconf 84' lang='lat' dir='ltr'>faceret</span> <span class='ocrx_word' id='word_1_289' title='bbox 3653 1414 3665 1449; x_wconf 92' lang='lat'>:</span> <span class='ocrx_word' id='word_1_290' title='bbox 3708 1414 3801 1450; x_wconf 88' lang='lat' dir='ltr'>non</span> 
     </span>
    </p>
   </div>
   <div class='ocr_carea' id='block_1_42' title="bbox 2125 1483 3803 1553">
    <p class='ocr_par' dir='ltr' id='par_1_42' title="bbox 2125 1483 3803 1553">
     <span class='ocr_line' id='line_1_42' title="bbox 2125 1483 3803 1553; baseline 0.002 -18"><span class='ocrx_word' id='word_1_291' title='bbox 2125 1488 2247 1535; x_wconf 91' lang='lat' dir='ltr'>erat</span> <span class='ocrx_word' id='word_1_292' title='bbox 2292 1499 2469 1550; x_wconf 90' lang='lat' dir='ltr'>usque</span> <span class='ocrx_word' id='word_1_293' title='bbox 2510 1483 2578 1536; x_wconf 91' lang='lat' dir='ltr'>ad</span> <span class='ocrx_word' id='word_1_294' title='bbox 2632 1500 2833 1549; x_wconf 89' lang='lat' dir='ltr'>unum,</span> <span class='ocrx_word' id='word_1_295' title='bbox 2883 1484 2978 1537; x_wconf 91' lang='lat' dir='ltr'>sed</span> <span class='ocrx_word' id='word_1_296' title='bbox 3038 1484 3096 1537; x_wconf 92' lang='lat' dir='ltr'>in</span> <span class='ocrx_word' id='word_1_297' title='bbox 3148 1501 3214 1537; x_wconf 90' lang='lat' dir='ltr'>eo</span> <span class='ocrx_word' id='word_1_298' title='bbox 3255 1501 3463 1553; x_wconf 88' lang='lat' dir='ltr'>genere</span> <span class='ocrx_word' id='word_1_299' title='bbox 3522 1485 3803 1538; x_wconf 87' lang='lat' dir='ltr'>hominum</span> 
     </span>
    </p>
   </div>
   <div class='ocr_carea' id='block_1_43' title="bbox 2124 1571 3804 1641">
    <p class='ocr_par' dir='ltr' id='par_1_43' title="bbox 2124 1571 3804 1641">
     <span class='ocr_line' id='line_1_43' title="bbox 2124 1571 3804 1641; baseline 0.001 -18"><span class='ocrx_word' id='word_1_300' title='bbox 2124 1571 2275 1641; x_wconf 81' lang='lat' dir='ltr'>quod</span> <span class='ocrx_word' id='word_1_301' title='bbox 2332 1572 2798 1641; x_wconf 67' lang='lat' dir='ltr'>praedestinatum</span> <span class='ocrx_word' id='word_1_302' title='bbox 2858 1578 2943 1625; x_wconf 83' lang='lat' dir='ltr'>est</span> <span class='ocrx_word' id='word_1_303' title='bbox 2988 1572 3059 1625; x_wconf 90' lang='lat' dir='ltr'>ad</span> <span class='ocrx_word' id='word_1_304' title='bbox 3132 1574 3448 1627; x_wconf 89' lang='lat' dir='ltr'>interitum.</span> <span class='ocrx_word' id='word_1_305' title='bbox 3496 1597 3513 1619; x_wconf 79' lang='grc' dir='ltr'>ι</span> <span class='ocrx_word' id='word_1_306' title='bbox 3561 1575 3696 1627; x_wconf 87' lang='lat' dir='ltr'>Item</span> <span class='ocrx_word' id='word_1_307' title='bbox 3749 1574 3804 1625; x_wconf 87' lang='lat' dir='ltr'>de</span> 
     </span>
    </p>
   </div>
   <div class='ocr_carea' id='block_1_44' title="bbox 2126 1660 3801 1730">
    <p class='ocr_par' dir='ltr' id='par_1_44' title="bbox 2126 1660 3801 1730">
     <span class='ocr_line' id='line_1_44' title="bbox 2126 1660 3801 1730; baseline -0.001 -17"><span class='ocrx_word' id='word_1_308' title='bbox 2126 1660 2346 1713; x_wconf 89' lang='lat' dir='ltr'>duabus</span> <span class='ocrx_word' id='word_1_309' title='bbox 2396 1660 2636 1730; x_wconf 86' lang='lat' dir='ltr'>loquens</span> <span class='ocrx_word' id='word_1_310' title='bbox 2690 1660 3033 1725; x_wconf 85' lang='lat' dir='ltr'>civitatibus,</span> <span class='ocrx_word' id='word_1_311' title='bbox 3072 1684 3093 1709; x_wconf 80' lang='grc' dir='ltr'>ι</span> <span class='ocrx_word' id='word_1_312' title='bbox 3147 1661 3397 1723; x_wconf 88' lang='lat' dir='ltr'>Quarum</span> <span class='ocrx_word' id='word_1_313' title='bbox 3451 1668 3561 1725; x_wconf 76' lang='lat' dir='ltr'>est,</span> <span class='ocrx_word' id='word_1_314' title='bbox 3616 1663 3801 1730; x_wconf 80' lang='lat' dir='ltr'>inquit.</span> 
     </span>
    </p>
   </div>
   <div class='ocr_carea' id='block_1_45' title="bbox 2129 1748 3802 1819">
    <p class='ocr_par' dir='ltr' id='par_1_45' title="bbox 2129 1748 3802 1819">
     <span class='ocr_line' id='line_1_45' title="bbox 2129 1748 3802 1819; baseline 0 -19"><span class='ocrx_word' id='word_1_315' title='bbox 2129 1764 2238 1800; x_wconf 88' lang='lat' dir='ltr'>una</span> <span class='ocrx_word' id='word_1_316' title='bbox 2271 1764 2398 1817; x_wconf 78' lang='lat' dir='ltr'>quae</span> <span class='ocrx_word' id='word_1_317' title='bbox 2431 1748 2834 1818; x_wconf 76' lang='lat' dir='ltr'>praedestinata</span> <span class='ocrx_word' id='word_1_318' title='bbox 2867 1754 2952 1801; x_wconf 84' lang='lat' dir='ltr'>est</span> <span class='ocrx_word' id='word_1_319' title='bbox 2992 1748 3050 1801; x_wconf 90' lang='lat' dir='ltr'>in</span> <span class='ocrx_word' id='word_1_320' title='bbox 3082 1756 3360 1803; x_wconf 63' lang='lat' dir='ltr'>aeternum</span> <span class='ocrx_word' id='word_1_321' title='bbox 3394 1766 3643 1819; x_wconf 88' lang='lat' dir='ltr'>regnare</span> <span class='ocrx_word' id='word_1_322' title='bbox 3693 1766 3802 1802; x_wconf 87' lang='lat' dir='ltr'>cum</span> 
     </span>
    </p>
   </div>
   <div class='ocr_carea' id='block_1_46' title="bbox 2058 1805 3806 1908">
    <p class='ocr_par' dir='ltr' id='par_1_46' title="bbox 2058 1805 3806 1908">
     <span class='ocr_line' id='line_1_46' title="bbox 2058 1805 3806 1908; baseline 0.001 -19"><span class='ocrx_word' id='word_1_323' title='bbox 2058 1805 2099 1859; x_wconf 78' lang='grc' dir='ltr'><strong>Β</strong></span> <span class='ocrx_word' id='word_1_324' title='bbox 2130 1837 2405 1900; x_wconf 89' lang='lat' dir='ltr'>Domino;</span> <span class='ocrx_word' id='word_1_325' title='bbox 2458 1836 2658 1904; x_wconf 88' lang='lat' dir='ltr'>altera,</span> <span class='ocrx_word' id='word_1_326' title='bbox 2708 1842 2985 1890; x_wconf 68' lang='lat' dir='ltr'>aitet-num</span> <span class='ocrx_word' id='word_1_327' title='bbox 3037 1840 3382 1908; x_wconf 78' lang='lat' dir='ltr'>supplicium</span> <span class='ocrx_word' id='word_1_328' title='bbox 3439 1839 3637 1893; x_wconf 89' lang='lat' dir='ltr'>subire</span> <span class='ocrx_word' id='word_1_329' title='bbox 3695 1855 3806 1891; x_wconf 89' lang='lat' dir='ltr'>cum</span> 
     </span>
    </p>
   </div>
   <div class='ocr_carea' id='block_1_47' title="bbox 2127 1924 3809 1997">
    <p class='ocr_par' dir='ltr' id='par_1_47' title="bbox 2127 1924 3809 1997">
     <span class='ocr_line' id='line_1_47' title="bbox 2127 1924 3809 1997; baseline 0.001 -20"><span class='ocrx_word' id='word_1_330' title='bbox 2127 1924 2375 1977; x_wconf 85' lang='lat' dir='ltr'>diabolo.</span> <span class='ocrx_word' id='word_1_331' title='bbox 2434 1948 2453 1971; x_wconf 75' lang='grc' dir='ltr'><strong>ι</strong></span> <span class='ocrx_word' id='word_1_332' title='bbox 2493 1926 2669 1978; x_wconf 85' lang='lat' dir='ltr'>Item:</span> <span class='ocrx_word' id='word_1_333' title='bbox 2706 1945 2733 1976; x_wconf 85' lang='lat'>«</span> <span class='ocrx_word' id='word_1_334' title='bbox 2790 1927 2849 1979; x_wconf 90' lang='lat' dir='ltr'>Si</span> <span class='ocrx_word' id='word_1_335' title='bbox 2903 1927 2973 1980; x_wconf 92' lang='lat' dir='ltr'>de</span> <span class='ocrx_word' id='word_1_336' title='bbox 3022 1928 3309 1997; x_wconf 87' lang='lat' dir='ltr'>aliquibus</span> <span class='ocrx_word' id='word_1_337' title='bbox 3343 1930 3418 1981; x_wconf 87' lang='lat' dir='ltr'>ita</span> <span class='ocrx_word' id='word_1_338' title='bbox 3473 1934 3635 1981; x_wconf 86' lang='lat' dir='ltr'>certa</span> <span class='ocrx_word' id='word_1_339' title='bbox 3683 1932 3809 1981; x_wconf 85' lang='lat' dir='ltr'>esset</span> 
     </span>
    </p>
   </div>
   <div class='ocr_carea' id='block_1_48' title="bbox 2130 2013 3806 2086">
    <p class='ocr_par' dir='ltr' id='par_1_48' title="bbox 2130 2013 3806 2086">
     <span class='ocr_line' id='line_1_48' title="bbox 2130 2013 3806 2086; baseline 0.001 -21"><span class='ocrx_word' id='word_1_340' title='bbox 2130 2013 2392 2081; x_wconf 88' lang='lat' dir='ltr'>Ecclesia,</span> <span class='ocrx_word' id='word_1_341' title='bbox 2436 2019 2502 2066; x_wconf 89' lang='lat' dir='ltr'>ut</span> <span class='ocrx_word' id='word_1_342' title='bbox 2529 2013 2629 2084; x_wconf 89' lang='lat' dir='ltr'>qui</span> <span class='ocrx_word' id='word_1_343' title='bbox 2662 2014 2776 2068; x_wconf 89' lang='lat' dir='ltr'>sint</span> <span class='ocrx_word' id='word_1_344' title='bbox 2822 2015 2906 2067; x_wconf 92' lang='lat' dir='ltr'>illi</span> <span class='ocrx_word' id='word_1_345' title='bbox 2941 2016 3112 2069; x_wconf 90' lang='lat' dir='ltr'>etiam</span> <span class='ocrx_word' id='word_1_346' title='bbox 3145 2023 3356 2081; x_wconf 80' lang='lat' dir='ltr'>nosset,</span> <span class='ocrx_word' id='word_1_347' title='bbox 3411 2017 3513 2086; x_wconf 91' lang='lat' dir='ltr'>qui</span> <span class='ocrx_word' id='word_1_348' title='bbox 3548 2017 3681 2069; x_wconf 86' lang='lat' dir='ltr'>licet</span> <span class='ocrx_word' id='word_1_349' title='bbox 3723 2018 3806 2068; x_wconf 87' lang='lat' dir='ltr'>ad-</span> 
     </span>
    </p>
   </div>
   <div class='ocr_carea' id='block_1_49' title="bbox 2126 2101 3806 2173">
    <p class='ocr_par' dir='ltr' id='par_1_49' title="bbox 2126 2101 3806 2173">
     <span class='ocr_line' id='line_1_49' title="bbox 2126 2101 3806 2173; baseline 0.001 -20"><span class='ocrx_word' id='word_1_350' title='bbox 2126 2101 2235 2154; x_wconf 92' lang='lat' dir='ltr'>huc</span> <span class='ocrx_word' id='word_1_351' title='bbox 2268 2102 2324 2154; x_wconf 92' lang='lat' dir='ltr'>in</span> <span class='ocrx_word' id='word_1_352' title='bbox 2376 2103 2479 2155; x_wconf 89' lang='lat' dir='ltr'>hac</span> <span class='ocrx_word' id='word_1_353' title='bbox 2521 2102 2633 2155; x_wconf 88' lang='lat' dir='ltr'>vita</span> <span class='ocrx_word' id='word_1_354' title='bbox 2677 2103 2792 2157; x_wconf 90' lang='lat' dir='ltr'>sint</span> <span class='ocrx_word' id='word_1_355' title='bbox 2841 2104 3158 2168; x_wconf 90' lang='lat' dir='ltr'>constituti,</span> <span class='ocrx_word' id='word_1_356' title='bbox 3199 2111 3389 2157; x_wconf 87' lang='lat' dir='ltr'>tamen</span> <span class='ocrx_word' id='word_1_357' title='bbox 3426 2105 3806 2173; x_wconf 73' lang='lat' dir='ltr'>praedestinati</span> 
     </span>
    </p>
   </div>
   <div class='ocr_carea' id='block_1_50' title="bbox 2127 2192 3807 2262">
    <p class='ocr_par' dir='ltr' id='par_1_50' title="bbox 2127 2192 3807 2262">
     <span class='ocr_line' id='line_1_50' title="bbox 2127 2192 3807 2262; baseline 0.001 -21"><span class='ocrx_word' id='word_1_358' title='bbox 2127 2196 2257 2243; x_wconf 90' lang='lat' dir='ltr'>sunt</span> <span class='ocrx_word' id='word_1_359' title='bbox 2289 2192 2346 2243; x_wconf 90' lang='lat' dir='ltr'>in</span> <span class='ocrx_word' id='word_1_360' title='bbox 2378 2196 2657 2244; x_wconf 69' lang='lat' dir='ltr'>aeternum</span> <span class='ocrx_word' id='word_1_361' title='bbox 2691 2192 2885 2261; x_wconf 89' lang='lat' dir='ltr'>ignem</span> <span class='ocrx_word' id='word_1_362' title='bbox 2911 2193 2991 2244; x_wconf 92' lang='lat' dir='ltr'>ire</span> <span class='ocrx_word' id='word_1_363' title='bbox 3016 2208 3143 2245; x_wconf 91' lang='lat' dir='ltr'>cum</span> <span class='ocrx_word' id='word_1_364' title='bbox 3179 2193 3429 2258; x_wconf 91' lang='lat' dir='ltr'>diabolo,</span> <span class='ocrx_word' id='word_1_365' title='bbox 3454 2198 3576 2245; x_wconf 91' lang='lat' dir='ltr'>tam</span> <span class='ocrx_word' id='word_1_366' title='bbox 3612 2210 3713 2262; x_wconf 90' lang='lat' dir='ltr'>pro</span> <span class='ocrx_word' id='word_1_367' title='bbox 3741 2194 3807 2244; x_wconf 83' lang='lat' dir='ltr'>eis</span> 
     </span>
    </p>
   </div>
   <div class='ocr_carea' id='block_1_51' title="bbox 2126 2281 3809 2352">
    <p class='ocr_par' dir='ltr' id='par_1_51' title="bbox 2126 2281 3809 2352">
     <span class='ocr_line' id='line_1_51' title="bbox 2126 2281 3809 2352; baseline 0.002 -22"><span class='ocrx_word' id='word_1_368' title='bbox 2126 2294 2242 2331; x_wconf 90' lang='lat' dir='ltr'>non</span> <span class='ocrx_word' id='word_1_369' title='bbox 2272 2285 2474 2341; x_wconf 89' lang='lat' dir='ltr'>oraret,</span> <span class='ocrx_word' id='word_1_370' title='bbox 2508 2296 2681 2349; x_wconf 86' lang='lat' dir='ltr'>quam</span> <span class='ocrx_word' id='word_1_371' title='bbox 2715 2297 2819 2333; x_wconf 90' lang='lat' dir='ltr'>nec</span> <span class='ocrx_word' id='word_1_372' title='bbox 2844 2298 2948 2351; x_wconf 86' lang='lat' dir='ltr'>pro</span> <span class='ocrx_word' id='word_1_373' title='bbox 2976 2281 3120 2352; x_wconf 90' lang='lat' dir='ltr'>ipso.</span> <span class='ocrx_word' id='word_1_374' title='bbox 3156 2302 3182 2329; x_wconf 87' lang='grc'><strong>››</strong></span> <span class='ocrx_word' id='word_1_375' title='bbox 3218 2283 3359 2335; x_wconf 90' lang='lat' dir='ltr'>Item</span> <span class='ocrx_word' id='word_1_376' title='bbox 3395 2300 3407 2334; x_wconf 89' lang='lat'>:</span> <span class='ocrx_word' id='word_1_377' title='bbox 3438 2303 3459 2330; x_wconf 80' lang='grc' dir='ltr'>ι</span> <span class='ocrx_word' id='word_1_378' title='bbox 3487 2282 3638 2345; x_wconf 87' lang='lat' dir='ltr'>Quid</span> <span class='ocrx_word' id='word_1_379' title='bbox 3673 2282 3809 2335; x_wconf 88' lang='lat' dir='ltr'>dabit</span> 
     </span>
    </p>
   </div>
   <div class='ocr_carea' id='block_1_52' title="bbox 2124 2367 3809 2440">
    <p class='ocr_par' dir='ltr' id='par_1_52' title="bbox 2124 2367 3809 2440">
     <span class='ocr_line' id='line_1_52' title="bbox 2124 2367 3809 2440; baseline 0 -19"><span class='ocrx_word' id='word_1_380' title='bbox 2124 2367 2211 2421; x_wconf 90' lang='lat' dir='ltr'>his</span> <span class='ocrx_word' id='word_1_381' title='bbox 2267 2384 2407 2438; x_wconf 89' lang='lat' dir='ltr'>quos</span> <span class='ocrx_word' id='word_1_382' title='bbox 2482 2369 2909 2438; x_wconf 85' lang='lat' dir='ltr'>praedestinavit</span> <span class='ocrx_word' id='word_1_383' title='bbox 2953 2370 3023 2423; x_wconf 90' lang='lat' dir='ltr'>ad</span> <span class='ocrx_word' id='word_1_384' title='bbox 3082 2370 3279 2435; x_wconf 86' lang='lat' dir='ltr'>vitam,</span> <span class='ocrx_word' id='word_1_385' title='bbox 3347 2371 3447 2440; x_wconf 91' lang='lat' dir='ltr'>qui</span> <span class='ocrx_word' id='word_1_386' title='bbox 3486 2371 3614 2424; x_wconf 82' lang='lat' dir='ltr'>haec</span> <span class='ocrx_word' id='word_1_387' title='bbox 3672 2372 3809 2424; x_wconf 88' lang='lat' dir='ltr'>dedit</span> 
     </span>
    </p>
   </div>
   <div class='ocr_carea' id='block_1_53' title="bbox 2124 2456 3533 2527">
    <p class='ocr_par' dir='ltr' id='par_1_53' title="bbox 2124 2456 3533 2527">
     <span class='ocr_line' id='line_1_53' title="bbox 2124 2456 3533 2527; baseline 0 -19"><span class='ocrx_word' id='word_1_388' title='bbox 2124 2457 2294 2509; x_wconf 89' lang='lat' dir='ltr'>etiam</span> <span class='ocrx_word' id='word_1_389' title='bbox 2322 2456 2424 2521; x_wconf 91' lang='lat' dir='ltr'>eis,</span> <span class='ocrx_word' id='word_1_390' title='bbox 2455 2473 2599 2527; x_wconf 70' lang='lat' dir='ltr'>quos</span> <span class='ocrx_word' id='word_1_391' title='bbox 2628 2457 3060 2527; x_wconf 59' lang='lat' dir='ltr'>praedestinavit</span> <span class='ocrx_word' id='word_1_392' title='bbox 3086 2459 3153 2512; x_wconf 88' lang='lat' dir='ltr'>ad</span> <span class='ocrx_word' id='word_1_393' title='bbox 3188 2459 3472 2512; x_wconf 85' lang='lat' dir='ltr'>mortem?</span> <span class='ocrx_word' id='word_1_394' title='bbox 3506 2479 3533 2508; x_wconf 63' lang='grc' dir='ltr'><strong>ω</strong></span> 
     </span>
    </p>
   </div>
   <div class='ocr_carea' id='block_1_54' title="bbox 2195 2544 3812 2617">
    <p class='ocr_par' dir='ltr' id='par_1_54' title="bbox 2195 2544 3812 2617">
     <span class='ocr_line' id='line_1_54' title="bbox 2195 2544 3812 2617; baseline 0 -19"><span class='ocrx_word' id='word_1_395' title='bbox 2195 2545 2335 2598; x_wconf 86' lang='lat' dir='ltr'>Item</span> <span class='ocrx_word' id='word_1_396' title='bbox 2369 2544 2429 2598; x_wconf 91' lang='lat' dir='ltr'>in</span> <span class='ocrx_word' id='word_1_397' title='bbox 2481 2546 2853 2600; x_wconf 87' lang='lat' dir='ltr'>Enchiridion</span> <span class='ocrx_word' id='word_1_398' title='bbox 2904 2547 3057 2617; x_wconf 91' lang='lat' dir='ltr'>quod</span> <span class='ocrx_word' id='word_1_399' title='bbox 3115 2564 3281 2601; x_wconf 84' lang='lat' dir='ltr'>senex</span> <span class='ocrx_word' id='word_1_400' title='bbox 3317 2548 3385 2601; x_wconf 92' lang='lat' dir='ltr'>de</span> <span class='ocrx_word' id='word_1_401' title='bbox 3428 2548 3566 2612; x_wconf 88' lang='lat' dir='ltr'>ﬁde,</span> <span class='ocrx_word' id='word_1_402' title='bbox 3623 2563 3720 2616; x_wconf 89' lang='lat' dir='ltr'>spe</span> <span class='ocrx_word' id='word_1_403' title='bbox 3766 2552 3812 2599; x_wconf 85' lang='lat' dir='ltr'>et</span> 
     </span>
    </p>
   </div>
   <div class='ocr_carea' id='block_1_55' title="bbox 2121 2633 3812 2705">
    <p class='ocr_par' dir='ltr' id='par_1_55' title="bbox 2121 2633 3812 2705">
     <span class='ocr_line' id='line_1_55' title="bbox 2121 2633 3812 2705; baseline 0.001 -19"><span class='ocrx_word' id='word_1_404' title='bbox 2121 2633 2419 2701; x_wconf 88' lang='lat' dir='ltr'>charitate,</span> <span class='ocrx_word' id='word_1_405' title='bbox 2492 2650 2661 2687; x_wconf 90' lang='lat' dir='ltr'>sensu</span> <span class='ocrx_word' id='word_1_406' title='bbox 2717 2636 3114 2702; x_wconf 89' lang='lat' dir='ltr'>subtilissimo,</span> <span class='ocrx_word' id='word_1_407' title='bbox 3167 2636 3398 2705; x_wconf 90' lang='lat' dir='ltr'>ingenio</span> <span class='ocrx_word' id='word_1_408' title='bbox 3464 2636 3812 2689; x_wconf 86' lang='lat' dir='ltr'>exercitatis-</span> 
     </span>
    </p>
   </div>
   <div class='ocr_carea' id='block_1_56' title="bbox 2122 2721 3811 2794">
    <p class='ocr_par' dir='ltr' id='par_1_56' title="bbox 2122 2721 3811 2794">
     <span class='ocr_line' id='line_1_56' title="bbox 2122 2721 3811 2794; baseline 0.001 -21"><span class='ocrx_word' id='word_1_409' title='bbox 2122 2721 2289 2787; x_wconf 91' lang='lat' dir='ltr'>simo,</span> <span class='ocrx_word' id='word_1_410' title='bbox 2320 2722 2552 2791; x_wconf 89' lang='lat' dir='ltr'>eloquio</span> <span class='ocrx_word' id='word_1_411' title='bbox 2582 2739 2812 2793; x_wconf 92' lang='lat' dir='ltr'>quoque</span> <span class='ocrx_word' id='word_1_412' title='bbox 2833 2723 3165 2793; x_wconf 90' lang='lat' dir='ltr'>purissimo,</span> <span class='ocrx_word' id='word_1_413' title='bbox 3196 2724 3459 2794; x_wconf 85' lang='lat' dir='ltr'>styloque</span> <span class='ocrx_word' id='word_1_414' title='bbox 3491 2724 3811 2777; x_wconf 87' lang='lat' dir='ltr'>luculentis-</span> 
     </span>
    </p>
   </div>
   <div class='ocr_carea' id='block_1_57' title="bbox 2122 2810 3812 2882">
    <p class='ocr_par' dir='ltr' id='par_1_57' title="bbox 2122 2810 3812 2882">
     <span class='ocr_line' id='line_1_57' title="bbox 2122 2810 3812 2882; baseline 0.001 -20"><span class='ocrx_word' id='word_1_415' title='bbox 2122 2810 2288 2874; x_wconf 89' lang='lat' dir='ltr'>simo,</span> <span class='ocrx_word' id='word_1_416' title='bbox 2346 2810 2687 2864; x_wconf 90' lang='lat' dir='ltr'>mirabiliter</span> <span class='ocrx_word' id='word_1_417' title='bbox 2729 2811 2837 2865; x_wconf 91' lang='lat' dir='ltr'>sibi</span> <span class='ocrx_word' id='word_1_418' title='bbox 2886 2828 2949 2865; x_wconf 90' lang='lat' dir='ltr'>ac</span> <span class='ocrx_word' id='word_1_419' title='bbox 3005 2811 3375 2882; x_wconf 90' lang='lat' dir='ltr'>singulariter</span> <span class='ocrx_word' id='word_1_420' title='bbox 3434 2813 3551 2865; x_wconf 92' lang='lat' dir='ltr'>Deo</span> <span class='ocrx_word' id='word_1_421' title='bbox 3602 2812 3812 2865; x_wconf 88' lang='lat' dir='ltr'>favente</span> 
     </span>
    </p>
   </div>
   <div class='ocr_carea' id='block_1_58' title="bbox 2122 2898 3810 2970">
    <p class='ocr_par' dir='ltr' id='par_1_58' title="bbox 2122 2898 3810 2970">
     <span class='ocr_line' id='line_1_58' title="bbox 2122 2898 3810 2970; baseline -0.001 -18"><span class='ocrx_word' id='word_1_422' title='bbox 2122 2898 2455 2968; x_wconf 89' lang='lat' dir='ltr'>conscripsit</span> <span class='ocrx_word' id='word_1_423' title='bbox 2503 2903 2559 2951; x_wconf 87' lang='lat' dir='ltr'>et</span> <span class='ocrx_word' id='word_1_424' title='bbox 2596 2898 2818 2953; x_wconf 88' lang='lat' dir='ltr'>edidit:</span> <span class='ocrx_word' id='word_1_425' title='bbox 2865 2918 2891 2949; x_wconf 90' lang='grc'><strong>((</strong></span> <span class='ocrx_word' id='word_1_426' title='bbox 2924 2900 3008 2953; x_wconf 86' lang='lat' dir='ltr'>Ad</span> <span class='ocrx_word' id='word_1_427' title='bbox 3044 2916 3265 2966; x_wconf 89' lang='lat' dir='ltr'>eorum,</span> <span class='ocrx_word' id='word_1_428' title='bbox 3317 2899 3527 2970; x_wconf 89' lang='lat' dir='ltr'>inquit,</span> <span class='ocrx_word' id='word_1_429' title='bbox 3584 2899 3810 2953; x_wconf 84' lang='lat' dir='ltr'>damna-</span> 
     </span>
    </p>
   </div>
   <div class='ocr_carea' id='block_1_59' title="bbox 2122 2988 3809 3059">
    <p class='ocr_par' dir='ltr' id='par_1_59' title="bbox 2122 2988 3809 3059">
     <span class='ocr_line' id='line_1_59' title="bbox 2122 2988 3809 3059; baseline -0.001 -19"><span class='ocrx_word' id='word_1_430' title='bbox 2122 2988 2335 3041; x_wconf 91' lang='lat' dir='ltr'>tionem</span> <span class='ocrx_word' id='word_1_431' title='bbox 2370 3003 2513 3058; x_wconf 89' lang='lat' dir='ltr'>quos</span> <span class='ocrx_word' id='word_1_432' title='bbox 2545 2988 2701 3056; x_wconf 80' lang='lat' dir='ltr'>justo</span> <span class='ocrx_word' id='word_1_433' title='bbox 2739 2988 3166 3058; x_wconf 70' lang='lat' dir='ltr'>praedestinavit</span> <span class='ocrx_word' id='word_1_434' title='bbox 3195 2988 3258 3041; x_wconf 85' lang='lat' dir='ltr'>ad</span> <span class='ocrx_word' id='word_1_435' title='bbox 3290 3005 3540 3059; x_wconf 62' lang='lat' dir='ltr'>poenam.</span> <span class='ocrx_word' id='word_1_436' title='bbox 3580 3011 3607 3035; x_wconf 82' lang='lat' dir='ltr'><em>n</em></span> <span class='ocrx_word' id='word_1_437' title='bbox 3647 2990 3809 3042; x_wconf 89' lang='lat' dir='ltr'>Item:</span> 
     </span>
    </p>
   </div>
   <div class='ocr_carea' id='block_1_60' title="bbox 319 3074 3813 3158">
    <p class='ocr_par' dir='ltr' id='par_1_60' title="bbox 319 3074 3813 3158">
     <span class='ocr_line' id='line_1_60' title="bbox 319 3074 3813 3158; baseline -0.001 -27"><span class='ocrx_word' id='word_1_438' title='bbox 319 3082 490 3149; x_wconf 87' lang='lat' dir='ltr'>atque</span> <span class='ocrx_word' id='word_1_439' title='bbox 520 3076 657 3129; x_wconf 90' lang='lat' dir='ltr'>alibi</span> <span class='ocrx_word' id='word_1_440' title='bbox 686 3076 757 3130; x_wconf 91' lang='lat' dir='ltr'>ad</span> <span class='ocrx_word' id='word_1_441' title='bbox 789 3082 1026 3129; x_wconf 91' lang='lat' dir='ltr'>mortem</span> <span class='ocrx_word' id='word_1_442' title='bbox 1061 3076 1307 3129; x_wconf 89' lang='lat' dir='ltr'>fateatur</span> <span class='ocrx_word' id='word_1_443' title='bbox 1335 3090 1457 3128; x_wconf 91' lang='lat' dir='ltr'>esse</span> <span class='ocrx_word' id='word_1_444' title='bbox 1504 3074 2011 3145; x_wconf 68' lang='lat' dir='ltr'>praedestinatione</span> <span class='ocrx_word' id='word_1_445' title='bbox 2051 3102 2090 3158; x_wconf 67' lang='grc' dir='ltr'>Ο</span> <span class='ocrx_word' id='word_1_446' title='bbox 2120 3077 2181 3129; x_wconf 92' lang='lat' dir='ltr'>in</span> <span class='ocrx_word' id='word_1_447' title='bbox 2227 3076 2423 3129; x_wconf 87' lang='lat' dir='ltr'>eodem</span> <span class='ocrx_word' id='word_1_448' title='bbox 2457 3076 2724 3129; x_wconf 89' lang='lat' dir='ltr'>dicuntur</span> <span class='ocrx_word' id='word_1_449' title='bbox 2758 3078 2927 3130; x_wconf 91' lang='lat' dir='ltr'>etiam</span> <span class='ocrx_word' id='word_1_450' title='bbox 2982 3077 3087 3131; x_wconf 92' lang='lat' dir='ltr'>ﬁlii</span> <span class='ocrx_word' id='word_1_451' title='bbox 3135 3078 3415 3147; x_wconf 71' lang='lat' dir='ltr'>gehennaa</span> <span class='ocrx_word' id='word_1_452' title='bbox 3452 3094 3571 3131; x_wconf 83' lang='lat' dir='ltr'>non</span> <span class='ocrx_word' id='word_1_453' title='bbox 3606 3094 3672 3131; x_wconf 79' lang='lat' dir='ltr'>ex</span> <span class='ocrx_word' id='word_1_454' title='bbox 3729 3077 3813 3129; x_wconf 89' lang='lat' dir='ltr'>illa</span> 
     </span>
    </p>
   </div>
   <div class='ocr_carea' id='block_1_61' title="bbox 316 3162 2013 3234">
    <p class='ocr_par' dir='ltr' id='par_1_61' title="bbox 316 3162 2013 3234">
     <span class='ocr_line' id='line_1_61' title="bbox 316 3162 2013 3234; baseline -0.002 -15"><span class='ocrx_word' id='word_1_455' title='bbox 316 3165 775 3219; x_wconf 87' lang='lat' dir='ltr'>condemnatos:</span> <span class='ocrx_word' id='word_1_456' title='bbox 827 3170 1134 3234; x_wconf 90' lang='lat' dir='ltr'>utrumque</span> <span class='ocrx_word' id='word_1_457' title='bbox 1191 3180 1426 3232; x_wconf 91' lang='lat' dir='ltr'>prorsus</span> <span class='ocrx_word' id='word_1_458' title='bbox 1474 3179 1673 3217; x_wconf 89' lang='lat' dir='ltr'>verum</span> <span class='ocrx_word' id='word_1_459' title='bbox 1717 3169 1822 3228; x_wconf 92' lang='lat' dir='ltr'>est,</span> <span class='ocrx_word' id='word_1_460' title='bbox 1875 3162 2013 3232; x_wconf 86' lang='lat' dir='ltr'>quia</span> 
     </span>
    </p>
   </div>
   <div class='ocr_carea' id='block_1_62' title="bbox 318 3252 2009 3322">
    <p class='ocr_par' dir='ltr' id='par_1_62' title="bbox 318 3252 2009 3322">
     <span class='ocr_line' id='line_1_62' title="bbox 318 3252 2009 3322; baseline -0.003 -14"><span class='ocrx_word' id='word_1_461' title='bbox 318 3255 411 3308; x_wconf 88' lang='lat' dir='ltr'>hic</span> <span class='ocrx_word' id='word_1_462' title='bbox 442 3256 549 3308; x_wconf 89' lang='lat' dir='ltr'>hoc</span> <span class='ocrx_word' id='word_1_463' title='bbox 581 3258 891 3322; x_wconf 89' lang='lat' dir='ltr'>utrumque</span> <span class='ocrx_word' id='word_1_464' title='bbox 932 3267 1134 3305; x_wconf 85' lang='lat' dir='ltr'>verum</span> <span class='ocrx_word' id='word_1_465' title='bbox 1166 3256 1269 3305; x_wconf 86' lang='lat' dir='ltr'>est.</span> <span class='ocrx_word' id='word_1_466' title='bbox 1312 3253 1452 3305; x_wconf 87' lang='lat' dir='ltr'>Nam</span> <span class='ocrx_word' id='word_1_467' title='bbox 1490 3252 1637 3305; x_wconf 91' lang='lat' dir='ltr'>sicut</span> <span class='ocrx_word' id='word_1_468' title='bbox 1665 3252 1818 3304; x_wconf 91' lang='lat' dir='ltr'>idem</span> <span class='ocrx_word' id='word_1_469' title='bbox 1846 3267 2009 3321; x_wconf 87' lang='lat' dir='ltr'>saga-</span> 
     </span>
    </p>
   </div>
   <div class='ocr_carea' id='block_1_63' title="bbox 316 3339 2013 3412">
    <p class='ocr_par' dir='ltr' id='par_1_63' title="bbox 316 3339 2013 3412">
     <span class='ocr_line' id='line_1_63' title="bbox 316 3339 2013 3412; baseline -0.004 -15"><span class='ocrx_word' id='word_1_470' title='bbox 316 3344 458 3398; x_wconf 92' lang='lat' dir='ltr'>citer</span> <span class='ocrx_word' id='word_1_471' title='bbox 501 3348 674 3412; x_wconf 89' lang='lat' dir='ltr'>atque</span> <span class='ocrx_word' id='word_1_472' title='bbox 722 3340 996 3394; x_wconf 88' lang='lat' dir='ltr'>veraciter</span> <span class='ocrx_word' id='word_1_473' title='bbox 1047 3340 1276 3400; x_wconf 80' lang='lat' dir='ltr'>fatetur,</span> <span class='ocrx_word' id='word_1_474' title='bbox 1318 3339 1609 3393; x_wconf 90' lang='lat' dir='ltr'>interdum</span> <span class='ocrx_word' id='word_1_475' title='bbox 1654 3339 2013 3409; x_wconf 66' lang='lat' dir='ltr'>praescientia</span> 
     </span>
    </p>
   </div>
   <div class='ocr_carea' id='block_1_64' title="bbox 316 3429 2013 3501">
    <p class='ocr_par' dir='ltr' id='par_1_64' title="bbox 316 3429 2013 3501">
     <span class='ocr_line' id='line_1_64' title="bbox 316 3429 2013 3501; baseline -0.004 -16"><span class='ocrx_word' id='word_1_476' title='bbox 316 3448 421 3501; x_wconf 87' lang='lat' dir='ltr'>pro</span> <span class='ocrx_word' id='word_1_477' title='bbox 453 3430 955 3501; x_wconf 63' lang='lat' dir='ltr'>praedestinatione</span> <span class='ocrx_word' id='word_1_478' title='bbox 986 3429 1240 3498; x_wconf 90' lang='lat' dir='ltr'>ponitur.</span> <span class='ocrx_word' id='word_1_479' title='bbox 1273 3429 1467 3499; x_wconf 82' lang='lat' dir='ltr'>Neqtie</span> <span class='ocrx_word' id='word_1_480' title='bbox 1495 3445 1691 3481; x_wconf 88' lang='lat' dir='ltr'>revera</span> <span class='ocrx_word' id='word_1_481' title='bbox 1731 3433 2013 3497; x_wconf 84' lang='lat' dir='ltr'>repugnat</span> 
     </span>
    </p>
   </div>
   <div class='ocr_carea' id='block_1_65' title="bbox 318 3516 2010 3591">
    <p class='ocr_par' dir='ltr' id='par_1_65' title="bbox 318 3516 2010 3591">
     <span class='ocr_line' id='line_1_65' title="bbox 318 3516 2010 3591; baseline -0.004 -17"><span class='ocrx_word' id='word_1_482' title='bbox 318 3521 488 3591; x_wconf 90' lang='lat' dir='ltr'>(quod</span> <span class='ocrx_word' id='word_1_483' title='bbox 540 3519 715 3589; x_wconf 88' lang='lat' dir='ltr'>absit)</span> <span class='ocrx_word' id='word_1_484' title='bbox 744 3519 840 3571; x_wconf 90' lang='lat' dir='ltr'>sed</span> <span class='ocrx_word' id='word_1_485' title='bbox 902 3517 1124 3571; x_wconf 88' lang='lat' dir='ltr'>veritati</span> <span class='ocrx_word' id='word_1_486' title='bbox 1175 3516 1366 3587; x_wconf 90' lang='lat' dir='ltr'>potius</span> <span class='ocrx_word' id='word_1_487' title='bbox 1403 3532 1717 3586; x_wconf 88' lang='lat' dir='ltr'>congruere</span> <span class='ocrx_word' id='word_1_488' title='bbox 1766 3516 2010 3581; x_wconf 91' lang='lat' dir='ltr'>videtur,</span> 
     </span>
    </p>
   </div>
   <div class='ocr_carea' id='block_1_66' title="bbox 315 3604 2013 3679">
    <p class='ocr_par' dir='ltr' id='par_1_66' title="bbox 315 3604 2013 3679">
     <span class='ocr_line' id='line_1_66' title="bbox 315 3604 2013 3679; baseline -0.003 -17"><span class='ocrx_word' id='word_1_489' title='bbox 315 3610 482 3679; x_wconf 87' lang='lat' dir='ltr'>quale</span> <span class='ocrx_word' id='word_1_490' title='bbox 514 3608 653 3662; x_wconf 90' lang='lat' dir='ltr'>illud</span> <span class='ocrx_word' id='word_1_491' title='bbox 694 3607 958 3660; x_wconf 91' lang='lat' dir='ltr'>videlicet</span> <span class='ocrx_word' id='word_1_492' title='bbox 1005 3612 1090 3659; x_wconf 91' lang='lat' dir='ltr'>est</span> <span class='ocrx_word' id='word_1_493' title='bbox 1131 3605 1286 3676; x_wconf 91' lang='lat' dir='ltr'>quod</span> <span class='ocrx_word' id='word_1_494' title='bbox 1325 3606 1633 3674; x_wconf 88' lang='lat' dir='ltr'>Apostolus</span> <span class='ocrx_word' id='word_1_495' title='bbox 1681 3604 1817 3657; x_wconf 90' lang='lat' dir='ltr'>dicit</span> <span class='ocrx_word' id='word_1_496' title='bbox 1850 3621 1861 3657; x_wconf 92' lang='lat'>:</span> <span class='ocrx_word' id='word_1_497' title='bbox 1895 3606 2013 3658; x_wconf 86' lang='lat' dir='ltr'>Non</span> 
     </span>
    </p>
   </div>
   <div class='ocr_carea' id='block_1_67' title="bbox 311 3693 2009 3767">
    <p class='ocr_par' dir='ltr' id='par_1_67' title="bbox 311 3693 2009 3767">
     <span class='ocr_line' id='line_1_67' title="bbox 311 3693 2009 3767; baseline -0.005 -15"><span class='ocrx_word' id='word_1_498' title='bbox 311 3698 515 3767; x_wconf 81' lang='lat' dir='ltr'>repulit</span> <span class='ocrx_word' id='word_1_499' title='bbox 558 3700 695 3751; x_wconf 87' lang='lat' dir='ltr'>Deus</span> <span class='ocrx_word' id='word_1_500' title='bbox 727 3696 936 3764; x_wconf 80' lang='lat' dir='ltr'>plebem</span> <span class='ocrx_word' id='word_1_501' title='bbox 980 3710 1157 3759; x_wconf 90' lang='lat' dir='ltr'>suam,</span> <span class='ocrx_word' id='word_1_502' title='bbox 1197 3709 1361 3762; x_wconf 88' lang='lat' dir='ltr'>quam</span> <span class='ocrx_word' id='word_1_503' title='bbox 1404 3695 1680 3762; x_wconf 65' lang='lat' dir='ltr'>praesciuit</span> <span class='ocrx_word' id='word_1_504' title='bbox 1729 3693 1898 3762; x_wconf 85' lang='lat' dir='ltr'>(Rom.</span> <span class='ocrx_word' id='word_1_505' title='bbox 1932 3708 2009 3756; x_wconf 83' lang='lat' dir='ltr'>xi,</span> 
     </span>
    </p>
   </div>
   <div class='ocr_carea' id='block_1_68' title="bbox 312 3780 2011 3856">
    <p class='ocr_par' dir='ltr' id='par_1_68' title="bbox 312 3780 2011 3856">
     <span class='ocr_line' id='line_1_68' title="bbox 312 3780 2011 3856; baseline -0.006 -14"><span class='ocrx_word' id='word_1_506' title='bbox 312 3786 392 3856; x_wconf 87' lang='lat'>‘7),</span> <span class='ocrx_word' id='word_1_507' title='bbox 426 3802 556 3841; x_wconf 90' lang='lat' dir='ltr'>cum</span> <span class='ocrx_word' id='word_1_508' title='bbox 588 3792 782 3839; x_wconf 88' lang='lat' dir='ltr'>tamen</span> <span class='ocrx_word' id='word_1_509' title='bbox 815 3784 920 3838; x_wconf 90' lang='lat' dir='ltr'>hoc</span> <span class='ocrx_word' id='word_1_510' title='bbox 950 3784 1109 3850; x_wconf 87' lang='lat' dir='ltr'>alias,</span> <span class='ocrx_word' id='word_1_511' title='bbox 1151 3788 1462 3853; x_wconf 89' lang='lat' dir='ltr'>utrumque</span> <span class='ocrx_word' id='word_1_512' title='bbox 1492 3780 1725 3853; x_wconf 90' lang='lat' dir='ltr'>quidem</span> <span class='ocrx_word' id='word_1_513' title='bbox 1759 3780 2011 3850; x_wconf 85' lang='lat' dir='ltr'>jungens</span> 
     </span>
    </p>
   </div>
   <div class='ocr_carea' id='block_1_69' title="bbox 314 3868 2010 3937">
    <p class='ocr_par' dir='ltr' id='par_1_69' title="bbox 314 3868 2010 3937">
     <span class='ocr_line' id='line_1_69' title="bbox 314 3868 2010 3937; baseline -0.006 -8"><span class='ocrx_word' id='word_1_514' title='bbox 314 3875 412 3929; x_wconf 87' lang='lat' dir='ltr'>sed</span> <span class='ocrx_word' id='word_1_515' title='bbox 451 3875 522 3928; x_wconf 87' lang='lat' dir='ltr'>ab</span> <span class='ocrx_word' id='word_1_516' title='bbox 571 3874 854 3927; x_wconf 89' lang='lat' dir='ltr'>invincem</span> <span class='ocrx_word' id='word_1_517' title='bbox 910 3871 1235 3925; x_wconf 87' lang='lat' dir='ltr'>rationabili</span> <span class='ocrx_word' id='word_1_518' title='bbox 1272 3870 1591 3924; x_wconf 73' lang='lat' dir='ltr'>differentia</span> <span class='ocrx_word' id='word_1_519' title='bbox 1650 3868 2010 3937; x_wconf 89' lang='lat' dir='ltr'>distinguens</span> 
     </span>
    </p>
   </div>
   <div class='ocr_carea' id='block_1_70' title="bbox 314 3958 2010 4016">
    <p class='ocr_par' dir='ltr' id='par_1_70' title="bbox 314 3958 2010 4016">
     <span class='ocr_line' id='line_1_70' title="bbox 314 3958 2010 4016; baseline -0.005 0"><span class='ocrx_word' id='word_1_520' title='bbox 314 3962 656 4016; x_wconf 90' lang='lat' dir='ltr'>mirabiliter</span> <span class='ocrx_word' id='word_1_521' title='bbox 686 3961 977 4015; x_wconf 86' lang='lat' dir='ltr'>deﬁnierit</span> <span class='ocrx_word' id='word_1_522' title='bbox 1020 3961 1258 4015; x_wconf 91' lang='lat' dir='ltr'>dicens:</span> <span class='ocrx_word' id='word_1_523' title='bbox 1313 3958 1817 4013; x_wconf 69' lang='lat' dir='ltr'>Prtedestinatione</span> <span class='ocrx_word' id='word_1_524' title='bbox 1862 3958 2010 4010; x_wconf 90' lang='lat' dir='ltr'>Deus</span> 
     </span>
    </p>
   </div>
   <div class='ocr_carea' id='block_1_71' title="bbox 314 4046 2008 4120">
    <p class='ocr_par' dir='ltr' id='par_1_71' title="bbox 314 4046 2008 4120">
     <span class='ocr_line' id='line_1_71' title="bbox 314 4046 2008 4120; baseline -0.004 -16"><span class='ocrx_word' id='word_1_525' title='bbox 314 4067 381 4105; x_wconf 88' lang='lat' dir='ltr'>ea</span> <span class='ocrx_word' id='word_1_526' title='bbox 425 4051 731 4120; x_wconf 72' lang='lat' dir='ltr'>prtescivit,</span> <span class='ocrx_word' id='word_1_527' title='bbox 767 4066 895 4115; x_wconf 72' lang='lat' dir='ltr'>quae</span> <span class='ocrx_word' id='word_1_528' title='bbox 927 4050 1112 4103; x_wconf 75' lang='lat' dir='ltr'>fuerat</span> <span class='ocrx_word' id='word_1_529' title='bbox 1144 4049 1265 4117; x_wconf 83' lang='lat' dir='ltr'>ipse</span> <span class='ocrx_word' id='word_1_530' title='bbox 1295 4049 1563 4102; x_wconf 88' lang='lat' dir='ltr'>facturus.</span> <span class='ocrx_word' id='word_1_531' title='bbox 1603 4046 1763 4100; x_wconf 90' lang='lat' dir='ltr'>Unde</span> <span class='ocrx_word' id='word_1_532' title='bbox 1794 4046 2008 4099; x_wconf 86' lang='lat' dir='ltr'>dictum</span> 
     </span>
    </p>
   </div>
   <div class='ocr_carea' id='block_1_72' title="bbox 315 4136 2004 4206">
    <p class='ocr_par' dir='ltr' id='par_1_72' title="bbox 315 4136 2004 4206">
     <span class='ocr_line' id='line_1_72' title="bbox 315 4136 2004 4206; baseline -0.003 -15"><span class='ocrx_word' id='word_1_533' title='bbox 315 4144 399 4192; x_wconf 88' lang='lat' dir='ltr'>est</span> <span class='ocrx_word' id='word_1_534' title='bbox 430 4156 443 4192; x_wconf 90' lang='lat'>:</span> <span class='ocrx_word' id='word_1_535' title='bbox 470 4142 691 4193; x_wconf 81' lang='lat' dir='ltr'>Faciens</span> <span class='ocrx_word' id='word_1_536' title='bbox 733 4154 850 4206; x_wconf 73' lang='lat' dir='ltr'>quae</span> <span class='ocrx_word' id='word_1_537' title='bbox 879 4140 1074 4203; x_wconf 81' lang='lat' dir='ltr'>futura</span> <span class='ocrx_word' id='word_1_538' title='bbox 1117 4142 1241 4189; x_wconf 89' lang='lat' dir='ltr'>sunt</span> <span class='ocrx_word' id='word_1_539' title='bbox 1274 4136 1401 4203; x_wconf 87' lang='lat' dir='ltr'>(Isa.</span> <span class='ocrx_word' id='word_1_540' title='bbox 1438 4152 1559 4201; x_wconf 85' lang='lat' dir='ltr'>va,</span> <span class='ocrx_word' id='word_1_541' title='bbox 1591 4140 1645 4201; x_wconf 87' lang='lat'>7,</span> <span class='ocrx_word' id='word_1_542' title='bbox 1678 4150 1778 4188; x_wconf 89' lang='lat' dir='ltr'>sec.</span> <span class='ocrx_word' id='word_1_543' title='bbox 1820 4136 2004 4201; x_wconf 80' lang='lat' dir='ltr'>LXX).</span> 
     </span>
    </p>
   </div>
   <div class='ocr_carea' id='block_1_73' title="bbox 318 4222 2007 4295">
    <p class='ocr_par' dir='ltr' id='par_1_73' title="bbox 318 4222 2007 4295">
     <span class='ocr_line' id='line_1_73' title="bbox 318 4222 2007 4295; baseline -0.002 -16"><span class='ocrx_word' id='word_1_544' title='bbox 318 4228 457 4279; x_wconf 89' lang='lat' dir='ltr'>Item</span> <span class='ocrx_word' id='word_1_545' title='bbox 487 4226 625 4295; x_wconf 90' lang='lat' dir='ltr'>quid</span> <span class='ocrx_word' id='word_1_546' title='bbox 672 4226 745 4278; x_wconf 90' lang='lat' dir='ltr'>sit</span> <span class='ocrx_word' id='word_1_547' title='bbox 783 4224 1211 4295; x_wconf 69' lang='lat' dir='ltr'>praadestinatio</span> <span class='ocrx_word' id='word_1_548' title='bbox 1252 4224 1478 4294; x_wconf 89' lang='lat' dir='ltr'>planius</span> <span class='ocrx_word' id='word_1_549' title='bbox 1527 4228 1581 4277; x_wconf 89' lang='lat' dir='ltr'>et</span> <span class='ocrx_word' id='word_1_550' title='bbox 1620 4222 1848 4293; x_wconf 88' lang='lat' dir='ltr'>plenius</span> <span class='ocrx_word' id='word_1_551' title='bbox 1878 4238 2007 4275; x_wconf 93' lang='lat' dir='ltr'>cum</span> 
     </span>
    </p>
   </div>
   <div class='ocr_carea' id='block_1_74' title="bbox 317 4312 2007 4384">
    <p class='ocr_par' dir='ltr' id='par_1_74' title="bbox 317 4312 2007 4384">
     <span class='ocr_line' id='line_1_74' title="bbox 317 4312 2007 4384; baseline -0.002 -19"><span class='ocrx_word' id='word_1_552' title='bbox 317 4313 677 4384; x_wconf 63' lang='lat' dir='ltr'>praescientia</span> <span class='ocrx_word' id='word_1_553' title='bbox 714 4318 1077 4380; x_wconf 88' lang='lat' dir='ltr'>connectens,</span> <span class='ocrx_word' id='word_1_554' title='bbox 1109 4312 1185 4365; x_wconf 90' lang='lat' dir='ltr'>ita</span> <span class='ocrx_word' id='word_1_555' title='bbox 1217 4312 1286 4365; x_wconf 92' lang='lat' dir='ltr'>de</span> <span class='ocrx_word' id='word_1_556' title='bbox 1333 4312 1606 4365; x_wconf 88' lang='lat' dir='ltr'>Trinitate</span> <span class='ocrx_word' id='word_1_557' title='bbox 1637 4312 1851 4365; x_wconf 91' lang='lat' dir='ltr'>dicens.</span> <span class='ocrx_word' id='word_1_558' title='bbox 1889 4330 1915 4360; x_wconf 77' lang='grc' dir='ltr'>ί(</span> <span class='ocrx_word' id='word_1_559' title='bbox 1946 4312 2007 4363; x_wconf 91' lang='lat' dir='ltr'>In</span> 
     </span>
    </p>
   </div>
   <div class='ocr_carea' id='block_1_75' title="bbox 2121 3165 3812 3236">
    <p class='ocr_par' dir='ltr' id='par_1_75' title="bbox 2121 3165 3812 3236">
     <span class='ocr_line' id='line_1_75' title="bbox 2121 3165 3812 3236; baseline -0.001 -18"><span class='ocrx_word' id='word_1_560' title='bbox 2121 3166 2264 3229; x_wconf 89' lang='lat' dir='ltr'>nati,</span> <span class='ocrx_word' id='word_1_561' title='bbox 2313 3166 2409 3218; x_wconf 92' lang='lat' dir='ltr'>sed</span> <span class='ocrx_word' id='word_1_562' title='bbox 2466 3165 2524 3218; x_wconf 92' lang='lat' dir='ltr'>in</span> <span class='ocrx_word' id='word_1_563' title='bbox 2563 3166 2658 3217; x_wconf 90' lang='lat' dir='ltr'>illa</span> <span class='ocrx_word' id='word_1_564' title='bbox 2691 3166 3014 3236; x_wconf 59' lang='lat' dir='ltr'>praeparati,</span> <span class='ocrx_word' id='word_1_565' title='bbox 3068 3166 3211 3219; x_wconf 87' lang='lat' dir='ltr'>sicut</span> <span class='ocrx_word' id='word_1_566' title='bbox 3240 3166 3344 3220; x_wconf 85' lang='lat' dir='ltr'>ﬁlii</span> <span class='ocrx_word' id='word_1_567' title='bbox 3379 3166 3541 3235; x_wconf 89' lang='lat' dir='ltr'>regni</span> <span class='ocrx_word' id='word_1_568' title='bbox 3592 3182 3812 3235; x_wconf 66' lang='lat' dir='ltr'>prmpa-</span> 
     </span>
    </p>
   </div>
   <div class='ocr_carea' id='block_1_76' title="bbox 2125 3253 3812 3324">
    <p class='ocr_par' dir='ltr' id='par_1_76' title="bbox 2125 3253 3812 3324">
     <span class='ocr_line' id='line_1_76' title="bbox 2125 3253 3812 3324; baseline -0.002 -17"><span class='ocrx_word' id='word_1_569' title='bbox 2125 3260 2322 3307; x_wconf 88' lang='lat' dir='ltr'>rantur</span> <span class='ocrx_word' id='word_1_570' title='bbox 2354 3254 2410 3306; x_wconf 91' lang='lat' dir='ltr'>in</span> <span class='ocrx_word' id='word_1_571' title='bbox 2443 3269 2709 3323; x_wconf 91' lang='lat' dir='ltr'>regnum.</span> <span class='ocrx_word' id='word_1_572' title='bbox 2745 3253 2890 3317; x_wconf 89' lang='lat' dir='ltr'>Quid</span> <span class='ocrx_word' id='word_1_573' title='bbox 2943 3260 3239 3324; x_wconf 68' lang='lat' dir='ltr'>quaeretur</span> <span class='ocrx_word' id='word_1_574' title='bbox 3270 3254 3643 3308; x_wconf 82' lang='lat' dir='ltr'>evidentius?</span> <span class='ocrx_word' id='word_1_575' title='bbox 3680 3253 3812 3318; x_wconf 89' lang='lat' dir='ltr'>Quid</span> 
     </span>
    </p>
   </div>
   <div class='ocr_carea' id='block_1_77' title="bbox 2124 3342 3815 3413">
    <p class='ocr_par' dir='ltr' id='par_1_77' title="bbox 2124 3342 3815 3413">
     <span class='ocr_line' id='line_1_77' title="bbox 2124 3342 3815 3413; baseline -0.001 -18"><span class='ocrx_word' id='word_1_576' title='bbox 2124 3342 2496 3396; x_wconf 79' lang='lat' dir='ltr'>sufﬁcientius</span> <span class='ocrx_word' id='word_1_577' title='bbox 2519 3342 2546 3396; x_wconf 79' lang='lat'>?</span> <span class='ocrx_word' id='word_1_578' title='bbox 2582 3364 2602 3390; x_wconf 88' lang='grc'><em>‹</em></span> <span class='ocrx_word' id='word_1_579' title='bbox 2640 3342 2813 3407; x_wconf 89' lang='lat' dir='ltr'>Sicut,</span> <span class='ocrx_word' id='word_1_580' title='bbox 2855 3343 3064 3412; x_wconf 90' lang='lat' dir='ltr'>inquit,</span> <span class='ocrx_word' id='word_1_581' title='bbox 3093 3342 3193 3396; x_wconf 89' lang='lat' dir='ltr'>ﬁlii</span> <span class='ocrx_word' id='word_1_582' title='bbox 3227 3343 3391 3411; x_wconf 89' lang='lat' dir='ltr'>regni</span> <span class='ocrx_word' id='word_1_583' title='bbox 3419 3348 3815 3413; x_wconf 63' lang='lat' dir='ltr'>praeparantur</span> 
     </span>
    </p>
   </div>
   <div class='ocr_carea' id='block_1_78' title="bbox 2121 3431 3812 3501">
    <p class='ocr_par' dir='ltr' id='par_1_78' title="bbox 2121 3431 3812 3501">
     <span class='ocr_line' id='line_1_78' title="bbox 2121 3431 3812 3501; baseline -0.001 -16"><span class='ocrx_word' id='word_1_584' title='bbox 2121 3433 2178 3485; x_wconf 91' lang='lat' dir='ltr'>in</span> <span class='ocrx_word' id='word_1_585' title='bbox 2211 3448 2478 3501; x_wconf 91' lang='lat' dir='ltr'>regnum,</span> <span class='ocrx_word' id='word_1_586' title='bbox 2503 3431 2581 3484; x_wconf 92' lang='lat' dir='ltr'>sic</span> <span class='ocrx_word' id='word_1_587' title='bbox 2599 3431 2773 3485; x_wconf 89' lang='lat' dir='ltr'>etiam</span> <span class='ocrx_word' id='word_1_588' title='bbox 2798 3432 2899 3484; x_wconf 89' lang='lat' dir='ltr'>ﬁlii</span> <span class='ocrx_word' id='word_1_589' title='bbox 2930 3433 3208 3501; x_wconf 67' lang='lat' dir='ltr'>gehennte</span> <span class='ocrx_word' id='word_1_590' title='bbox 3236 3432 3294 3484; x_wconf 93' lang='lat' dir='ltr'>in</span> <span class='ocrx_word' id='word_1_591' title='bbox 3328 3432 3482 3484; x_wconf 89' lang='lat' dir='ltr'>illam</span> <span class='ocrx_word' id='word_1_592' title='bbox 3508 3436 3649 3485; x_wconf 90' lang='lat' dir='ltr'>sunt</span> <span class='ocrx_word' id='word_1_593' title='bbox 3671 3448 3812 3501; x_wconf 63' lang='lat' dir='ltr'>pre-</span> 
     </span>
    </p>
   </div>
   <div class='ocr_carea' id='block_1_79' title="bbox 2122 3519 3813 3590">
    <p class='ocr_par' dir='ltr' id='par_1_79' title="bbox 2122 3519 3813 3590">
     <span class='ocr_line' id='line_1_79' title="bbox 2122 3519 3813 3590; baseline -0.002 -17"><span class='ocrx_word' id='word_1_594' title='bbox 2122 3520 2355 3590; x_wconf 84' lang='lat' dir='ltr'>parati.»</span> <span class='ocrx_word' id='word_1_595' title='bbox 2411 3519 2571 3583; x_wconf 90' lang='lat' dir='ltr'>Quod</span> <span class='ocrx_word' id='word_1_596' title='bbox 2604 3520 2839 3573; x_wconf 92' lang='lat' dir='ltr'>omnino</span> <span class='ocrx_word' id='word_1_597' title='bbox 2869 3520 3013 3573; x_wconf 90' lang='lat' dir='ltr'>nihil</span> <span class='ocrx_word' id='word_1_598' title='bbox 3064 3520 3214 3574; x_wconf 88' lang='lat' dir='ltr'>aliud</span> <span class='ocrx_word' id='word_1_599' title='bbox 3263 3524 3347 3573; x_wconf 88' lang='lat' dir='ltr'>est</span> <span class='ocrx_word' id='word_1_600' title='bbox 3386 3536 3561 3589; x_wconf 90' lang='lat' dir='ltr'>quam</span> <span class='ocrx_word' id='word_1_601' title='bbox 3594 3520 3813 3589; x_wconf 54' lang='lat' dir='ltr'>praide-</span> 
     </span>
    </p>
   </div>
   <div class='ocr_carea' id='block_1_80' title="bbox 2122 3607 3814 3678">
    <p class='ocr_par' dir='ltr' id='par_1_80' title="bbox 2122 3607 3814 3678">
     <span class='ocr_line' id='line_1_80' title="bbox 2122 3607 3814 3678; baseline -0.002 -17"><span class='ocrx_word' id='word_1_602' title='bbox 2122 3608 2342 3663; x_wconf 90' lang='lat' dir='ltr'>stinari.</span> <span class='ocrx_word' id='word_1_603' title='bbox 2378 3609 2590 3678; x_wconf 85' lang='lat' dir='ltr'>Nempe</span> <span class='ocrx_word' id='word_1_604' title='bbox 2632 3609 2751 3661; x_wconf 86' lang='lat' dir='ltr'>haec</span> <span class='ocrx_word' id='word_1_605' title='bbox 2781 3609 2975 3662; x_wconf 90' lang='lat' dir='ltr'>omnia</span> <span class='ocrx_word' id='word_1_606' title='bbox 3027 3614 3085 3661; x_wconf 91' lang='lat' dir='ltr'>et</span> <span class='ocrx_word' id='word_1_607' title='bbox 3134 3607 3245 3661; x_wconf 88' lang='lat' dir='ltr'>alia</span> <span class='ocrx_word' id='word_1_608' title='bbox 3292 3608 3530 3677; x_wconf 89' lang='lat' dir='ltr'>insuper</span> <span class='ocrx_word' id='word_1_609' title='bbox 3559 3609 3734 3676; x_wconf 86' lang='lat' dir='ltr'>plura</span> <span class='ocrx_word' id='word_1_610' title='bbox 3774 3608 3814 3657; x_wconf 89' lang='lat' dir='ltr'>si</span> 
     </span>
    </p>
   </div>
   <div class='ocr_carea' id='block_1_81' title="bbox 2119 3696 3815 3765">
    <p class='ocr_par' dir='ltr' id='par_1_81' title="bbox 2119 3696 3815 3765">
     <span class='ocr_line' id='line_1_81' title="bbox 2119 3696 3815 3765; baseline -0.003 -14"><span class='ocrx_word' id='word_1_611' title='bbox 2119 3701 2315 3751; x_wconf 89' lang='lat' dir='ltr'>tantus</span> <span class='ocrx_word' id='word_1_612' title='bbox 2350 3700 2546 3750; x_wconf 89' lang='lat' dir='ltr'>auctor</span> <span class='ocrx_word' id='word_1_613' title='bbox 2590 3696 2684 3749; x_wconf 91' lang='lat' dir='ltr'>ille</span> <span class='ocrx_word' id='word_1_614' title='bbox 2714 3696 3099 3763; x_wconf 89' lang='lat' dir='ltr'>veracissima,</span> <span class='ocrx_word' id='word_1_615' title='bbox 3133 3701 3191 3750; x_wconf 89' lang='lat' dir='ltr'>et</span> <span class='ocrx_word' id='word_1_616' title='bbox 3230 3696 3502 3750; x_wconf 90' lang='lat' dir='ltr'>catholica</span> <span class='ocrx_word' id='word_1_617' title='bbox 3552 3696 3696 3749; x_wconf 90' lang='lat' dir='ltr'>ﬁdei</span> <span class='ocrx_word' id='word_1_618' title='bbox 3723 3710 3815 3765; x_wconf 92' lang='lat' dir='ltr'>per</span> 
     </span>
    </p>
   </div>
   <div class='ocr_carea' id='block_1_82' title="bbox 2122 3784 3811 3855">
    <p class='ocr_par' dir='ltr' id='par_1_82' title="bbox 2122 3784 3811 3855">
     <span class='ocr_line' id='line_1_82' title="bbox 2122 3784 3811 3855; baseline -0.001 -17"><span class='ocrx_word' id='word_1_619' title='bbox 2122 3784 2318 3839; x_wconf 91' lang='lat' dir='ltr'>omnia</span> <span class='ocrx_word' id='word_1_620' title='bbox 2344 3784 2881 3854; x_wconf 86' lang='lat' dir='ltr'>congruentissima,</span> <span class='ocrx_word' id='word_1_621' title='bbox 2914 3800 3032 3837; x_wconf 91' lang='lat' dir='ltr'>non</span> <span class='ocrx_word' id='word_1_622' title='bbox 3085 3800 3205 3838; x_wconf 87' lang='lat' dir='ltr'>esse</span> <span class='ocrx_word' id='word_1_623' title='bbox 3231 3784 3638 3855; x_wconf 87' lang='lat' dir='ltr'>perspexisset,</span> <span class='ocrx_word' id='word_1_624' title='bbox 3692 3785 3811 3837; x_wconf 87' lang='lat' dir='ltr'>nul-</span> 
     </span>
    </p>
   </div>
   <div class='ocr_carea' id='block_1_83' title="bbox 2122 3872 3811 3942">
    <p class='ocr_par' dir='ltr' id='par_1_83' title="bbox 2122 3872 3811 3942">
     <span class='ocr_line' id='line_1_83' title="bbox 2122 3872 3811 3942; baseline -0.002 -15"><span class='ocrx_word' id='word_1_625' title='bbox 2122 3875 2343 3927; x_wconf 91' lang='lat' dir='ltr'>latenus</span> <span class='ocrx_word' id='word_1_626' title='bbox 2420 3874 2737 3927; x_wconf 89' lang='lat' dir='ltr'>incorrecta</span> <span class='ocrx_word' id='word_1_627' title='bbox 2812 3872 3177 3942; x_wconf 88' lang='lat' dir='ltr'>relinqueret.</span> <span class='ocrx_word' id='word_1_628' title='bbox 3258 3873 3366 3926; x_wconf 90' lang='lat' dir='ltr'>Sed</span> <span class='ocrx_word' id='word_1_629' title='bbox 3453 3888 3520 3925; x_wconf 88' lang='lat' dir='ltr'>ea</span> <span class='ocrx_word' id='word_1_630' title='bbox 3607 3872 3811 3942; x_wconf 85' lang='lat' dir='ltr'>potius,</span> 
     </span>
    </p>
   </div>
   <div class='ocr_carea' id='block_1_84' title="bbox 2120 3960 3814 4034">
    <p class='ocr_par' dir='ltr' id='par_1_84' title="bbox 2120 3960 3814 4034">
     <span class='ocr_line' id='line_1_84' title="bbox 2120 3960 3814 4034; baseline -0.002 -18"><span class='ocrx_word' id='word_1_631' title='bbox 2120 3963 2347 4034; x_wconf 90' lang='lat' dir='ltr'>quando</span> <span class='ocrx_word' id='word_1_632' title='bbox 2376 3963 2553 4015; x_wconf 91' lang='lat' dir='ltr'>libros</span> <span class='ocrx_word' id='word_1_633' title='bbox 2577 3978 2711 4016; x_wconf 91' lang='lat' dir='ltr'>suos</span> <span class='ocrx_word' id='word_1_634' title='bbox 2756 3961 3192 4031; x_wconf 89' lang='lat' dir='ltr'>diligentissime</span> <span class='ocrx_word' id='word_1_635' title='bbox 3223 3960 3582 4014; x_wconf 88' lang='lat' dir='ltr'>retractando</span> <span class='ocrx_word' id='word_1_636' title='bbox 3623 3976 3814 4014; x_wconf 87' lang='lat' dir='ltr'>recen-</span> 
     </span>
    </p>
   </div>
   <div class='ocr_carea' id='block_1_85' title="bbox 2118 4048 3815 4121">
    <p class='ocr_par' dir='ltr' id='par_1_85' title="bbox 2118 4048 3815 4121">
     <span class='ocr_line' id='line_1_85' title="bbox 2118 4048 3815 4121; baseline -0.002 -17"><span class='ocrx_word' id='word_1_637' title='bbox 2118 4051 2250 4116; x_wconf 87' lang='lat' dir='ltr'>suit,</span> <span class='ocrx_word' id='word_1_638' title='bbox 2304 4050 2587 4121; x_wconf 89' lang='lat' dir='ltr'>corrigere</span> <span class='ocrx_word' id='word_1_639' title='bbox 2644 4050 2970 4104; x_wconf 89' lang='lat' dir='ltr'>studuisset.</span> <span class='ocrx_word' id='word_1_640' title='bbox 3039 4050 3151 4103; x_wconf 88' lang='lat' dir='ltr'>Nec</span> <span class='ocrx_word' id='word_1_641' title='bbox 3210 4048 3345 4102; x_wconf 92' lang='lat' dir='ltr'>inde</span> <span class='ocrx_word' id='word_1_642' title='bbox 3412 4065 3650 4119; x_wconf 88' lang='lat' dir='ltr'>prorsus</span> <span class='ocrx_word' id='word_1_643' title='bbox 3705 4056 3815 4101; x_wconf 90' lang='lat' dir='ltr'>tam</span> 
     </span>
    </p>
   </div>
   <div class='ocr_carea' id='block_1_86' title="bbox 2117 4137 3812 4210">
    <p class='ocr_par' dir='ltr' id='par_1_86' title="bbox 2117 4137 3812 4210">
     <span class='ocr_line' id='line_1_86' title="bbox 2117 4137 3812 4210; baseline -0.002 -17"><span class='ocrx_word' id='word_1_644' title='bbox 2117 4140 2449 4210; x_wconf 88' lang='lat' dir='ltr'>frequenter</span> <span class='ocrx_word' id='word_1_645' title='bbox 2483 4139 2551 4193; x_wconf 91' lang='lat' dir='ltr'>ad</span> <span class='ocrx_word' id='word_1_646' title='bbox 2582 4140 2861 4209; x_wconf 89' lang='lat' dir='ltr'>populum</span> <span class='ocrx_word' id='word_1_647' title='bbox 2908 4138 3195 4208; x_wconf 88' lang='lat' dir='ltr'>impavide</span> <span class='ocrx_word' id='word_1_648' title='bbox 3226 4138 3394 4191; x_wconf 90' lang='lat' dir='ltr'>simul</span> <span class='ocrx_word' id='word_1_649' title='bbox 3429 4142 3483 4191; x_wconf 90' lang='lat' dir='ltr'>et</span> <span class='ocrx_word' id='word_1_650' title='bbox 3512 4137 3812 4207; x_wconf 85' lang='lat' dir='ltr'>intrepide,</span> 
     </span>
    </p>
   </div>
   <div class='ocr_carea' id='block_1_87' title="bbox 2118 4226 3816 4293">
    <p class='ocr_par' dir='ltr' id='par_1_87' title="bbox 2118 4226 3816 4293">
     <span class='ocr_line' id='line_1_87' title="bbox 2118 4226 3816 4293; baseline -0.003 -11"><span class='ocrx_word' id='word_1_651' title='bbox 2118 4229 2373 4293; x_wconf 91' lang='lat' dir='ltr'>licenter,</span> <span class='ocrx_word' id='word_1_652' title='bbox 2407 4228 2652 4282; x_wconf 87' lang='lat' dir='ltr'>libenter</span> <span class='ocrx_word' id='word_1_653' title='bbox 2700 4244 2762 4280; x_wconf 85' lang='lat' dir='ltr'>ac</span> <span class='ocrx_word' id='word_1_654' title='bbox 2820 4227 3019 4292; x_wconf 91' lang='lat' dir='ltr'>libere,</span> <span class='ocrx_word' id='word_1_655' title='bbox 3052 4226 3295 4280; x_wconf 85' lang='lat' dir='ltr'>ﬁdenter</span> <span class='ocrx_word' id='word_1_656' title='bbox 3332 4242 3397 4279; x_wconf 90' lang='lat' dir='ltr'>ac</span> <span class='ocrx_word' id='word_1_657' title='bbox 3450 4226 3816 4287; x_wconf 87' lang='lat' dir='ltr'>ﬁducialiter,</span> 
     </span>
    </p>
   </div>
   <div class='ocr_carea' id='block_1_88' title="bbox 2118 4314 3819 4387">
    <p class='ocr_par' dir='ltr' id='par_1_88' title="bbox 2118 4314 3819 4387">
     <span class='ocr_line' id='line_1_88' title="bbox 2118 4314 3819 4387; baseline -0.004 -17"><span class='ocrx_word' id='word_1_658' title='bbox 2118 4332 2182 4370; x_wconf 89' lang='lat' dir='ltr'>ac</span> <span class='ocrx_word' id='word_1_659' title='bbox 2220 4316 2555 4387; x_wconf 89' lang='lat' dir='ltr'>gaudenter,</span> <span class='ocrx_word' id='word_1_660' title='bbox 2588 4315 2778 4368; x_wconf 88' lang='lat' dir='ltr'>servili</span> <span class='ocrx_word' id='word_1_661' title='bbox 2798 4314 3113 4385; x_wconf 89' lang='lat' dir='ltr'>postposito</span> <span class='ocrx_word' id='word_1_662' title='bbox 3152 4315 3380 4381; x_wconf 89' lang='lat' dir='ltr'>timore,</span> <span class='ocrx_word' id='word_1_663' title='bbox 3416 4315 3819 4385; x_wconf 86' lang='lat' dir='ltr'>luminosoque</span> 
     </span>
    </p>
   </div>
   <div class='ocr_carea' id='block_1_89' title="bbox 318 4400 3818 4475">
    <p class='ocr_par' dir='ltr' id='par_1_89' title="bbox 318 4400 3818 4475">
     <span class='ocr_line' id='line_1_89' title="bbox 318 4400 3818 4475; baseline -0.001 -17"><span class='ocrx_word' id='word_1_664' title='bbox 318 4419 438 4468; x_wconf 90' lang='lat' dir='ltr'>sua,</span> <span class='ocrx_word' id='word_1_665' title='bbox 471 4418 600 4472; x_wconf 79' lang='lat' dir='ltr'>quae</span> <span class='ocrx_word' id='word_1_666' title='bbox 626 4401 745 4454; x_wconf 79' lang='lat' dir='ltr'>falli</span> <span class='ocrx_word' id='word_1_667' title='bbox 774 4401 1102 4470; x_wconf 84' lang='lat' dir='ltr'>mutarique</span> <span class='ocrx_word' id='word_1_668' title='bbox 1127 4417 1237 4453; x_wconf 89' lang='lat' dir='ltr'>non</span> <span class='ocrx_word' id='word_1_669' title='bbox 1256 4406 1439 4470; x_wconf 83' lang='lat' dir='ltr'>potest</span> <span class='ocrx_word' id='word_1_670' title='bbox 1462 4400 1821 4470; x_wconf 65' lang='lat' dir='ltr'>praescientia</span> <span class='ocrx_word' id='word_1_671' title='bbox 1842 4415 2013 4470; x_wconf 84' lang='lat' dir='ltr'>opera</span> <span class='ocrx_word' id='word_1_672' title='bbox 2053 4400 2095 4453; x_wconf 92' lang='lat' dir='ltr'><strong>D</strong></span> <span class='ocrx_word' id='word_1_673' title='bbox 2125 4404 2204 4459; x_wconf 86' lang='lat' dir='ltr'>tui</span> <span class='ocrx_word' id='word_1_674' title='bbox 2263 4404 2526 4475; x_wconf 84' lang='lat' dir='ltr'>perfusus</span> <span class='ocrx_word' id='word_1_675' title='bbox 2574 4421 2768 4457; x_wconf 88' lang='lat' dir='ltr'>amore</span> <span class='ocrx_word' id='word_1_676' title='bbox 2816 4407 2913 4456; x_wconf 89' lang='lat' dir='ltr'>tua</span> <span class='ocrx_word' id='word_1_677' title='bbox 2948 4403 3287 4457; x_wconf 83' lang='lat' dir='ltr'>auctoritate</span> <span class='ocrx_word' id='word_1_678' title='bbox 3342 4403 3563 4455; x_wconf 90' lang='lat' dir='ltr'>locutus</span> <span class='ocrx_word' id='word_1_679' title='bbox 3602 4403 3818 4465; x_wconf 83' lang='lat' dir='ltr'>fuisset,</span> 
     </span>
    </p>
   </div>
   <div class='ocr_carea' id='block_1_90' title="bbox 318 4489 2012 4559">
    <p class='ocr_par' dir='ltr' id='par_1_90' title="bbox 318 4489 2012 4559">
     <span class='ocr_line' id='line_1_90' title="bbox 318 4489 2012 4559; baseline -0.002 -16"><span class='ocrx_word' id='word_1_680' title='bbox 318 4508 420 4543; x_wconf 89' lang='lat' dir='ltr'>sua</span> <span class='ocrx_word' id='word_1_681' title='bbox 451 4490 646 4544; x_wconf 88' lang='lat' dir='ltr'>futura</span> <span class='ocrx_word' id='word_1_682' title='bbox 667 4489 993 4558; x_wconf 88' lang='lat' dir='ltr'>disponere,</span> <span class='ocrx_word' id='word_1_683' title='bbox 1030 4489 1085 4542; x_wconf 92' lang='lat' dir='ltr'>id</span> <span class='ocrx_word' id='word_1_684' title='bbox 1119 4489 1354 4542; x_wconf 90' lang='lat' dir='ltr'>omnino</span> <span class='ocrx_word' id='word_1_685' title='bbox 1382 4506 1484 4542; x_wconf 93' lang='lat' dir='ltr'>nec</span> <span class='ocrx_word' id='word_1_686' title='bbox 1511 4489 1661 4543; x_wconf 86' lang='lat' dir='ltr'>aliud</span> <span class='ocrx_word' id='word_1_687' title='bbox 1693 4489 2012 4559; x_wconf 90' lang='lat' dir='ltr'>quidquam</span> 
     </span>
    </p>
   </div>
   <div class='ocr_carea' id='block_1_91' title="bbox 317 4578 2013 4650">
    <p class='ocr_par' dir='ltr' id='par_1_91' title="bbox 317 4578 2013 4650">
     <span class='ocr_line' id='line_1_91' title="bbox 317 4578 2013 4650; baseline -0.001 -18"><span class='ocrx_word' id='word_1_688' title='bbox 317 4584 401 4633; x_wconf 88' lang='lat' dir='ltr'>est</span> <span class='ocrx_word' id='word_1_689' title='bbox 430 4578 863 4650; x_wconf 75' lang='lat' dir='ltr'>praedestinare.</span> <span class='ocrx_word' id='word_1_690' title='bbox 901 4599 926 4625; x_wconf 90' lang='grc'><strong>››</strong></span> <span class='ocrx_word' id='word_1_691' title='bbox 963 4579 1104 4632; x_wconf 90' lang='lat' dir='ltr'>Item</span> <span class='ocrx_word' id='word_1_692' title='bbox 1137 4578 1389 4645; x_wconf 90' lang='lat' dir='ltr'>brevius,</span> <span class='ocrx_word' id='word_1_693' title='bbox 1421 4578 1515 4631; x_wconf 90' lang='lat' dir='ltr'>sed</span> <span class='ocrx_word' id='word_1_694' title='bbox 1550 4578 1608 4630; x_wconf 92' lang='lat' dir='ltr'>in</span> <span class='ocrx_word' id='word_1_695' title='bbox 1653 4578 2013 4648; x_wconf 89' lang='lat' dir='ltr'>superiorem</span> 
     </span>
    </p>
   </div>
   <div class='ocr_carea' id='block_1_92' title="bbox 319 4665 2011 4736">
    <p class='ocr_par' dir='ltr' id='par_1_92' title="bbox 319 4665 2011 4736">
     <span class='ocr_line' id='line_1_92' title="bbox 319 4665 2011 4736; baseline -0.002 -15"><span class='ocrx_word' id='word_1_696' title='bbox 319 4685 548 4723; x_wconf 88' lang='lat' dir='ltr'>sensum</span> <span class='ocrx_word' id='word_1_697' title='bbox 583 4670 764 4722; x_wconf 90' lang='lat' dir='ltr'>multa</span> <span class='ocrx_word' id='word_1_698' title='bbox 793 4667 1069 4736; x_wconf 89' lang='lat' dir='ltr'>apertius,</span> <span class='ocrx_word' id='word_1_699' title='bbox 1121 4682 1249 4720; x_wconf 92' lang='lat' dir='ltr'>cum</span> <span class='ocrx_word' id='word_1_700' title='bbox 1278 4666 1433 4719; x_wconf 92' lang='lat' dir='ltr'>enim</span> <span class='ocrx_word' id='word_1_701' title='bbox 1464 4665 1820 4734; x_wconf 66' lang='lat' dir='ltr'>praedixisset</span> <span class='ocrx_word' id='word_1_702' title='bbox 1861 4669 2011 4735; x_wconf 82' lang='lat' dir='ltr'>Apo-</span> 
     </span>
    </p>
   </div>
   <div class='ocr_carea' id='block_1_93' title="bbox 320 4755 2014 4824">
    <p class='ocr_par' dir='ltr' id='par_1_93' title="bbox 320 4755 2014 4824">
     <span class='ocr_line' id='line_1_93' title="bbox 320 4755 2014 4824; baseline -0.002 -13"><span class='ocrx_word' id='word_1_703' title='bbox 320 4759 527 4813; x_wconf 89' lang='lat' dir='ltr'>stolum</span> <span class='ocrx_word' id='word_1_704' title='bbox 570 4757 802 4823; x_wconf 88' lang='lat' dir='ltr'>dixisse,</span> <span class='ocrx_word' id='word_1_705' title='bbox 834 4772 939 4811; x_wconf 88' lang='lat' dir='ltr'>non</span> <span class='ocrx_word' id='word_1_706' title='bbox 977 4756 1181 4824; x_wconf 82' lang='lat' dir='ltr'>repulit</span> <span class='ocrx_word' id='word_1_707' title='bbox 1213 4758 1347 4809; x_wconf 88' lang='lat' dir='ltr'>Deus</span> <span class='ocrx_word' id='word_1_708' title='bbox 1390 4755 1593 4823; x_wconf 83' lang='lat' dir='ltr'>plebem</span> <span class='ocrx_word' id='word_1_709' title='bbox 1638 4770 1793 4807; x_wconf 88' lang='lat' dir='ltr'>suam</span> <span class='ocrx_word' id='word_1_710' title='bbox 1850 4770 2014 4822; x_wconf 88' lang='lat' dir='ltr'>quam</span> 
     </span>
    </p>
   </div>
   <div class='ocr_carea' id='block_1_94' title="bbox 318 4842 2013 4916">
    <p class='ocr_par' dir='ltr' id='par_1_94' title="bbox 318 4842 2013 4916">
     <span class='ocr_line' id='line_1_94' title="bbox 318 4842 2013 4916; baseline -0.004 -14"><span class='ocrx_word' id='word_1_711' title='bbox 318 4850 594 4916; x_wconf 71' lang='lat' dir='ltr'>praesciuit</span> <span class='ocrx_word' id='word_1_712' title='bbox 625 4850 795 4914; x_wconf 84' lang='lat' dir='ltr'>(Rom.</span> <span class='ocrx_word' id='word_1_713' title='bbox 850 4861 921 4912; x_wconf 85' lang='lat' dir='ltr'>xi,</span> <span class='ocrx_word' id='word_1_714' title='bbox 962 4846 1041 4913; x_wconf 84' lang='lat'>7),</span> <span class='ocrx_word' id='word_1_715' title='bbox 1094 4848 1149 4896; x_wconf 90' lang='lat' dir='ltr'>et</span> <span class='ocrx_word' id='word_1_716' title='bbox 1197 4842 1549 4913; x_wconf 85' lang='lat' dir='ltr'>exposuisset</span> <span class='ocrx_word' id='word_1_717' title='bbox 1599 4858 1730 4895; x_wconf 90' lang='lat' dir='ltr'>eum</span> <span class='ocrx_word' id='word_1_718' title='bbox 1776 4843 2013 4896; x_wconf 90' lang='lat' dir='ltr'>nomine</span> 
     </span>
    </p>
   </div>
   <div class='ocr_carea' id='block_1_95' title="bbox 319 4931 2013 5005">
    <p class='ocr_par' dir='ltr' id='par_1_95' title="bbox 319 4931 2013 5005">
     <span class='ocr_line' id='line_1_95' title="bbox 319 4931 2013 5005; baseline -0.003 -16"><span class='ocrx_word' id='word_1_719' title='bbox 319 4936 693 5005; x_wconf 60' lang='lat' dir='ltr'>prmscientiae</span> <span class='ocrx_word' id='word_1_720' title='bbox 728 4933 1289 5004; x_wconf 77' lang='lat' dir='ltr'>praedestinationem</span> <span class='ocrx_word' id='word_1_721' title='bbox 1323 4933 1432 4985; x_wconf 89' lang='lat' dir='ltr'>hoc</span> <span class='ocrx_word' id='word_1_722' title='bbox 1456 4932 1514 4985; x_wconf 90' lang='lat' dir='ltr'>in</span> <span class='ocrx_word' id='word_1_723' title='bbox 1546 4931 1664 4985; x_wconf 92' lang='lat' dir='ltr'>loco</span> <span class='ocrx_word' id='word_1_724' title='bbox 1689 4931 2013 5002; x_wconf 87' lang='lat' dir='ltr'>signiﬁcare</span> 
     </span>
    </p>
   </div>
   <div class='ocr_carea' id='block_1_96' title="bbox 318 5020 2015 5093">
    <p class='ocr_par' dir='ltr' id='par_1_96' title="bbox 318 5020 2015 5093">
     <span class='ocr_line' id='line_1_96' title="bbox 318 5020 2015 5093; baseline -0.002 -16"><span class='ocrx_word' id='word_1_725' title='bbox 318 5025 587 5089; x_wconf 85' lang='lat' dir='ltr'>voluisse,</span> <span class='ocrx_word' id='word_1_726' title='bbox 617 5025 789 5093; x_wconf 90' lang='lat' dir='ltr'>paulo</span> <span class='ocrx_word' id='word_1_727' title='bbox 821 5028 948 5093; x_wconf 90' lang='lat' dir='ltr'>post</span> <span class='ocrx_word' id='word_1_728' title='bbox 973 5022 1051 5075; x_wconf 89' lang='lat' dir='ltr'>ait</span> <span class='ocrx_word' id='word_1_729' title='bbox 1084 5036 1096 5075; x_wconf 91' lang='lat'>:</span> <span class='ocrx_word' id='word_1_730' title='bbox 1124 5040 1151 5071; x_wconf 88' lang='grc'><em>‹‹</em></span> <span class='ocrx_word' id='word_1_731' title='bbox 1183 5020 1291 5075; x_wconf 91' lang='lat' dir='ltr'>Sed</span> <span class='ocrx_word' id='word_1_732' title='bbox 1331 5020 1762 5090; x_wconf 78' lang='lat' dir='ltr'>praedestinasse</span> <span class='ocrx_word' id='word_1_733' title='bbox 1792 5024 1877 5073; x_wconf 92' lang='lat' dir='ltr'>est</span> <span class='ocrx_word' id='word_1_734' title='bbox 1905 5020 2015 5073; x_wconf 91' lang='lat' dir='ltr'>hoc</span> 
     </span>
    </p>
   </div>
   <div class='ocr_carea' id='block_1_97' title="bbox 321 5109 1535 5181">
    <p class='ocr_par' dir='ltr' id='par_1_97' title="bbox 321 5109 1535 5181">
     <span class='ocr_line' id='line_1_97' title="bbox 321 5109 1535 5181; baseline -0.006 -16"><span class='ocrx_word' id='word_1_735' title='bbox 321 5112 630 5181; x_wconf 74' lang='lat' dir='ltr'>praescisse,</span> <span class='ocrx_word' id='word_1_736' title='bbox 662 5110 816 5181; x_wconf 92' lang='lat' dir='ltr'>quod</span> <span class='ocrx_word' id='word_1_737' title='bbox 848 5110 1031 5163; x_wconf 82' lang='lat' dir='ltr'>fuerat</span> <span class='ocrx_word' id='word_1_738' title='bbox 1058 5109 1179 5180; x_wconf 89' lang='lat' dir='ltr'>ipse</span> <span class='ocrx_word' id='word_1_739' title='bbox 1210 5109 1482 5163; x_wconf 89' lang='lat' dir='ltr'>facturus.</span> <span class='ocrx_word' id='word_1_740' title='bbox 1509 5130 1535 5157; x_wconf 83' lang='lat'><strong>»</strong></span> 
     </span>
    </p>
   </div>
   <div class='ocr_carea' id='block_1_98' title="bbox 394 5196 2011 5270">
    <p class='ocr_par' dir='ltr' id='par_1_98' title="bbox 394 5196 2011 5270">
     <span class='ocr_line' id='line_1_98' title="bbox 394 5196 2011 5270; baseline -0.003 -16"><span class='ocrx_word' id='word_1_741' title='bbox 394 5201 539 5270; x_wconf 88' lang='lat' dir='ltr'>Ergo</span> <span class='ocrx_word' id='word_1_742' title='bbox 569 5204 900 5268; x_wconf 90' lang='lat' dir='ltr'>utrumque,</span> <span class='ocrx_word' id='word_1_743' title='bbox 947 5203 1011 5252; x_wconf 88' lang='lat' dir='ltr'><strong>ut</strong></span> <span class='ocrx_word' id='word_1_744' title='bbox 1058 5199 1180 5269; x_wconf 88' lang='lat' dir='ltr'>jam</span> <span class='ocrx_word' id='word_1_745' title='bbox 1231 5198 1367 5265; x_wconf 84' lang='lat' dir='ltr'>dixi,</span> <span class='ocrx_word' id='word_1_746' title='bbox 1426 5213 1627 5251; x_wconf 89' lang='lat' dir='ltr'>verum</span> <span class='ocrx_word' id='word_1_747' title='bbox 1676 5202 1781 5264; x_wconf 90' lang='lat' dir='ltr'>est,</span> <span class='ocrx_word' id='word_1_748' title='bbox 1816 5196 1875 5251; x_wconf 90' lang='lat' dir='ltr'>id</span> <span class='ocrx_word' id='word_1_749' title='bbox 1905 5200 2011 5262; x_wconf 91' lang='lat' dir='ltr'>est,</span> 
     </span>
    </p>
   </div>
   <div class='ocr_carea' id='block_1_99' title="bbox 322 5284 2014 5358">
    <p class='ocr_par' dir='ltr' id='par_1_99' title="bbox 322 5284 2014 5358">
     <span class='ocr_line' id='line_1_99' title="bbox 322 5284 2014 5358; baseline -0.002 -16"><span class='ocrx_word' id='word_1_750' title='bbox 322 5292 439 5342; x_wconf 89' lang='lat' dir='ltr'>tam</span> <span class='ocrx_word' id='word_1_751' title='bbox 506 5287 864 5358; x_wconf 70' lang='lat' dir='ltr'>praescientia</span> <span class='ocrx_word' id='word_1_752' title='bbox 938 5303 1110 5357; x_wconf 87' lang='lat' dir='ltr'>quam</span> <span class='ocrx_word' id='word_1_753' title='bbox 1182 5286 1685 5357; x_wconf 82' lang='lat' dir='ltr'>przedestinatione</span> <span class='ocrx_word' id='word_1_754' title='bbox 1743 5284 2014 5356; x_wconf 89' lang='lat' dir='ltr'>reprobos</span> 
     </span>
    </p>
   </div>
   <div class='ocr_carea' id='block_1_100' title="bbox 322 5374 2013 5445">
    <p class='ocr_par' dir='ltr' id='par_1_100' title="bbox 322 5374 2013 5445">
     <span class='ocr_line' id='line_1_100' title="bbox 322 5374 2013 5445; baseline -0.002 -14"><span class='ocrx_word' id='word_1_755' title='bbox 322 5394 444 5432; x_wconf 90' lang='lat' dir='ltr'>esse</span> <span class='ocrx_word' id='word_1_756' title='bbox 484 5378 803 5441; x_wconf 88' lang='lat' dir='ltr'>damnatos,</span> <span class='ocrx_word' id='word_1_757' title='bbox 855 5391 999 5445; x_wconf 90' lang='lat' dir='ltr'>quos</span> <span class='ocrx_word' id='word_1_758' title='bbox 1047 5378 1283 5429; x_wconf 89' lang='lat' dir='ltr'>omnino</span> <span class='ocrx_word' id='word_1_759' title='bbox 1331 5381 1549 5429; x_wconf 88' lang='lat' dir='ltr'>constat</span> <span class='ocrx_word' id='word_1_760' title='bbox 1595 5375 1670 5429; x_wconf 90' lang='lat' dir='ltr'>ad</span> <span class='ocrx_word' id='word_1_761' title='bbox 1712 5374 2013 5428; x_wconf 91' lang='lat' dir='ltr'>interitum</span> 
     </span>
    </p>
   </div>
   <div class='ocr_carea' id='block_1_101' title="bbox 314 5462 2015 5535">
    <p class='ocr_par' dir='ltr' id='par_1_101' title="bbox 314 5462 2015 5535">
     <span class='ocr_line' id='line_1_101' title="bbox 314 5462 2015 5535; baseline -0.001 -17"><span class='ocrx_word' id='word_1_762' title='bbox 314 5464 445 5534; x_wconf 90' lang='lat' dir='ltr'>jure</span> <span class='ocrx_word' id='word_1_763' title='bbox 489 5462 942 5534; x_wconf 76' lang='lat' dir='ltr'>przedestinatos.</span> <span class='ocrx_word' id='word_1_764' title='bbox 976 5464 1137 5528; x_wconf 90' lang='lat' dir='ltr'>Quod</span> <span class='ocrx_word' id='word_1_765' title='bbox 1169 5465 1303 5517; x_wconf 89' lang='lat' dir='ltr'>satis</span> <span class='ocrx_word' id='word_1_766' title='bbox 1349 5480 1637 5535; x_wconf 89' lang='lat' dir='ltr'>superque</span> <span class='ocrx_word' id='word_1_767' title='bbox 1684 5463 2015 5518; x_wconf 89' lang='lat' dir='ltr'>testimonia</span> 
     </span>
    </p>
   </div>
   <div class='ocr_carea' id='block_1_102' title="bbox 319 5552 2014 5624">
    <p class='ocr_par' dir='ltr' id='par_1_102' title="bbox 319 5552 2014 5624">
     <span class='ocr_line' id='line_1_102' title="bbox 319 5552 2014 5624; baseline -0.002 -17"><span class='ocrx_word' id='word_1_768' title='bbox 319 5554 569 5624; x_wconf 89' lang='lat' dir='ltr'>probant</span> <span class='ocrx_word' id='word_1_769' title='bbox 614 5552 904 5623; x_wconf 75' lang='lat' dir='ltr'>praedicta.</span> <span class='ocrx_word' id='word_1_770' title='bbox 957 5552 1093 5616; x_wconf 66' lang='lat' dir='ltr'>Quae</span> <span class='ocrx_word' id='word_1_771' title='bbox 1150 5559 1303 5609; x_wconf 90' lang='lat' dir='ltr'>certe</span> <span class='ocrx_word' id='word_1_772' title='bbox 1361 5553 1627 5607; x_wconf 87' lang='lat' dir='ltr'>catholici</span> <span class='ocrx_word' id='word_1_773' title='bbox 1684 5553 2014 5607; x_wconf 88' lang='lat' dir='ltr'>nullatenus</span> 
     </span>
    </p>
   </div>
   <div class='ocr_carea' id='block_1_103' title="bbox 321 5640 2016 5712">
    <p class='ocr_par' dir='ltr' id='par_1_103' title="bbox 321 5640 2016 5712">
     <span class='ocr_line' id='line_1_103' title="bbox 321 5640 2016 5712; baseline -0.001 -16"><span class='ocrx_word' id='word_1_774' title='bbox 321 5659 439 5697; x_wconf 89' lang='lat' dir='ltr'>esse</span> <span class='ocrx_word' id='word_1_775' title='bbox 491 5642 757 5696; x_wconf 86' lang='lat' dir='ltr'>dubitant.</span> <span class='ocrx_word' id='word_1_776' title='bbox 802 5640 1030 5695; x_wconf 89' lang='lat' dir='ltr'>invicta.</span> <span class='ocrx_word' id='word_1_777' title='bbox 1089 5642 1240 5695; x_wconf 87' lang='lat' dir='ltr'>Licet</span> <span class='ocrx_word' id='word_1_778' title='bbox 1296 5640 1343 5694; x_wconf 91' lang='lat' dir='ltr'>si</span> <span class='ocrx_word' id='word_1_779' title='bbox 1393 5641 1565 5712; x_wconf 89' lang='lat' dir='ltr'>hujus</span> <span class='ocrx_word' id='word_1_780' title='bbox 1622 5640 1707 5695; x_wconf 92' lang='lat' dir='ltr'>rei</span> <span class='ocrx_word' id='word_1_781' title='bbox 1761 5642 2016 5694; x_wconf 88' lang='lat' dir='ltr'>testimo-</span> 
     </span>
    </p>
   </div>
   <div class='ocr_carea' id='block_1_104' title="bbox 2123 4490 3822 4563">
    <p class='ocr_par' dir='ltr' id='par_1_104' title="bbox 2123 4490 3822 4563">
     <span class='ocr_line' id='line_1_104' title="bbox 2123 4490 3822 4563; baseline -0.003 -17"><span class='ocrx_word' id='word_1_782' title='bbox 2123 4493 2170 4546; x_wconf 92' lang='lat' dir='ltr'>si</span> <span class='ocrx_word' id='word_1_783' title='bbox 2219 4492 2354 4563; x_wconf 91' lang='lat' dir='ltr'>quid</span> <span class='ocrx_word' id='word_1_784' title='bbox 2420 4492 2619 4545; x_wconf 88' lang='lat' dir='ltr'>itidem</span> <span class='ocrx_word' id='word_1_785' title='bbox 2678 4491 2918 4562; x_wconf 90' lang='lat' dir='ltr'>periculi</span> <span class='ocrx_word' id='word_1_786' title='bbox 2970 4492 3155 4545; x_wconf 89' lang='lat' dir='ltr'>inesse</span> <span class='ocrx_word' id='word_1_787' title='bbox 3204 4490 3611 4561; x_wconf 84' lang='lat' dir='ltr'>cognovisset:</span> <span class='ocrx_word' id='word_1_788' title='bbox 3674 4490 3822 4543; x_wconf 91' lang='lat' dir='ltr'>unde</span> 
     </span>
    </p>
   </div>
   <div class='ocr_carea' id='block_1_105' title="bbox 2123 4582 3823 4654">
    <p class='ocr_par' dir='ltr' id='par_1_105' title="bbox 2123 4582 3823 4654">
     <span class='ocr_line' id='line_1_105' title="bbox 2123 4582 3823 4654; baseline -0.002 -18"><span class='ocrx_word' id='word_1_789' title='bbox 2123 4582 2358 4654; x_wconf 91' lang='lat' dir='ltr'>quidem</span> <span class='ocrx_word' id='word_1_790' title='bbox 2407 4582 2687 4635; x_wconf 91' lang='lat' dir='ltr'>nonnulla</span> <span class='ocrx_word' id='word_1_791' title='bbox 2709 4582 2831 4651; x_wconf 88' lang='lat' dir='ltr'>jam</span> <span class='ocrx_word' id='word_1_792' title='bbox 2870 4582 3136 4652; x_wconf 88' lang='lat' dir='ltr'>superius</span> <span class='ocrx_word' id='word_1_793' title='bbox 3183 4582 3366 4651; x_wconf 89' lang='lat' dir='ltr'>posui,</span> <span class='ocrx_word' id='word_1_794' title='bbox 3418 4587 3477 4634; x_wconf 91' lang='lat' dir='ltr'>et</span> <span class='ocrx_word' id='word_1_795' title='bbox 3506 4598 3691 4652; x_wconf 90' lang='lat' dir='ltr'>pauca</span> <span class='ocrx_word' id='word_1_796' title='bbox 3735 4582 3823 4635; x_wconf 90' lang='lat' dir='ltr'>hic</span> 
     </span>
    </p>
   </div>
   <div class='ocr_carea' id='block_1_106' title="bbox 2124 4670 2931 4740">
    <p class='ocr_par' dir='ltr' id='par_1_106' title="bbox 2124 4670 2931 4740">
     <span class='ocr_line' id='line_1_106' title="bbox 2124 4670 2931 4740; baseline -0.005 -14"><span class='ocrx_word' id='word_1_797' title='bbox 2124 4673 2297 4726; x_wconf 90' lang='lat' dir='ltr'>etiam</span> <span class='ocrx_word' id='word_1_798' title='bbox 2329 4670 2685 4740; x_wconf 85' lang='lat' dir='ltr'>subjicienda</span> <span class='ocrx_word' id='word_1_799' title='bbox 2716 4670 2931 4723; x_wconf 84' lang='lat' dir='ltr'>censui.</span> 
     </span>
    </p>
   </div>
   <div class='ocr_carea' id='block_1_107' title="bbox 2196 4756 3822 4829">
    <p class='ocr_par' dir='ltr' id='par_1_107' title="bbox 2196 4756 3822 4829">
     <span class='ocr_line' id='line_1_107' title="bbox 2196 4756 3822 4829; baseline -0.001 -19"><span class='ocrx_word' id='word_1_800' title='bbox 2196 4779 2223 4810; x_wconf 83' lang='grc'><strong>‹‹</strong></span> <span class='ocrx_word' id='word_1_801' title='bbox 2256 4759 2352 4811; x_wconf 85' lang='lat' dir='ltr'>Est</span> <span class='ocrx_word' id='word_1_802' title='bbox 2404 4759 2638 4829; x_wconf 91' lang='lat' dir='ltr'>quidam</span> <span class='ocrx_word' id='word_1_803' title='bbox 2693 4758 2942 4828; x_wconf 90' lang='lat' dir='ltr'>populus</span> <span class='ocrx_word' id='word_1_804' title='bbox 2990 4761 3341 4828; x_wconf 68' lang='lat' dir='ltr'>praeparatus</span> <span class='ocrx_word' id='word_1_805' title='bbox 3390 4756 3460 4810; x_wconf 93' lang='lat' dir='ltr'>ad</span> <span class='ocrx_word' id='word_1_806' title='bbox 3502 4756 3651 4811; x_wconf 90' lang='lat' dir='ltr'>iram</span> <span class='ocrx_word' id='word_1_807' title='bbox 3701 4757 3822 4822; x_wconf 89' lang='lat' dir='ltr'>Dei,</span> 
     </span>
    </p>
   </div>
   <div class='ocr_carea' id='block_1_108' title="bbox 2123 4845 2920 4902">
    <p class='ocr_par' dir='ltr' id='par_1_108' title="bbox 2123 4845 2920 4902">
     <span class='ocr_line' id='line_1_108' title="bbox 2123 4845 2920 4902; baseline -0.005 0"><span class='ocrx_word' id='word_1_808' title='bbox 2123 4848 2425 4902; x_wconf 89' lang='lat' dir='ltr'>damnatus</span> <span class='ocrx_word' id='word_1_809' title='bbox 2450 4863 2579 4900; x_wconf 91' lang='lat' dir='ltr'>cum</span> <span class='ocrx_word' id='word_1_810' title='bbox 2612 4845 2861 4899; x_wconf 90' lang='lat' dir='ltr'>diabolo.</span> <span class='ocrx_word' id='word_1_811' title='bbox 2900 4866 2920 4892; x_wconf 77' lang='grc' dir='ltr'><strong><em>ι</em></strong></span> 
     </span>
    </p>
   </div>
   <div class='ocr_carea' id='block_1_109' title="bbox 2195 4931 3824 5002">
    <p class='ocr_par' dir='ltr' id='par_1_109' title="bbox 2195 4931 3824 5002">
     <span class='ocr_line' id='line_1_109' title="bbox 2195 4931 3824 5002; baseline -0.002 -14"><span class='ocrx_word' id='word_1_812' title='bbox 2195 4937 2387 4988; x_wconf 89' lang='lat' dir='ltr'>Item:</span> <span class='ocrx_word' id='word_1_813' title='bbox 2458 4958 2483 4979; x_wconf 87' lang='grc'>‹‹</span> <span class='ocrx_word' id='word_1_814' title='bbox 2563 4934 2659 4986; x_wconf 90' lang='lat' dir='ltr'>Est</span> <span class='ocrx_word' id='word_1_815' title='bbox 2725 4932 2959 5002; x_wconf 91' lang='lat' dir='ltr'>quidam</span> <span class='ocrx_word' id='word_1_816' title='bbox 3018 4933 3266 5002; x_wconf 88' lang='lat' dir='ltr'>populus</span> <span class='ocrx_word' id='word_1_817' title='bbox 3321 4936 3489 4984; x_wconf 89' lang='lat' dir='ltr'>natus</span> <span class='ocrx_word' id='word_1_818' title='bbox 3550 4931 3624 4985; x_wconf 88' lang='lat' dir='ltr'>ad</span> <span class='ocrx_word' id='word_1_819' title='bbox 3682 4932 3824 4985; x_wconf 88' lang='lat' dir='ltr'>iram</span> 
     </span>
    </p>
   </div>
   <div class='ocr_carea' id='block_1_110' title="bbox 2126 5023 2307 5078">
    <p class='ocr_par' dir='ltr' id='par_1_110' title="bbox 2126 5023 2307 5078">
     <span class='ocr_line' id='line_1_110' title="bbox 2126 5023 2307 5078; baseline -0.011 0"><span class='ocrx_word' id='word_1_820' title='bbox 2126 5023 2245 5078; x_wconf 85' lang='lat' dir='ltr'>Dei.</span> <span class='ocrx_word' id='word_1_821' title='bbox 2287 5044 2307 5070; x_wconf 72' lang='grc' dir='ltr'><strong>ι</strong></span> 
     </span>
    </p>
   </div>
   <div class='ocr_carea' id='block_1_111' title="bbox 2196 5108 3823 5173">
    <p class='ocr_par' dir='ltr' id='par_1_111' title="bbox 2196 5108 3823 5173">
     <span class='ocr_line' id='line_1_111' title="bbox 2196 5108 3823 5173; baseline -0.002 -8"><span class='ocrx_word' id='word_1_822' title='bbox 2196 5113 2335 5165; x_wconf 91' lang='lat' dir='ltr'>Item</span> <span class='ocrx_word' id='word_1_823' title='bbox 2362 5126 2374 5164; x_wconf 93' lang='lat'>:</span> <span class='ocrx_word' id='word_1_824' title='bbox 2399 5131 2420 5158; x_wconf 80' lang='grc' dir='ltr'>ι</span> <span class='ocrx_word' id='word_1_825' title='bbox 2448 5109 2632 5173; x_wconf 88' lang='lat' dir='ltr'>Quare</span> <span class='ocrx_word' id='word_1_826' title='bbox 2658 5108 2793 5164; x_wconf 86' lang='lat' dir='ltr'>dixit</span> <span class='ocrx_word' id='word_1_827' title='bbox 2824 5108 3103 5163; x_wconf 91' lang='lat' dir='ltr'>Dominus</span> <span class='ocrx_word' id='word_1_828' title='bbox 3118 5108 3363 5163; x_wconf 66' lang='lat' dir='ltr'>Iudaeis:</span> <span class='ocrx_word' id='word_1_829' title='bbox 3402 5111 3506 5163; x_wconf 88' lang='lat' dir='ltr'>Vos</span> <span class='ocrx_word' id='word_1_830' title='bbox 3522 5110 3823 5164; x_wconf 80' lang='lat' dir='ltr'>noncredi-</span> 
     </span>
    </p>
   </div>
   <div class='ocr_carea' id='block_1_112' title="bbox 2126 5198 3828 5269">
    <p class='ocr_par' dir='ltr' id='par_1_112' title="bbox 2126 5198 3828 5269">
     <span class='ocr_line' id='line_1_112' title="bbox 2126 5198 3828 5269; baseline -0.003 -15"><span class='ocrx_word' id='word_1_831' title='bbox 2126 5202 2195 5254; x_wconf 81' lang='lat' dir='ltr'>tis</span> <span class='ocrx_word' id='word_1_832' title='bbox 2226 5201 2357 5269; x_wconf 82' lang='lat' dir='ltr'>quia</span> <span class='ocrx_word' id='word_1_833' title='bbox 2378 5214 2484 5252; x_wconf 86' lang='lat' dir='ltr'>non</span> <span class='ocrx_word' id='word_1_834' title='bbox 2503 5200 2631 5252; x_wconf 80' lang='lat' dir='ltr'>estis</span> <span class='ocrx_word' id='word_1_835' title='bbox 2663 5214 2729 5251; x_wconf 76' lang='lat' dir='ltr'>ea:</span> <span class='ocrx_word' id='word_1_836' title='bbox 2750 5198 2938 5252; x_wconf 78' lang='lat' dir='ltr'>ovibus</span> <span class='ocrx_word' id='word_1_837' title='bbox 2967 5200 3099 5251; x_wconf 85' lang='lat' dir='ltr'>meis</span> <span class='ocrx_word' id='word_1_838' title='bbox 3132 5198 3304 5264; x_wconf 83' lang='lat' dir='ltr'>(Joan.</span> <span class='ocrx_word' id='word_1_839' title='bbox 3328 5212 3383 5263; x_wconf 90' lang='lat' dir='ltr'>x,</span> <span class='ocrx_word' id='word_1_840' title='bbox 3409 5199 3522 5263; x_wconf 82' lang='lat'>26),</span> <span class='ocrx_word' id='word_1_841' title='bbox 3550 5198 3665 5250; x_wconf 91' lang='lat' dir='ltr'>nisi</span> <span class='ocrx_word' id='word_1_842' title='bbox 3692 5198 3828 5268; x_wconf 88' lang='lat' dir='ltr'>quia</span> 
     </span>
    </p>
   </div>
   <div class='ocr_carea' id='block_1_113' title="bbox 2123 5285 3823 5356">
    <p class='ocr_par' dir='ltr' id='par_1_113' title="bbox 2123 5285 3823 5356">
     <span class='ocr_line' id='line_1_113' title="bbox 2123 5285 3823 5356; baseline -0.001 -15"><span class='ocrx_word' id='word_1_843' title='bbox 2123 5288 2349 5341; x_wconf 82' lang='lat' dir='ltr'>videbat</span> <span class='ocrx_word' id='word_1_844' title='bbox 2380 5304 2475 5341; x_wconf 91' lang='lat' dir='ltr'>eos</span> <span class='ocrx_word' id='word_1_845' title='bbox 2496 5288 2565 5340; x_wconf 90' lang='lat' dir='ltr'>ad</span> <span class='ocrx_word' id='word_1_846' title='bbox 2589 5287 3003 5356; x_wconf 90' lang='lat' dir='ltr'>sempiternum</span> <span class='ocrx_word' id='word_1_847' title='bbox 3033 5286 3331 5339; x_wconf 89' lang='lat' dir='ltr'>interitum</span> <span class='ocrx_word' id='word_1_848' title='bbox 3363 5285 3823 5354; x_wconf 62' lang='lat' dir='ltr'>praedestinatos,</span> 
     </span>
    </p>
   </div>
   <div class='ocr_carea' id='block_1_114' title="bbox 2126 5374 3824 5445">
    <p class='ocr_par' dir='ltr' id='par_1_114' title="bbox 2126 5374 3824 5445">
     <span class='ocr_line' id='line_1_114' title="bbox 2126 5374 3824 5445; baseline -0.002 -14"><span class='ocrx_word' id='word_1_849' title='bbox 2126 5394 2240 5431; x_wconf 90' lang='lat' dir='ltr'>non</span> <span class='ocrx_word' id='word_1_850' title='bbox 2270 5377 2339 5430; x_wconf 87' lang='lat' dir='ltr'>ad</span> <span class='ocrx_word' id='word_1_851' title='bbox 2372 5377 2545 5430; x_wconf 89' lang='lat' dir='ltr'>vitam</span> <span class='ocrx_word' id='word_1_852' title='bbox 2577 5381 2851 5429; x_wconf 69' lang='lat' dir='ltr'>aeternam</span> <span class='ocrx_word' id='word_1_853' title='bbox 2892 5375 2980 5428; x_wconf 92' lang='lat' dir='ltr'>sui</span> <span class='ocrx_word' id='word_1_854' title='bbox 3012 5374 3309 5444; x_wconf 88' lang='lat' dir='ltr'>sanguinis</span> <span class='ocrx_word' id='word_1_855' title='bbox 3356 5376 3544 5444; x_wconf 90' lang='lat' dir='ltr'>pretio</span> <span class='ocrx_word' id='word_1_856' title='bbox 3588 5392 3824 5445; x_wconf 79' lang='lat' dir='ltr'>compa-</span> 
     </span>
    </p>
   </div>
   <div class='ocr_carea' id='block_1_115' title="bbox 2124 5463 3827 5535">
    <p class='ocr_par' dir='ltr' id='par_1_115' title="bbox 2124 5463 3827 5535">
     <span class='ocr_line' id='line_1_115' title="bbox 2124 5463 3827 5535; baseline -0.001 -16"><span class='ocrx_word' id='word_1_857' title='bbox 2124 5470 2297 5519; x_wconf 91' lang='lat' dir='ltr'>ratos.</span> <span class='ocrx_word' id='word_1_858' title='bbox 2330 5483 2356 5515; x_wconf 85' lang='lat'>»</span> <span class='ocrx_word' id='word_1_859' title='bbox 2414 5465 2608 5517; x_wconf 89' lang='lat' dir='ltr'>Item:</span> <span class='ocrx_word' id='word_1_860' title='bbox 2655 5486 2676 5511; x_wconf 79' lang='grc' dir='ltr'>ι</span> <span class='ocrx_word' id='word_1_861' title='bbox 2714 5463 2859 5527; x_wconf 90' lang='lat' dir='ltr'>Quid</span> <span class='ocrx_word' id='word_1_862' title='bbox 2922 5469 3110 5532; x_wconf 90' lang='lat' dir='ltr'>potest</span> <span class='ocrx_word' id='word_1_863' title='bbox 3163 5463 3374 5533; x_wconf 77' lang='lat' dir='ltr'>lupus?</span> <span class='ocrx_word' id='word_1_864' title='bbox 3435 5463 3585 5527; x_wconf 89' lang='lat' dir='ltr'>Quid</span> <span class='ocrx_word' id='word_1_865' title='bbox 3645 5470 3827 5535; x_wconf 86' lang='lat' dir='ltr'>potest</span> 
     </span>
    </p>
   </div>
   <div class='ocr_carea' id='block_1_116' title="bbox 2124 5551 3825 5623">
    <p class='ocr_par' dir='ltr' id='par_1_116' title="bbox 2124 5551 3825 5623">
     <span class='ocr_line' id='line_1_116' title="bbox 2124 5551 3825 5623; baseline 0 -16"><span class='ocrx_word' id='word_1_866' title='bbox 2124 5554 2216 5608; x_wconf 89' lang='lat' dir='ltr'>fur</span> <span class='ocrx_word' id='word_1_867' title='bbox 2244 5558 2301 5605; x_wconf 91' lang='lat' dir='ltr'>et</span> <span class='ocrx_word' id='word_1_868' title='bbox 2348 5553 2535 5606; x_wconf 84' lang='lat' dir='ltr'>latro?</span> <span class='ocrx_word' id='word_1_869' title='bbox 2579 5552 2703 5605; x_wconf 86' lang='lat' dir='ltr'>Non</span> <span class='ocrx_word' id='word_1_870' title='bbox 2737 5552 2988 5621; x_wconf 88' lang='lat' dir='ltr'>perdunt</span> <span class='ocrx_word' id='word_1_871' title='bbox 3038 5551 3150 5604; x_wconf 90' lang='lat' dir='ltr'>nisi</span> <span class='ocrx_word' id='word_1_872' title='bbox 3182 5552 3250 5605; x_wconf 89' lang='lat' dir='ltr'>ad</span> <span class='ocrx_word' id='word_1_873' title='bbox 3303 5551 3610 5607; x_wconf 90' lang='lat' dir='ltr'>interitum</span> <span class='ocrx_word' id='word_1_874' title='bbox 3674 5571 3825 5623; x_wconf 50' lang='lat' dir='ltr'>pra:-</span> 
     </span>
    </p>
   </div>
   <div class='ocr_carea' id='block_1_117' title="bbox 2125 5639 3826 5710">
    <p class='ocr_par' dir='ltr' id='par_1_117' title="bbox 2125 5639 3826 5710">
     <span class='ocr_line' id='line_1_117' title="bbox 2125 5639 3826 5710; baseline 0.001 -17"><span class='ocrx_word' id='word_1_875' title='bbox 2125 5640 2453 5694; x_wconf 85' lang='lat' dir='ltr'>destinatos.</span> <span class='ocrx_word' id='word_1_876' title='bbox 2506 5660 2532 5691; x_wconf 84' lang='grc'><strong>››</strong></span> <span class='ocrx_word' id='word_1_877' title='bbox 2602 5640 2786 5693; x_wconf 89' lang='lat' dir='ltr'>Item:</span> <span class='ocrx_word' id='word_1_878' title='bbox 2848 5658 2876 5690; x_wconf 77' lang='grc' dir='ltr'><strong>α</strong></span> <span class='ocrx_word' id='word_1_879' title='bbox 2925 5639 3023 5693; x_wconf 89' lang='lat' dir='ltr'>Isti</span> <span class='ocrx_word' id='word_1_880' title='bbox 3079 5639 3457 5710; x_wconf 85' lang='lat' dir='ltr'>indignanter</span> <span class='ocrx_word' id='word_1_881' title='bbox 3512 5643 3721 5695; x_wconf 86' lang='lat' dir='ltr'>mortui</span> <span class='ocrx_word' id='word_1_882' title='bbox 3772 5650 3826 5694; x_wconf 88' lang='lat' dir='ltr'>et</span> 
     </span>
    </p>
   </div>
  </div>
