3890 6230
152 390 255 443 357

1511 388 1881 445 CONFESSIO
1920 388 2327 448 PROLIXIOR.

3571 400 3675 452 358

148 522 326 576 morti
375 520 749 592 sempiternae
796 519 1207 591 praedestinati.
1266 521 1403 573 ltem
1438 536 1450 573 :
1514 542 1539 568 ‹‹
1601 521 1862 585 Mundus,
1902 525 1948 575 A
1976 526 2032 575 et
2063 522 2213 591 quod
2246 523 2503 593 quinque
2534 524 2803 593 partitam
2836 524 3044 579 fatetur
3075 543 3196 580 esse
3236 528 3672 595 continentiam,

150 612 366 681 inquit,
394 613 517 664 odit
543 612 845 679 mundum,
864 610 1131 663 inimicus
1150 610 1603 675 reconciliatum,
1631 609 1865 663 damna-

150 705 247 752 tus
280 702 588 766 salvatum,
621 701 956 770 inquinatus
984 700 1347 752 mundatum.
1398 721 1417 745 ι

228 789 409 842 Item:
470 808 497 838 α
536 789 712 841 Filius
764 788 1102 857 perditionis
1152 788 1332 840 dictus
1364 794 1451 841 est
1479 788 1649 841 Judas
1688 787 1860 841 tradi-

150 882 246 929 tor
266 877 504 945 Christi,
537 878 893 931 damnationi
924 876 1380 945 praedestinatus.
1416 896 1441 927 »
1476 878 1655 930 Item:
1694 898 1715 925 ι
1755 878 1861 930 Pro

151 966 267 1019 isto
302 966 525 1019 mundo
571 982 688 1018 non
718 973 917 1034 rogat:
956 981 1141 1035 neque
1183 965 1335 1018 enim
1371 982 1485 1035 quo
1536 966 1605 1018 sit
1635 966 1862 1035 prcede-

150 1054 427 1119 stinatus,
470 1054 717 1121 ignorat.
757 1075 777 1101 ι

231 1143 442 1195 Beatus
471 1158 701 1212 quoque
730 1142 1061 1212 Fulgentius
1091 1142 1222 1195 inde
1252 1142 1443 1195 taliter
1460 1141 1595 1194 dicit
1619 1158 1631 1195 :
1668 1162 1693 1191 α
1713 1144 1861 1195 Prte-

150 1232 384 1300 paravit
417 1232 588 1284 etiam
626 1232 774 1284 Deus
821 1231 1212 1301 peccatoribus
1244 1247 1464 1299 poenas,
1506 1230 1618 1283 illis
1660 1232 1858 1301 utique

152 1336 305 1388 quos
336 1321 492 1389 juste
524 1320 951 1389 prmdestinavit
983 1320 1052 1373 ad
1100 1320 1310 1373 luenda
1341 1320 1643 1388 supplicia.
1682 1341 1709 1367 «
1758 1320 1859 1372 Ubi

154 1424 398 1477 prorsus
442 1415 751 1479 utrumque
797 1409 933 1461 satis
967 1414 1161 1479 aperte
1210 1409 1440 1474 fatetur,
1494 1413 1551 1461 et
1604 1409 1861 1477 reprobis

155 1497 432 1549 videlicet
480 1496 914 1565 prmdestinatas
954 1512 1075 1549 esse
1106 1511 1323 1566 pmnas,
1361 1500 1417 1549 et
1454 1496 1581 1548 illos
1614 1496 1858 1549 vicissim

152 1586 599 1654 praedestinatos
632 1585 699 1638 ad
736 1601 847 1638 eas.
903 1585 1060 1637 Unde
1092 1585 1367 1637 nimirum
1399 1585 1857 1651 catholicissime,

158 1690 390 1725 necnon
438 1680 494 1725 et
540 1674 931 1743 copiosissime
978 1674 1290 1742 disputavit
1323 1675 1379 1725 in
1430 1680 1649 1742 septem
1702 1674 1859 1727 libris

152 1768 355 1815 contra
430 1762 573 1815 duos
637 1763 825 1815 Fausti
882 1762 1133 1815 haeretici
1198 1762 1505 1815 Lirinensis
1567 1764 1857 1831 quondam

153 1851 451 1915 monachi,
536 1852 815 1920 Regensis
878 1852 1244 1921 postmodum
1313 1851 1601 1919 episcopi:
1686 1868 1859 1921 quem

152 1939 403 1992 convicit
437 1939 590 1991 idem
645 1939 843 1992 doctor
884 1938 1237 2004 mirabiliter,
1271 1939 1652 2009 contrivitque
1698 1956 1855 1992 com-

154 2033 351 2081 menta
400 2028 640 2090 diaboli,
704 2033 761 2079 et
808 2043 936 2079 cum
988 2026 1113 2078 aliis
1166 2026 1599 2096 quatuordecim
1651 2023 1857 2076 sanctis

155 2117 509 2186 coepiscopis
577 2116 712 2180 suis,
777 2116 848 2167 ab
918 2114 1162 2167 Ecclesia
1230 2114 1436 2167 Christi
1504 2113 1729 2182 repulit,
1802 2117 1857 2163 et

156 2206 476 2258 eliminavit
525 2204 851 2258 lethiferum
905 2208 1058 2256 virus
1108 2203 1457 2256 Antichristi.
1522 2204 1754 2256 Necnon
1802 2205 1857 2255 et

155 2294 332 2347 tribus
383 2294 513 2346 aliis
554 2293 623 2346 de
669 2293 902 2346 veritate
951 2284 1465 2363 prmdestinationis
1531 2297 1588 2345 et
1637 2292 1853 2361 gratiae.

155 2383 259 2436 Sed
301 2386 359 2436 et
394 2384 452 2435 in
492 2400 607 2435 uno
643 2383 759 2446 illo,
796 2398 971 2451 quem
1002 2386 1186 2434 totum
1239 2396 1410 2450 super
1458 2381 1562 2433 hac
1602 2386 1851 2433 tantum-

156 2472 323 2525 modo
402 2471 723 2540 quzestione
781 2471 849 2523 ad
901 2470 1213 2524 Monimum
1269 2469 1403 2522 hinc
1462 2468 1854 2523 consulentem

155 2558 525 2623 cognoscitur
554 2559 815 2612 edidisse.

225 2646 526 2698 Gloriosus
558 2662 788 2716 quoque
819 2647 1122 2713 Gregorius
1173 2648 1357 2715 (cujus
1400 2645 1532 2698 inde
1566 2645 1857 2714 aliquanta

152 2736 264 2803 jam
299 2735 523 2787 inserui
573 2736 858 2804 superius)
910 2736 1100 2788 taliter
1138 2735 1290 2787 inter
1336 2739 1541 2786 caetera
1589 2733 1723 2785 inde
1773 2740 1857 2786 est

157 2824 415 2876 locutus:
476 2846 503 2871 «
559 2825 880 2877 Tenebrosa
942 2823 1125 2876 hostia
1174 2829 1310 2876 tunc
1370 2822 1643 2875 Dominus
1693 2822 1853 2887 vidit,

157 2929 283 2965 cum
347 2914 600 2965 claustra
668 2912 876 2966 inferni
936 2916 1244 2982 penetrans
1304 2910 1562 2963 crudeles
1621 2909 1855 2978 spiritus

157 3001 421 3069 perculit.
463 3007 520 3053 et
559 3001 761 3053 mortis
804 3001 1148 3071 praepositos
1190 2999 1489 3052 moriendo
1541 2997 1850 3051 damnavit.

156 3090 314 3153 Quod
364 3090 601 3155 idcirco,
638 3090 849 3160 inquit,
880 3106 994 3142 non
1028 3090 1214 3142 adhuc
1262 3088 1330 3142 de
1363 3087 1577 3153 futuro,
1612 3087 1707 3140 sed
1734 3087 1853 3177 jam
1894 3122 1933 3177 Ο

159 3180 224 3231 de
253 3179 551 3247 praeterito
581 3179 827 3232 dicitur:
879 3178 1015 3247 quia
1045 3177 1328 3248 quidquid
1360 3177 1617 3230 futurum
1648 3181 1769 3228 erat
1795 3176 1855 3228 in

156 3283 347 3337 opere,
387 3268 665 3320 nimirum
704 3268 824 3336 jam
873 3268 1087 3320 factum
1132 3272 1217 3319 est
1265 3264 1788 3334 praedestinatione.
1824 3286 1851 3312 »

158 3354 332 3408 ltem:
394 3375 421 3399 ι(
468 3354 774 3407 Leviathan
808 3354 904 3407 ille
949 3369 1079 3406 cum
1110 3351 1388 3405 universis
1433 3351 1707 3404 membris
1740 3350 1855 3404 suis

156 3443 385 3495 aeternis
451 3442 797 3495 cruciatibus
846 3447 931 3494 est
988 3441 1387 3511 deputatus.»
1461 3441 1601 3493 ltem
1666 3441 1853 3510 ipsum

154 3548 382 3601 quoque
413 3531 567 3585 diem
594 3531 796 3600 judicii
837 3530 975 3584 dicit
1004 3546 1124 3583 esse
1151 3529 1643 3599 prmdestinatum,
1677 3544 1855 3598 expo-

157 3636 296 3673 nens
326 3620 471 3672 illud
499 3636 567 3672 ex
616 3620 760 3672 libro
803 3620 947 3673 Job:
996 3640 1017 3668 ι
1072 3620 1307 3686 Lampas
1353 3623 1653 3684 contempta
1704 3616 1856 3685 apud

154 3711 507 3775 cogitationes
547 3708 801 3773 divitum,
830 3712 1037 3776 parata
1077 3706 1151 3760 ad
1194 3712 1399 3774 tempus
1429 3710 1695 3759 statutum
1738 3703 1853 3773 (Job

156 3812 250 3861 xu,
284 3797 367 3865 5),
424 3796 635 3865 inquit,
689 3801 1032 3866 contemptae
1081 3794 1357 3864 lampadis
1389 3798 1615 3863 tempus
1648 3798 1733 3847 est
1759 3809 1851 3846 ex-

156 3885 321 3937 tremi
366 3884 574 3953 judicii
630 3883 1069 3951 praedestinatus
1115 3882 1255 3935 dies.
1310 3903 1336 3930 ››
1390 3880 1629 3934 Sanctus
1679 3881 1854 3934 etiam

158 3973 410 4026 Isidorus
452 3972 582 4025 inde
616 3972 695 4024 sic
723 3972 896 4025 dicit:
934 3992 960 4019 ‹‹
1007 3971 1247 4025 Gemina
1287 3974 1373 4023 est
1400 3970 1853 4039 praedestinatio,

157 4062 270 4115 sive
327 4061 641 4115 electorum
705 4061 775 4115 ad
834 4060 1113 4130 requiem,
1170 4060 1282 4111 sive
1338 4057 1715 4128 reproborum
1782 4059 1854 4113 ad

156 4156 420 4203 mortem.
451 4170 479 4199 υ
517 4150 640 4202 Non
691 4150 847 4203 enim
881 4149 981 4215 ait,
1013 4148 1141 4201 duae
1173 4152 1326 4211 sunt,
1354 4147 1488 4217 quia
1519 4163 1633 4200 non
1674 4153 1809 4200 sunt
1838 4164 1850 4201 :

155 4239 268 4305 sed,
318 4238 571 4308 gemina,
620 4238 678 4291 id
729 4242 811 4291 est
861 4238 1167 4307 bipertita:
1212 4236 1348 4306 quia
1382 4236 1558 4289 semel
1603 4240 1686 4301 tu,
1739 4236 1845 4289 Do-

158 4327 332 4393 mine,
366 4328 591 4380 locutus
639 4343 735 4379 es:
791 4325 1037 4396 qualiter
1069 4342 1183 4378 una
1231 4325 1486 4394 quidem,
1524 4323 1621 4377 sed
1661 4330 1853 4377 tamen

1972 628 2087 664 non
2117 612 2372 682 quinque
2407 619 2597 666 tamen
2641 630 2762 667 esse
2795 615 2979 679 docet,
3019 616 3114 669 sed
3166 632 3367 671 unum.
3417 648 3480 658 -—
3532 618 3675 671 Hinc

1972 706 2028 753 et
2057 708 2252 753 sancto
2302 702 2574 771 Gregorio
2620 703 2852 771 gemina
2889 705 3219 758 Judaeorum
3264 707 3499 759 scientia
3530 707 3671 760 dici-

1972 793 2085 855 tur,
2127 795 2183 841 et
2232 795 2423 843 tamen
2460 789 2593 843 licet
2621 792 2795 859 dupla
2830 792 2920 857 sit,
2966 809 3077 845 una
3117 810 3239 846 esse
3288 796 3668 865 cognoscitur.

1971 877 2136 940 Quod
2166 884 2223 931 et
2244 879 2444 948 [ipsum
2476 895 2657 948 genus
2688 880 2993 933 locutionis
3026 881 3454 937 usitatissimum
3487 890 3592 949 est,
3617 889 3673 937 et

1970 966 2122 1035 apud
2174 974 2434 1020 auctores
2478 984 2707 1038 quoque
2755 969 3044 1022 saecularis
3092 970 3463 1025 litteratura:
3516 974 3670 1043 quod

1969 1056 2104 1125 quia
2135 1056 2516 1109 rectissimum
2548 1061 2633 1110 est
2665 1074 2727 1109 ac
2751 1059 3135 1123 verissimum,
3178 1075 3295 1113 non
3326 1061 3423 1113 abs
3467 1078 3524 1115 re
3565 1068 3668 1127 est,

1971 1143 2015 1196 si
2055 1150 2112 1197 et
2156 1144 2287 1197 inde
2335 1144 2426 1197 hic
2457 1150 2750 1214 ponantur
2778 1146 2989 1217 aliqua,
3037 1163 3166 1216 quae
3197 1147 3421 1203 valeant
3461 1150 3533 1203 ad
3572 1166 3669 1204 cu-

1972 1234 2192 1285 mulum
2225 1233 2449 1286 tuendaa
2472 1236 2769 1287 sententiae
2789 1236 3129 1304 supradictae
3160 1253 3170 1288 :
3198 1252 3330 1289 nam
3371 1243 3428 1291 et
3468 1254 3669 1292 eorum

1970 1321 2204 1391 quidam
2267 1322 2554 1391 geminam
2604 1322 2745 1375 dixit
2793 1323 3076 1388 arborem,
3128 1341 3243 1378 non
3293 1326 3433 1379 duas
3476 1328 3670 1381 volens

1970 1410 2237 1477 intelligi,
2284 1410 2380 1463 sed
2416 1426 2609 1476 unam,
2642 1416 2699 1462 et
2744 1412 2889 1463 alius
2920 1412 3258 1481 qualitatem
3292 1414 3545 1467 nominis
3575 1414 3669 1467 bi-

1970 1498 2259 1568 partitam,
2314 1503 2369 1551 et
2416 1499 2811 1552 universorum
2864 1501 3077 1569 pedum
3126 1501 3337 1555 trinam
3387 1503 3666 1556 conditio—

1971 1602 2123 1647 nem,
2157 1591 2210 1639 et
2254 1587 2456 1639 tertius
2501 1603 2664 1656 mque
2714 1589 2932 1656 peritus
2984 1590 3329 1659 Priscianus,
3362 1607 3533 1662 quam
3570 1593 3665 1645 ille

1970 1674 2191 1727 dixerat
2224 1675 2457 1741 trinam,
2486 1677 2749 1744 exposuit
2780 1676 3148 1745 tripartitam.

2048 1763 2157 1815 Nec
2184 1779 2321 1816 sane
2351 1763 2619 1833 cuiquam
2652 1764 2744 1833 pie
2779 1766 3126 1834 sapientium
3156 1767 3336 1820 videri
3368 1767 3537 1822 debet
3568 1768 3665 1821 ab-

1974 1850 2231 1910 surdum.
2270 1850 2312 1902 si
2340 1851 2572 1919 gemina
2601 1851 3032 1920 praedestinatio
3066 1854 3345 1921 creditur,
3378 1860 3435 1909 et
3459 1871 3668 1924 cogno-

1967 1938 2163 1999 scitur,
2200 1942 2255 1989 et
2304 1938 2700 1992 incunctanter
2748 1956 2869 1992 esse
2919 1940 3129 1994 dicitur
3173 1943 3321 2011 apud
3371 1947 3426 1996 te
3470 1945 3665 1997 Domi—

1968 2042 2106 2079 num
2141 2033 2399 2080 nostrum
2436 2028 2773 2081 naturaliter
2815 2029 3050 2099 quidem
3104 2047 3304 2094 unum,
3358 2032 3455 2085 sed
3498 2032 3665 2085 simul

1967 2115 2135 2166 etiam
2164 2115 2541 2183 personaliter
2572 2116 2786 2168 trinum
2813 2136 2828 2168 :
2861 2117 2959 2187 qui
2999 2123 3148 2169 certe
3176 2120 3489 2173 secundum
3524 2121 3667 2173 hanc

1968 2202 2256 2271 geminam
2315 2202 2881 2271 praedestinationem
2934 2210 3088 2258 tuam
3150 2207 3665 2276 (quemadmodum

1967 2291 2318 2359 Augustinus
2350 2296 2481 2344 tuus
2528 2291 2775 2345 fideliter
2813 2293 3012 2359 credit,
3055 2300 3113 2347 et
3155 2295 3397 2348 ﬁdenter
3445 2298 3662 2363 asserit)

1966 2378 2151 2431 bonus
2172 2396 2229 2431 es
2252 2379 2308 2431 in
2333 2380 2609 2433 beneﬁcio
2633 2394 2937 2447 certorum,
2968 2383 3156 2451 justus
3175 2384 3234 2436 in
3257 2384 3539 2453 supplicio
3563 2400 3665 2438 cm-

1966 2472 2241 2520 terorum.
2277 2468 2338 2520 Et
2369 2468 2625 2537 insuper,
2660 2474 2723 2522 ut
2756 2469 3054 2538 proﬁtetur
3085 2478 3523 2541 consequenter,
3557 2473 3659 2527 bo.

1968 2572 2073 2608 nus
2104 2571 2161 2608 es
2192 2556 2249 2608 in
2283 2555 2568 2621 omnibus,
2601 2558 2874 2627 quoniam
2902 2559 3120 2611 bonum
3144 2566 3228 2612 est
3248 2576 3377 2613 cum
3406 2561 3663 2615 debitum

1966 2645 2257 2697 redditur:
2294 2645 2361 2697 Et
2383 2645 2572 2713 justus
2609 2646 2664 2698 in
2696 2646 2986 2711 omnibus,
3023 2647 3295 2717 quoniam
3320 2649 3539 2717 justum
3578 2656 3661 2703 est

1966 2750 2095 2786 cum
2146 2734 2406 2786 debitum
2448 2735 2570 2787 sine
2610 2736 2949 2805 cujusquam
2990 2737 3189 2790 fraude
3224 2737 3489 2791 donatur.
3535 2740 3661 2791 Haec

1966 2821 2158 2873 omnia
2197 2822 2341 2875 sicut
2392 2822 2484 2874 hic
2532 2822 2657 2892 (tibi
2702 2824 2934 2893 gratias)
2985 2829 3041 2877 et
3087 2825 3254 2878 credo
3300 2830 3355 2878 et
3386 2826 3661 2879 confiteor

1966 2910 2199 2978 (gratias
2230 2910 2348 2977 tibi)
2390 2916 2561 2979 prout
2590 2911 2768 2979 gratis
2813 2912 3049 2979 largitus
3097 2929 3155 2964 es
3198 2913 3361 2966 mihi.
3420 2915 3485 2967 Et
3527 2915 3661 2983 quia

1964 2997 2020 3050 in
2056 2997 2188 3062 tuis,
2221 2997 2281 3050 in
2330 2998 2490 3051 libris
2541 3004 2773 3052 tuorum
2806 2999 3022 3053 scilicet
3067 3000 3462 3055 ministrorum
3496 3003 3655 3055 labo-

1965 3103 2043 3153 re,
2078 3086 2194 3139 imo
2241 3087 2427 3156 gratia
2469 3092 2567 3140 tua
2616 3088 2889 3141 veraciter
2921 3089 3211 3157 expositis,
3262 3089 3383 3143 haec
3420 3097 3537 3144 ate
3577 3091 3659 3145 di-

1965 3181 2053 3228 cta
2085 3175 2332 3245 reperio,
2364 3180 2480 3229 tam
2514 3177 2830 3246 perspicuae
2872 3192 3108 3246 prorsus
3140 3179 3393 3232 veritatis
3435 3184 3662 3232 contra—

1966 3262 2155 3316 dicere
2184 3263 2365 3333 (quod
2395 3262 2563 3333 absit)
2618 3280 2731 3317 non
2780 3265 2985 3318 audeo.
3028 3264 3312 3328 Quoniam
3368 3283 3603 3336 prorsus
3633 3283 3663 3319 a

1964 3356 2019 3405 te
2050 3352 2281 3405 veritate
2312 3352 2510 3422 negari
2544 3352 2691 3405 sicut
2722 3353 2973 3406 minatus
3004 3370 3061 3406 es
3093 3360 3377 3419 metuens,
3418 3360 3475 3408 et
3505 3356 3659 3408 illam

1965 3455 2197 3510 quoque
2246 3441 2547 3510 repetitam
2594 3442 2750 3493 Pauli
2782 3442 3122 3494 sententiam
3159 3443 3661 3496 vehementissime

1964 3528 2160 3581 timeo.
2197 3528 2414 3596 Siquis
2458 3529 2607 3581 vobis
2647 3531 3055 3581 unnuntz‘averit
3105 3536 3471 3597 praeterquam
3518 3530 3663 3598 quod

1963 3618 2270 3684 accepistis,
2299 3617 2590 3669 anathema
2617 3619 2687 3670 sit
2707 3615 2857 3684 (Gal.
2896 3633 2933 3679 1,
2967 3619 3037 3685 8).

2034 3705 2277 3757 Tantum
2309 3704 2595 3774 siquidem
2628 3704 2842 3757 amoris
2882 3705 3009 3772 tibi,
3060 3706 3300 3760 Domine
3325 3707 3477 3772 Jesu,
3511 3707 3658 3761 veri-

1963 3795 2048 3844 tas
2079 3792 2304 3857 invicta,
2352 3792 2761 3863 perpetualiter
2809 3794 3010 3857 debeo,
3059 3800 3123 3847 ut
3171 3796 3659 3865 quemadmodum

1963 3880 2032 3933 ab
2065 3880 2388 3951 Augustino
2420 3881 2755 3951 perhibetur
2797 3880 3073 3934 veraciter
3095 3887 3210 3948 tuo,
3246 3899 3431 3953 neque
3468 3885 3657 3937 homi-

1964 3971 2131 4025 nibus
2166 3971 2425 4042 placendi
2456 3971 2666 4035 studio,
2701 3986 2884 4041 neque
2917 3978 3176 4041 respectu
3218 3973 3657 4028 devitandorum

1964 4060 2354 4131 quorumlibet
2379 4059 2892 4125 incommodorum,
2921 4059 3265 4131 detorquear
3294 4063 3472 4132 (quod
3494 4062 3657 4133 absit)

1964 4166 1996 4203 a
2026 4165 2178 4202 vero.
2229 4178 2295 4186 —
2346 4149 2409 4201 Et
2456 4152 2519 4201 ut
2566 4148 2769 4202 beatus
2816 4148 2989 4202 etiam
3035 4149 3199 4204 docet
3242 4151 3551 4221 Gregorius
3600 4152 3659 4205 in

1964 4242 2246 4308 quantum
2296 4236 2418 4289 sine
2457 4242 2687 4306 peccato
2717 4238 3005 4306 possimus
3035 4238 3213 4294 vitare
3258 4241 3657 4309 proximorum

1963 4325 2248 4389 scandala,
2283 4324 2587 4389 debemus;
2636 4324 2682 4377 si
2721 4331 2913 4379 autem
2946 4325 3015 4379 de
3046 4327 3286 4381 veritate
3328 4329 3657 4383 scandalum

156 4415 387 4485 gemina
418 4415 928 4485 praedestinatione
961 4419 1016 4467 et
1038 4414 1243 4467 electos
1271 4412 1757 4482 gratisjustitices,
1790 4428 1855 4465 ac
1893 4420 1937 4474 D
1964 4413 2232 4479 sumitur,
2276 4412 2477 4466 utilius
2506 4412 2862 4481 permittitur
2908 4415 3066 4467 nasci
3098 4415 3453 4484 scandalum,
3485 4434 3655 4487 quam

158 4504 438 4574 perpetim
471 4504 673 4569 salves,
715 4508 773 4557 et
809 4502 1083 4573 reprobos
1122 4517 1349 4572 quoque
1382 4499 1584 4554 merito
1617 4500 1849 4562 refutes,

150 4596 417 4664 justeque
468 4592 836 4646 condemnes.
900 4613 922 4639 ε
997 4592 1078 4657 Et,
1145 4590 1289 4643 sicut
1347 4589 1709 4659 supradictus
1774 4590 1853 4644 ait

158 4681 481 4751 Gregorius,
530 4681 673 4734 alios
720 4680 1032 4750 respiciens
1080 4678 1350 4743 redimas,
1399 4678 1537 4732 alios
1584 4678 1851 4733 deserens

156 4771 372 4839 perdas.
405 4790 434 4818 »

215 4860 349 4913 Tale
379 4863 465 4912 est
496 4862 691 4912 autem
720 4857 870 4927 quod
895 4856 1102 4911 dicitur
1128 4854 1558 4926 praedestinatio
1597 4855 1849 4925 gemina,

156 4946 207 4999 in
262 4948 475 5001 electos
530 4946 788 4999 videlicet
836 4951 891 4999 et
940 4944 1208 5015 reprobos
1255 4944 1546 5013 bipertita,
1601 4959 1730 4996 cum
1780 4944 1852 4998 sit

155 5050 277 5102 una,
313 5035 446 5089 licet
496 5034 573 5087 sit
628 5034 831 5104 dupla;
888 5034 1057 5104 quale
1115 5038 1199 5087 est
1252 5032 1406 5103 quod
1448 5032 1779 5103 frequenter
1817 5050 1851 5086 a

154 5124 309 5179 beato
355 5122 705 5193 Augustino,
758 5130 815 5176 et
856 5122 1075 5176 caeteris
1126 5121 1389 5175 Patribus
1422 5120 1631 5175 dicitur
1661 5121 1845 5175 chari-

157 5216 229 5263 tas
270 5213 360 5265 vel
410 5211 643 5266 dilectio
692 5210 942 5280 gemina,
979 5227 1108 5263 cum
1152 5210 1348 5279 utique
1382 5225 1496 5263 non
1543 5209 1657 5262 sint
1695 5209 1843 5275 dum,

159 5301 241 5353 sed
276 5317 412 5363 una,
449 5300 585 5352 licet
635 5305 869 5369 propter
902 5300 1079 5352 Deum
1109 5303 1165 5351 et
1204 5297 1528 5368 proximum
1572 5297 1643 5350 sit
1674 5296 1845 5350 etiam

161 5388 338 5457 dnila.
381 5389 559 5451 Quale
588 5394 677 5441 est
718 5394 777 5440 et
805 5388 941 5441 illud
976 5387 1155 5441 Patris
1200 5386 1526 5456 Augustini,
1564 5385 1713 5456 quod
1757 5385 1844 5437 di-

161 5478 226 5529 cit
269 5478 611 5547 bipartitum
664 5493 785 5530 esse
837 5493 980 5546 opus
1031 5476 1171 5529 Dei:
1226 5475 1525 5544 geminum
1580 5472 1846 5527 videlicet

163 5567 339 5619 volens
373 5565 645 5635 intelligi,
675 5570 731 5618 et
760 5565 910 5635 quod
942 5564 1419 5635 quadripartitus,
1453 5564 1522 5616 ab
1551 5562 1673 5632 ipso
1708 5576 1847 5631 quo-

165 5670 260 5723 que
303 5656 511 5709 dicitur
554 5655 824 5707 mundus.
862 5655 981 5707 Non
1013 5658 1262 5723 quatuor
1289 5656 1502 5711 tamen,
1538 5650 1631 5703 sed
1673 5665 1842 5715 unus,

1960 4502 2167 4555 veritas
2196 4501 2573 4571 relinquatur.
2602 4532 2671 4541 —
2700 4504 2811 4557 Nec
2833 4518 2967 4555 sane
2992 4504 3384 4575 cujuscunque
3413 4521 3659 4575 persona

1960 4594 2158 4643 contra
2206 4590 2532 4660 recipienda
2581 4591 2754 4644 modo
2786 4591 3045 4661 quolibet
3082 4592 3384 4661 excipitur,
3422 4594 3655 4662 quando

1959 4679 2049 4731 vel
2082 4680 2438 4748 Augustinus
2470 4679 2559 4732 vel
2599 4681 2904 4747 Apostolus
2940 4680 3305 4743 annuntians,
3347 4681 3525 4750 ipsius
3557 4699 3655 4735 ore

1958 4768 2215 4836 Apostoli
2247 4768 2609 4821 anathemate
2639 4767 2814 4837 digno
2848 4767 3192 4836 percellitur.
3232 4769 3299 4820 Ut
3329 4769 3481 4821 enim
3504 4786 3653 4839 pra:-

1960 4856 2144 4909 dietus
2190 4856 2499 4925 Gregorius
2546 4855 2824 4908 veraciter
2868 4855 3112 4907 fatetur:
3162 4855 3299 4908 dum
3346 4857 3493 4909 salva
3542 4859 3651 4913 lide

1960 4960 2049 4997 res
2081 4943 2290 5013 agitur,
2328 4942 2547 4997 virtutis
2583 4947 2667 4995 est
2699 4942 2988 5006 meritum,
3024 4942 3072 4995 si
3111 4943 3391 5012 quidquid
3444 4945 3650 5015 prioris

1959 5037 2043 5085 est
2073 5032 2367 5085 toleratur.
2414 5030 2683 5099 Alioquin
2732 5030 2778 5081 si
2812 5030 2935 5082 fieri
2984 5035 3176 5100 posset
3214 5032 3423 5085 millies
3462 5026 3651 5103 p'otius

1958 5136 2060 5190 pro
2106 5119 2346 5172 veritate
2378 5118 2644 5171 deberem
2678 5134 2910 5187 prorsus
2957 5124 3013 5171 et
3044 5126 3300 5189 optarem
3342 5124 3651 5177 occumbe-

1958 5224 2038 5273 re,
2070 5223 2247 5277 quam
2275 5205 2448 5259 semel
2491 5205 2670 5275 (quod
2700 5206 2872 5273 absit)
2899 5207 3135 5261 cuilibet
3165 5225 3324 5262 secus
3363 5210 3646 5280 loquenti,

1955 5294 2209 5349 cedendo
2271 5294 2677 5348 succumbere:
2740 5294 2894 5348 illius
2946 5296 3209 5351 videlicet
3266 5302 3376 5351 tua:
3428 5315 3652 5355 memor

1955 5381 2249 5436 scientiae:
2306 5384 2410 5448 Qui
2438 5398 2519 5435 me
2566 5385 2839 5449 confessus
2885 5387 3058 5451 fuerit
3096 5401 3275 5440 coram
3322 5388 3646 5453 hominibus,

1953 5470 2239 5535 conﬁtebor
2290 5475 2339 5523 et
2381 5485 2473 5536 ego
2528 5486 2647 5525 eum
2699 5488 2876 5526 coram
2930 5477 3093 5531 Patre
3146 5492 3277 5541 meo,
3321 5480 3416 5543 qut
3465 5483 3544 5531 est
3592 5495 3648 5532 in

1954 5559 2093 5613 cuzlt's
2126 5558 2343 5625 (Matth.
2376 5576 2430 5624 x,
2461 5560 2566 5627 32).

2024 5646 2322 5717 Simulque
2356 5648 2505 5700 illius
2532 5664 2762 5719 quoque
2794 5652 3032 5706 memini
3061 5669 3073 5706 :
3115 5654 3189 5707 Ne
3218 5652 3645 5717 transgrediaris
