3890 6230
221 366 323 418 359

1293 360 1815 418 GOTTESCHALCI
1855 360 2285 417 OBBACENSIS
2330 362 2640 419 MONACHI

3631 357 3739 411 360

224 498 480 549 terminos
519 495 792 561 antiquos,
842 506 974 561 quos
1020 497 1315 561 posuerunt
1364 500 1549 561 patres
1599 497 1681 549 tui
1738 497 1914 561 (Prov.
1958 500 1995 550 A
2031 510 2145 547 non
2187 500 2457 547 verentur
2498 510 2813 559 susurrare,
2848 493 2964 548 imo
2996 494 3185 564 palam
3218 493 3536 565 praedicare
3568 493 3740 546 falsi-

222 601 351 651 xxii,
386 587 492 649 28).
545 582 701 646 Quod
736 581 1031 644 nimirum,
1077 588 1136 633 ut
1166 583 1471 652 Gregorius
1509 585 1760 653 exponit,
1794 585 1919 637 hae-

222 674 383 726 retici
414 672 649 738 faciunt,
684 672 785 743 qui
813 688 843 723 a
875 677 1082 724 sanctze
1113 671 1374 724 Ecclesiae
1407 674 1629 741 gremio
1665 672 1920 726 extranei

224 764 495 815 existunt.
532 783 558 809 «
604 760 737 830 Ipsi,
790 761 997 830 inquit,
1045 761 1323 813 terminos
1370 762 1740 829 transferunt,
1785 761 1920 831 quia

225 850 659 905 constitutiones
716 850 951 902 Patrum
1008 848 1432 918 praevaricando
1484 851 1917 913 transcendunt,

225 941 326 1011 qui
367 941 537 993 etiam
572 955 773 1008 greges
801 937 1081 1007 diripiunt
1127 944 1183 990 et
1214 943 1472 1007 pascunt,
1517 939 1652 1009 quia
1684 939 1917 1009 imperi-

225 1035 313 1082 tos
349 1045 577 1098 quoque
622 1026 901 1097 perversis
942 1026 1010 1079 ad
1051 1042 1108 1079 se
1151 1026 1516 1079 suasionibus
1560 1028 1820 1095 trahunt,
1867 1031 1923 1081 et

228 1118 393 1171 donis
424 1116 709 1186 pestiferis
760 1115 827 1168 ad
864 1114 1323 1167 interficiendum
1370 1116 1655 1169 nutriunt.
1695 1136 1721 1166 »
1768 1116 1922 1179 Quos

226 1207 428 1260 beatus
463 1220 691 1275 quoque
734 1203 837 1257 Job
883 1203 1137 1272 increpat
1185 1202 1414 1257 dicens:
1467 1206 1733 1274 Nunquid
1780 1207 1922 1259 Deus

227 1296 437 1363 indiget
466 1300 638 1348 vestro
680 1293 976 1356 mendacio,
1012 1297 1072 1345 ut
1110 1308 1214 1361 pro
1254 1294 1346 1347 illo
1392 1295 1693 1361 loquamini
1717 1295 1924 1364 idolos?

228 1386 357 1451 (Job
400 1400 517 1450 xm,
562 1384 639 1451 '7.)
691 1384 837 1435 Deus
884 1382 1177 1435 mendacio
1217 1398 1332 1435 non
1367 1388 1517 1453 eget,
1550 1384 1685 1454 quia
1715 1384 1924 1437 veritas

229 1472 414 1526 fulciri
443 1488 561 1526 non
604 1471 808 1542 quaerit
847 1471 1061 1524 auxilio
1101 1471 1379 1524 falsitatis.
1434 1472 1696 1525 Haeretici
1728 1478 1921 1525 autem

230 1562 365 1630 quia
416 1577 479 1614 ea
525 1577 651 1630 quae
699 1577 869 1630 prave
913 1561 982 1612 de
1018 1561 1130 1613 Deo
1176 1560 1527 1629 intelligunt,
1576 1577 1639 1613 ex
1692 1561 1923 1613 veritate

230 1652 377 1704 tueri
420 1666 538 1702 non
587 1654 842 1719 possunt,
893 1649 1053 1718 quasi
1093 1648 1161 1700 ad
1210 1648 1648 1718 approbandum
1702 1649 1921 1702 radium

232 1738 485 1803 luminis,
537 1738 768 1790 umbras
802 1736 1065 1789 falsitatis
1097 1740 1420 1806 requirunt.
1473 1739 1535 1791 Et
1570 1753 1671 1805 pro
1705 1753 1770 1789 eo
1814 1737 1922 1790 do—

230 1826 314 1879 los
358 1827 696 1896 loquuntur,
740 1825 876 1878 dum
928 1824 1186 1877 infirmas
1233 1830 1454 1878 mentes
1506 1826 1575 1878 ab
1632 1826 1921 1878 intellectu

231 1914 385 1967 illius
411 1915 581 1969 stulta
612 1914 941 1967 seductione
974 1912 1285 1981 decipiunt.
1323 1915 1459 1966 Item
1490 1930 1503 1966 :
1540 1915 1652 1968 Aut
1688 1915 1926 1983 placebit

231 2006 299 2070 ei,
343 2019 498 2070 quem
533 2004 708 2057 celare
751 2003 893 2055 nihil
930 2004 1144 2071 potest?
1174 2005 1287 2056 Aut
1322 2002 1623 2071 dccipietur
1652 2007 1714 2056 ut
1751 2005 1922 2069 homo,

230 2095 425 2146 vestris
470 2092 905 2157 fraudulentiis?
949 2090 1137 2160 (1bid.,
1194 2092 1269 2161 9.)
1318 2092 1564 2144 Fraudes
1605 2093 1718 2145 Deo
1753 2092 1927 2145 hiare-

230 2180 329 2234 tici
377 2180 667 2244 exhibent,
737 2180 870 2249 quia
914 2195 979 2232 ea
1038 2184 1327 2247 astruunt,
1379 2196 1507 2250 quae
1556 2196 1925 2251 nequaquam

232 2269 341 2339 ipsi
390 2285 496 2339 pro
528 2285 642 2338 quo
685 2268 1004 2337 loquuntur
1031 2269 1278 2336 placent,
1316 2284 1561 2339 cumque
1593 2270 1726 2323 dum
1763 2269 1926 2338 quasi

232 2359 534 2413 defendere
574 2357 857 2422 nituntur,
904 2356 1201 2410 offendunt
1247 2358 1383 2410 dum
1428 2357 1485 2410 in
1526 2357 1926 2411 adversitatem

234 2449 357 2519 ejus
414 2451 709 2512 corruunt,
767 2446 855 2499 cui
921 2446 1190 2499 videntur
1249 2462 1313 2499 ex
1368 2445 1778 2515 praedicatione
1842 2445 1926 2498 fa—

235 2536 461 2591 mulari.

311 2624 467 2679 Unde
513 2627 570 2676 ct
616 2639 721 2693 per
766 2621 1119 2676 Psalmistam
1167 2622 1396 2688 dicitur,
1436 2624 1503 2677 Ut
1532 2622 1783 2675 destruas
1815 2624 1928 2675 ini-

236 2715 432 2767 micum
474 2716 525 2766 et
565 2712 898 2779 defensorem
947 2712 1115 2780 (Psal.
1171 2727 1288 2778 vni,
1337 2712 1419 2781 3);
1476 2710 1664 2764 omnis
1714 2711 1930 2781 quippe

236 2802 539 2855 haereticus
585 2800 969 2870 omnipotenti
1000 2801 1116 2853 Deo
1148 2800 1416 2854 inimicus
1447 2805 1502 2853 et
1531 2800 1794 2853 defensor
1823 2804 1927 2865 est,

239 2888 374 2958 quia
406 2888 558 2942 unde
589 2889 741 2942 hunc
788 2887 951 2958 quasi
996 2888 1301 2942 defendere
1348 2888 1574 2957 nititur,
1610 2888 1741 2942 inde
1782 2888 1930 2942 veri-

238 2977 340 3030 tati
369 2976 523 3031 illius
554 2977 902 3030 adversatur.
957 2976 1099 3040 Quia
1127 2982 1320 3030 autem
1357 2977 1531 3031 latere
1574 2978 1755 3031 Deum
1788 2978 1933 3031 nihil

2025 588 2223 648 tatem,
2260 583 2733 653 ﬂaccipendentes
2766 583 2907 637 illud
2950 583 3098 636 beati
3133 583 3346 649 Basilii,
3385 584 3486 653 qui
3520 582 3743 636 divinis

2028 673 2366 742 saginantur
2395 673 2641 743 eloquiis
2672 688 3038 743 corrumpere
3078 673 3148 726 de
3188 673 3395 725 divinis
3446 672 3741 742 dogmati-

2028 763 2154 827 bus,
2189 779 2376 833 neque
2416 763 2595 815 ullam
2635 761 2911 831 syllabam
2962 761 3298 830 patiuntur:
3351 760 3450 813 sed
3482 776 3591 830 pro
3627 758 3742 825 his,

2028 850 2075 903 si
2132 851 2453 920 contigerit,
2513 851 2687 904 etiam
2742 867 2943 903 omnes
2987 850 3189 903 mortis
3246 849 3463 919 species
3513 849 3742 917 ample-

2029 944 2279 992 ctuntur.
2315 940 2384 992 Et
2417 939 2561 992 illud
2591 955 2822 1009 quoque
2870 943 3300 992 contemnentes
3327 937 3598 1006 Gregorii
3638 937 3744 989 Na-

2030 1026 2317 1080 zianzeni:
2374 1027 2744 1080 Fortitudinis
2792 1031 2878 1080 est
2924 1042 3287 1096 perseverare
3350 1025 3409 1078 in
3465 1024 3743 1089 veritate,

2031 1116 2161 1168 licet
2208 1115 2495 1185 quispiam
2538 1115 2857 1168 debelletur
2904 1115 2971 1167 ad
3004 1130 3072 1167 ea
3110 1130 3239 1183 quae
3268 1112 3414 1166 nihil
3457 1115 3617 1166 sunt.
3655 1111 3746 1164 Ni—

2029 1203 2109 1257 hil
2142 1209 2331 1257 autem
2363 1208 2497 1256 sunt
2538 1203 2753 1256 falsitas
2804 1209 2859 1256 et
2890 1203 3273 1266 mendacium,
3307 1218 3438 1272 quae
3472 1202 3745 1271 profecto

2032 1308 2205 1362 super
2234 1292 2428 1345 omnia
2468 1292 2854 1360 corporalium
2877 1307 3090 1360 genera
3134 1291 3406 1343 mortium
3457 1292 3641 1342 vitam
3690 1294 3749 1342 et

2033 1384 2252 1445 cavent,
2308 1386 2366 1434 et
2407 1380 2645 1434 horrent
2697 1386 2759 1433 ut
2807 1380 3038 1448 debent,
3078 1380 3248 1433 corda
3290 1395 3520 1449 semper
3568 1395 3745 1431 vera-

2033 1469 2205 1522 cium.
2241 1470 2481 1522 Maxime
2532 1474 2724 1521 tamen
2759 1468 2820 1521 in
2869 1468 3129 1522 doctrina
3168 1467 3467 1535 religionis
3516 1468 3747 1521 evitant

2035 1559 2271 1611 omnino
2300 1558 2680 1627 praecipitium
2714 1557 2981 1610 falsidicus
3014 1557 3336 1610 locutionis.

2109 1648 2218 1699 Hoc
2250 1652 2335 1699 est
2380 1647 2612 1716 (gratias
2660 1646 2785 1710 tibi,
2844 1644 3100 1711 Domine,
3148 1645 3296 1697 alma
3341 1643 3621 1711 Trinitas)
3654 1642 3746 1695 in-

2033 1735 2315 1789 violabilis
2347 1736 2485 1788 tides
2526 1740 2584 1788 et
2629 1735 2908 1788 confessio
2941 1750 3065 1786 mea
3114 1734 3182 1787 de
3227 1732 3593 1802 prmscientia
3640 1733 3746 1784 sci—

2033 1826 2184 1892 licet,
2231 1842 2295 1879 ac
2339 1823 2841 1895 prmdestinatione
2885 1827 2979 1875 tua
3010 1838 3181 1892 quam
3234 1822 3567 1892 przrdicavit
3615 1821 3747 1891 ipsa

2033 1916 2270 1981 Veritas,
2306 1919 2361 1967 et
2414 1914 2492 1966 sic
2523 1912 2781 1983 praedicti
2816 1927 3046 1981 quoque
3078 1911 3258 1981 ipsius
3289 1910 3552 1980 discipuli
3609 1926 3747 1963 con-

2033 2008 2121 2057 tra
2168 2003 2501 2072 falsiloquos
2548 2002 2817 2067 fautores,
2863 2006 2918 2054 et
2965 2000 3099 2071 (nisi
3148 1999 3531 2068 corrigantur)
3589 2000 3745 2052 filios

2032 2091 2296 2145 falsitatis
2347 2095 2403 2143 et
2433 2090 2792 2160 perditionis,
2843 2094 2900 2142 et
2936 2093 3136 2142 contra
3169 2088 3441 2158 pestifera
3490 2104 3742 2152 venena,

2035 2185 2092 2233 et
2121 2179 2389 2232 haeretica
2431 2179 2702 2247 dogmata
2732 2194 2852 2244 sua,
2886 2177 3006 2247 qui,
3060 2177 3104 2229 si
3150 2177 3334 2245 gratia
3363 2182 3463 2230 tua
3494 2178 3745 2246 respersi

2035 2268 2343 2338 diligenter
2391 2267 2706 2329 attendant,
2755 2265 3081 2336 appendant
3134 2270 3305 2336 atque
3352 2266 3743 2335 perpendant,

2036 2356 2282 2426 qualiter
2311 2356 2382 2409 ab
2414 2355 2648 2408 exordio
2688 2353 3076 2424 prolapsionis
3125 2351 3399 2423 angelicae
3434 2354 3741 2423 (quemad-

2037 2445 2271 2498 modum
2324 2443 2591 2497 videlicet
2646 2445 2846 2496 Petrus
2902 2442 3039 2495 dicit
3098 2442 3453 2512 apostolus);
3521 2442 3745 2497 Eisdem

2035 2535 2241 2601 angelis
2267 2533 2615 2602 peccantibus
2646 2548 2749 2585 non
2779 2533 3103 2599 peperceris.
3157 2531 3263 2585 Sed
3287 2546 3371 2585 eos
3411 2531 3746 2585 rudentibus

2036 2629 2085 2677 et
2130 2622 2435 2676 carceribus
2490 2623 2715 2688 inferni,
2769 2622 3050 2689 pomisque
3092 2618 3234 2673 aeris
3264 2620 3431 2687 hujus
3480 2620 3743 2685 traditos,

2036 2713 2112 2765 ad
2143 2712 2376 2779 majores
2426 2713 2485 2763 in
2538 2710 2681 2764 diem
2704 2710 2910 2778 judicii
2952 2711 3225 2763 cruciatus
3262 2712 3630 2763 reservaveras
3676 2709 3749 2778 (ll

2037 2802 2181 2853 Petr.
2211 2798 2294 2868 ii).
2331 2800 2394 2852 Et
2423 2798 2674 2868 qualiter
2704 2797 2876 2849 etiam
2917 2795 3257 2866 originalem
3292 2796 3577 2849 mundum
3605 2813 3747 2866 pro-

2037 2893 2167 2958 pter
2197 2902 2446 2957 nequam
2481 2886 2785 2939 hominum
2834 2885 3046 2938 scelera
3078 2885 3416 2955 perdideris.
3463 2886 3579 2939 Nec
3624 2902 3751 2939 non

2038 2975 2327 3046 quomodo
2380 2980 2436 3027 et
2469 2973 2711 3028 nefanda
2756 2972 3030 3038 facinora,
3073 2973 3246 3027 simul
3276 2978 3334 3026 et
3382 2974 3607 3043 ﬂagitia
3641 2974 3749 3028 So-

240 3069 446 3137 potest,
478 3064 587 3118 hoc
632 3064 693 3117 in
740 3064 824 3117 eis
846 3064 1082 3133 judicat,
1120 3064 1273 3135 quod
1323 3064 1479 3118 intus
1510 3065 1783 3131 sentiunt,
1817 3080 1934 3117 non
1972 3081 2012 3135 C
2040 3065 2348 3118 domorum
2380 3062 2660 3134 punieris,
2695 3063 2923 3116 eosdem
2959 3063 3093 3133 igne
3125 3063 3340 3116 caelesti
3378 3062 3745 3133 conﬂagran-

241 3154 394 3225 quod
448 3152 718 3206 famulari
774 3152 910 3206 foris
967 3152 1256 3206 videntur.
1299 3152 1441 3216 Quia
1503 3152 1682 3223 igitur
1735 3168 1935 3206 eorum

240 3241 641 3298 fraudulentiis
687 3243 837 3295 Deus
883 3245 948 3295 ut
993 3242 1168 3295 homo
1202 3258 1318 3294 non
1348 3241 1581 3301 fallitur,
1620 3246 1769 3294 recte
1802 3241 1935 3294 sub-

234 3330 502 3401 jungitur
531 3347 543 3384 :
586 3331 715 3399 Ipse
751 3344 843 3383 vos
888 3334 1096 3395 arguet,
1133 3331 1389 3398 quoniam
1417 3332 1475 3383 in
1504 3329 1815 3383 abscondito
1844 3331 1935 3394 fa-

240 3421 372 3470 ciem
409 3418 526 3485 ejus
555 3418 823 3485 accipitis.
860 3417 1060 3471 Statim
1089 3420 1151 3469 ut
1198 3431 1253 3470 se
1300 3419 1659 3474 commoverit.
1696 3416 1939 3469 turbabit

240 3522 352 3573 vos,
411 3512 463 3561 et
511 3510 684 3560 terror
730 3507 849 3575 ejus
896 3509 1073 3559 irruet
1125 3520 1290 3574 super
1339 3520 1431 3559 vos
1478 3505 1597 3575 (Job
1654 3521 1773 3571 xm,
1829 3505 1933 3575 10).

242 3595 359 3647 Hoc
390 3594 540 3665 quod
588 3594 645 3647 in
700 3594 1035 3648 abscondito
1082 3593 1260 3665 accipi
1310 3594 1512 3647 asserit
1556 3594 1755 3647 faciem
1814 3594 1935 3660 Dei,

245 3682 468 3736 duobus
506 3683 689 3737 modis
730 3684 880 3737 valet
915 3683 1181 3754 intelligi.
1218 3684 1361 3737 Sunt
1390 3699 1639 3753 namque
1674 3681 1937 3736 nonnulli

243 3772 340 3842 qui
368 3776 424 3825 et
454 3772 754 3825 veritatem
779 3772 834 3825 in
866 3772 1034 3825 corde
1058 3771 1337 3839 sentiunt,
1359 3776 1415 3825 et
1434 3776 1628 3825 tamen
1650 3788 1777 3842 quae
1804 3772 1941 3823 falsa

243 3866 375 3914 sunt
406 3862 475 3915 de
525 3861 641 3914 Deo
673 3861 824 3914 foras
856 3862 1189 3929 loquuntur.
1226 3862 1303 3914 Ne
1337 3861 1489 3913 enim
1528 3859 1677 3912 vinci
1708 3859 1943 3913 videan-

243 3955 355 4013 tur,
385 3953 442 4002 et
472 3954 830 4019 cognoscunt
860 3950 1158 4003 veritatem
1183 3948 1445 4013 interius,
1486 3955 1543 4001 et
1571 3952 1764 4001 tamen
1797 3948 1941 4000 hanc

245 4038 493 4090 exterius
541 4037 903 4106 impugnant.
952 4038 1108 4091 Unde
1159 4037 1305 4091 bene
1339 4053 1491 4091 nunc
1530 4037 1774 4090 dicitur:
1822 4038 1942 4104 Ipse

244 4142 339 4180 vos
371 4132 583 4192 arguet,
620 4127 876 4194 quoniam
911 4127 968 4177 in
1009 4125 1323 4178 abscondito
1352 4127 1551 4191 faciem
1590 4125 1705 4194 ejus
1735 4126 1942 4194 accipi-

248 4217 346 4279 tis;
407 4228 471 4265 ac
517 4212 563 4264 si
612 4216 807 4281 aperte
854 4212 1177 4267 diceretur:
1227 4214 1401 4266 Tanto
1450 4214 1632 4283 magis
1676 4214 1744 4267 de
1793 4213 1942 4266 falsi-

247 4307 359 4356 tate
389 4300 538 4373 apud
569 4316 700 4354 eum
734 4301 866 4353 estis
898 4300 1251 4370 reprehensi,
1288 4306 1503 4372 quanto
1545 4306 1603 4356 et
1634 4302 1782 4371 apud
1815 4318 1939 4355 vos-

249 4392 525 4461 metipsos
555 4389 709 4460 quod
740 4404 939 4442 verum
967 4394 1053 4442 est
1081 4389 1308 4443 videtis.

318 4480 466 4544 Quid
512 4484 703 4533 autem
743 4478 817 4531 sit
859 4478 1182 4545 haereticus,
1230 4494 1301 4532 ne
1349 4478 1587 4533 cuilibet
1632 4479 1788 4533 aliud
1837 4495 1940 4550 pro

249 4570 361 4624 alio
394 4570 610 4640 tingere
664 4568 884 4622 licitum
918 4567 1008 4634 sit,
1062 4566 1296 4637 quidam
1330 4568 1589 4635 Patrum,
1631 4574 1686 4621 et
1724 4568 1941 4623 Cassio-

252 4659 426 4713 dorus
455 4658 612 4723 dicit,
646 4656 1031 4728 pulcherrime
1054 4656 1346 4710 deﬁnivit:
1384 4656 1709 4719 Haereticus,
1735 4657 1943 4727 inquit,

253 4749 299 4801 is
332 4754 416 4802 est
443 4748 544 4819 qui
592 4747 801 4801 divinae
834 4746 975 4817 legis
1005 4746 1090 4799 vel
1123 4746 1450 4815 ignorantia
1479 4746 1564 4798 vel
1611 4750 1944 4814 contemptu

254 4842 529 4907 raptatus,
579 4842 680 4890 aut
732 4836 864 4890 novi
929 4835 1187 4906 pertinax
1246 4834 1538 4887 invenitur
1584 4834 1791 4887 erroris
1848 4840 1947 4887 aut

256 4926 426 4979 alicui
457 4929 720 4991 sectator,
753 4925 1046 4977 catholicae
1098 4923 1325 4976 veritati
1358 4924 1538 4991 magis
1581 4923 1701 4975 vult
1744 4922 1945 4975 adver-

256 5015 388 5078 sari,
432 5030 605 5084 quam
650 5013 872 5081 subjici.
929 5014 1042 5065 lloc
1090 5017 1281 5065 autem
1329 5011 1459 5064 ideo
1498 5010 1946 5065 subinterseren-

256 5102 394 5156 dum
446 5101 658 5162 censui,
706 5100 841 5170 quia
884 5100 1163 5169 plurimos
1214 5100 1347 5153 hinc
1394 5105 1447 5153 et
1499 5100 1617 5153 falli
1649 5105 1707 5153 et
1753 5100 1947 5155 fallere

257 5189 532 5259 comperi,
573 5190 828 5242 volentes
872 5188 1153 5256 videlicet,
1203 5190 1289 5243 vel
1330 5189 1524 5242 mitius
1553 5188 1813 5257 dixerim,
1848 5207 1948 5243 su-

257 5279 541 5350 spicantes
596 5277 728 5333 illos
783 5293 903 5331 esse
953 5278 1268 5345 haereticos,
1316 5279 1414 5349 qui
1462 5279 1609 5333 hanc
1658 5278 1949 5332 catholica:

257 5369 389 5424 ﬁdei
420 5368 488 5423 de
520 5366 1025 5436 praedestinatione
1055 5367 1434 5438 reproborum
1470 5368 1789 5421 necessario
1821 5383 1949 5420 con-

258 5463 347 5511 tra
373 5456 703 5510 resistentes
742 5461 799 5509 et
842 5456 1219 5526 obloquentes
1252 5457 1493 5510 credunt
1518 5461 1575 5509 et
1603 5455 1950 5511 confitentur

260 5543 452 5613 (dante
482 5544 561 5612 te)
603 5544 922 5611 veritatem,
969 5550 1027 5598 et
1057 5546 1186 5598 illos
1236 5560 1266 5598 e
1297 5545 1581 5598 contrario
1619 5559 1948 5597 asseveran-

259 5635 343 5685 tes
372 5632 701 5700 catholicos,
752 5633 852 5704 qui
882 5637 997 5687 tam
1030 5633 1351 5703 perspicuae
1404 5632 1623 5686 veritati
1655 5631 1947 5685 inimicam

2042 3158 2127 3207 tes
2160 3153 2459 3218 deleveris,
2505 3156 2678 3222 atque
2718 3167 3002 3221 perennes
3036 3152 3096 3204 in
3148 3167 3346 3221 poenas
3374 3151 3745 3217 demerseris,

2045 3242 2319 3312 quodque
2354 3241 2714 3295 Pharaonem
2745 3244 2802 3294 et
2831 3240 3143 3293 exercitum
3175 3240 3298 3310 ejus
3328 3240 3388 3292 in
3428 3256 3591 3293 mare
3623 3257 3751 3311 pro-

2039 3331 2264 3402 jeceris,
2300 3335 2357 3384 et
2399 3347 2493 3383 eos
2527 3330 2743 3384 ibidem
2776 3334 3053 3401 tanquam
3084 3330 3277 3399 paleas
3320 3344 3591 3383 excussos
3621 3330 3751 3384 fun-

2046 3421 2201 3475 ditus
2233 3419 2568 3474 aboleveris.

2117 3509 2173 3563 Si
2200 3509 2340 3574 haec,
2389 3508 2652 3579 inquam,
2693 3506 3054 3561 animositate
3084 3506 3342 3577 deposita
3383 3506 3632 3561 solerter
3667 3507 3750 3561 in-

2047 3597 2309 3667 spiciant,
2346 3600 2403 3650 et
2443 3601 2500 3650 te
2550 3596 2868 3667 opitulante
2916 3595 3205 3665 sapienter
3251 3595 3568 3660 advertant,
3620 3612 3750 3667 per-

2046 3685 2211 3740 facile
2243 3701 2477 3755 prorsus
2520 3684 2866 3754 intelligent,
2916 3683 3071 3754 quod
3112 3684 3467 3754 supradictos
3512 3686 3751 3755 angelos

2049 3774 2166 3845 qui,
2220 3780 2280 3827 ut
2327 3773 2520 3827 scribit
2562 3773 2729 3827 Judas
2775 3772 2994 3841 Jacobi,
3045 3788 3153 3827 non
3196 3779 3551 3827 servaverunt
3592 3789 3752 3828 suum

2045 3863 2438 3931 principatum,
2487 3861 2580 3915 sed
2621 3863 2959 3929 reliquerunt
2987 3876 3146 3915 suum
3178 3861 3535 3929 domicilium,
3568 3865 3629 3916 in
3655 3864 3752 3930 iu-

2048 3951 2253 4004 dicium
2284 3952 2473 4017 magni
2491 3951 2603 4004 diei
2618 3951 2853 4004 vinculis
2872 3954 3088 4004 aeternis
3109 3951 3207 4004 sub
3232 3952 3467 4016 caligine
3487 3954 3754 4005 reservati

2047 4039 2238 4110 (Jud.,
2290 4040 2368 4107 6),
2418 4039 2748 4093 nullatenus
2779 4038 3016 4093 omnino
3048 4038 3171 4093 sine
3203 4039 3554 4109 sempiterno
3597 4057 3753 4111 pra!-

2051 4126 2448 4181 destinationis
2473 4132 2585 4180 tuae
2618 4127 2879 4195 consilio,
2914 4131 2970 4181 et
2997 4128 3056 4180 in
3086 4128 3239 4181 hunc
3268 4129 3566 4198 caliginosi
3598 4129 3749 4183 aeris

2048 4231 2333 4269 carcerem
2364 4215 2827 4285 praecipitaveris,
2870 4220 2926 4269 et
2954 4216 3025 4269 ad
3040 4217 3303 4286 imajores
3343 4217 3519 4270 etiam
3554 4235 3752 4288 poenas

2053 4304 2259 4357 merito
2302 4319 2406 4374 per
2447 4303 2656 4357 saecula
2693 4304 3049 4372 cruciandos,
3084 4310 3148 4359 ut
3176 4304 3433 4376 praedicti
3465 4306 3639 4360 ambo
3667 4313 3751 4361 te-

1980 4400 2023 4453 D
2051 4396 2276 4446 stantur
2323 4392 2587 4462 apostoli,
2632 4394 3022 4447 reservaveris.
3071 4394 3139 4447 Et
3190 4394 3341 4464 quod
3391 4394 3491 4448 illa
3521 4412 3752 4467 quoque

2051 4497 2182 4552 quae
2224 4485 2643 4550 consequenter
2672 4482 2740 4535 de
2770 4482 3034 4552 reprobis
3064 4488 3294 4535 narrata
3335 4487 3470 4536 sunt
3501 4483 3752 4537 homini-

2052 4570 2180 4638 bus,
2210 4586 2325 4623 non
2374 4570 2496 4623 sine
2535 4570 3039 4639 prmdestinatione
3074 4571 3249 4640 (quod
3288 4571 3456 4633 absit)
3494 4578 3757 4641 patrave-

2052 4659 2152 4713 ris.
2184 4658 2456 4729 Alioquin
2491 4664 2547 4712 et
2595 4662 2726 4713 ante
2759 4658 2956 4712 omnia
3003 4661 3209 4713 saecula
3259 4660 3553 4714 mutabilis
3596 4667 3654 4716 et
3699 4662 3755 4715 in

2054 4748 2285 4801 exordio
2317 4764 2546 4818 quoque
2596 4749 2932 4802 smculorum
2967 4748 3133 4817 juxta
3177 4749 3610 4804 fallacissimum
3653 4752 3756 4805 ho-

2055 4853 2182 4890 rum
2227 4836 2458 4905 dogma,
2501 4852 2633 4889 mox
2680 4840 2930 4890 mutatus
2976 4837 3148 4907 (quod
3182 4853 3252 4891 ne
3287 4837 3353 4891 ad
3396 4846 3756 4893 momentum

2056 4924 2287 4996 quidem
2330 4940 2450 4977 esse
2480 4924 2685 4995 potest)
2736 4924 3070 4979 invenireris
3101 4941 3113 4979 :
3170 4926 3271 4996 qui
3300 4926 3453 4980 solus
3489 4927 3759 4982 immuta-

2056 5013 2187 5066 bilis
2236 5012 2305 5065 ab
2339 5011 2616 5065 universis
2659 5012 2856 5082 procul
2900 5013 3193 5067 catholicis
3228 5030 3348 5069 esse
3389 5016 3662 5084 crederis,
3707 5021 3761 5069 et

2057 5102 2181 5155 luce
2212 5100 2421 5154 clarius
2448 5105 2503 5154 te
2535 5102 2820 5155 revelante
2850 5101 3028 5155 sciris.

2131 5191 2236 5243 Fac
2266 5190 2460 5255 etiam,
2504 5206 2716 5260 quaeso,
2756 5190 2995 5244 Domine
3033 5192 3199 5259 Deus,
3252 5196 3317 5246 ut
3358 5193 3534 5247 etiam
3588 5198 3760 5265 atque

2058 5278 2231 5332 etiam
2265 5293 2380 5330 non
2414 5279 2535 5347 jam
2582 5295 2868 5347 procaces,
2912 5278 3259 5348 pertinaces,
3295 5286 3465 5351 atque
3513 5284 3762 5351 pervica-

2060 5382 2169 5431 ces,
2204 5382 2391 5436 neque
2423 5383 2732 5437 pugnaces,
2774 5367 3005 5420 fallaces
3034 5374 3208 5438 atque
3252 5370 3558 5425 mendaces
3610 5372 3763 5441 (quia

2059 5461 2212 5509 certe
2260 5454 2592 5523 hujusmodi
2625 5455 2890 5509 homines
2922 5457 2991 5510 ad
3044 5456 3405 5526 intuendam,
3440 5459 3534 5512 cui
3593 5476 3761 5532 repu-

2061 5549 2258 5613 gnant,
2320 5544 2616 5597 veritatem
2685 5560 2801 5597 non
2876 5550 3117 5615 possunt
3182 5563 3303 5600 esse
3378 5549 3761 5619 perspicaces,

2061 5632 2489 5703 quantumlibet
2530 5632 2705 5687 etiam
2757 5634 3099 5688 naturaliter
3128 5651 3250 5688 esse
3284 5635 3571 5690 voluerint
3605 5655 3762 5709 saga-
