3890 6230
101 430 191 477 fuit
1450 424 1826 481 CONFESSIO
1866 426 2244 482 PROLIXIOR

3504 435 3606 485 362

99 564 233 627 ces),
265 559 366 612 sed
402 559 596 627 potius
628 556 815 611 effecti
868 556 1153 626 simplices
1188 557 1439 610 veritatis
1486 562 1789 621 amatores,
1832 563 1876 612 Α
1907 574 1938 610 a
1970 564 2022 610 te
2062 560 2269 628 pieque
2307 558 2441 611 satis
2476 559 2721 625 afflatus,
2766 559 3074 629 animatus,
3118 567 3390 629 armatus,
3434 564 3603 617 mise-

101 653 223 699 tota
249 647 494 717 spiritali
546 663 662 699 non
697 645 979 699 luminum
1012 644 1129 699 acie
1157 646 1535 711 considerent,
1568 646 1721 715 quod
1756 646 1802 699 si

100 736 329 789 animos
377 735 757 805 reproborum
792 750 921 804 quae
952 734 1020 787 ab
1059 734 1261 786 eodem
1307 734 1493 804 primo
1539 733 1803 787 videlicet

97 826 237 879 Cain
268 826 342 877 ad
388 841 568 895 usque
600 822 977 877 novissimum
1028 827 1158 874 ante
1208 821 1360 875 diem
1410 823 1684 875 duntaxat
1702 822 1799 892 ju-

96 915 231 967 dicii
291 914 645 967 moriturum
712 911 781 965 de
839 910 1087 980 propriis
1144 910 1478 980 corporibus
1534 917 1800 964 extractae

93 1008 248 1067 sunt,
300 1003 417 1054 sive
463 999 894 1076 coaeternaﬁbi
940 998 1442 1068 praedestinatione
1482 1005 1581 1052 tua
1628 999 1799 1052 desti—

91 1092 232 1157 nati,
278 1092 649 1161 postmodum
682 1095 739 1144 et
782 1089 1039 1160 quotidie
1088 1090 1337 1143 destinas
1383 1106 1445 1142 ac
1488 1089 1800 1143 destinabis

94 1181 349 1251 (quoties
394 1179 655 1232 videlicet
695 1193 940 1247 cumque
985 1176 1195 1230 mortui
1244 1182 1396 1242 sunt,
1448 1178 1797 1239 moriuntur,

90 1272 211 1322 sive
249 1266 601 1335 morientur)
658 1267 718 1320 in
762 1271 1050 1319 tormenta
1100 1266 1208 1319 sibi
1240 1265 1433 1319 debita
1478 1265 1799 1335 meritoque

92 1375 337 1429 prorsus
384 1357 687 1426 disposita;
728 1371 839 1408 non
872 1355 1058 1408 solum
1100 1354 1387 1407 mutabilis
1422 1370 1480 1407 es
1524 1360 1655 1408 ante
1703 1371 1801 1407 sae:

92 1448 246 1507 cuia,
305 1447 404 1499 sed
442 1446 613 1497 etiam
660 1443 835 1514 (quod
884 1460 1005 1496 esse
1056 1442 1217 1495 nullo
1252 1443 1420 1495 modo
1466 1445 1649 1512 potes)
1678 1443 1798 1511 jam

96 1536 233 1589 inde
269 1534 345 1587 ab
392 1534 560 1587 initio
603 1532 806 1586 mortis
849 1532 1181 1585 eorumdem
1230 1531 1628 1600 reproborum,
1682 1531 1799 1584 imo

96 1625 163 1677 ab
220 1622 457 1676 exordio
525 1621 910 1691 malignorum
986 1619 1370 1672 damnationis
1438 1620 1797 1688 angelorum,

98 1715 358 1762 mutatus
390 1725 450 1761 es
476 1708 838 1762 creberrimis
870 1707 1103 1771 vicibus,
1138 1708 1254 1760 imo
1286 1708 1603 1761 innumeris
1634 1707 1797 1760 vicis-

97 1797 473 1863 situdinibus,
522 1802 570 1851 et
607 1814 711 1867 per
754 1796 1011 1865 singulos
1055 1796 1176 1849 dies
1219 1801 1524 1865 noctesque
1558 1796 1799 1849 mutaris

96 1892 272 1955 atque
301 1885 641 1950 mutaberis,
687 1888 745 1938 et
776 1888 1028 1937 mutatus
1061 1884 1271 1954 absque
1299 1884 1473 1936 dubio
1502 1900 1799 1953 permane-

95 1974 181 2026 bis
215 1975 275 2027 in
311 1975 542 2039 saecula,
576 1978 810 2043 propter
840 1974 988 2026 solos
1020 1972 1284 2026 videlicet
1315 1972 1465 2025 ﬁlios
1504 1972 1800 2041 gehennae,

100 2080 240 2134 quos
277 2062 503 2116 inimici
534 2062 787 2115 veritatis
817 2062 1253 2132 praedestinatos
1284 2078 1405 2115 esse
1439 2062 1803 2131 pertinaciter

104 2159 270 2222 atque
304 2152 588 2205 fallaciter
618 2156 829 2220 negant
860 2150 930 2203 ad
965 2149 1308 2219 supplicium
1341 2166 1611 2219 perenne.

170 2242 322 2302 Haec,
356 2240 619 2310 inquam,
655 2239 919 2303 Domine,
953 2238 1058 2302 fac,
1100 2254 1322 2307 precor,
1360 2244 1421 2290 ut
1464 2238 1609 2291 sicut
1634 2254 1801 2307 opor-

105 2334 199 2393 tet,
232 2330 560 2392 attendant,
590 2327 937 2397 appendant,
973 2337 1144 2396 atque
1174 2327 1554 2396 perpendant,
1586 2331 1643 2380 et
1671 2332 1801 2380 tan-

106 2418 229 2470 dem
259 2417 578 2487 aliquando
622 2416 868 2478 videant,
922 2416 1076 2485 quod
1126 2432 1183 2467 se
1242 2415 1517 2467 hactenus
1570 2431 1683 2467 non
1720 2414 1802 2468 vi-

106 2504 244 2557 disse
277 2505 670 2568 dissimulant,
714 2504 881 2574 quale
924 2520 987 2556 ac
1040 2506 1317 2572 quantum
1367 2503 1583 2556 malum
1632 2503 1700 2555 de
1750 2506 1803 2554 te

105 2609 326 2663 semper
347 2592 810 2646 incommutabili
839 2592 1078 2644 Domino
1099 2592 1212 2643 Deo
1236 2596 1430 2643 nostro
1472 2590 1530 2643 in
1565 2589 1805 2644 Ecclesia

106 2686 197 2733 tua
229 2682 404 2751 longe
455 2697 519 2734 ac
551 2680 922 2744 mendaciter,
956 2684 1011 2732 et
1040 2678 1349 2732 exitialiter
1391 2680 1459 2733 ad
1502 2679 1803 2749 proprium

106 2784 266 2821 suum
297 2783 659 2838 suorumque
698 2768 869 2821 simul
897 2766 1196 2821 interitum
1229 2767 1419 2837 palam
1458 2767 1804 2836 praedicave-

106 2856 235 2918 rint,
269 2856 609 2927 praedicent,
644 2855 1113 2923 asseveraverint,
1165 2860 1519 2921 asseverent;
1569 2862 1625 2909 et
1672 2872 1803 2924 pre-

109 2961 199 2997 cor
228 2952 291 2998 ut
332 2960 568 2998 revoces
598 2961 694 2997 eos
726 2943 1064 2998 miseranter
1093 2944 1163 2997 ad
1204 2944 1352 2997 viam
1383 2944 1604 3006 salutis,
1640 2960 1711 2996 ne
1746 2944 1805 2996 in

109 3038 218 3086 tam
249 3033 486 3086 letbalis
511 3033 814 3086 haereseeos
843 3048 1035 3085 errore
1070 3032 1387 3101 pertinaces
1419 3037 1801 3102 perseverent.

110 3120 367 3185 Videant,
404 3122 668 3190 inquam,
702 3122 869 3188 quale
900 3119 971 3173 sit
1000 3125 1057 3173 et
1082 3125 1362 3189 quantum
1386 3119 1622 3184 malum,
1650 3119 1802 3190 quod
1845 3154 1886 3209 Ο

111 3224 233 3261 cum
268 3224 475 3262 omnes
506 3208 671 3262 electi
716 3208 823 3273 tui,
873 3207 1068 3261 omnia
1097 3208 1248 3260 bona
1293 3222 1517 3277 semper
1546 3207 1802 3271 fecerint,

110 3296 314 3350 faciant
342 3303 403 3350 et
430 3296 639 3351 facturi
684 3296 799 3350 sint
828 3312 957 3349 cum
1005 3296 1245 3349 concilio
1298 3299 1491 3365 (prout
1546 3294 1808 3348 videlicet

110 3385 455 3454 adjuvantur
487 3402 517 3438 a
558 3391 612 3438 te
662 3385 910 3455 gratuito
961 3390 1073 3437 tute
1127 3383 1497 3453 benignitatis
1544 3382 1804 3452 auxilio),

111 3479 465 3541 praesumant
486 3490 605 3527 non
632 3474 816 3527 solum
845 3472 1198 3537 mentiendo,
1228 3471 1325 3525 sed
1348 3471 1519 3525 etiam
1550 3472 1808 3541 pejeran-

112 3561 181 3614 do
210 3563 408 3632 palam
437 3562 708 3616 omnibus
740 3562 1048 3623 afﬁrmare,
1087 3560 1240 3630 quod
1279 3566 1364 3628 tu,
1398 3559 1496 3630 qui
1545 3560 1719 3613 totius
1747 3575 1807 3612 es

113 3656 325 3716 auctor,
364 3651 610 3721 fonsque
641 3650 957 3720 sapientiae,
1001 3650 1117 3703 imo
1148 3649 1318 3715 trina,
1367 3655 1422 3702 et
1451 3665 1564 3702 una
1596 3648 1807 3717 sempi-

112 3742 388 3809 ternaque
432 3739 732 3809 sapientia,
766 3738 1033 3802 volueris,
1088 3737 1174 3789 vel
1206 3736 1469 3802 valueris,
1517 3736 1604 3788 vel
1636 3736 1807 3789 etiam

114 3826 379 3881 debueris
410 3827 729 3898 quidquam
763 3826 939 3896 (quod
981 3826 1154 3895 absit)
1181 3824 1403 3895 absque
1433 3823 1670 3877 consilio
1701 3839 1807 3892 pa-

114 3922 279 3969 trare.
316 3916 398 3969 Ne
443 3916 572 3969 dico
623 3916 693 3968 ab
722 3915 848 3985 ipso
898 3913 1134 3968 humani
1164 3912 1393 3984 generis
1422 3912 1656 3966 exordio
1687 3927 1810 3964 mo-

118 4004 387 4059 rientium
413 4004 792 4075 reproborum
816 4004 1055 4067 animas,
1101 4002 1187 4056 vel
1230 4002 1300 4055 ad
1344 4005 1655 4055 extremam
1688 4016 1808 4054 eas-

118 4093 242 4146 dem
285 4093 445 4162 ipsas
477 4109 608 4145 cum
655 4091 897 4162 receptis
944 4091 1002 4143 in
1038 4090 1129 4144 die
1155 4090 1355 4159 judicii
1396 4089 1644 4159 propriis
1687 4105 1811 4142 cor-

119 4181 374 4249 poribus,
415 4196 545 4234 cum
578 4180 806 4234 diabolo
843 4184 900 4233 et
929 4178 1147 4248 angelis
1189 4179 1311 4247 ejus
1346 4178 1558 4248 absque
1584 4177 1812 4247 praede-

121 4269 444 4322 stinationis
476 4268 715 4321 concilio
745 4268 1048 4323 destinare.
1075 4267 1169 4319 His
1201 4272 1393 4320 autem
1425 4267 1571 4320 sicut
1593 4268 1814 4336 oportet

122 4358 397 4426 sagaciter
447 4357 739 4427 inspectis,
799 4360 856 4410 et
907 4355 1175 4408 vivaciter
1220 4354 1522 4408 intellectis
1575 4353 1813 4407 confun-

1910 646 2323 717 ricorditerque
2369 647 2560 711 simul,
2610 664 2671 700 ac
2712 649 3050 702 mirabiliter
3080 650 3306 720 adjutus
3343 656 3398 706 et
3424 657 3603 719 tutus,

1909 734 2085 789 fretus
2118 742 2172 788 et
2213 735 2410 798 fultus,
2445 735 2690 789 ﬁdeliter
2719 736 2841 806 (tibi
2872 739 3123 807 gratias),
3159 741 3346 806 credo,
3382 741 3607 794 fortiter

1908 828 2092 889 teneo,
2119 824 2393 877 veraciter
2414 828 2792 894 patenterque
2826 826 3088 891 defendo,
3124 833 3179 879 et
3199 844 3604 900 quemcunque

1908 912 2191 965 contraria
2243 912 2631 982 dogmatizare
2693 929 2995 982 cognosco,
3060 920 3331 985 tanquam
3386 924 3604 986 pestem

1908 1000 2083 1071 fugio,
2121 1007 2173 1053 et
2201 1006 2475 1072 tanquam
2500 1001 2835 1056 hazreticum
2864 1002 3092 1071 abjicio,
3124 1010 3181 1057 et
3207 1004 3298 1073 (ut
3322 1006 3603 1075 explicem

1908 1106 2038 1143 cum
2072 1105 2314 1143 maerore
2348 1089 2620 1155 maximo,
2659 1090 2810 1160 quod
2843 1096 3262 1160 consequenter
3297 1093 3363 1145 de
3396 1094 3606 1148 talibus

1908 1192 1939 1229 a
1984 1177 2311 1230 beatissimo
2358 1182 2712 1247 prmceptum
2757 1182 2980 1231 constat
3020 1179 3339 1248 AugUstino
3381 1181 3604 1251 (quem-

1908 1281 2133 1335 cunque
2186 1282 2420 1334 prorsus
2477 1265 2864 1319 invictissimze
2914 1266 3137 1320 veritati
3186 1271 3603 1323 contumaciter

1908 1370 2232 1424 repugnare
2264 1354 2456 1419 audio,
2503 1360 2560 1408 et
2607 1355 2655 1408 ei
2698 1356 2987 1408 contraria
3039 1356 3240 1409 docere
3290 1360 3603 1428 conspicio,

1908 1443 2241 1496 haereticum
2282 1448 2337 1496 et
2384 1443 2517 1497 ﬁdei
2571 1443 2908 1496 Christiana:
2958 1443 3278 1511 inimicum,
3327 1451 3496 1517 atque
3540 1465 3605 1502 ex

1908 1531 2014 1584 hoc
2045 1530 2312 1584 omnibus
2342 1531 2630 1585 catholicis
2677 1533 3283 1586 anathematizandum
3327 1550 3448 1587 esse
3497 1536 3600 1588 de-

1908 1620 2131 1673 nunﬁo.

1980 1709 2153 1761 Porro
2195 1708 2520 1761 conflictum
2569 1708 2873 1777 cujuslibet
2918 1725 3131 1769 eorum,
3186 1710 3233 1762 si
3290 1711 3465 1763 semel
3516 1712 3602 1765 his

1912 1796 2065 1849 lectis
2095 1801 2150 1849 et
2187 1796 2490 1849 intellectis
2523 1795 2722 1850 cedere
2766 1797 3033 1862 noluerit,
3062 1801 3116 1848 et
3150 1796 3327 1849 instar
3359 1796 3600 1850 Pharao-

1910 1886 1997 1938 nis
2030 1886 2330 1939 induratus
2362 1886 2652 1949 (hmretico
2692 1885 2951 1939 videlicet
2979 1885 3154 1953 more)
3204 1889 3321 1939 tam
3360 1886 3600 1941 manife-

1911 1976 1992 2025 ste
2063 1972 2286 2025 veritati
2358 1972 2719 2041 acquiescere
2792 1972 3199 2042 contempserit
3265 1972 3601 2039 (secundum

1910 2058 2211 2113 consilium
2268 2060 2352 2112 vel
2406 2061 2599 2129 potius
2656 2064 3009 2129 praeceptum
3068 2060 3227 2113 Pauli
3295 2062 3597 2131 apostoli):

1908 2150 2031 2202 Jam
2074 2148 2217 2201 mihi
2244 2147 2538 2202 vitandum
2570 2164 2790 2213 censeo,
2825 2149 2961 2219 quia
2992 2149 3092 2219 qui
3134 2149 3466 2218 hujusmodi
3493 2156 3597 2215 est,

1910 2236 2245 2290 subversum
2322 2241 2378 2290 et
2417 2238 2648 2306 proprio
2700 2237 2919 2307 judicio
2979 2237 3425 2291 condemnatum
3481 2256 3601 2293 esse

1912 2325 2073 2379 video
2106 2327 2236 2391 (Tit.
2275 2341 2355 2390 in,
2395 2325 2499 2394 tt).

1980 2418 2246 2467 Attamen
2290 2418 2528 2482 propter
2558 2413 2747 2467 minus
2795 2413 3029 2484 peritos,
3083 2420 3138 2468 et
3168 2415 3240 2469 ob
3284 2415 3341 2469 id
3393 2416 3462 2469 ab
3520 2417 3601 2470 eis

1910 2501 2147 2566 illectos,
2179 2506 2234 2554 et
2262 2501 2369 2553 nisi
2413 2501 2774 2570 corrigantur
2804 2503 3074 2573 perditos,
3109 2510 3365 2574 optarem
3412 2505 3601 2575 publi-

1910 2606 2039 2643 cum
2088 2589 2156 2657 (si
2215 2589 2337 2655 tibi,
2405 2590 2660 2654 Domine,
2724 2591 2990 2662 placeret)
3022 2591 3145 2645 ﬁeri
3204 2600 3594 2647 conventum:

1912 2683 2191 2749 quatenus
2223 2683 2469 2732 astructa
2498 2680 2688 2748 palam
2718 2680 2954 2733 veritate
2989 2686 3044 2734 et
3090 2681 3378 2735 destructa
3414 2682 3602 2737 fundi-

1911 2771 2003 2820 tus
2035 2767 2298 2831 falsitate,
2336 2767 2545 2837 gratias
2593 2783 2893 2837 ageremus
2922 2769 3302 2822 communiter
3346 2768 3472 2835 tibi,
3504 2771 3603 2839 qui

1914 2855 2076 2908 nobis
2108 2859 2225 2909 tam
2258 2855 2351 2907 diu
2394 2859 2673 2925 optatum,
2726 2858 2895 2909 etiam
2927 2873 3097 2926 supra
3129 2873 3301 2927 quam
3334 2858 3601 2927 petimus,

1914 2950 2013 2997 aut
2042 2943 2440 3013 intelligimus,
2474 2944 2606 2997 dare
2641 2944 2909 3013 dignatus
2939 2945 3112 2998 fueris
3150 2946 3603 3015 prosperrimum

1913 3036 2276 3102 proventum.
2326 3032 2469 3095 Quia
2538 3032 2790 3101 profecto
2856 3034 3028 3087 nimis
3077 3033 3368 3104 ingentem
3418 3035 3607 3105 patior

1914 3121 2194 3187 dolorem,
2230 3124 2288 3174 et
2335 3120 2648 3176 maximum
2679 3122 2777 3174 diu
2823 3126 3113 3192 noctuque
3143 3122 3367 3191 perfero
3398 3139 3604 3177 maero-

1914 3224 2057 3271 rem,
2092 3209 2249 3278 quod
2279 3212 2512 3278 propter
2537 3209 2651 3262 mei
2692 3208 2945 3262 nominis
2976 3209 3275 3275 vilitatem,
3309 3211 3477 3265 vilem
3501 3212 3606 3265 ho-

1916 3297 2169 3350 minibus
2197 3313 2313 3350 esse
2346 3297 2512 3351 video
2551 3298 2851 3352 veritatem
2886 3314 2897 3352 :
2933 3304 2988 3351 et
3036 3301 3188 3370 quod
3239 3316 3375 3370 erga
3405 3305 3458 3355 te
3490 3302 3605 3354 sin-

1915 3401 2124 3450 ceram,
2178 3391 2240 3438 ut
2268 3385 2606 3454 debuerant,
2663 3402 2777 3439 non
2831 3393 3057 3440 servant
3096 3386 3452 3457 charitatem,
3510 3389 3608 3459 qui

1918 3476 1980 3527 ut
2025 3472 2422 3526 tantummodo
2472 3472 2709 3526 victores
2767 3474 2876 3525 mei
2927 3490 3048 3527 esse
3091 3474 3410 3536 videantur,
3465 3477 3606 3529 nihil

1915 3560 2002 3613 vel
2033 3560 2270 3613 omnino
2298 3576 2608 3630 perparum
2632 3561 2955 3614 dilexerunt
2975 3566 3029 3614 et
3059 3562 3309 3631 diligunt
3335 3568 3409 3630 te,
3435 3580 3607 3633 quem

1917 3662 2125 3716 negare
2157 3662 2271 3700 non
2304 3647 2657 3717 refugerunt,
2694 3664 2880 3717 neque
2915 3648 3206 3717 refugiunt
3234 3655 3471 3719 prOpter
3494 3667 3605 3705 me.

1987 3740 2171 3806 Atque
2206 3736 2423 3789 utinam
2454 3737 2705 3805 placeret
2742 3736 2868 3800 tibi,
2912 3736 3473 3807 omnipotentissime
3514 3755 3609 3807 pa-

1918 3823 2055 3877 riter
2093 3839 2156 3876 ac
2196 3823 2637 3877 clementissime
2671 3823 2926 3886 Domine,
2982 3828 3045 3876 ut
3082 3824 3227 3876 sicut
3261 3825 3318 3877 in
3350 3829 3403 3878 te
3443 3826 3608 3880 credo

1917 3916 1974 3965 et
2006 3928 2169 3982 spero
2216 3912 2364 3981 (dato
2416 3912 2557 3964 mibi
2602 3911 2777 3980 gratis
2817 3926 3001 3981 posse,
3052 3917 3223 3981 prout
3269 3912 3607 3981 jamdudum

1917 4000 2053 4053 dare
2083 4000 2348 4070 dignatus
2388 4016 2466 4062 es,
2518 4005 2575 4054 et
2629 4000 2764 4053 dare
2810 4000 3090 4070 quotidie,
3137 4001 3389 4070 dignaris
3440 4003 3610 4057 etiam

1919 4089 2079 4150 velle)
2126 4105 2319 4142 coram
2362 4089 2617 4158 undique
2675 4090 2852 4142 electa
2900 4090 3243 4159 populorum
3298 4095 3351 4143 te
3398 4090 3610 4144 timen-

1920 4178 2064 4231 tium
2096 4177 2487 4244 multitudine,
2528 4182 2811 4246 praesente
2844 4177 3016 4231 etiam
3050 4177 3213 4230 istius
3254 4179 3417 4248 regni
3446 4180 3614 4250 prin-

1919 4265 2064 4336 cipe,
2092 4282 2219 4318 cum
2242 4265 2575 4335 pontiﬁcum
2601 4270 2657 4318 et
2674 4266 3054 4328 sacerdotum,
3084 4268 3613 4340 monachorumque

1922 4354 2329 4407 canonicorum
2365 4353 2677 4406 venerabili
2710 4354 2877 4407 simul
2915 4355 3165 4421 agmine,
3212 4358 3618 4411 concederetur

124 4444 328 4498 dantur
387 4444 696 4497 salubriter
756 4448 812 4497 et
891 4443 1249 4509 erubescant,
1326 4442 1519 4511 sicque
1585 4441 1815 4494 tandem
1856 4449 1899 4501 D
1928 4442 2090 4506 mihi,
2128 4441 2174 4493 si
2222 4457 2383 4493 secus
2424 4442 2571 4494 hanc
2615 4441 2905 4495 catholicae.
2946 4444 3078 4496 tidei
3119 4445 3188 4497 de
3244 4446 3615 4514 praedestina-

124 4533 425 4602 aliquando
459 4532 686 4585 veritati
733 4531 1069 4601 suppliciter
1116 4530 1497 4600 acquiescant,
1550 4534 1606 4582 et
1656 4546 1688 4581 a
1725 4544 1814 4581 me

126 4620 353 4673 demum
401 4620 721 4690 quiescant.
774 4620 1053 4672 Caeterum
1085 4619 1130 4671 si
1179 4618 1369 4672 attrita
1398 4617 1551 4671 fonte
1602 4634 1663 4670 ac
1695 4617 1815 4670 sine

128 4709 237 4761 ullo
270 4712 679 4779 permanentes
733 4708 953 4778 pudore
994 4708 1052 4760 in
1104 4707 1349 4760 falsitate
1381 4706 1606 4760 malunt
1635 4704 1815 4775 persi-

128 4803 265 4849 stere
300 4814 477 4867 quam
534 4797 797 4850 recedere
830 4813 862 4849 a
894 4799 1069 4857 tanto,
1114 4800 1175 4849 ut
1214 4799 1565 4865 oportuerat,
1600 4809 1815 4859 errore,

131 4885 367 4939 viderint
408 4885 522 4955 ipsi
553 4902 666 4954 quo
697 4901 754 4937 se
776 4883 986 4954 perditi
1016 4888 1257 4937 vertant.

195 4976 267 5028 Te
303 4989 533 5044 precor,
572 4972 808 5026 Domine
855 4973 1021 5039 Deus,
1074 4971 1251 5042 gratis
1303 4971 1605 5024 Ecclesiam
1662 4974 1818 5022 tuam

132 5064 433 5130 custodias,
466 5078 541 5116 ne
586 5078 687 5115 suo
734 5061 952 5115 diutius
1004 5077 1129 5115 eam
1174 5060 1420 5113 falsitate
1470 5063 1818 5129 pervertant,

132 5150 527 5221 haereseosque
569 5166 672 5203 sua
701 5150 967 5217 pestifere
1007 5149 1076 5202 de
1125 5149 1349 5219 reliqua
1380 5148 1653 5217 pravitate
1685 5147 1818 5200 sub-

135 5244 363 5305 vertant,
398 5240 533 5292 licet
577 5254 638 5291 se
668 5253 887 5307 suoque
917 5252 1131 5302 secum,
1176 5235 1498 5305 lugubriter
1545 5240 1819 5287 evertant.

138 5329 246 5398 Ego
273 5346 407 5382 vero
442 5327 628 5396 gratis
658 5326 892 5379 edoctus
941 5325 1010 5378 ab
1059 5325 1183 5394 ipsa
1226 5323 1463 5377 veritate
1496 5322 1691 5393 (quam
1744 5340 1825 5376 se-

138 5422 365 5485 quentes
397 5414 663 5487 praadicti
694 5414 951 5467 Ecclesiae
990 5420 1102 5466 tuae
1151 5412 1606 5483 praedicaverunt
1645 5410 1824 5480 inagi-

139 5507 254 5573 stri,
296 5511 349 5558 et
381 5504 646 5575 ejusdem
677 5501 929 5557 veritatis
972 5501 1311 5563 ﬁdelissimi,
1362 5499 1715 5554 devotissimi
1765 5514 1826 5550 ac

139 5592 489 5647 celeberrimi
538 5607 776 5660 prorsus
824 5590 1097 5653 ministri)
1126 5589 1216 5642 hic
1253 5589 1548 5642 evidenter
1598 5602 1825 5656 expres-

142 5696 255 5735 sam
286 5681 354 5735 de
389 5679 900 5751 praedestinatione
928 5683 1027 5731 tua
1056 5677 1226 5731 ﬁdem
1268 5676 1625 5738 catholicam,
1654 5674 1828 5743 gratis

488 5779 767 5842 PATROL.
822 5776 1022 5841 CXXI.

1924 4529 2079 4582 tione
2116 4534 2213 4581 tua
2257 4529 2554 4582 veritatem
2587 4531 2805 4584 nollent
2836 4531 3109 4599 recipere,
3148 4538 3205 4584 ut
3257 4534 3365 4585 isto
3394 4551 3506 4604 quo
3535 4535 3612 4587 di-

1926 4623 2117 4671 cturus
2150 4632 2275 4670 sum
2326 4617 2536 4687 (favent
2584 4618 2769 4684 gratia
2801 4620 2922 4681 tua)
2969 4619 3023 4670 id
3069 4619 3450 4686 approbarem
3490 4637 3617 4672 cer—

1926 4705 2196 4759 nentibus
2227 4706 2444 4757 cunctis
2493 4706 2785 4769 examine;
2839 4712 2899 4756 ut
2946 4705 3207 4758 videlicet
3241 4712 3489 4775 quatuor
3530 4708 3622 4760 do-

1928 4792 2016 4845 liis
2046 4808 2159 4846 uno
2190 4798 2318 4862 post
2343 4809 2521 4845 unum
2556 4792 2772 4861 positis,
2809 4798 2977 4861 atque
3019 4792 3259 4844 ferventi
3299 4793 3614 4862 sigillatim,

1927 4880 2159 4951 repletis
2191 4896 2360 4949 aqua,
2393 4881 2518 4931 oleo
2547 4879 2768 4948 pingui,
2804 4886 2859 4930 et
2880 4880 3022 4948 pice,
3059 4885 3112 4931 et
3133 4880 3205 4932 ad
3237 4880 3505 4934 ultimum
3536 4897 3622 4934 ac-

1930 4984 2095 5021 censo
2126 4967 2515 5038 copiosissimo
2566 4967 2716 5036 igne,
2756 4967 2950 5019 liceret
3010 4968 3147 5020 mihi
3182 4967 3462 5033 (invocato
3494 4970 3621 5039 glo-

1929 5056 2240 5110 riosissimo
2271 5057 2504 5109 nomine
2540 5054 2661 5121 tuo)
2697 5055 2764 5107 ad
2795 5056 3227 5124 approbandam
3275 5057 3421 5111 hanc
3450 5057 3622 5111 ﬁdem

1932 5160 2141 5210 meam,
2166 5145 2279 5197 imo
2306 5145 2477 5198 ﬁdem
2511 5144 2869 5209 catholicam,
2919 5144 2969 5197 in
3003 5145 3228 5213 singula
3279 5146 3536 5213 introire,
3570 5152 3625 5199 et

1934 5234 2013 5286 ita
2038 5248 2139 5301 per
2162 5232 2387 5301 singula
2418 5232 2659 5286 transire
2692 5232 2872 5285 donec
2905 5236 2983 5299 (te
3016 5234 3415 5303 przeveniente,
3449 5236 3624 5289 comi-

1933 5326 2089 5374 tante
2148 5336 2213 5372 ac
2258 5321 2664 5389 subsequente,
2723 5322 3133 5393 dexteramque
3195 5324 3505 5392 praebente,
3565 5340 3628 5377 ac

1936 5410 2247 5462 clementer
2287 5408 2585 5477 educente)
2618 5410 2864 5463 valerem
2912 5428 3102 5482 sospes
3133 5414 3304 5476 exire,
3348 5418 3630 5482 quatenus

1936 5497 1995 5549 in
2021 5494 2261 5548 Ecclesia
2289 5498 2385 5548 tua
2418 5496 2648 5548 tandem
2676 5498 2986 5566 aliquando
3020 5499 3308 5553 catholicm
3340 5501 3473 5554 huic
3494 5501 3629 5553 ﬁdei

1938 5583 2163 5637 claritas
2211 5584 2567 5647 claresceret,
2600 5588 2656 5635 et
2693 5583 2908 5638 falsitas
2956 5593 3337 5652 evanesceret,
3377 5588 3631 5658 fidesque

1939 5672 2282 5733 ﬁrmaretur,
2317 5675 2373 5723 ct
2414 5669 2651 5737 perﬁdia
2686 5670 2980 5727 vitaretur.

3246 5780 3319 5834 12
