3890 6230
315 484 418 536 363

1387 481 1907 538 GOTTESCHALCI
1946 484 2375 540 ORBACENSIS
2420 487 2729 542 MONACHI
3711 493 3800 546 363:

393 612 614 667 Utinam
644 612 773 677 hoc,
808 613 1070 679 Domine,
1107 612 1430 683 legentibus
1461 617 1516 667 et
1554 613 2011 684 intelligentibus
2049 620 2093 671 A
2125 617 2201 669 tia
2253 617 2422 671 simul
2476 635 2539 672 ac
2577 619 2831 673 facinora
2890 621 3148 675 remittas
3194 622 3422 692 penitus
3473 640 3541 677 ac
3597 640 3800 694 parcas.

315 700 643 770 hujusmodi
695 700 858 771 (sicut
898 706 983 755 est
1035 704 1202 771 opus)
1252 701 1534 771 inspirare
1577 703 1832 772 digneris
1881 704 2010 757 affe-

316 794 491 855 ctum,
544 794 607 841 ut
659 793 894 841 exorent
924 794 977 841 te
1018 789 1369 858 suppliciter,
1430 806 1542 860 quo
1593 790 1854 843 celeriter
1905 792 2012 844 hoc

316 877 495 930 animi
522 877 637 930 mei
668 877 1015 931 desiderium
1076 893 1271 930 meum
1318 877 1462 931 sicut
1510 877 1729 948 indiget
1768 880 2011 933 Ecclesia

316 969 434 1028 tua,
482 966 761 1036 perducas
810 965 879 1019 ad
931 966 1217 1029 effectum,
1280 970 1335 1018 et
1394 966 1682 1036 siquidem
1724 973 1777 1020 te
1807 967 2009 1021 suffra-

318 1058 491 1123 gante
538 1053 606 1107 de
641 1054 857 1106 cunctis
887 1053 1093 1106 illaesas
1119 1053 1407 1122 prodiero,
1442 1056 1835 1124 amplexentur
1866 1056 2011 1110 veri-

318 1145 514 1207 tatem,
543 1146 599 1194 et
622 1146 986 1195 exsecrantur
1016 1142 1353 1209 falsitatem;
1403 1142 1489 1195 sin
1534 1148 1726 1197 autem
1753 1144 1906 1214 quod
1941 1160 2011 1198 ex

316 1233 395 1296 te,
426 1245 530 1298 per
556 1233 632 1296 te,
681 1234 737 1282 et
785 1229 845 1282 in
876 1234 931 1282 te
962 1228 1268 1295 credendo,
1328 1230 1673 1296 conﬁtendo,
1729 1232 2010 1301 sperando

317 1322 374 1370 et
404 1318 669 1378 amando,
701 1317 899 1387 tuique
931 1318 1329 1372 tantummodo
1358 1334 1615 1385 securus,
1648 1326 1875 1391 tuaeque
1919 1337 2010 1374 so-

316 1406 610 1459 lummodo
642 1406 839 1476 gratias
868 1412 1054 1460 certus
1081 1408 1376 1476 polliceor,
1412 1409 1497 1461 vel
1530 1409 1799 1463 inchoare
1833 1410 2009 1480 trepi-

316 1494 543 1557 davero,
575 1495 659 1547 vel
704 1511 1105 1548 consummare
1156 1496 1560 1564 formidavero,
1595 1498 1651 1550 in
1686 1498 1875 1568 ignem
1919 1515 2008 1551 me

312 1583 575 1651 protinus
610 1583 856 1649 mittant,
891 1588 945 1636 et
976 1584 1186 1637 ibidem
1225 1586 1427 1638 merito
1449 1587 1631 1639 perire
1654 1588 2005 1656 permittant.

313 1671 657 1740 Suppliciter
698 1677 888 1725 tamen
940 1677 1017 1736 te,
1080 1673 1340 1733 Domine,
1392 1690 1531 1744 rogo
1568 1674 1629 1727 in
1680 1676 2008 1728 dulcissimo

312 1760 548 1811 nomine
580 1765 704 1825 tuo,
736 1766 802 1812 ut
830 1776 1000 1812 nemo
1032 1776 1122 1813 me
1153 1761 1563 1814 catholicorum
1592 1770 1803 1815 temere
1836 1765 2007 1833 (quod

315 1847 482 1917 absit)
516 1848 897 1917 reprehendet
939 1849 1000 1900 in
1048 1850 1239 1901 animo
1279 1866 1404 1915 suo,
1447 1851 1582 1918 quia
1630 1868 1863 1920 prorsus
1902 1869 2005 1906 au-

315 1952 439 1988 sum
481 1937 616 1989 talia
651 1936 883 2005 petendi
913 1937 1085 2006 (sicut
1111 1937 1231 2006 ipse
1264 1939 1467 1991 melius
1497 1941 1663 2004 nosti)
1698 1958 1728 1993 a
1752 1956 1840 1993 me
1873 1957 2009 2010 pro-

314 2026 440 2094 pria
476 2026 793 2079 temeritate
828 2042 947 2079 non
988 2042 1299 2095 praesumo,
1335 2029 1428 2081 sed
1474 2029 1573 2081 abs
1604 2034 1658 2081 te
1688 2030 1883 2098 potius
1911 2036 2009 2083 tua

316 2114 669 2184 benignitate
694 2132 878 2168 sumo.

386 2204 506 2256 lmo
557 2204 815 2274 quisquis
844 2209 899 2257 te
942 2205 1149 2258 timens
1188 2222 1343 2271 vere,
1394 2206 1754 2277 diligensque
1788 2208 2006 2261 sincere

312 2292 582 2361 dignatur
610 2292 731 2345 hzec
774 2294 983 2362 legere,
1021 2295 1108 2347 vel
1157 2294 1350 2348 audita
1389 2296 1705 2364 percipere,
1738 2298 2009 2366 implorat

313 2382 623 2450 gratuitam
682 2381 1133 2436 misericordiam
1196 2388 1358 2436 tuam
1423 2384 1672 2437 fraterna
1745 2401 2006 2454 compas-

315 2469 495 2536 sione,
526 2487 588 2523 ac
620 2471 847 2540 gemina
882 2470 1051 2524 simul
1084 2471 1386 2525 dilectione
1427 2477 1489 2525 ut
1518 2478 1599 2538 tu,
1630 2473 1729 2543 qui
1761 2475 1916 2527 solus
1951 2491 2007 2527 es

316 2559 545 2628 adjutor
574 2559 631 2611 in
664 2559 1193 2628 opportunitatibus
1226 2560 1388 2630 (Psat.
1430 2577 1504 2626 1x,
1545 2562 1654 2629 10),
1686 2561 1745 2613 in
1768 2560 2005 2613 tribula-

313 2648 467 2701 tione
499 2648 754 2717 digneris
786 2649 1068 2703 instanter
1096 2650 1365 2720 adjuvare
1399 2667 1489 2703 me
1520 2650 1869 2716 credentem,
1906 2649 2009 2702 sci-

317 2737 446 2789 licet
495 2742 819 2805 sperantem
860 2737 920 2790 in
968 2743 1066 2791 tua
1109 2739 1358 2807 gratuita
1407 2738 1796 2805 miseratione,
1831 2738 2006 2790 dites-

316 2842 427 2895 que
458 2841 550 2879 me
580 2826 748 2879 simul
781 2826 848 2880 ad
882 2826 941 2879 id
971 2830 1027 2879 et
1057 2826 1447 2895 incipiendum
1501 2834 1557 2879 et
1592 2825 2006 2896 perﬁciendum

314 2914 538 2983 integra
578 2913 710 2979 ﬁde,
741 2914 1078 2968 corrobores
1109 2932 1340 2985 quoque
1380 2915 1558 2968 solida
1584 2932 1701 2985 spe,
1734 2932 1798 2967 ac
1830 2914 2008 2967 dones

314 3004 489 3055 etiam
512 3003 847 3056 sincerrima
875 3004 1175 3070 charitate,
1209 3010 1380 3073 atque
1412 3004 1587 3071 gratis
1632 3004 1806 3057 etiam
1838 3004 2007 3057 deco-

316 3106 407 3143 res
437 3090 798 3143 veracissima
828 3107 1019 3144 coram
1061 3095 1114 3144 te
1147 3107 1375 3161 semper
1413 3092 1758 3145 humilitate.
1792 3092 2008 3161 Depul-

317 3195 491 3248 saque
527 3180 723 3247 procul
770 3179 838 3232 ab
870 3180 1184 3232 orthodoxa
1234 3180 1472 3233 Ecclesia
1520 3185 1619 3233 tua
1672 3185 1785 3234 tam
1838 3179 2008 3233 lethi-

318 3268 439 3320 fero
471 3266 749 3337 dogmatis
782 3267 1045 3333 falsitate,
1078 3268 1250 3321 facias
1292 3285 1382 3321 me
1414 3268 1682 3337 deinceps
1714 3285 1841 3321 cum
1894 3268 2009 3321 ele-

319 3357 395 3410 cti
424 3357 537 3410 tuis
568 3356 819 3426 gaudere
870 3372 973 3426 pro
1022 3357 1303 3425 patefacta
1346 3357 1612 3410 ﬁdelibus
1653 3357 1763 3409 tuis
1810 3357 2009 3409 catho-

318 3446 423 3498 lica
449 3446 581 3499 ﬁdei
613 3446 846 3499 veritate
879 3462 889 3498 :
921 3445 1119 3515 Sitque
1150 3445 1315 3498 nobis
1343 3445 1410 3498 de
1453 3449 1656 3499 caetero
1697 3446 1756 3497 in
1790 3450 1843 3497 te
1891 3446 2009 3498 solo

317 3534 591 3605 gaudium
623 3550 820 3587 verum
852 3539 1021 3602 atque
1054 3533 1362 3597 sincerum,
1393 3533 1829 3603 tripudiumque
1860 3549 2010 3586 sum-

319 3640 474 3677 mum
521 3639 583 3676 ac
630 3623 899 3689 solidum,
951 3628 1007 3675 et
1056 3621 1323 3692 gloriatio
1353 3622 1694 3688 communis,
1738 3621 1890 3691 quod
1941 3622 2010 3673 ab

316 3713 716 3766 haereticorum
749 3716 863 3765 tam
897 3711 1053 3781 gravi
1085 3710 1326 3781 perﬁdia
1353 3710 1587 3763 tandem
1619 3710 1777 3780 plebs
1809 3715 1863 3763 et
1902 3726 2008 3778 po-

314 3804 483 3871 pulus
516 3809 673 3869 tuus,
704 3806 756 3854 te
806 3801 1112 3854 miserante
1161 3800 1341 3853 factus
1389 3805 1475 3853 est
1518 3799 1816 3852 immunis.
1869 3798 2012 3862 Quia

317 3892 564 3958 profecto
596 3891 788 3942 nullus
831 3906 1083 3959 unquam
1127 3890 1440 3942 electorum
1488 3893 1721 3941 tuorum
1771 3886 1876 3940 tibi
1922 3886 2007 3939 vel

315 3978 385 4031 ad
419 3983 772 4031 momentum
823 3979 1047 4048 placere
1079 3978 1281 4048 potuit,
1316 3981 1525 4047 potest,
1570 3976 1657 4029 vei
1689 3975 1901 4045 poterit
1942 3974 2011 4028 de

316 4082 417 4119 suo
446 4083 458 4119 :
490 4066 588 4118 sed
619 4082 816 4119 omnes
845 4066 1035 4135 potius
1059 4066 1141 4118 tui
1174 4066 1276 4119 tibi
1302 4080 1407 4135 per
1426 4064 1733 4134 gratuitam
1766 4063 2010 4133 gratiam

315 4158 474 4206 tuam
508 4152 847 4220 placuerunt
894 4153 1169 4206 hactenus
1213 4158 1384 4223 atque
1414 4153 1659 4223 placent,
1707 4167 1770 4204 ac
1820 4151 2010 4221 placa-

317 4239 461 4291 bunt
490 4254 715 4308 semper
746 4240 813 4292 de
836 4245 954 4293 tuo.

387 4328 499 4379 Hac
529 4342 665 4396 ergo
695 4328 874 4396 gratis
906 4327 1189 4381 animatus
1220 4328 1351 4396 ﬁde,
1379 4328 1654 4382 solidatos
1684 4329 1857 4382 etiam
1889 4344 2008 4399 spe,

313 4421 369 4469 et
402 4416 788 4469 inﬂammatus
821 4416 1035 4484 pariter
1065 4416 1361 4481 charitate,
1404 4433 1506 4487 per
1549 4419 1818 4488 teipsum,
1864 4419 2012 4472 Deus

2118 709 2318 760 Amen.
2360 708 2575 761 Gratias
2607 725 2715 778 ago
2750 709 2852 762 tibi
2884 716 3378 781 quantoscunque,
3431 714 3589 766 trine
3625 719 3679 766 et
3708 731 3803 767 une

2119 793 2445 848 dominator
2476 796 2713 849 Domine
2760 799 2926 863 Deus,
2964 799 3120 868 quod
3171 800 3240 852 ad
3274 800 3444 853 ﬁdem
3478 802 3804 854 catholicam

2121 881 2190 935 de
2245 884 2742 952 prmdestinatione
2788 886 3130 939 credendam
3184 892 3237 940 et
3280 889 3673 942 conﬁtendam
3704 906 3807 942 esse

2121 971 2295 1039 gratis
2324 972 2589 1042 dignatus
2634 990 2693 1026 es
2735 978 2791 1027 et
2824 974 3079 1044 dignaris
3115 975 3194 1042 (et
3240 982 3303 1029 ut
3340 977 3514 1031 credo
3569 994 3634 1030 ac
3662 994 3807 1047 spero
3888 976 3890 1047 ι

2123 1059 2303 1129 magis
2322 1077 2384 1113 ac
2407 1062 2591 1132 magis
2608 1079 2728 1115 esse
2752 1062 2845 1116 diu
2872 1070 3159 1134 noctuque
3185 1065 3451 1135 deinceps
3471 1066 3807 1137 dignaberis)

2119 1149 2450 1217 illustrator,
2483 1151 2874 1205 inflammator
2903 1169 2964 1205 ac
3011 1152 3352 1223 suffragator
3394 1171 3584 1208 meus.
3618 1159 3805 1209 Amen.

2189 1241 2395 1293 Precor
2425 1242 2954 1311 (quantumcunque
2990 1242 3131 1295 mihi
3175 1243 3344 1296 datur
3393 1243 3677 1296 divinitus
3714 1243 3807 1297 hu-

2121 1328 2380 1397 militate)
2421 1345 2611 1387 coram
2669 1329 2836 1383 trinae
2893 1329 3152 1396 unitatis,
3205 1336 3260 1383 et
3304 1331 3473 1385 unius
3527 1333 3810 1385 Trinitatis

2117 1418 2565 1487 prmsentissima
2614 1418 2931 1488 majestate,
2965 1424 3027 1471 ut
3057 1420 3315 1490 quisquis
3347 1421 3452 1474 hoc
3485 1437 3609 1473 non
3647 1421 3809 1474 livore

2120 1505 2371 1574 corviuo,
2420 1506 2515 1559 sed
2548 1522 2746 1559 amore
2789 1507 2981 1576 potius
3019 1508 3345 1561 columbino
3402 1508 3640 1578 legeris,
3693 1510 3807 1563 Got-

2117 1594 2386 1647 teschalci
2438 1595 2749 1663 peccatoris
2798 1601 2928 1648 ante
2980 1597 3158 1649 Deum
3212 1596 3575 1665 memineris,
3625 1602 3682 1651 et
3730 1615 3811 1667 pa-

2118 1686 2281 1736 terno
2315 1683 2429 1736 sive
2468 1684 2719 1737 fraterno
2753 1684 2958 1737 aﬁ'ectu
2988 1684 3325 1754 simpliciter
3347 1686 3635 1755 implores
3665 1686 3807 1739 beni-

2120 1771 2456 1839 gnissimam
2492 1772 2672 1841 ipsius
2705 1772 3089 1838 clementiam,
3124 1779 3187 1825 ut
3218 1773 3489 1843 dignetur
3512 1773 3660 1826 mihi
3690 1789 3811 1841 gra-

2120 1859 2266 1911 tuita
2296 1860 2503 1929 pietate
2552 1861 2748 1931 largiri
2796 1877 2942 1914 verae
2993 1878 3219 1932 semper
3250 1868 3306 1915 et
3350 1863 3572 1932 ubique
3634 1877 3810 1914 coram

2124 1966 2180 2002 se
2238 1949 2582 2002 humilitatis
2660 1950 3074 2017 excellentiam,
3154 1955 3208 2003 et
3259 1950 3489 2003 sincerae
3578 1950 3811 2002 Charita-

2119 2037 2189 2089 tis
2238 2037 2652 2106 perpetualiter
2695 2038 3068 2091 eminentiam
3105 2055 3117 2092 :
3175 2039 3367 2108 sicque
3404 2056 3495 2092 me
3554 2042 3814 2108 protegat

2118 2126 2514 2179 indesinenter
2543 2127 2601 2179 in
2635 2127 3003 2180 tabernaculo
3037 2144 3069 2179 a
3093 2127 3542 2181 contradictione
3592 2127 3813 2196 lingua-

2118 2230 2245 2267 rum
2280 2214 2458 2284 (Psal.
2501 2229 2630 2279 xxx,
2681 2217 2795 2281 21,)
2846 2215 2900 2268 id
2928 2220 3029 2278 est,
3068 2214 3126 2267 in
3164 2214 3272 2268 ﬁde
3303 2220 3458 2268 recta
3524 2214 3811 2268 catholica

2119 2302 2377 2355 Ecclesiae
2417 2318 2447 2353 a
2477 2302 2780 2355 calumniis
2810 2301 3230 2367 haereticorum,
3279 2309 3342 2355 ut
3373 2302 3567 2371 potius
3601 2303 3813 2355 incom-

2117 2390 2448 2460 parabiliter
2478 2394 2666 2459 optem
2702 2394 2937 2458 propter
2963 2405 3167 2442 nomen
3208 2390 3432 2443 Domini
3468 2390 3575 2443 Dei
3623 2390 3811 2454 nostri,

2118 2484 2173 2531 et
2204 2493 2461 2530 amorem
2492 2478 2742 2530 veritatis
2785 2478 3051 2530 universa
3092 2477 3539 2546 praesentialiter
3586 2478 3815 2530 adversa

2118 2567 2336 2637 perpeti
2382 2566 2875 2636 persecutionibus
2931 2566 3185 2633 illorum,
3228 2582 3400 2636 quam
3446 2566 3537 2619 vel
3572 2566 3646 2619 ad
3696 2582 3806 2618 mo-

2118 2659 2375 2708 mentum
2413 2653 2715 2707 titubando
2741 2654 2978 2722 deviare
3013 2654 3188 2724 (quod
3239 2654 3401 2715 absit)
3440 2670 3470 2706 a
3515 2654 3817 2707 dilectione

2118 2744 2206 2795 vel
2255 2741 2609 2795 confessione
2646 2742 2922 2807 veritatis,
2968 2742 3055 2794 vel
3105 2759 3135 2794 a
3182 2742 3519 2811 praescripta
3556 2742 3679 2795 ﬁde
3734 2758 3815 2793 ca-

2117 2830 2485 2897 tholicorum,
2541 2846 2667 2900 quae
2717 2835 2770 2882 et
2804 2829 2985 2898 ipsius
3018 2830 3382 2899 potissimum
3433 2830 3702 2883 veritatis
3747 2835 3821 2881 est

2120 2932 2219 2970 ore
2251 2916 2555 2982 declarata,
2598 2921 2653 2969 et
2682 2916 3069 2969 invictissimis
3103 2932 3330 2986 quoque
3358 2932 3601 2969 suorum
3636 2922 3817 2969 aucto-

2120 3004 2383 3057 ritatibus
2418 3004 2835 3057 ministrorum.
2885 3004 3028 3067 Quia
3074 3005 3330 3073 profecto
3378 3005 3655 3074 proximo
3705 3005 3819 3074 qui-

2121 3094 2250 3146 dem
2282 3109 2409 3146 meo
2440 3097 2682 3157 tantam,
2718 3099 2991 3162 quantam
3026 3093 3167 3145 mihi
3206 3093 3543 3146 charitatem
3593 3094 3774 3147 debeo
3806 3110 3816 3143 :

2050 3217 2088 3270 Ο
2122 3183 2235 3235 Deo
2290 3187 2482 3235 autem
2535 3198 2599 3234 ex
2651 3187 2789 3248 toto,
2851 3182 3121 3251 quoniam
3182 3181 3464 3252 quidquid
3514 3182 3689 3235 nobis
3746 3186 3819 3233 est.

2117 3270 2253 3324 boni
2288 3270 2371 3322 vel
2398 3270 2520 3339 ipse
2546 3273 2649 3331 est,
2686 3270 2771 3322 vel
2807 3270 2876 3322 ab
2908 3286 2995 3322 eo.

2187 3359 2270 3411 Tu
2312 3374 2446 3412 vero
2486 3358 2744 3428 quisquis
2778 3358 2949 3427 hujus
2982 3357 3134 3421 ﬁdei,
3187 3362 3243 3410 et
3271 3357 3655 3411 confessionis
3685 3374 3816 3411 mea:

2120 3445 2374 3515 dignaris
2405 3464 2546 3510 esse,
2579 3446 2708 3516 pius
2744 3446 2921 3499 lector
2951 3450 3005 3499 et
3034 3446 3252 3516 peritus
3291 3446 3647 3508 intellector,
3677 3457 3701 3480 ⁸
3738 3464 3811 3498 sa-

2119 3534 2345 3603 pienter
2418 3534 2695 3599 admittis,
2756 3540 3033 3604 tanquam
3108 3539 3329 3603 patrem
3411 3536 3819 3589 venerabiliter

2118 3637 2321 3691 precor
2364 3622 2553 3687 simul,
2587 3624 2670 3675 vel
2734 3622 2880 3675 sicut
2936 3622 3167 3675 fratrem
3218 3622 3466 3676 ﬁdeliter
3522 3624 3813 3685 exhortor,

2119 3709 2165 3762 si
2197 3710 2277 3762 vis
2306 3711 2367 3763 in
2399 3715 2678 3764 aeternum
2722 3710 3017 3764 veritatem
3066 3710 3280 3775 videre,
3332 3716 3389 3764 et
3428 3728 3557 3765 cum
3620 3712 3818 3765 sanctis

2120 3797 2337 3866 angelis
2393 3801 2448 3849 et
2496 3796 2827 3850 hominibus
2872 3797 3089 3865 electis,
3141 3796 3520 3868 ﬁdelibusque
3578 3799 3819 3853 testibus

2121 3884 2377 3953 ejusdem
2404 3884 2682 3949 veritatis,
2716 3884 2784 3938 de
2829 3884 2951 3955 ipsa
3009 3886 3337 3954 perenniter
3387 3886 3635 3940 veritate
3688 3903 3818 3955 gau-

2122 3972 2255 4025 dere
2286 3972 2516 4025 festines
2548 3973 2781 4026 omnino
2827 3974 3379 4043 perniciosissimum
3420 3980 3478 4028 et
3527 3976 3819 4029 exitiosis-

2120 4060 2326 4114 simum
2360 4077 2541 4131 genus
2575 4061 2877 4125 mendacii,
2915 4062 3068 4131 quod
3100 4062 3513 4117 detestabiliter
3556 4064 3821 4117 commit-

2120 4150 2264 4202 titur
2306 4149 2368 4202 in
2406 4149 2662 4203 doctrina
2713 4150 3025 4219 religionis,
3067 4167 3184 4221 prae
3227 4156 3412 4205 morte
3443 4153 3711 4221 corporis
3744 4168 3822 4205 ex-

2120 4238 2377 4303 horrere,
2411 4244 2468 4292 et
2497 4238 2577 4291 ita
2605 4238 2913 4292 secundum
2943 4240 3095 4309 quod
3142 4256 3247 4309 per
3277 4240 3509 4293 beatum
3547 4241 3821 4294 divinitus

2120 4326 2334 4380 dictum
2368 4331 2454 4381 est
2504 4328 2910 4397 Augustinum,
2958 4328 3231 4397 suscipiat
3282 4332 3578 4399 gratanter
3614 4329 3821 4382 ditfusa

2120 4415 2335 4469 nostris
2395 4415 2454 4468 in
2507 4416 2775 4469 cordibus
2829 4416 3219 4486 pulcherrima
3278 4423 3334 4469 et
3390 4418 3821 4471 modestissima

315 4504 552 4573 optime,
586 4505 922 4573 suppliciter
951 4504 1205 4571 obsecro,
1252 4510 1316 4558 ut
1345 4521 1479 4558 vera
1508 4507 1653 4559 mihi
1686 4505 2011 4559 humilitate
2052 4513 2095 4565 D
2122 4503 2366 4557 charitas
2405 4504 2661 4556 osculum
2691 4504 3108 4569 columbarum,
3143 4509 3206 4557 ut
3248 4505 3335 4558 vel
3382 4506 3557 4559 evitet
3606 4506 3817 4559 cautis-

312 4593 464 4660 data,
496 4592 674 4646 solido
729 4592 854 4645 vitae
886 4593 1093 4661 gaudio
1139 4609 1366 4663 semper
1396 4593 1569 4647 facias
1612 4594 1864 4663 gaudere
1893 4610 2006 4648 me.

318 4683 575 4751 Denique
606 4681 711 4735 tibi
744 4686 959 4751 tuoque
990 4681 1212 4734 nomini
1235 4680 1486 4735 debitam
1521 4698 1623 4751 per
1659 4683 1867 4735 saecula
1896 4684 2011 4752 glo-

313 4771 479 4835 riam,
509 4777 559 4824 et
595 4775 831 4839 propter
869 4768 1152 4837 justitiam
1193 4768 1447 4838 quidem,
1481 4768 1616 4838 quia
1661 4769 1865 4822 merito
1907 4785 2008 4823 su—

313 4859 516 4927 perbos
553 4857 843 4924 humilias,
883 4858 1144 4910 incurvas
1190 4865 1245 4910 et
1286 4856 1547 4923 inclinas,
1599 4862 1834 4926 propter
1878 4872 2008 4926 gra-

313 4948 450 4999 tiam
481 4951 697 5011 autem,
740 4946 876 5015 quia
919 4945 1097 5013 gratis
1136 4945 1385 4998 humiles
1437 4947 1670 5009 exaltas,
1706 4947 1890 4998 elevas
1920 4950 2005 4999 at-

314 5050 424 5104 que
456 5035 758 5099 sublimas;
800 5050 902 5104 per
933 5050 1098 5103 quam
1135 5032 1351 5087 scilicet
1388 5039 1694 5103 utramque
1743 5034 2004 5103 supplico

312 5123 436 5189 tibi,
495 5123 887 5193 cunctipotens
956 5128 1012 5176 et
1070 5122 1320 5176 clemens
1382 5122 1625 5176 Trinitas
1681 5122 1895 5192 pariter
1952 5128 2007 5177 et

312 5212 500 5264 unitas
542 5217 607 5265 ut
638 5212 906 5265 omnibus
946 5212 1194 5265 inimicis
1225 5212 1336 5264 tuis
1364 5210 1715 5282 (quicunque
1758 5211 1873 5265 sint
1916 5212 2005 5264 in-

310 5300 462 5354 vidia
493 5301 747 5355 nominis
782 5300 885 5367 tui,
920 5301 1035 5355 sive
1067 5302 1410 5367 nescienter,
1459 5301 1575 5355 sive
1607 5301 1779 5355 etiam
1824 5302 2006 5356 scien-

311 5393 398 5443 ter
418 5394 756 5455 nocuerunt,
789 5390 905 5443 imo
930 5407 1132 5444 nocere
1156 5391 1463 5444 voluerunt
1489 5390 1650 5455 mihi,
1684 5395 2005 5445 nocuerunt

312 5483 500 5532 autem
556 5478 746 5547 potius
797 5479 1012 5550 absque
1086 5479 1261 5533 dubio
1313 5480 1436 5545 sibi)
1494 5480 1761 5533 universa
1811 5480 2003 5533 debita

312 5582 411 5619 sua
443 5564 743 5635 indulgeas
772 5566 1049 5633 funditus,
1091 5573 1148 5619 et
1175 5566 1453 5637 ignoscat,
1500 5572 1556 5620 et
1597 5567 1792 5621 omnia
1840 5566 2002 5636 ﬂagi-

382 5744 408 5771 ι
438 5737 605 5790 Deest
628 5735 720 5790 hic
741 5737 975 5809 aliquid.

2120 4592 2264 4644 sima
2292 4591 2609 4657 humilitas,
2642 4592 2730 4646 vel
2760 4592 3028 4646 retundat
3057 4592 3399 4647 solidissima
3434 4595 3647 4647 veritas
3680 4594 3819 4648 den-

2123 4684 2235 4734 tem
2267 4680 2558 4734 caninum.
2596 4680 2699 4734 Ubi
2742 4680 3017 4734 nimirum
3067 4697 3172 4751 per
3216 4682 3476 4735 osculum
3526 4682 3820 4737 columbi-

2119 4774 2586 4837 num,rectorum
2622 4769 2792 4823 corde
2829 4770 3232 4841 veraciumque
3276 4771 3424 4825 circa
3475 4789 3557 4835 se,
3601 4787 3820 4841 suaque

2116 4857 2265 4911 dicta
2294 4858 2577 4926 signiﬁcat
2621 4857 3057 4927 inspectionem.
3099 4861 3203 4912 Per
3233 4860 3465 4913 dentem
3500 4866 3700 4914 autem
3730 4877 3816 4913 ca-

2117 4946 2319 4999 ninum
2357 4947 2672 5015 malignam
2712 4962 3132 5016 perversorum,
3186 4948 3624 5018 irrisoriamque
3657 4949 3819 5003 falla-

2116 5034 2268 5087 cium
2298 5035 2826 5104 reprehensionem.
2865 5034 3108 5089 Obsecra
3134 5051 3269 5106 ergo
3301 5041 3356 5090 et
3383 5052 3557 5091 exora
3578 5040 3820 5109 (quaeso)

2118 5124 2426 5177 Dominum
2482 5125 2661 5177 Deum
2716 5128 2999 5189 nostrum,
3055 5126 3293 5195 ejusque
3334 5126 3727 5194 majestatem,
3764 5134 3823 5181 ut

2114 5217 2309 5265 contra
2358 5213 2595 5266 latratus
2637 5211 3029 5265 haereticorum
3083 5213 3458 5279 verissimam,
3511 5214 3826 5285 simplicis-

2115 5300 2341 5365 simam,
2367 5316 2431 5353 ac
2452 5299 2924 5370 benignissimam
2953 5299 3265 5355 habeamus
3285 5302 3647 5365 charitatem,
3674 5311 3733 5357 et
3753 5306 3820 5357 ad

2115 5393 2432 5442 extremum
2461 5404 2693 5459 quoque
2745 5387 3118 5442 retundamus
3150 5389 3351 5444 dentes
3396 5407 3601 5445 eorum
3646 5398 3819 5463 atque

2114 5476 2604 5530 mordacissimam
2660 5476 2964 5530 falsitatem
2996 5493 3099 5547 per
3140 5478 3582 5533 invictissimam
3622 5481 3820 5550 (velint

2112 5563 2316 5633 nolint)
2362 5581 2425 5618 ac
2454 5564 2861 5619 solidissimam
2892 5566 3189 5620 veritatem
3223 5583 3235 5619 :
3272 5566 3317 5619 si
3344 5566 3471 5638 quis
3503 5584 3642 5621 vero
3678 5569 3818 5623 mihi
