3890 6230
92 534 182 583 365

1204 530 1477 587 LIBELLI
1516 533 1609 587 AD
1652 532 1987 588 RABANUM
2028 532 2464 588 FRAGMENTA.

3481 530 3583 586 366

90 667 197 719 haec
226 665 490 736 loquenti
522 665 703 719 iratus
752 665 941 733 fuerit,
992 665 1062 720 de
1107 682 1165 720 se
1220 668 1436 722 dictum
1484 668 1773 737 fatebitur,
1814 671 1860 723 Λ
1892 670 2201 723 tributionis
2229 670 2359 741 (lsa.
2393 685 2556 734 xxxv,
2590 667 2680 738 li):
2732 668 2880 722 hanc
2909 667 2987 721 ita
3017 668 3249 722 noxiam
3286 669 3583 723 conculce-

88 755 162 807 vel
192 755 336 808 alius
364 758 573 809 auctor
601 755 821 808 asserit.

148 843 307 896 Talia
330 842 515 911 igitur
546 848 602 896 et
632 844 912 912 ejusmodi
955 843 1214 914 quisquis
1247 845 1432 899 adhuc
1475 847 1778 901 damnabi-

90 932 207 984 liter
234 932 563 1001 prmsumit,
595 932 683 985 vel
714 932 855 986 nihil
891 933 1121 995 scilicet,
1168 935 1255 987 vel
1286 950 1491 1004 parum
1524 939 1781 987 metuens

88 1018 397 1085 veritatem,
432 1025 488 1071 et
520 1019 701 1089 ipsius
748 1020 1049 1089 judicium,
1101 1026 1273 1091 negat
1325 1023 1591 1076 audacter
1624 1022 1780 1093 (con-

88 1113 161 1159 tra
214 1108 365 1175 eam)
415 1107 853 1177 prmdestinatos
902 1126 1023 1162 esse
1076 1110 1353 1179 reprobos
1399 1110 1471 1163 ad
1528 1127 1782 1180 perenne

89 1196 451 1265 supplicium,
485 1197 581 1249 ille
614 1196 831 1251 scilicet
861 1197 960 1267 qui
995 1213 1111 1250 non
1145 1197 1309 1250 timet
1354 1199 1617 1252 eamdem
1677 1198 1785 1251 sibi

87 1284 379 1337 veritatem
415 1284 475 1337 in
508 1290 759 1338 extremo
793 1285 882 1338 die
928 1286 1146 1339 cunctis
1176 1286 1543 1340 audientibus
1574 1288 1781 1340 dicere.

92 1375 157 1425 En
188 1389 300 1442 ego
359 1389 512 1427 nunc
536 1374 687 1443 juste
725 1378 949 1444 negate,
987 1374 1121 1445 quia
1149 1378 1212 1427 tu
1248 1374 1455 1444 injuste
1491 1376 1784 1446 quondam

91 1462 306 1530 negasti
341 1478 456 1514 me.
501 1462 648 1514 Talis
677 1462 961 1532 (inquam)
995 1464 1041 1516 si
1071 1463 1193 1517 vult
1221 1469 1275 1517 et
1304 1464 1475 1518 audet
1495 1465 1785 1518 veritatem

93 1555 273 1619 neget,
309 1550 412 1620 qui
448 1566 571 1603 eam
622 1567 739 1604 non
772 1552 978 1604 metuit
1010 1552 1318 1618 offendere,
1366 1553 1528 1623 cujus
1558 1553 1649 1607 die
1681 1570 1785 1606 no-

94 1644 292 1708 ctuque
350 1639 651 1693 nobiscum
696 1641 911 1710 pariter
964 1645 1111 1711 eget.
1156 1642 1265 1694 Nos
1312 1658 1446 1695 vero
1479 1642 1548 1695 ab
1588 1642 1787 1695 eadem

92 1727 383 1779 audientes
411 1728 705 1781 veritatem
733 1745 744 1781 :
787 1730 915 1782 Dies
961 1732 1184 1783 ultionis
1214 1732 1272 1783 in
1301 1730 1456 1784 corde
1494 1746 1606 1783 meo
1653 1731 1783 1799 (Isa.

92 1829 230 1881 mn,
263 1816 316 1875 4)
347 1831 360 1879 ;
392 1819 486 1867 et:
540 1818 672 1871 Ecce
700 1819 839 1870 Deus
891 1823 1072 1870 noster
1121 1818 1377 1871 ultionem
1428 1817 1659 1872 adducet
1702 1833 1788 1871 re-

150 1962 175 1986 ³
200 1953 301 2008 Hic
334 1954 495 2008 deest
525 1955 765 2025 aliquid.

1890 774 2017 811 mus
2047 759 2377 825 falsitatem,
2410 763 2465 811 et
2496 757 2873 827 praedicemus
2911 757 3230 825 veritatem,
3256 774 3370 828 quo
3403 757 3585 811 nostri

1893 847 2233 901 misereatur
2262 847 2462 901 eadem
2496 846 2711 899 Veritas
2744 848 2891 900 Deus
2922 861 3082 898 meus
3110 844 3326 915 Deique
3388 847 3582 912 Filius,

1891 941 1947 989 et
1976 952 2128 989 nunc
2156 943 2213 990 et
2242 942 2377 990 tunc
2407 936 2465 989 in
2489 935 2579 989 die
2609 934 2846 988 veniens
2878 933 3150 987 ultionis:
3182 934 3229 986 si
3273 933 3426 987 enim
3457 951 3587 988 vere

1889 1024 2255 1079 timuerimus
2302 1025 2554 1078 furorem
2595 1023 2931 1077 fallaciama
2995 1021 3307 1076 dummodo
3365 1023 3587 1092 placere

1890 1113 2178 1182 possimus
2211 1112 2294 1166 illi
2333 1112 2432 1182 qui
2482 1129 2584 1165 nos
2636 1117 2795 1182 regat
2850 1127 2914 1164 ac
2960 1115 3244 1181 protegat,
3297 1125 3362 1163 ac
3391 1113 3588 1162 contra

1890 1201 2109 1255 rabiem
2143 1202 2524 1270 grassantium
2554 1201 2777 1254 muniat
2808 1200 2871 1254 in
2893 1215 3098 1253 aevum.
3132 1201 3339 1253 Amen.

1966 1289 2205 1343 Domine
2248 1292 2396 1343 Deus
2447 1290 2767 1359 (benedicta
2798 1288 2968 1342 simul
3016 1293 3072 1342 et
3100 1287 3310 1341 invicta
3339 1284 3589 1340 Trinitas

1894 1383 1950 1431 et
1975 1379 2208 1446 unitas),
2257 1378 2519 1441 infunde,
2554 1394 2771 1448 quaeso,
2812 1376 3134 1447 legentibus
3168 1376 3287 1429 haec
3320 1374 3587 1429 credendi

1893 1466 2091 1533 ﬁdem,
2139 1471 2194 1519 et
2241 1466 2605 1519 credentibus
2657 1465 2968 1519 confitendi
3028 1463 3240 1534 largire
3291 1462 3588 1516 virtutem.

1895 1555 2063 1612 Corde
2091 1559 2269 1608 autem
2327 1554 2689 1608 credentibus
2719 1555 2793 1607 ad
2832 1555 3133 1622 justitiam,
3167 1557 3217 1606 et
3265 1567 3353 1606 ore
3413 1550 3590 1604 conti-

1894 1642 2144 1696 tentibus
2173 1642 2242 1695 ad
2281 1643 2508 1695 salutem
2540 1642 2724 1711 (Rom.
2772 1659 2825 1708 x,
2876 1643 2978 1709 10),
3044 1640 3295 1695 retribue
3344 1638 3591 1709 copiosae

1897 1730 2173 1784 mercedis
2216 1730 2676 1799 amplitudinem,
2710 1734 2766 1783 et
2794 1733 3022 1783 aeternas
3056 1734 3243 1783 tecum
3274 1727 3416 1781 lucis
3444 1726 3593 1799 [bea-

1896 1819 2223 1873 titudinem.
2254 1821 2457 1873 Amen.

1130 2263 2005 2373 FRAGMENTA
2091 2263 2557 2371 OMNIA

1542 2478 1725 2555 QUIE
1774 2476 2152 2543 EXSTANT

384 2646 610 2705 Libelli
642 2665 758 2725 per
786 2646 1305 2709 Gotteschalcum
1336 2649 2119 2788 Rabanobzlirphiepi303312;)3
2141 2648 2521 2725 Moguntino
2570 2647 2634 2707 in
2677 2646 2908 2726 placito
2957 2646 3315 2724 Moguntim

1553 2747 1588 2787 ο
1662 2748 1695 2788 a
1728 2747 1769 2788 1.
1805 2747 1970 2788 anno
2128 2775 2139 2787 .

1553 2747 1695 2788 001a
1704 2747 1745 2788 ιι
1757 2776 1769 2800 ,
1805 2747 1970 2788 anno
2000 2747 2139 2788 ὄέιὸ.

1044 2888 1136 2953 (Ex
1166 2888 1449 2938 Hincmaro
1470 2888 1756 2937 Rhemensi
1779 2889 1833 2936 in
1862 2901 2018 2951 Opere
2040 2886 2104 2937 de
2130 2886 2638 2949 Prtedestinatione.)

326 3144 463 3195 Aur.
499 3142 542 3195 Ι.
573 3170 641 3182 -
675 3142 755 3195 De
785 3143 1000 3208 gemina
1038 3142 1554 3211 praedestinatione..

168 3246 488 3315 (timenem,
523 3247 589 3301 de
617 3247 897 3313 Praedest.,
946 3264 1068 3318 cap.
1114 3252 1165 3315 5,
1225 3264 1282 3318 p.
1332 3248 1444 3317 25.)
1507 3250 1791 3302 Ponamus

101 3352 222 3405 quae
254 3336 703 3394 Gotteschalcus,
752 3335 990 3405 signifer
1041 3340 1096 3389 et
1140 3336 1388 3406 praevius
1414 3340 1587 3406 atque
1617 3336 1791 3405 hujus

99 3441 281 3494 pravae
310 3425 589 3479 doctrinm
614 3424 1003 3491 resuscitator,
1031 3424 1099 3478 de
1130 3425 1317 3495 primo
1346 3425 1605 3495 {capitulo
1639 3425 1792 3479 unde

97 3520 351 3567 versatur
381 3512 649 3584 quaestio,
679 3513 739 3566 in
770 3512 916 3566 libro
944 3529 1062 3565 suae
1108 3513 1311 3567 virosa;
1357 3512 1792 3583 conscriptionis

98 3601 525 3672 archiepiscopo
605 3600 839 3654 Rabano
919 3605 1185 3671 porrecto
1265 3600 1480 3668 scribit,
1558 3600 1789 3655 dicens:

102 3691 427 3754 «Tandem,
475 3689 679 3759 inquit,
725 3688 838 3759 legi
888 3689 1115 3748 librum.
1157 3689 1478 3743 venerande
1518 3689 1791 3759 pontifex,

98 3784 255 3832 tuum
278 3780 339 3832 in
372 3795 486 3849 quo
518 3778 773 3847 positum
816 3778 1003 3846 reperi
1042 3777 1194 3845 quod
1224 3778 1390 3847 impii
1420 3793 1647 3848 quoque
1678 3778 1794 3832 sive

98 3867 326 3937 reprobi
353 3883 474 3921 non
524 3866 638 3919 sint
662 3865 935 3920 divinitus
980 3866 1053 3919 ad
1092 3865 1524 3919 damnationem
1567 3866 1795 3936 praede—

105 3956 365 4009 stinati.»
426 3956 492 4009 Et
536 3960 663 4025 post
721 3954 1049 4024 aliquanta:
1101 3976 1122 4003 ι
1179 3954 1484 4022 Praescivit,
1532 3955 1792 4026 inquam,

102 4045 222 4098 illos
252 4044 572 4115 pessimum
600 4043 901 4097 habituros
957 4046 1169 4109 ortum,
1220 4045 1476 4114 pejorem
1527 4043 1790 4109 obitum;

105 4133 525 4203 praedestinavit
568 4137 755 4185 autem
789 4147 887 4185 eos
933 4132 1003 4186 ad
1052 4132 1333 4186 luendum
1369 4148 1623 4202 perenne
1678 4136 1795 4187 tor-

104 4225 381 4287 mentum,
433 4226 492 4276 et
543 4220 961 4291 sempiternum
1005 4220 1321 4274 interitum.
1376 4242 1403 4270 »
1454 4222 1519 4274 Et
1586 4221 1796 4275 iterum

105 4316 226 4378 post
272 4310 571 4380 aliquanta
612 4326 624 4363 :
663 4327 691 4359 «
747 4308 855 4372 Qui
906 4324 1104 4362 revera
1158 4309 1304 4362 sicut
1346 4310 1553 4363 electos
1598 4325 1797 4363 omnes

106 4399 534 4468 praedestinavit
558 4398 631 4451 ad
676 4398 853 4451 vitam
895 4414 999 4467 per
1027 4398 1341 4467 gratuitum
1395 4397 1568 4452 solius
1598 4398 1796 4468 gratiae

112 4502 219 4539 suae
270 4486 642 4554 beneﬁcium,
713 4486 1199 4556 quemadmodum
1253 4486 1469 4539 Veteris
1525 4490 1581 4539 et
1656 4485 1796 4539 Novi

111 4574 447 4628 Testamenti
478 4575 705 4645 pagina:
743 4575 1273 4628 manifestissimum
1324 4576 1586 4645 praebent
1615 4576 1797 4629 soler-

114 4669 190 4715 ter
216 4681 274 4717 ac
303 4664 496 4718 sobrie
546 4662 1042 4717 considerantibus
1085 4662 1399 4717 indicium:
1432 4663 1512 4716 sic
1564 4663 1797 4716 omnino

116 4758 167 4805 et
204 4753 479 4823 reprobos
533 4768 790 4823 quosque
821 4753 891 4806 ad
922 4757 1147 4806 aeternae
1179 4752 1379 4806 mortis
1427 4752 1798 4823 praedestina-

116 4841 189 4893 vit
217 4840 586 4911 supplicium,
612 4856 717 4910 per
741 4839 1124 4911 justissimum
1173 4839 1437 4896 videlicet
1473 4841 1802 4896 incommu-

116 4929 292 4984 tabilis
315 4929 561 5001 justitim
594 4945 713 4983 suae
739 4929 1042 4997 judicium.

494 5051 625 5103 ΑΜ.
660 5049 730 5102 ΙΙ.
757 5080 826 5087 —
859 5052 933 5103 De
976 5049 1142 5103 libero
1171 5048 1423 5103 arbitrio.

184 5176 503 5245 (Emonam,
534 5173 702 5239 ibid,
752 5189 876 5242 cap.
909 5176 999 5239 2t,
1045 5189 1178 5244 pag.
1234 5171 1378 5243 118.)
1420 5171 1555 5226 Inde
1586 5176 1642 5225 et
1670 5173 1809 5227 Got—

122 5264 451 5329 teschalcus,
504 5261 815 5316 modernus
889 5261 1450 5325 Praedestiuatianus,
1508 5260 1569 5314 in
1617 5260 1810 5314 libello

124 5354 188 5406 ad
218 5353 515 5406 Rabanum
545 5336 1039 5421 archiepiscopum
1093 5349 1495 5421 Moguntinum
1543 5349 1679 5404 dicit
1745 5349 1814 5403 ad

124 5441 342 5495 locum:
379 5458 407 5492 α
450 5441 530 5495 De
555 5456 670 5510 quo
701 5438 962 5493 videlicet
1007 5438 1189 5493 libero
1239 5438 1476 5492 arbitrio
1523 5438 1677 5509 quod
1708 5438 1812 5490 Ec-

128 5529 299 5584 clesia:
331 5528 547 5585 Christi
577 5527 893 5582 tenendum
925 5525 997 5579 sit
1046 5530 1216 5596 atque
1267 5525 1634 5589 credendum,
1687 5539 1816 5577 cum

130 5633 159 5669 a
186 5619 398 5671 caeteris
450 5613 747 5669 catholicis
780 5613 1040 5667 Patribus
1070 5613 1365 5667 evidenter
1411 5611 1481 5665 sit
1512 5613 1628 5666 Deo
1684 5626 1817 5680 gra-

127 5706 233 5758 tias
255 5707 627 5775 disputatum,
677 5706 803 5757 tum
846 5703 1138 5772 praecipue
1168 5705 1364 5755 contra
1400 5699 1735 5770 Pelagianos
1767 5703 1824 5753 et

132 5794 488 5848 leestianos
536 5809 571 5847 a
614 5792 783 5846 beato
838 5790 1160 5861 Augustino
1213 5788 1440 5859 plenius
1488 5792 1546 5842 et
1589 5787 1825 5843 uberius

1832 3144 1873 3198 Β
1901 3142 2134 3198 diversis
2164 3143 2223 3197 in
2261 3143 2571 3214 opusculis,
2612 3146 2668 3197 et
2705 3142 2951 3199 maxime
3004 3142 3067 3197 in
3109 3141 3596 3213 Hypomnesticon

1899 3247 2022 3285 esse
2072 3232 2437 3302 cognoscitur
2490 3232 2855 3287 inculcatum.
2911 3231 3070 3286 Uude
3099 3236 3153 3285 te
3209 3231 3398 3302 potius
3445 3231 3596 3301 ejus-

1899 3318 2029 3372 dem
2062 3319 2490 3374 catholicissimi
2538 3320 2795 3374 doctores
2846 3319 3310 3374 fructuosissimis
3338 3319 3599 3373 assertio-

1900 3407 2073 3461 nibus
2101 3407 2649 3478 incomparabiliter,
2680 3408 2813 3462 inde
2846 3424 3075 3479 quoque
3117 3409 3433 3463 malueram
3466 3407 3594 3469 niti,

1903 3512 2075 3566 quam
2126 3497 2379 3551 erroneis
2439 3496 2808 3567 opinionibus
2874 3496 3236 3551 Massiliensis
3296 3496 3595 3563 Gennadii,

1903 3584 2002 3654 qui
2031 3583 2320 3655 plerisque
2359 3585 2728 3655 prmsumpsit
2781 3584 2841 3638 in
2872 3585 3008 3638 locis
3064 3590 3178 3638 tam
3234 3585 3369 3638 ﬁdei
3398 3584 3595 3638 catho-

1902 3672 2026 3727 licm
2058 3689 2231 3743 quam
2264 3673 2560 3727 beatorum
2602 3673 2773 3728 etiam
2804 3675 3035 3727 Patrum
3065 3673 3454 3728 invictissimis
3492 3689 3593 3726 au-

1902 3760 2281 3829 ctoritatibus,
2344 3761 2587 3815 infelicis
2644 3761 2898 3816 Cassiani
2963 3761 3352 3833 perniciosum
3423 3761 3598 3815 nimis

1904 3848 2115 3918 dogma
2144 3863 2409 3917 sequens,
2441 3846 2635 3901 reniti.
2672 3869 2693 3897 ι

2256 3955 2388 4007 Aar.
2426 3953 2522 4006 III.
2564 3981 2631 3994 —
2697 3956 2771 4007 De
2809 3954 3082 4007 voluntate
3124 3955 3240 4009 Dei.

1974 4060 2041 4113 Et
2082 4059 2518 4128 Gotteschalcus,
2576 4058 2884 4112 modernus
2932 4059 3492 4125 Praadestinatianus,
3537 4059 3600 4113 in

1904 4145 2053 4201 libro
2100 4147 2170 4201 ad
2228 4145 2526 4201 Rabanum
2600 4146 3091 4217 archiepiscopum
3153 4148 3597 4219 Moguntinum:

1909 4252 1937 4288 α
1971 4235 2200 4302 Omnes,
2260 4236 2468 4306 inquit,
2522 4252 2666 4306 quos
2716 4238 2837 4289 vult
2898 4237 3043 4289 Deus
3075 4236 3259 4289 salvos
3312 4234 3440 4290 ﬁeri
3481 4237 3602 4290 sine

1906 4323 2265 4377 dubitatione
2328 4324 2655 4379 salvantur:
2726 4339 2830 4377 nec
2888 4329 3130 4393 possunt
3193 4324 3418 4391 salvari,
3494 4323 3603 4376 nisi

1836 4426 2051 4494 Cquos
2105 4414 2247 4465 Deus
2313 4412 2434 4465 vult
2511 4413 2693 4465 salvos
2750 4411 2913 4466 ﬁeri:
2972 4429 3076 4466 nec
3133 4416 3216 4466 est
3273 4412 3599 4483 quisquam,

1906 4516 2080 4571 quem
2114 4501 2260 4553 Deus
2286 4500 2491 4554 salvari
2531 4501 2683 4569 velit,
2717 4503 2774 4555 et
2821 4518 2938 4555 non
2976 4502 3243 4567 salvetur,
3293 4502 3428 4571 quia
3458 4502 3607 4555 Deus

1905 4592 2099 4642 noster
2120 4592 2301 4644 omnia
2324 4606 2651 4659 quaecunque
2678 4591 2847 4644 voluit
2866 4592 3014 4656 fecit.
3048 4612 3073 4637 »

1979 4677 2415 4744 Gotteschalcus,
2463 4694 2747 4732 novorum
2802 4677 3441 4732 Prasdestinatianorum
3488 4677 3603 4747 pri-

1909 4764 2196 4832 micerius,
2252 4766 2312 4819 in
2339 4767 2579 4836 praefato
2618 4784 2718 4820 suo
2766 4766 2957 4819 libello
3012 4765 3083 4819 ad
3130 4765 3428 4818 Rabanum
3470 4766 3605 4818 scri-

1910 4858 2138 4924 pserat:
2178 4876 2199 4902 ι
2235 4854 2445 4909 Omnes
2478 4859 2533 4908 et
2588 4871 2785 4908 omnes
2834 4853 3042 4908 debere
3096 4850 3360 4921 intelligi,
3413 4851 3470 4905 id
3524 4857 3608 4906 est

1912 4958 2112 4997 omnes
2153 4943 2252 5012 qui
2309 4944 2617 4997 salvantur.
2670 4945 2746 4996 De
2805 4942 3014 5011 quibus
3073 4940 3208 4994 dicit
3260 4941 3604 5010 Apostolus:

1917 5033 2026 5098 Qui
2068 5032 2185 5085 vult
2242 5047 2418 5085 omnes
2462 5031 2697 5084 homines
2743 5032 2920 5084 salvos
2972 5030 3117 5096 ﬁeri,
3176 5032 3233 5082 et
3280 5045 3478 5083 omnes
3508 5030 3609 5100 qui

1919 5134 2034 5173 non
2060 5118 2371 5179 salvantur,
2414 5132 2558 5187 quos
2599 5132 2715 5169 non
2745 5117 2864 5169 vult
2890 5117 3039 5169 Deus
3070 5116 3255 5169 salvos
3285 5116 3428 5170 fieri.
3456 5138 3482 5165 ››

2308 5241 2436 5292 Aar.
2471 5238 2559 5292 IV.
2592 5269 2659 5277 —
2711 5240 2795 5292 De
2818 5244 2984 5293 morte
3010 5240 3235 5296 Christi.

1991 5344 2432 5407 Gotteschalcus,
2496 5360 2772 5399 novorum
2846 5345 3489 5402 Praadestinatiauorum
3544 5347 3615 5399 si-

1924 5434 2128 5505 gnifer,
2178 5432 2237 5485 in
2296 5433 2489 5487 libello
2533 5433 2601 5487 ad
2628 5433 2927 5489 Rabanum
2977 5434 3470 5506 archiepiscopum
3502 5436 3616 5489 Mo-

1926 5520 2231 5594 guntinum
2264 5520 2345 5574 ita
2399 5521 2534 5575 dicit
2563 5522 2631 5575 ad
2660 5524 2843 5577 locum
2878 5540 2890 5577 :
2926 5546 2954 5573 ι(
3000 5524 3134 5577 Illos
3181 5539 3379 5578 omnes
3409 5524 3618 5593 impios

1928 5616 1984 5665 et
2012 5612 2358 5679 peccatores,
2392 5626 2532 5681 quos
2557 5612 2792 5680 proprio
2839 5611 2962 5665 fuso
2993 5611 3274 5681 sanguine
3309 5612 3484 5665 Filius
3519 5612 3618 5664 Dei

1864 5733 1906 5786 Β
1928 5696 2210 5753 redimere
2239 5698 2418 5761 venit,
2452 5698 2553 5751 hos
2580 5698 2940 5768 omnipotens
2966 5698 3063 5753 Dei
3094 5698 3320 5751 bonitas
3344 5698 3417 5753 ad
3448 5698 3617 5750 vitam

1931 5783 2371 5857 preedestinatos
2438 5786 2927 5841 irretractabiliter
2976 5785 3180 5841 salvari
3227 5785 3623 5840 tantummodo
