3890 6230
355 513 458 565 367

1436 508 1951 565 GOTTESCHALCI
1992 511 2419 567 ORBACENSIS
2462 513 2503 566 Μ
2514 511 2771 567 ONACHI
3741 516 3823 565 368

353 644 507 699 velit.
535 644 842 696 Etrursum
876 658 889 696 :
925 662 953 690 ‹‹
983 640 1116 696 Illos
1141 655 1342 694 omnes
1374 640 1583 713 impios
1614 646 1670 695 et
1699 646 2039 709 peccatores,
2082 648 2127 698 Α
2230 642 2367 696 Inde
2402 647 2458 695 et
2487 642 2546 695 in
2601 640 2859 694 chartula
2911 656 3029 693 suae
3089 641 3458 711 professionis
3492 642 3561 695 ad
3594 642 3827 697 eumdem

353 749 457 803 pro
495 732 702 804 quibus
730 731 883 784 idem
926 731 1097 784 Filius
1156 729 1255 783 Dei
1302 747 1403 783 nec
1457 747 1665 801 corpus
1714 731 2044 799 assumpsit,

356 837 461 875 nec
518 820 871 885 orationem,
924 835 1027 873 nec
1077 820 1203 872 dico
1251 819 1803 889 sanguinem_fudit:
1861 835 2048 889 neque

352 926 455 979 pro
483 908 565 963 eis
596 910 712 962 ullo
742 909 916 961 modo
949 908 1249 961 cruciﬁxus
1279 906 1405 961 fuit.
1451 907 1672 977 Quippe
1703 924 1842 977 quos
1874 907 2042 977 pessi-

352 1015 478 1052 mos
507 998 729 1051 futuros
787 1013 906 1050 esse
960 996 1261 1065 praescivit,
1321 1012 1581 1066 quosque
1637 996 1949 1065 justissime
1990 997 2048 1048 iu

352 1092 569 1140 aeterna
596 1085 1036 1156 praecipitandus
1066 1087 1351 1137 tormenta
1380 1085 1711 1154 praeﬁnivit,
1744 1085 1896 1153 ipsos
1924 1099 2045 1137 om-

352 1176 490 1229 nino
520 1174 813 1244 perpetius
847 1174 1049 1227 salvari
1081 1173 1309 1243 penitus
1342 1174 1504 1225 nolit.
1544 1192 1570 1223 ι)

422 1263 841 1317 Gotteschalcus
874 1262 932 1315 in
958 1278 1105 1331 saepe
1132 1262 1248 1314 fato
1276 1278 1379 1314 suo
1412 1263 1607 1315 libello
1654 1263 1720 1314 ad
1746 1261 2049 1314 Rabanum

355 1351 840 1421 archiepiscopum
894 1351 1118 1419 scripsit
1148 1366 1160 1403 :
1198 1370 1223 1399 (ι
1262 1350 1505 1403 Proinde
1536 1350 1685 1420 quod
1718 1348 2048 1402 fidelissime

351 1442 542 1505 credo,
567 1440 938 1493 ﬁdentissime
962 1440 1181 1509 loquor,
1208 1444 1263 1492 et
1284 1439 1597 1492 certissime
1621 1440 1835 1508 pariter
1849 1454 1912 1490 ac
1937 1438 2051 1490 fru-

352 1526 707 1580 ctuosissime
747 1526 1039 1591 conﬁteor,
1101 1531 1270 1595 atque
1330 1527 1687 1579 veracissime
1741 1526 2047 1595 proﬁteor:

353 1616 506 1686 quod
536 1617 682 1668 Deus
731 1619 921 1667 noster
951 1614 1338 1683 omnipotens,
1369 1614 1628 1667 omnium
1658 1620 2050 1667 creaturarum

352 1704 615 1757 conditor
635 1710 691 1756 et
712 1702 910 1769 factor,
942 1706 1253 1756 electorum
1286 1704 1684 1755 tantummodo
1717 1710 2049 1756 cunctorum

356 1792 640 1857 gratuitus
694 1808 815 1843 esse
877 1798 1168 1859 reparator
1220 1791 1488 1859 dignatus
1533 1797 1615 1844 est
1665 1797 1721 1843 et
1768 1791 2048 1857 refector;

356 1880 564 1932 nullius
602 1884 793 1931 autem
828 1880 1201 1948 reproborum
1258 1881 1669 1948 perpetualiter
1723 1897 1841 1931 esse
1873 1880 2052 1932 voluit

352 1966 626 2031 Salvator,
662 1967 873 2018 nullius
932 1969 1260 2036 redemptor
1308 1975 1362 2017 et
1404 1968 1616 2019 nullius
1670 1973 1991 2023 coronalor.
2029 1987 2055 2017 υ

2160 732 2457 786 Rabanum
2497 731 2994 800 archiepiscopum
3052 731 3131 784 ita
3160 731 3330 784 dicit:
3378 752 3405 778 ι(
3459 730 3580 799 Ego
3641 731 3827 784 Gottes-

2157 821 2383 874 chalcus
2423 820 2590 873 credo
2620 825 2677 873 et
2706 819 3017 886 conﬁteor,
3042 818 3316 889 proﬁteor
3344 823 3401 872 et
3447 818 3731 881 testiﬁcor,
3779 836 3828 872 ex

2162 911 2275 963 Deo
2310 911 2476 962 Patre
2527 924 2631 977 per
2662 910 2843 962 Deum
2875 908 3080 973 ﬁlium,
3127 908 3183 961 in
3219 910 3332 961 Deo
3381 908 3603 978 Spiritu
3644 916 3827 971 sancto,

2159 1004 2215 1051 et
2243 998 2465 1051 afﬁrmo
2522 1002 2579 1051 et
2634 997 2894 1066 approbo
2946 1013 3139 1051 coram
3199 998 3313 1050 Deo
3373 1004 3428 1050 et
3489 998 3695 1050 sanctis
3733 999 3828 1064 ejus

2160 1088 2310 1156 quod
2360 1086 2589 1156 gemina
2645 1091 2730 1139 est
2786 1085 3217 1154 praedestinatio
3285 1086 3399 1139 sive
3444 1086 3750 1139 electorum
3776 1086 3827 1137 ad

2158 1174 2439 1243 requiem,
2474 1174 2589 1227 sive
2630 1175 3004 1244 reproborum
3062 1173 3133 1226 ad
3187 1179 3464 1229 mortem.
3534 1173 3678 1238 Quia
3712 1174 3830 1225 sicut

2161 1264 2307 1316 Deus
2362 1262 2859 1316 incommutabilia
2916 1266 3048 1315 ante
3106 1261 3310 1315 mundi
3383 1262 3829 1315 constitutionem

2159 1367 2359 1403 omnes
2389 1352 2596 1403 electos
2626 1367 2759 1403 suos
2807 1349 3359 1403 incommutabiliter
3410 1366 3520 1418 per
3552 1347 3830 1417 gratuitam

2159 1440 2400 1509 gratiam
2433 1456 2594 1493 suam
2651 1438 3083 1509 praedestinavit
3112 1439 3179 1492 ad
3228 1439 3401 1491 vitam
3432 1442 3741 1502 aeternam;
3772 1437 3830 1489 si-

2160 1528 2375 1582 militer
2420 1528 2655 1582 omnino
2696 1544 2896 1581 omnes
2930 1528 3202 1597 reprobos
3258 1528 3356 1597 qui
3413 1525 3473 1578 in
3535 1526 3629 1581 die
3657 1526 3830 1595 judicii

2161 1618 2589 1671 damnabuntur
2645 1623 2878 1687 propter
2916 1617 3171 1687 ipsorum
3215 1617 3362 1669 mala
3419 1615 3650 1680 merita,
3708 1613 3831 1666 idem

2162 1706 2280 1776 ipse
2315 1706 2798 1759 incommutabilis
2832 1707 2975 1759 Deus
3006 1706 3349 1775 perjustum
3375 1704 3660 1774 judicium
3691 1719 3829 1755 suum

2158 1794 2707 1847 incommutabiliter
2764 1792 3191 1863 praedestinavit
3247 1794 3315 1845 ad
3370 1797 3616 1845 mortem
3663 1792 3832 1843 merito

2166 1883 2597 1952 sempiternam.
2638 1907 2662 1926 υ

826 2248 1378 2381 EPISTULA
1464 2248 2306 2384 GOTTESCHALCI
2392 2250 2543 2381 AD
2631 2251 3386 2384 RATBAMNUM.

1453 2458 1620 2521 (Apud
1658 2459 1951 2521 Cellotium,
1984 2460 2113 2507 Hist.
2148 2460 2513 2517 Gotteschulci,
2548 2475 2597 2523 p.
2631 2464 2758 2509 414.)

638 2698 774 2761 Age,
814 2709 1031 2762 quasso,
1066 2709 1258 2762 perge,
1301 2691 1440 2755 Clio,

640 2782 962 2835 Hemeando
985 2782 1151 2834 corde
1183 2780 1297 2834 ﬁdo
1327 2798 1337 2833 :

637 2872 901 2939 Propera,
937 2870 1086 2922 celer
1124 2869 1337 2936 virago,

641 2958 888 3026 Hepeda,
930 2973 1096 3026 sagax
1134 2974 1385 3027 propago
1410 2975 1423 3019 ;

641 3045 741 3098 Cui
765 3044 939 3096 frater
971 3048 1054 3096 est
1083 3046 1317 3113 Apollo:

641 3132 725 3186 Ob
755 3131 812 3184 id
841 3132 966 3195 hoc,
1002 3133 1155 3183 velut
1188 3131 1452 3194 volando,

646 3221 747 3273 Fer
781 3220 963 3271 amico
994 3234 1167 3271 ovans
1204 3220 1530 3281 Ratramno,

642 3307 907 3369 Domino,
939 3305 1110 3368 Patri,
1146 3305 1438 3373 magistro,

643 3396 874 3448 Calamo
918 3399 1165 3445 metrum
1202 3392 1500 3461 impolito:

642 3484 801 3547 Quod
839 3482 891 3534 ei
917 3481 1099 3534 libens
1130 3481 1380 3543 remitto,

640 3571 861 3625 Celebri
900 3571 1040 3637 viro,
1064 3576 1119 3623 et
1141 3586 1392 3623 corusco.

638 3664 781 3714 Amo
815 3676 986 3729 quem
1026 3660 1160 3712 satis
1191 3661 1463 3729 profecto,

640 3749 842 3800 Animo
865 3748 960 3818 pio
991 3764 1055 3800 ac
1087 3748 1335 3815 benigno
1369 3765 1381 3800 :

640 3838 815 3890 Datur
845 3842 902 3888 ut
940 3834 1080 3888 mihi
1122 3837 1374 3903 maligno

639 3924 721 3976 Ab
752 3940 819 3976 eo
856 3925 992 3987 Deo,
1027 3923 1242 3975 bonum
1280 3926 1376 3993 qui

643 4010 804 4063 Dabit
834 4011 989 4062 omni
1017 4011 1318 4080 flagitanti,

640 4097 773 4151 Sine
815 4114 927 4166 quo
960 4097 1102 4149 nihil
1136 4098 1251 4151 fore
1284 4100 1423 4151 nulli

644 4186 819 4248 Valet,
852 4190 912 4237 ut
940 4184 1138 4254 liquet,
1181 4186 1432 4239 alummo
1468 4203 1479 4238 :

648 4272 824 4339 Igitur
861 4274 1016 4324 velut
1055 4272 1229 4341 petita

643 4361 730 4426 Es,
750 4361 861 4425 abi,
887 4377 1045 4413 mora
1070 4377 1171 4414 nec
1200 4362 1332 4414 ulla.

640 4449 927 4512 Tenearis,
960 4464 1022 4501 ac
1064 4449 1271 4503 decora

642 4536 844 4589 Videas
876 4536 1085 4589 sodalis
1115 4553 1232 4590 ora.

641 4625 731 4679 Bis
763 4624 918 4677 enim
948 4625 1107 4677 venis
1136 4625 1207 4678 ab
1240 4624 1338 4676 illo

638 4713 905 4782 Speciosa
924 4712 1044 4782 jam
1073 4709 1366 4783 magistro,

636 4802 909 4855 Adimens
940 4802 1034 4867 fel,
1068 4801 1404 4871 imprimens
1442 4802 1574 4865 mel,

638 4889 843 4942 Reticis
875 4906 936 4941 os
965 4900 986 4926 ³
1018 4890 1196 4943 alumi

640 4976 792 5045 Dape
824 4975 1191 5044 dulci,odore
1232 4976 1409 5038 suavi,

640 5064 742 5116 Ubi
778 5064 931 5117 vides
963 5064 1279 5132 sedentem,

635 5152 791 5204 Alios
818 5152 995 5223 probe
1031 5154 1355 5218 docentem,

640 5240 906 5308 Rogitent
935 5242 1108 5296 Deum
1142 5247 1454 5311 potentem,

640 5327 743 5381 Det
770 5332 835 5381 ut
864 5328 951 5382 his
980 5331 1134 5399 piam
1161 5330 1411 5401 quietem
1436 5346 1447 5383 :

638 5417 794 5487 Rogo
820 5417 907 5471 dic
933 5419 1131 5489 jugem
1166 5421 1424 5473 salutem.

423 5618 446 5642 ⁸
489 5612 651 5665 Forte
684 5613 796 5682 leg.
838 5616 919 5667 tui
948 5630 1021 5668 os.

350 5682 461 5801 ab.
486 5682 550 5735 In
597 5690 844 5753 quatuor
892 5690 1097 5754 partes,
1163 5686 1423 5751 orientis,
1499 5686 1831 5751 occidentis,
1908 5692 2039 5751 etc.,

392 5764 551 5801 lVlSO.

392 5764 551 5805 lVlSO.

2235 2695 2277 2743 Ι.
2307 2690 2552 2758 Septeno
2601 2693 2890 2757 Augustus
2940 2689 3159 2742 decimo
3207 2690 3501 2759 praebente
3552 2692 3832 2752 Kalendas,

2159 2779 2305 2833 Solis
2338 2779 2470 2849 equi
2500 2778 2724 2831 dulcem
2755 2777 3025 2831 efflarunt
3055 2779 3151 2832 ubi
3192 2780 3442 2833 nubibus
3478 2781 3697 2849 ignem,

2164 2867 2450 2919 Fluctibus
2482 2866 2688 2919 Oceani
2722 2866 2906 2935 capita
2930 2866 3280 2935 atquejubas
3316 2868 3643 2934 madefacti,

2161 2959 2459 3007 Assuetum
2492 2954 2560 3007 ad
2597 2970 2825 3007 cursum
2874 2959 3249 3023 properantes
3308 2960 3529 3008 vertere
3580 2972 3824 3009 currum:

2160 3040 2601 3110 Splendidajam
2632 3045 2752 3094 toto
2786 3046 3080 3094 cesserunt
3118 3041 3305 3094 sidera
3335 3043 3497 3096 ccelo.

2164 3129 2377 3183 Pallida
2406 3145 2683 3199 germano
2707 3130 2875 3183 cessit
2904 3146 3134 3200 quoque
3161 3131 3403 3200 Cynthia
3428 3132 3643 3185 Ρὴωὺο
3670 3151 3681 3185 :

2160 3217 2575 3287 Solusjamque
2606 3218 2730 3271 citis
2761 3218 3095 3288 quadrigam
3128 3220 3377 3288 agitabat
3411 3221 3687 3286 habenis;

2158 3307 2397 3376 Jamque
2422 3307 2596 3375 jubar
2627 3307 2842 3360 mundo
2881 3306 3156 3361 fundebat
3193 3308 3439 3362 amabile
3472 3312 3694 3380 quadro
3723 3313 3777 3362 ὃς

2159 3394 2397 3463 Jamque
2430 3394 2611 3447 nitore
2639 3410 2807 3460 novo,
2836 3410 2900 3447 ac
2926 3396 3230 3464 splendore
3260 3396 3509 3451 micabat
3534 3398 3749 3467 opimo,

2161 3482 2323 3535 Clara
2355 3487 2409 3535 et
2440 3482 2565 3535 luce
2596 3498 2757 3536 suam
2797 3484 3067 3557 reddebat
3095 3484 3303 3555 cuique
3330 3485 3600 3553 ﬁguram.

2161 3570 2452 3623 Gaudebat
2474 3571 2735 3623 tenebras
2764 3572 2964 3639 procul
2991 3572 3181 3625 omnis
3212 3579 3365 3626 terra
3391 3573 3642 3643 fugatas,

2160 3661 2345 3728 Atque
2377 3659 2514 3712 mihi
2547 3660 2923 3729 applaudens,
2963 3660 3137 3714 veluti
3195 3677 3454 3731 praesaga
3509 3663 3649 3716 boui
3680 3678 3837 3721 mens,

2161 3747 2528 3816 Tripudiabat
2574 3763 2747 3800 ovans
2784 3748 2948 3801 solito
3001 3750 3205 3819 magis,
3265 3755 3437 3820 atque
3470 3752 3835 3822 triumphans,

2160 3835 2411 3888 Artubus
2449 3841 2505 3889 et
2535 3836 2754 3889 cunctis
2784 3836 3067 3892 hilarandi
3099 3838 3284 3891 inerat
3316 3840 3510 3909 potior
3531 3841 3636 3894 vis.

2108 3984 2127 4000 η
2163 3925 2304 3978 Cum
2337 3924 2480 3977 mihi
2512 3926 2764 3994 gratuito
2794 3926 2923 3979 data
2953 3932 3085 3979 sunt
3114 3927 3301 3980 subito
3330 3934 3515 3981 metra
3543 3928 3698 3982 dono

2090 3986 2130 4035 (λ
2164 3986 2690 4083 Celsithronivregis
2718 4014 2786 4066 de
2814 4019 2973 4083 parte
3008 4015 3184 4068 relata
3216 4015 3445 4080 sodalis,

2161 4100 2359 4155 Dulcia
2390 4102 2555 4155 melle
2589 4102 2771 4171 magis
2800 4108 2957 4156 trans
2978 4103 3176 4156 lumen
3207 4104 3426 4173 fulgida
3458 4105 3616 4159 solis.

2229 4246 2281 4297 2.
2316 4244 2453 4307 Quae
2485 4244 2729 4309 sitiebat,
2763 4245 2868 4311 uti,
2902 4261 3029 4299 mea
3060 4262 3238 4313 mens,
3290 4247 3396 4301 sub
3430 4247 3619 4302 sidere
3652 4248 3837 4303 Caneri

2161 4334 2370 4387 Messor
2407 4338 2561 4386 amat
2580 4334 2735 4386 relici
2762 4334 2937 4387 fontis
2968 4335 3267 4389 dulcedine
3297 4337 3449 4407 puri,

2158 4420 2404 4475 Tabidus
2435 4425 2603 4491 atque
2633 4421 2781 4475 fame
2814 4423 3058 4477 recreari
3088 4424 3209 4478 vult
3241 4442 3473 4495 quoque
3505 4443 3653 4496 pane
3682 4444 3695 4480 :

2158 4509 2393 4579 Algidus
2424 4514 2599 4579 utque
2621 4509 2829 4577 focum,
2861 4517 2923 4565 ut
2952 4517 3181 4582 exoptat
3210 4514 3398 4566 nudus
3428 4516 3707 4569 amictum
3735 4537 3748 4579 ;

2161 4598 2325 4650 Exsul
2359 4597 2437 4651 ita
2477 4598 2743 4667 patriam,
2769 4598 2882 4661 Eseu
2910 4604 3120 4653 terram
3152 4602 3465 4673 naufragus
3493 4603 3671 4658 imam
3698 4622 3709 4657 :

2162 4686 2343 4756 thue
2376 4685 2515 4738 situs
2544 4686 2794 4740 tenebris
2823 4687 2979 4758 cupit
2996 4689 3163 4742 almm
3195 4705 3435 4744 munera
3465 4692 3631 4745 lucis.

2230 4829 2281 4880 3.
2313 4827 2473 4881 Haud
2507 4843 2665 4881 secus
2696 4829 2953 4898 egregias
2998 4845 3126 4883 mea
3152 4846 3303 4884 nunc
3342 4831 3612 4901 cupiebat
3636 4838 3840 4901 egestas

2159 4915 2307 4979 Quas
2328 4920 2427 4969 tua
2464 4916 2732 4970 nobilitas
2761 4917 3137 4988 deprompsit,
3181 4919 3381 4986 amice,
3423 4920 3746 4985 Camoenas,

2161 5004 2439 5075 Insignes,
2470 5006 2758 5075 pulchras,
2792 5006 2984 5059 dulces
3014 5006 3368 5078 habilesque,
3400 5016 3693 5077 venustas,

2162 5092 2391 5146 Famine
2420 5094 2772 5165 perspicuas,
2801 5098 2855 5147 et
2885 5110 3017 5147 vero
3046 5095 3289 5164 pignore
3308 5111 3482 5165 puras
3502 5106 3521 5130 ε
3548 5114 3562 5151 :

2158 5180 2566 5236 Scemmatibus
2598 5184 2830 5250 validas,
2863 5184 3195 5255 tropicoque
3225 5186 3419 5256 lepore
3447 5203 3715 5242 coruscas

2087 5278 2127 5330 Ι)
2157 5270 2529 5340 Simplicitate
2564 5273 2792 5342 probas,
2825 5273 3029 5326 humili
3062 5274 3275 5343 pietate
3302 5275 3539 5331 decoras
3568 5295 3579 5332 :

2155 5358 2294 5411 Cum
2327 5359 2441 5411 sale
2464 5361 2740 5426 conditas,
2767 5377 2896 5414 cum
2925 5362 3080 5431 pacis
3109 5379 3303 5418 amore
3327 5366 3541 5435 politas
3565 5383 3578 5432 ;

2155 5446 2304 5509 Quas
2325 5446 2593 5517 equidem
2617 5454 2874 5502 sanctum
2902 5450 3139 5505 dictasse
3172 5468 3305 5505 reor
3336 5453 3439 5507 tibi
3467 5454 3707 5508 Flatum.

2152 5773 2188 5827 8
2222 5687 2413 5812 °Qu?id
2484 5695 2568 5742 est
2624 5706 2810 5744 verum
2867 5693 3109 5759 pignus?
3157 5696 3242 5747 An
3297 5695 3542 5751 fortasse
3601 5698 3715 5751 veri
3768 5696 3839 5765 pi-

2195 5775 2331 5813 nora

2195 5775 2331 5813 uora
