3890 6230
86 398 177 449 369
1360 401 1689 458 EPISTULA
1732 404 1819 457 AB
1864 406 2320 462 RATRAMNUM.
3485 417 3587 467 3‘70

88 528 193 578 lmo
221 528 419 593 procul
457 527 638 580 dubio
668 528 808 581 nihil
841 528 994 592 hinc,
1026 527 1111 581 vir
1141 527 1484 595 humillime,
1520 533 1650 583 nato

86 618 212 669 Cum
238 614 390 668 bona
410 622 627 670 cuncta
651 616 855 679 habeo,
887 616 1189 687 accipienti
1222 618 1433 671 dantur
1465 635 1667 687 egeno.

147 759 284 828 Ergo
328 758 493 812 hunc
538 759 842 828 aequalem,
876 758 1205 828 pariterque
1246 758 1406 829 pium
1454 760 1775 815 Genitorem

84 847 301 902 Trinum
335 863 648 917 unumque
673 849 873 913 Deum,
902 847 1040 900 votis
1062 847 1260 900 efferre
1288 864 1389 917 per
1415 865 1598 901 aevum

88 935 257 989 Debeo
290 935 681 1005 supplicibus,
713 952 827 1006 quo
854 951 982 988 sum
1013 935 1117 988 tibi
1146 936 1387 1005 praeside
1415 938 1666 1003 junctus,

83 1026 180 1078 Abs
217 1023 485 1095 [absque]
529 1024 673 1078 meis
711 1023 926 1077 meritis
956 1040 968 1077 :
1012 1024 1142 1078 fecit
1174 1025 1282 1078 hoc
1322 1026 1567 1095 denique
1601 1026 1775 1096 gratis

84 1115 253 1166 Etluso
281 1113 386 1183 qui
426 1118 483 1166 te
518 1114 698 1167 voluit
721 1129 985 1182 reparare
1017 1129 1216 1166 cruore
1244 1122 1267 1146 ⁸
1299 1130 1312 1166 :

83 1202 273 1256 Ditavit
302 1202 537 1271 sophie,
567 1202 798 1272 speciali
828 1202 967 1272 quin
1000 1208 1054 1255 et
1086 1200 1329 1269 honore,

83 1290 301 1343 Virtutis
335 1290 497 1343 varie
529 1291 764 1344 donavit
793 1290 1037 1344 amando
1068 1290 1291 1344 decore.

84 1379 283 1447 Dignus
316 1384 373 1431 et
405 1385 496 1432 est
518 1379 644 1432 vitae
674 1379 765 1431 hic
791 1379 1031 1431 laudum
1061 1395 1165 1447 per
1191 1378 1357 1431 sazcla
1389 1378 1599 1445 favore,

83 1469 133 1522 Si
157 1467 314 1521 daret
346 1468 581 1521 efficere
613 1467 691 1532 id,
728 1467 897 1538 parili
928 1467 1050 1520 sine
1082 1467 1196 1521 line
1224 1472 1441 1520 tenore.

84 1556 295 1609 Sincero
329 1561 489 1609 certe
519 1556 737 1627 jugiter
765 1556 1148 1609 redamandus
1179 1572 1403 1619 amore;

84 1646 139 1697 Et
166 1650 311 1699 casto
342 1650 543 1698 sancte
574 1644 916 1699 metuendus
942 1644 1157 1714 ubique
1187 1644 1415 1707 timore,

84 1732 206 1786 Cum
234 1732 377 1802 petit
404 1732 660 1796 assidue,
691 1748 861 1802 quem
889 1735 1084 1784 sancto
1117 1731 1317 1785 efferre
1344 1736 1611 1785 tremore.

85 1822 291 1874 Viscera
320 1821 527 1891 largiri
560 1820 786 1875 valeant
818 1821 863 1873 si
895 1824 1087 1873 nostra
1119 1820 1253 1890 quid
1292 1820 1373 1873 illi
1404 1836 1416 1873 :

81 1908 294 1977 lndigus
326 1914 415 1962 est
450 1908 633 1961 nostri
663 1907 761 1978 qui
797 1908 878 1961 nil
910 1907 1109 1977 utique
1142 1907 1551 1973 emolumenti;

86 1998 192 2049 Non
220 2002 351 2065 eget
382 1997 675 2067 obsequii,
714 2013 896 2066 neque
928 1996 1164 2061 servitii,
1199 2002 1369 2065 atque
1406 2012 1508 2049 nec
1533 1995 1767 2065 hymni:

86 2086 229 2138 Solus
256 2086 327 2138 ob
356 2085 413 2137 id
455 2085 685 2138 Domini
716 2084 932 2154 potitur
960 2084 1305 2154 cognomine
1339 2083 1476 2137 veri.

89 2173 143 2224 Et
169 2176 353 2225 tamen
380 2172 508 2241 ipse
540 2171 773 2236 horum,
807 2172 1160 2242 reliquorum
1192 2171 1310 2225 sive
1341 2172 1625 2224 bonorum

92 2260 198 2313 Esto
224 2261 333 2313 late
364 2267 545 2332 atque
583 2265 801 2326 auctor,
855 2276 955 2313 seu
983 2259 1187 2328 nostri,
1219 2265 1279 2313 tu
1315 2260 1462 2313 bone
1499 2260 1695 2313 doctor
1726 2263 1766 2312 b.

147 2403 311 2455 Mente
337 2400 555 2455 humili
596 2401 749 2454 hunc
784 2400 933 2465 ideo,
981 2400 1029 2453 si
1059 2400 1177 2468 dat,
1222 2401 1557 2455 benedicere
1596 2406 1767 2464 certo,

92 2492 227 2554 Quod
258 2490 466 2543 tribuit
494 2490 659 2543 nobis
689 2489 859 2542 talem
892 2494 946 2543 te
976 2488 1184 2559 pignus
1216 2490 1447 2553 amoris,

91 2578 179 2640 Qui
208 2594 431 2632 servare
467 2578 603 2631 velis
633 2583 689 2631 et
719 2594 971 2647 pangere
997 2578 1147 2631 dicta
1179 2578 1363 2647 poesis
1397 2595 1409 2631 :

91 2667 208 2728 Qum
234 2672 427 2720 sancto
460 2668 638 2729 Flatu,
671 2683 788 2719 non
820 2666 917 2719 vili
949 2666 1145 2719 inﬂata
1175 2667 1367 2732 boatu,

96 2754 407 2826 Dulciloquo
435 2756 631 2817 affatu,
666 2754 896 2820 celebri,
932 2754 1219 2824 rutiloque
1249 2755 1454 2819 relatu,

97 2844 361 2897 Demulcet
391 2850 674 2907 mentem,
705 2842 1112 2896 modulaminis
1145 2844 1315 2912 hujus
1347 2850 1610 2911 egentem
1647 2860 1659 2897 :

96 2932 148 2983 Et
172 2934 375 2985 solatur
406 2949 534 2985 eam
566 2932 738 2985 variis
764 2932 1135 3001 languoribus
1162 2947 1396 3000 aegram.

98 3021 431 3091 Diversisque
469 3020 636 3073 malis
666 3021 889 3074 diversa
922 3024 1189 3090 poemata
1221 3020 1433 3089 psallis.

94 3109 167 3162 Sic
193 3109 491 3163 Citharista
520 3108 735 3161 etenim
770 3107 990 3161 studuit
1015 3107 1419 3160 celeberrimus
1452 3107 1589 3161 olim

96 3200 184 3252 Cor
212 3198 404 3252 sedare
436 3197 694 3251 hominis
725 3196 933 3250 ﬁdibus
957 3196 1253 3265 psallendo
1283 3196 1538 3261 canoris;

98 3286 353 3339 Nimirum
384 3286 639 3339 hominis
666 3286 783 3355 jam
818 3284 981 3355 regni
1014 3284 1231 3339 honore
1262 3285 1524 3348 carentis,

97 3374 251 3437 Quem
287 3374 457 3427 draco
507 3372 755 3427 crudelis
794 3373 1032 3426 vexabat
1071 3376 1127 3425 et
1173 3372 1472 3441 improbus
1513 3373 1719 3444 anguis
1751 3391 1763 3427 :

97 3463 147 3515 Et
171 3477 288 3515 vere
319 3462 547 3527 merito,
585 3461 895 3515 Dominum
925 3460 1061 3532 quia
1090 3461 1335 3532 liquerat
1364 3462 1535 3525 ultro,

100 3552 261 3603 Elatus
289 3551 438 3605 fastu
467 3550 670 3615 nimio,
693 3550 935 3604 feritatis
966 3554 1022 3603 et
1051 3555 1197 3602 astu.

98 3639 220 3693 Huic
246 3645 297 3694 te
326 3640 664 3705 Psalmistze,
697 3639 850 3704 huic,
884 3638 1142 3709 inquam,
1173 3638 1422 3693 similem
1455 3639 1763 3700 citharista,

101 3725 338 3793 Dixerim,
364 3727 546 3779 amice
580 3742 753 3793 sacer,
784 3742 1059 3795 generose
1092 3731 1261 3795 poeta
1290 3727 1653 3797 frequenter;

98 3814 181 3875 Qui
208 3816 557 3869 modulando
588 3816 671 3869 tui
702 3815 916 3885 Ievigas
942 3830 1111 3885 grave
1139 3821 1337 3886 pectus
1365 3816 1603 3871 alumni.

154 3958 195 4009 4.
238 3962 419 4027 Atque
461 3957 684 4011 utinam
720 3973 888 4026 prosa
922 3962 1041 4011 tam
1081 3957 1288 4025 dulcia,
1332 3964 1448 4013 tam
1486 3960 1760 4030 speciosa,

99 4041 206 4094 Tam
236 4041 593 4111 prafulgida,
629 4045 685 4094 et
709 4046 824 4094 tam
854 4042 1065 4109 suavia,
1102 4047 1333 4112 tamque
1365 4042 1587 4110 decora,

99 4128 206 4183 Tam
232 4131 344 4200 pia,
382 4135 502 4184 tam
535 4129 776 4200 placida,
813 4134 984 4201 atque
1016 4131 1171 4201 quod
1190 4132 1320 4201 plus
1350 4138 1452 4199 est,
1478 4138 1595 4186 tam
1620 4133 1762 4187 mihi

1608 4237 1736 4275 vera

102 4305 306 4360 Psallere
342 4306 637 4376 magnifici
669 4307 848 4377 pietas
874 4306 1146 4362 voluisset
1176 4306 1375 4361 amicil
1583 4220 1605 4291 [
1744 4262 1758 4287 ν

1819 534 1862 585 Α
1894 533 2167 588 Sermone
2197 535 2463 602 incultus,
2498 538 2677 591 veteri
2708 554 2935 608 quoque
2959 540 3089 608 jure
3120 542 3359 609 solutus,

1890 621 2214 684 Quamlibet
2244 625 2352 678 hoc
2383 624 2610 679 modico
2643 643 2777 681 usus
2808 628 2913 680 sim
2958 630 3061 682 sub
3092 634 3348 701 tempore
3379 647 3578 701 pauco.

1892 712 2150 779 Namque
2180 713 2509 783 magisterio
2541 715 2626 767 vix
2657 730 2769 767 uno
2794 715 3050 769 subditus
3081 734 3251 783 anno,

1889 799 2001 853 Nec
2025 800 2198 854 didici
2230 801 2518 873 deinceps,
2554 802 2742 855 dubiis
2770 804 3107 873 ambagibus
3140 823 3366 877 anceps,

1886 886 2202 943 Stultorum
2236 890 2522 960 princeps,
2556 892 2800 961 abrupta
2830 908 2933 961 per
2963 894 3156 946 omnia
3185 911 3437 966 prteceps
3462 914 3475 957 ;

1888 978 2064 1030 Nemo
2092 979 2200 1031 fuit
2234 979 2373 1032 mihi
2412 980 2543 1045 dux,
2579 979 2708 1033 ideo
2739 980 2973 1033 minime
3006 982 3189 1050 patuit
3222 984 3337 1049 lux,

1885 1066 2055 1134 Septo
2082 1068 2345 1135 peccatis,
2380 1074 2657 1138 quantum
2695 1068 2875 1137 pietas
2917 1069 3025 1122 nisi
3056 1070 3232 1138 gratis

1886 1154 2115 1208 Caelesti
2146 1156 2368 1221 tribuit,
2402 1156 2493 1210 cui
2522 1156 2716 1224 virtus,
2752 1158 2953 1227 gloria,
2988 1158 3112 1211 laus
3143 1159 3233 1212 sit.

1888 1243 2035 1296 Raro
2067 1245 2177 1296 hoc
2202 1260 2305 1313 per
2335 1260 2425 1297 me
2454 1246 2535 1311 ﬁt,
2568 1251 2742 1315 perte
2776 1251 2905 1314 peto
2937 1246 3190 1299 crebrius
3221 1253 3285 1300 ut
3316 1248 3404 1302 sit.

1964 1385 2209 1440 Proinde
2239 1385 2549 1439 scientiolaa
2581 1384 2887 1441 scintillula
2918 1405 3047 1442 cum
3080 1389 3222 1443 mihi
3251 1389 3437 1443 inesse

1887 1475 1986 1527 Vix
2020 1479 2210 1544 queat,
2235 1476 2476 1528 extimeo
2510 1475 2641 1529 hinc
2662 1477 2796 1546 quid
2826 1478 3009 1530 amico
3042 1478 3301 1531 frendere
3334 1495 3582 1545 summu,

1885 1563 2154 1615 Sensibus
2186 1568 2409 1632 arguto,
2446 1564 2642 1633 lingua
2678 1565 3043 1619 vehementer
3074 1570 3258 1619 acuto.

1883 1650 2106 1720 Quippe
2140 1650 2406 1704 exercitio
2438 1651 2532 1722 qui
2565 1656 2729 1705 nocte
2758 1652 2965 1722 dieque
2996 1653 3100 1706 sub
3122 1653 3228 1707 isto

1884 1740 2171 1805 Versatus,
2202 1739 2417 1794 dudum
2453 1740 2676 1793 evasisti
2705 1741 2931 1794 culmen
2959 1741 3028 1794 ad
3054 1742 3260 1812 ipsum.

1808 1831 1850 1883 B
1884 1829 1995 1881 Hoc
2024 1828 2293 1898 equidem
2325 1829 2643 1893 attendens,
2678 1833 2850 1899 atque
2877 1830 3191 1889 revolvens,

1881 1916 2161 1970 Virtutem
2194 1926 2214 1950 ο
2244 1917 2541 1970 innantem
2573 1921 2940 1988 postponens,
2974 1917 3353 1973 zedilicantem

1882 2003 2143 2057 Gaudeus
2174 2003 2468 2072 praeferre,
2500 2004 2723 2057 institui
2751 2003 3024 2058 hactenus
3053 2004 3185 2058 inde
3213 2005 3400 2065 silere.

1884 2092 2072 2145 Donec
2101 2107 2208 2161 ope
2245 2091 2469 2146 Domini
2501 2091 2635 2145 hinc
2661 2092 2879 2145 valeam
2910 2092 3045 2162 quid
3071 2097 3289 2146 certum
3322 2092 3581 2164 adipisci,

1880 2182 2059 2232 Aures
2092 2178 2478 2249 magnanimis
2506 2180 2552 2242 d,
2588 2178 2725 2249 quid
2757 2180 3081 2233 demulcere
3115 2180 3348 2247 sodalis,

1882 2268 2103 2338 Corque
2135 2283 2334 2321 muare
2366 2273 2536 2338 queat
2571 2284 2583 2320 :
2620 2284 2691 2321 ne
2720 2268 2954 2339 squalor
2981 2268 3039 2321 in
3070 2268 3167 2321 ilia
3197 2273 3406 2339 serpat,

1881 2355 1949 2408 Et
1977 2356 2163 2410 denuo
2192 2356 2500 2419 offendam,
2535 2355 2579 2409 si
2606 2356 2807 2409 frivola
2832 2356 2977 2410 forte
3010 2357 3329 2411 refundam.

1878 2443 2038 2507 Quod
2072 2443 2196 2497 ﬁeri
2226 2444 2300 2497 'ut
2332 2444 2525 2513 [haud]
2573 2444 2772 2514 possit,
2816 2460 2938 2497 mea
2978 2460 3140 2498 mens
3192 2449 3290 2499 aut
3330 2444 3579 2515 impigre

3348 2533 3578 2603 [poscit,

1880 2618 2340 2690 Suppliciterque
2373 2624 2537 2689 rogat
2562 2620 2745 2689 pietas
2775 2628 2838 2674 ut
2865 2618 3014 2673 idem
3043 2622 3139 2671 tua
3173 2626 3386 2689 poscat.

1954 2761 2207 2831 Denique
2229 2766 2364 2813 sunt
2400 2760 2584 2826 multi,
2617 2761 2861 2813 Domino
2894 2760 3166 2826 donante,
3201 2760 3456 2828 magistri

1882 2852 1996 2904 Hac
2028 2850 2262 2919 regione
2293 2849 2405 2913 siti,
2440 2849 2674 2916 ingenio
2708 2850 2992 2919 locuplete
3017 2849 3201 2911 beati;

1883 2937 2039 2990 Unde
2070 2937 2324 3005 palatina
2356 2936 2615 3007 plerique
2652 2944 2950 2990 morantur
2980 2938 3037 2990 in
3070 2938 3218 2991 aula.

1880 3026 1963 3079 Ad
1998 3025 2098 3079 hos
2123 3030 2293 3094 atque
2327 3025 2469 3078 alios
2496 3041 2597 3094 per
2620 3025 2863 3078 barbara
2892 3041 3070 3095 regna
3102 3026 3336 3088 locatos,

1807 3127 1846 3180 ο
1881 3116 2101 3169 Cernua
2134 3114 2219 3168 his
2252 3113 2449 3167 avidus
2480 3114 2704 3184 porrexi
2738 3114 3018 3183 scriptura
3049 3114 3271 3179 diebus,

1880 3203 2059 3257 Orans
2091 3219 2442 3273 magnopere
2472 3203 2784 3272 dignentur
2813 3209 2874 3255 ut
2905 3202 3063 3255 ocius
3093 3202 3225 3255 inde

1879 3292 2248 3361 Respondere
2283 3291 2448 3355 mihi,
2482 3308 2582 3344 seu
2617 3292 2742 3355 scis,
2779 3290 3146 3344 vehementer
3174 3290 3384 3360 egenti.

1879 3381 2082 3449 Estque
2109 3379 2416 3450 Augustini
2450 3379 2538 3434 his
2563 3379 2847 3433 sententia
2880 3378 3052 3432 missa
3086 3378 3261 3443 beati,

1877 3467 2057 3530 Quam
2090 3467 2312 3537 liquido
2340 3467 2571 3536 exponi,
2602 3468 2819 3520 auctori
2849 3466 3188 3537 quadrando
3212 3466 3465 3535 poposci.

1876 3557 2091 3625 Nempe
2121 3556 2305 3607 tribus
2336 3555 2542 3608 horum
2565 3554 2758 3607 studui
2780 3554 3077 3624 proprium
3101 3553 3299 3606 indere
3319 3568 3570 3618 sensum,

1876 3643 2192 3705 Matcaudo,
2224 3643 2404 3709 Jonee,
2433 3647 2606 3712 atque
2641 3644 2815 3710 Lupo,
2842 3640 3209 3693 rutilantibus
3239 3655 3359 3703 ore,

1874 3733 2115 3785 Poscens
2146 3730 2350 3783 obnixe
2386 3734 2647 3797 satagunt
2675 3732 2739 3782 ut
2770 3744 2903 3781 vera
2933 3728 3165 3781 referre.

1872 3818 2164 3888 Proposita
2195 3822 2279 3871 est
2320 3816 2555 3886 reliquis
2596 3815 2993 3869 tantummodo
3038 3815 3280 3884 questio
3327 3814 3566 3868 cunctis.

1871 3907 2125 3977 Opposui
2155 3922 2308 3971 sane,
2340 3905 2605 3975 objicitur
2635 3904 2788 3975 quod
2818 3908 2976 3974 parte
3002 3904 3069 3957 ab
3104 3909 3345 3974 utraque

1873 3995 2050 4048 Nemo
2080 3994 2174 4046 sed
2198 3998 2432 4061 excepto
2463 3990 2600 4062 quid
2624 3992 2809 4044 adhuc
2832 3990 2969 4044 mihi
3003 3992 3249 4046 reddidit
3282 4007 3414 4057 una,

1871 4083 1978 4146 Qui
2018 4098 2145 4135 cum
2194 4081 2269 4134 sit
2304 4086 2523 4147 cautus,
2558 4080 2727 4133 simul
2765 4084 2820 4134 et
2863 4085 3041 4141 catus,
3075 4085 3156 4133 est
3206 4080 3566 4143 moderatus;

1870 4172 1959 4226 Sic
2003 4171 2119 4242 jam
2174 4176 2335 4224 terna
2375 4170 2463 4223 sui
2514 4169 2726 4223 librans
2773 4184 3048 4239 responsa
3101 4167 3293 4223 labelli
3334 4167 3458 4239 [al.,
3502 4168 3569 4221 li-

3394 4256 3570 4328 [belli,

1874 4349 1941 4400 Ut
1968 4347 2199 4416 dempto
2230 4346 2422 4399 neutri
2454 4346 2627 4415 pleno
2660 4346 2989 4401 discrimine
3019 4347 3167 4417 parti

145 4394 150 4398 .
445 4395 454 4404 .
773 4395 782 4404 .
995 4397 1003 4405 .
1059 4397 1067 4405 .
1875 4391 1941 4400 υ-
1969 4391 2196 4416 πων-η
2232 4391 2422 4399 ..νς-η-
2458 4391 2625 4415 νη..-
2661 4391 2989 4401 summa.--
3020 4391 3167 4417 ιι-.--

102 4391 726 4504 ξ’]ξξῗφῖῗζξῇἓθτῖῗῗν
1298 4397 1541 4504 ῗῗξίῗίθτθ
1593 4417 1759 4504 δρῗτθ
1803 4422 1843 4474 ί)
1877 4435 2165 4504 Congruat
2196 4450 2208 4488 :
2246 4434 2396 4488 unde
2428 4434 2530 4487 tibi
2561 4434 2849 4489 recitanda
2883 4435 3003 4488 haec
3032 4440 3277 4504 utraque
3307 4433 3465 4498 duxi,

102 4478 298 4551 Scripta,
334 4483 561 4537 favente
594 4484 728 4549 Deo,
761 4484 891 4539 licet
929 4484 986 4537 id
1019 4484 1151 4550 cito,
1200 4489 1261 4538 ut
1290 4491 1448 4555 opto,
1486 4488 1758 4557 nequibo,

106 4568 259 4623 llultas
291 4571 366 4624 ob
390 4586 609 4636 causas,
643 4586 885 4640 quarum
912 4572 1157 4641 primam
1189 4588 1311 4625 esse
1340 4579 1604 4627 venustas

106 4654 212 4709 Hinc
237 4658 362 4711 volo
395 4663 583 4711 vestra
612 4659 771 4724 sciat,
794 4660 930 4730 quia
958 4659 1048 4714 vix
1068 4664 1227 4714 vacat
1256 4661 1416 4728 hora,
1448 4662 1661 4717 residat

105 4740 195 4803 Qua
215 4761 337 4798 mea
372 4745 685 4811 rusticitas,
719 4752 780 4799 ut
812 4748 1012 4801 saltem
1049 4748 1183 4801 hinc
1215 4749 1434 4819 ﬁngere
1467 4754 1655 4804 ternas

106 4830 362 4887 Litterulas
394 4834 579 4900 liceat,
615 4834 886 4904 quoniam
916 4835 1225 4904 imperium
1259 4838 1438 4891 Patris
1468 4839 1641 4893 instat

106 4920 165 4972 Ad
187 4922 520 4991 patrandum
552 4922 791 4993 aliquid,
826 4939 955 4977 cum
982 4925 1112 4993 hoc,
1144 4929 1279 4979 tunc
1301 4926 1565 4995 protinus
1596 4928 1759 4997 illud,

106 5006 220 5063 Istud
247 5011 320 5065 ob
349 5011 408 5065 id
439 5027 690 5081 nequeo.
726 5010 832 5066 Sed
862 5012 969 5066 hoc
998 5014 1274 5068 veraciter
1306 5014 1478 5081 addo,

106 5095 221 5158 Quod
246 5100 493 5154 nimium
523 5105 718 5154 metuo
750 5101 855 5155 tibi
887 5094 1258 5173 respondere,
1291 5104 1442 5175 quod
1475 5104 1591 5159 imo

110 5184 150 5236 ln
173 5203 321 5241 sensu
353 5194 545 5249 teneo,
579 5188 716 5258 quia
745 5194 944 5260 torpeo
968 5196 1195 5261 pectore
1226 5190 1417 5246 bruto.

108 5272 297 5331 Inscitia:
327 5278 557 5348 plenus,
592 5278 891 5348 multoque
924 5295 1115 5333 errore
1147 5281 1399 5346 volutus,

158 5441 173 5463 ³
201 5435 327 5504 Ergo
372 5437 592 5488 elactus
644 5435 1033 5489 Ratramnus:
1081 5452 1211 5489 nam
1266 5437 1349 5490 illi
1393 5438 1497 5491 soli
1554 5437 1761 5492 Christi

114 5507 333 5571 sanguine
364 5506 658 5575 redempti
689 5505 953 5559 videntur
982 5507 1389 5561 Gotteschalco.

160 5575 309 5647 διες.
375 5582 457 5632 est
508 5578 629 5631 lata
685 5582 846 5646 atque
907 5583 1095 5631 auctor
1150 5593 1242 5632 seu
1306 5581 1451 5633 nosti
1511 5584 1568 5632 tu
1634 5580 1762 5632 bone

114 5639 265 5700 doctor.

1874 4522 2239 4591 Respondere
2271 4522 2368 4575 alii
2398 4528 2713 4593 properant
2742 4523 2881 4577 dum
2914 4527 3107 4577 mente
3138 4522 3343 4592 sagaci,

1872 4610 1993 4674 Quo
2028 4610 2210 4680 magis
2241 4610 2349 4679 his,
2383 4611 2520 4664 mihi
2556 4626 2728 4681 quam
2758 4616 3003 4683 reputes,
3025 4609 3376 4675 charissime,
3401 4607 3568 4677 quid-

3344 4694 3565 4766 [quam,

1872 4788 1931 4843 Si
1962 4787 2149 4841 videas
2181 4786 2401 4858 aliquid
2420 4787 2768 4840 concordans
2798 4784 2951 4855 quod
2977 4783 3079 4837 tibi
3111 4799 3229 4836 non
3262 4782 3353 4849 sit,

1871 4880 1942 4931 At
1972 4876 2102 4930 licet
2133 4892 2312 4946 usque
2343 4891 2484 4945 rogo
2518 4891 2744 4930 mecum
2775 4874 2886 4927 duo
2915 4878 2938 4903 °
2969 4877 3203 4941 perpete
3236 4875 3386 4933 voto,

1873 4967 2104 5019 Pectore
2133 4966 2275 5034 quin
2307 4968 2427 5017 toto
2459 4964 2700 5033 supplex
2728 4978 2891 5015 orare
2917 4966 3229 5026 memento,

1874 5055 2125 5107 Donetur
2153 5052 2360 5105 habilis
2390 5068 2505 5121 quo
2533 5066 2721 5104 sermo
2756 5049 3011 5103 videlicet
3040 5048 3176 5116 illis,

1870 5143 2127 5210 Cumque
2158 5140 2352 5211 vigore
2387 5139 2517 5191 salis
2542 5139 2639 5209 pia
2671 5138 2833 5191 nobis
2868 5138 3111 5207 pignora
3138 5137 3340 5208 pascis.

1942 5280 2169 5335 Gaudeo
2202 5279 2541 5349 praeteritas,
2580 5279 2852 5332 nimirum
2882 5278 3206 5333 venerande
3236 5282 3425 5349 poeta,

1941 5448 1961 5471 ε
1992 5440 2284 5492 Scientiam
2314 5436 2452 5491 dicit
2482 5438 2803 5507 Apostolus,
2838 5453 2950 5489 non
2980 5440 3256 5490 virtutem.

1940 5510 1967 5551 d
2000 5510 2398 5577 Magnammas,
2429 5507 2539 5560 nisi
2569 5524 2802 5577 peccare
2834 5507 3011 5561 voluit
3040 5507 3112 5561 ad
3142 5522 3355 5561 casum.

1942 5587 1963 5613 ο
1996 5578 2141 5642 Quid
2194 5579 2346 5633 istud
2394 5594 2597 5633 mecum
2628 5579 2770 5633 duo?
2822 5581 2911 5633 An
2965 5593 3187 5645 mecum,
3230 5590 3461 5646 precare
3510 5579 3567 5626 ut

1876 5649 1982 5704 duo
2011 5650 2289 5703 simul...?
