3890 6230
313 409 407 462 3⁵71

308 535 575 590 Sublimis
601 551 730 589 cum
751 534 849 603 sis,
885 534 1090 589 humili
1119 536 1273 606 quod
1300 535 1520 590 honore
1552 535 1776 589 nitescis
1804 554 1817 590 :

311 626 566 695 Cumque
596 626 791 696 polum
824 625 1050 693 subeas,
1081 625 1233 696 quod
1272 625 1435 679 humi
1477 630 1531 679 te
1562 642 1760 695 repere
1790 626 2002 695 signas.

307 716 449 769 Nam
481 715 667 786 placet
698 714 848 768 istud
879 715 951 780 ei,
985 718 1046 767 ut
1073 713 1242 782 nosti,
1263 713 1349 767 vir
1378 715 1696 784 splendide,
1734 714 1891 785 Regi,

308 804 415 868 Qui
443 804 565 857 fore
595 803 950 873 praehumilis
977 819 1079 872 pro
1107 808 1163 857 te
1192 808 1278 856 est
1312 803 1579 873 dignatus
1607 803 1666 856 in
1696 802 1848 867 imis,

310 891 501 944 Mortis
528 890 595 943 ad
631 906 811 961 usque
845 906 1026 960 genus
1052 890 1208 960 quod
1233 896 1355 944 erat
1386 907 1557 961 super
1590 891 1786 944 omnia
1814 891 2000 961 pejus.

311 982 429 1034 Hoc
454 980 608 1031 velut
637 994 733 1031 ore
763 978 920 1044 facis,
954 978 1000 1031 si
1026 979 1192 1033 corde
1214 985 1440 1048 patrare.
1470 980 1719 1034 studebis

310 1068 655 1121 Cunctarum
684 1082 815 1119 vere
844 1066 1120 1120 virtutum
1142 1067 1315 1121 stabis
1335 1067 1395 1120 in
1428 1084 1574 1121 arce.

310 1155 453 1208 Nam
482 1154 644 1207 facile
676 1159 760 1207 est
790 1154 1010 1208 homini
1044 1155 1317 1209 miserum
1346 1172 1403 1208 se
1436 1172 1571 1209 voce
1602 1154 1787 1222 fateri,

311 1243 426 1296 Seu
452 1241 750 1295 simulator
775 1242 915 1311 agit,
942 1243 1040 1297 sed
1073 1244 1241 1297 corde
1273 1249 1467 1298 tenere
1502 1244 1655 1313 quod
1686 1243 1841 1298 insit.

310 1330 584 1400 Pauperis
616 1335 718 1395 est,
745 1331 938 1385 animo
961 1331 1019 1384 in
1041 1332 1286 1402 superbo
1310 1333 1604 1402 regnantis
1631 1333 1894 1403 Olympo.

310 1418 455 1471 Illud
488 1418 641 1471 enim
674 1418 903 1488 reprobi
934 1419 1151 1473 faciunt
1180 1436 1432 1490 persaepe
1464 1421 1751 1490 gemendi.

310 1507 427 1560 Hoc
456 1510 648 1560 autem
680 1506 865 1575 electi,
901 1507 1177 1563 nimirum
1214 1509 1284 1562 ab
1314 1508 1537 1579 origine
1570 1510 1799 1577 mundi;

377 1690 399 1715 δ
430 1682 637 1735 Ambro
671 1681 954 1749 diabolus,
988 1686 1052 1736 ut
1082 1682 1181 1753 qui
1209 1681 1470 1737 homines
1491 1683 1788 1754 deglutiat.

1763 405 2098 461 LOTHARII
2140 405 2349 461 REGIS

2028 538 2074 589 A
2109 535 2323 589 Idcirco
2352 536 2501 589 haud
2530 534 2771 599 meritis,
2802 551 2932 589 vere
2958 535 3057 589 sed
3085 551 3324 589 munere
3348 534 3559 589 Patris.

2117 623 2336 689 Felicis,
2364 624 2559 690 frater,
2593 624 2806 690 felices,
2839 624 2987 678 celse
3019 624 3313 693 magister,

2114 714 2266 778 Quos
2296 714 2462 767 Pater
2491 713 2551 766 in
2582 713 2806 767 Christo
2839 713 3051 783 delegit
3078 729 3236 766 more
3268 712 3525 781 benigno
3562 726 3576 764 :

2116 804 2369 867 Quorum
2412 819 2580 857 nemo
2625 802 2793 873 peril,
2835 818 2977 871 quos
3015 802 3312 871 sanguinis
3358 800 3519 855 unda
3551 800 3794 854 redemit.

2114 892 2261 961 Agni
2294 892 2553 958 cwlestis,
2584 892 2683 962 qui
2707 892 2878 943 vitam
2915 891 3156 944 contulit
3182 890 3314 944 illis.

2118 982 2273 1035 Felix
2300 997 2579 1051 agnorum
2610 979 2783 1033 fuerit
2810 979 2910 1050 qui
2944 984 3230 1031 extremus
3259 993 3484 1043 eorum,

2116 1071 2228 1124 Nec
2257 1070 2365 1136 leo,
2396 1086 2500 1123 nec
2525 1069 2743 1140 praedo,
2776 1069 2966 1138 lupus,
3000 1083 3064 1121 ac
3102 1068 3294 1134 draco,
3334 1066 3501 1132 latro,
3547 1082 3658 1120 nec
3698 1082 3798 1119 am-

3616 1154 3737 1225 [bro
3765 1164 3798 1218 ι,

2117 1246 2261 1302 Hinc
2308 1246 2534 1317 rapiant
2572 1261 2944 1317 quemquam,
2978 1245 3065 1298 vel
3111 1243 3184 1312 vi,
3235 1244 3318 1297 vel
3367 1244 3671 1298 fraudibus
3710 1259 3800 1295 uu-

3595 1331 3797 1403 [quam

2117 1422 2296 1476 Omne
2328 1421 2559 1492 quidem
2591 1421 2741 1491 quod
2770 1420 2821 1475 ei
2852 1420 3053 1475 tribuit
3076 1421 3262 1486 Pater,
3288 1419 3521 1474 advenit
3553 1418 3645 1472 illi
3666 1420 3710 1472 δ.

2188 1687 2212 1727 b
2243 1687 2425 1739 Pauca
2452 1684 2646 1739 deesse
2671 1685 2958 1740 videntur.

1622 2005 1793 2049 ANNO
1842 2004 2071 2050 DOMINI
2118 2005 2498 2050 DCCCLXVIII.

994 2177 3111 2504 LOTHABIUS.

1369 2664 1839 2755 LOTHARII
1902 2662 2401 2752 EPISTOLZE
2470 2662 2749 2752 TRES.

855 3023 1196 3078 EPISTOLA
1236 3023 1473 3078 PRIMA.

827 3147 896 3184 AD
937 3146 1203 3184 NICOLAUM
1246 3146 1418 3184 ΡΑΡΑΜ
1449 3139 1494 3185 ⁸.

317 3254 687 3320 Conqueritur
716 3253 860 3322 quod
895 3255 1147 3320 ponti/ea:
1180 3255 1408 3306 nimium
1450 3252 1515 3306 de
1544 3252 1667 3321 ipso
1704 3254 1816 3320 ejus
1844 3267 2009 3305 mu-

388 3325 455 3376 lis
509 3323 712 3376 credat.
771 3325 968 3377 Dolore
1023 3338 1077 3377 se
1130 3325 1402 3390 signiﬁcat
1449 3323 1514 3377 de
1570 3324 1915 3390 Theutgaudi
1961 3327 2010 3376 et

390 3394 688 3449 Guntharii
728 3396 1293 3448 excommunicatione.
1348 3396 1615 3448 Caeterum
1657 3408 1906 3463 purgans
1956 3408 2011 3447 se

387 3465 453 3518 de
513 3465 778 3528 omnibus,
832 3470 1089 3533 paratum
1137 3480 1192 3517 se
1244 3465 1476 3519 ostendit
1528 3481 1709 3520 coram
1757 3467 2011 3534 pontiﬁce

386 3536 826 3589 adversariorum
856 3537 1156 3590 calumnias
1179 3536 1439 3601 refellere.

391 3659 633 3714 Domino
667 3676 797 3713 vere
826 3660 1154 3714 beatissimo
1180 3662 1249 3714 'et
1286 3660 1640 3714 sanctissimo
1667 3659 1842 3714 totius
1872 3675 2000 3716 san-

318 3753 421 3802 cta:
452 3748 553 3802 Dei
584 3749 839 3803 Ecclesiae
871 3766 1096 3803 summo
1133 3749 1393 3819 pontiﬁci
1424 3752 1479 3802 et
1508 3749 1816 3802 universali
1846 3764 2010 3818 papae

320 3838 583 3906 NICOLAO,
634 3838 957 3901 LOTHARIUS,
1011 3837 1201 3891 divina
1248 3837 1635 3909 praeveniente
1682 3836 2005 3902 clementia,

316 3940 433 3990 rex,
467 3940 708 3977 summa:
730 3925 1013 3979 felicitatis
1043 3942 1109 3980 ac
1139 3925 1440 3997 praesentis
1478 3926 1875 3996 prosperitatis
1905 3942 2007 3996 pa-

316 4028 440 4065 cem
462 4016 517 4065 et
538 4012 801 4081 gloriam.

392 4101 694 4170 Postquam
729 4100 894 4155 nobis
931 4100 1123 4155 divina
1155 4101 1408 4172 dignatio
1449 4119 1547 4157 sua
1597 4102 1845 4173 gratuita
1896 4103 2008 4156 cle-

318 4186 534 4240 mentia
562 4187 723 4257 regni
752 4189 1139 4257 gubernacula
1165 4191 1467 4259 commisit,
1500 4207 1659 4244 more
1690 4191 2007 4260 predeces-

316 4290 508 4328 sorum
537 4280 860 4329 nostrorum
883 4277 1500 4334 Christianissimorum
1530 4296 1751 4350 regum,
1786 4296 2010 4350 semper

317 4369 371 4418 et
401 4364 459 4418 in
484 4364 750 4418 omnibus
781 4366 1200 4421 sublimandam
1250 4368 1399 4421 beati
1428 4369 1579 4423 Petri
1621 4370 2005 4439 apostolorum

314 4452 590 4523 principis
637 4454 851 4517 sedem,
899 4459 963 4508 ut
1004 4456 1240 4525 dignum
1284 4463 1385 4523 est,
1440 4464 1765 4512 reverenter
1805 4458 1999 4512 dilexi-

313 4556 461 4608 mus,
514 4547 683 4613 atque
739 4542 1040 4611 instanter,
1087 4550 1366 4614 quantum
1405 4546 1465 4599 in
1509 4548 1672 4600 nobis
1709 4553 1814 4614 est,
1846 4548 2004 4601 illam

312 4631 555 4684 exaltare
582 4631 766 4701 parati
794 4648 1010 4699 sumus,
1037 4632 1219 4704 deque
1251 4639 1433 4687 vestro
1474 4640 1748 4704 tanquam
1778 4652 2002 4689 summo

310 4719 581 4788 spiritalis
638 4720 817 4774 Patris
875 4720 1158 4791 regimine
1206 4738 1432 4793 semper
1482 4724 1731 4777 salubria
1771 4724 2003 4779 haurire

310 4807 623 4876 cupientes,
682 4808 934 4863 veritatis
992 4826 1125 4863 voce
1183 4810 1341 4864 vobis
1382 4810 1596 4864 dictum
1650 4811 1999 4866 recolimus:

308 4896 482 4961 Petre,
531 4912 687 4951 amas
728 4902 849 4951 me?
881 4914 1041 4966 pasce
1082 4914 1200 4952 oves
1240 4915 1382 4953 meas
1424 4901 1609 4969 (Joan.
1646 4901 1757 4969 x1);
1805 4907 1862 4955 et
1899 4918 2002 4972 per

307 4984 643 5054 prophetam
678 5002 690 5039 :
746 4990 855 5055 Ego
898 5002 1121 5055 pascam
1163 5003 1281 5041 oves
1320 5004 1486 5058 meas,
1546 4990 1683 5045 dicit
1743 4992 2000 5045 Dominus

308 5074 489 5126 Deus:
549 5074 694 5143 quod
756 5078 995 5142 perierat
1057 5079 1351 5143 requiram,
1414 5083 1464 5131 et
1533 5078 1676 5146 quod
1731 5079 1999 5147 abjectum

304 5159 491 5223 fuerat
535 5160 811 5227 reducam,
852 5168 902 5216 et
942 5164 1085 5231 quod
1121 5168 1456 5231 confractum
1494 5172 1611 5221 erat
1649 5168 1907 5235 alligabo,
1948 5173 1999 5222 et

306 5247 450 5314 quod
487 5247 769 5318 inﬁrmum
805 5251 1142 5305 consolidabo
1176 5254 1387 5322 (Ezech.
1429 5258 1636 5325 xxxrv).
1670 5256 1995 5310 Admodum

304 5336 515 5407 quippe
574 5338 963 5392 desideramus
1002 5341 1165 5394 citius
1214 5343 1370 5397 vobis
1421 5349 1671 5399 nostram
1730 5346 1995 5399 exhibere

300 5426 687 5492 praasentiam,
725 5432 789 5480 ut
812 5428 953 5481 illud
986 5430 1190 5483 veriori
1218 5430 1572 5501 experientia
1600 5433 1840 5503 implere
1863 5449 1992 5504 pos-

298 5511 440 5582 sitis,
465 5514 621 5586 quod
653 5515 806 5569 idem
852 5518 1132 5587 propheta
1161 5524 1291 5588 post
1315 5535 1497 5588 pauca
1527 5522 1831 5575 subintulit
1863 5538 1875 5575 :
1914 5522 1992 5575 Et

363 5685 387 5715 ³
416 5673 587 5744 Apud
615 5672 923 5741 Labbeum,
962 5673 1347 5730 Conciliorum
1381 5678 1547 5748 tomoj
1569 5678 1716 5741 VIII,
1751 5695 1808 5750 p.
1843 5682 1963 5734 500.

2048 3023 2087 3075 Β

2050 4321 2089 4375 C

2110 3020 2368 3090 judicabo
2424 3022 2551 3075 illas
2605 3024 2662 3076 in
2709 3022 2924 3092 judicio
2945 3028 2995 3078 et
3041 3025 3269 3092 justitia
3318 3026 3540 3097 (Ibid).
3606 3018 3816 3083 Revera

2118 3109 2547 3164 serenissimum
2597 3127 2661 3164 ac
2706 3112 3133 3166 devotissimum
3174 3113 3323 3167 circa
3362 3115 3518 3185 piam
3563 3116 3814 3187 paterni-

2116 3202 2292 3251 tatem
2323 3202 2567 3252 vestram
2598 3204 2807 3253 nostras
2839 3200 3042 3254 mentis
3071 3201 3337 3256 affectum
3377 3204 3590 3258 acriter
3638 3206 3816 3258 obnu-

2119 3287 2277 3353 bilat,
2324 3288 2475 3357 quod
2522 3288 2866 3342 aemulorum
2906 3294 3234 3344 nostrorum
3273 3291 3551 3346 falsidicis
3588 3295 3815 3347 vocibus

2117 3375 2366 3430 nimium
2404 3376 2643 3443 creduli,
2685 3376 2837 3431 ultra
2878 3394 3053 3447 quam
3093 3378 3254 3433 nobis
3285 3395 3515 3434 necesse
3559 3388 3735 3441 esset.
3766 3382 3818 3435 in

2118 3470 2312 3518 nostra
2341 3464 2715 3534 derogatione
2748 3467 3090 3521 sanctissimi
3122 3469 3474 3537 apostolatus
3507 3472 3691 3524 vestri
3730 3488 3819 3524 au-

2116 3568 2241 3607 rem
2288 3554 2747 3607 accommodatis.
2789 3556 3109 3609 Praesertim
3149 3573 3277 3609 cum
3318 3562 3513 3611 nostra
3548 3574 3819 3613 mansue-

2118 3641 2255 3695 tudo
2286 3640 2718 3711 promptissima
2747 3642 2820 3695 sit
2848 3643 3004 3696 omni
3037 3644 3337 3714 deroganti
3376 3661 3534 3714 vera,
3583 3653 3647 3701 et
3672 3649 3820 3718 justa

2116 3728 2338 3782 ratione
2367 3730 2627 3783 resistere
2662 3745 2673 3783 :
2707 3731 2861 3800 quod
2892 3736 2948 3784 et
2978 3733 3149 3801 legati
3182 3733 3372 3800 vestri,
3405 3750 3597 3803 nuper
3648 3736 3709 3789 in
3741 3736 3820 3789 his

2116 3818 2373 3886 partibus
2411 3818 2633 3883 directi,
2684 3818 2844 3872 vobis
2892 3819 3159 3873 intimare
3203 3826 3472 3890 poterant
3500 3823 3547 3875 si
3578 3825 3817 3888 vellent,

2118 3905 2254 3975 quia
2283 3922 2387 3959 nos
2415 3906 2545 3960 data
2575 3907 2785 3960 nostris
2824 3908 3245 3961 accusatoribus
3289 3909 3563 3964 ﬁrmitate
3600 3913 3818 3965 aditum

2117 3994 2385 4048 veniendi
2434 3996 2822 4049 concessimus
2876 4001 2933 4050 et
2996 3998 3403 4052 rationabilem
3474 4000 3823 4055 satisfactio-

2118 4098 2274 4145 nem,
2323 4089 2601 4153 tanquam
2642 4085 2703 4137 in
2741 4090 2928 4139 vestra
2957 4086 3253 4155 patientia,
3301 4103 3367 4139 ex
3412 4093 3605 4142 vestro
3648 4091 3822 4143 latere

2119 4170 2346 4225 directis
2394 4174 2620 4241 explere
2669 4173 2855 4242 parati
2901 4173 3136 4239 fuimus,
3190 4175 3336 4227 nihil
3386 4182 3599 4230 nostra:
3648 4179 3821 4247 regiae

2118 4258 2383 4329 dignitati
2420 4260 2693 4325 faventes,
2727 4261 2827 4315 sed
2866 4262 3028 4332 quasi
3064 4278 3209 4315 unus
3239 4279 3304 4315 ex
3354 4263 3652 4317 vilioribus
3695 4282 3821 4334 per-

2118 4348 2291 4415 sonis,
2351 4350 2794 4403 sacerdotalibus
2848 4351 3081 4403 monitis
3135 4355 3419 4420 parentes.
3477 4353 3591 4406 Hoc
3635 4358 3821 4407 totum

2115 4437 2297 4489 nostri
2354 4436 2547 4489 aemuli
2600 4437 2828 4491 sinistra
2876 4437 3351 4507 interpretatione
3400 4439 3817 4511 intelligentes,

2116 4530 2450 4578 exarserunt
2490 4526 2548 4577 in
2580 4526 3039 4596 concupiscentia
3080 4527 3247 4597 regni
3296 4528 3459 4581 nobis
3502 4529 3699 4583 divina
3733 4530 3817 4583 di-

2114 4613 2383 4683 gnatione
2411 4613 2540 4681 jure
2570 4612 2934 4667 hazreditario
2964 4616 3219 4668 concessi
3251 4632 3263 4668 :
3302 4632 3416 4669 non
3452 4619 3818 4672 attendentes

2112 4700 2461 4771 Scripturani
2512 4701 2837 4756 dicentem:
2902 4706 3113 4757 Domini
3160 4709 3237 4757 est
3304 4720 3549 4771 regnum,
3602 4713 3653 4760 et
3700 4710 3817 4759 cui-

2112 4806 2318 4857 cunque
2343 4790 2576 4844 voluerit
2605 4791 2759 4844 dabit
2788 4792 2929 4845 illud
2975 4792 3134 4861 (Dan.
3181 4793 3253 4860 ιν)
3292 4810 3305 4845 :
3350 4809 3535 4863 neque
3573 4798 3814 4865 Aposto-

2111 4877 2231 4931 lum
2281 4878 2568 4932 dicentem
2604 4896 2615 4932 :
2646 4880 2761 4935 Non
2818 4885 2895 4934 est
2948 4886 3187 4949 potestas
3234 4884 3344 4935 nisi
3396 4899 3430 4935 a
3478 4886 3588 4937 Deo
3640 4887 3812 4953 (Rom.

2109 4966 2244 5036 xm).
2279 4967 2435 5020 Illius
2468 4984 2603 5038 ergo
2635 4967 2853 5022 victrici
2903 4969 3131 5022 dextera
3162 4985 3267 5038 pro
3298 4970 3486 5031 nobis,
3519 4971 3602 5025 uti
3629 4973 3815 5025 credi-

2108 5070 2256 5120 mus,
2287 5061 2598 5125 pugnante,
2631 5056 2730 5125 qui
2760 5056 2917 5110 novit
2947 5062 3003 5110 et
3034 5056 3425 5125 diripientem,
3459 5066 3517 5111 et
3549 5074 3687 5113 eum
3718 5061 3817 5130 qui

2107 5143 2393 5213 diripitur,
2422 5144 2892 5215 parvipendimus
2934 5162 3135 5199 eorum
3183 5146 3397 5198 fucatas
3442 5146 3811 5201 simultates:

2108 5241 2469 5295 solummodo
2499 5246 2559 5295 ut
2610 5242 2783 5295 vestri
2830 5242 3199 5312 pontiﬁcatus
3242 5242 3514 5309 anchora,
3567 5244 3629 5297 in
3676 5245 3813 5298 soli-

2107 5328 2339 5382 dissimo
2397 5334 2605 5384 sancta:
2663 5332 2861 5384 matris
2922 5332 3178 5385 Ecclesia;
3236 5332 3616 5386 fundamento
3675 5334 3811 5399 ﬁxa,

2104 5417 2271 5470 nobis
2309 5417 2576 5471 similiter
2614 5419 2944 5486 petentibus
2984 5419 3294 5472 concedere
3336 5420 3612 5490 dignetur
3656 5424 3811 5493 quod

2104 5504 2164 5558 in
2194 5505 2479 5560 mandatis
2507 5506 2689 5576 digito
2726 5506 2824 5560 Dei
2869 5507 3095 5577 scriptis
3123 5508 3340 5577 legitur
3375 5525 3387 5562 :
3426 5511 3578 5564 Iuste
3610 5511 3815 5579 judico

2030 5608 2073 5662 1)
2100 5598 2353 5665 proximo
2398 5600 2487 5651 tuo
2536 5597 2679 5665 (Leo.
2732 5594 2871 5667 xxx).
2923 5598 3099 5651 Porro
3143 5613 3249 5651 nos
3295 5597 3355 5650 in
3384 5598 3609 5652 ultimis
3658 5616 3811 5670 pene
