3890 6230
103 407 205 458 373

1568 408 1923 463 EPISTOL/E
1963 410 2160 463 TRES.

3517 409 3621 463 374

106 538 265 609 regni
319 539 503 593 nostri
551 540 764 593 ﬁnibus
808 544 1245 605 commorantes,
1280 546 1336 594 et
1379 557 1515 611 erga
1573 541 1804 595 infesta-
1848 546 1892 598 A
1919 542 2279 608 Trinitatem,
2334 543 2631 597 humiliter
2678 544 2945 615 petimus,
2979 550 3043 598 ut
3087 543 3250 598 facile
3282 543 3621 598 criminosos

106 628 324 681 tionem
384 644 747 699 paganorum
805 629 1117 683 laboriosas
1172 630 1436 683 excubias
1491 636 1805 697 servantes,

107 716 559 771 discurrentium
601 718 881 771 relatione
930 718 1336 789 comperimus,
1366 720 1810 790 Theutgaudum

104 803 525 873 Trevirensem,
579 810 636 859 et
690 808 1067 861 Guntharium
1108 808 1609 879 Agrippinensem,
1644 825 1675 862 a
1718 825 1809 863 ve-

107 900 223 947 stra
254 894 594 948 auctoritate
639 896 1181 963 excommunicatos,
1230 905 1400 968 atque
1450 898 1564 951 oris
1593 898 1811 967 proprii

107 982 441 1035 testimonio
495 984 763 1037 canonice
811 984 1144 1038 damnatos:
1180 986 1332 1055 quod
1375 1002 1480 1038 nos
1524 1003 1639 1039 non
1691 986 1811 1039 sine

106 1071 267 1140 gravi
325 1087 575 1125 maerore
624 1072 981 1139 haurientes,
1016 1073 1373 1127 decrevimus
1404 1074 1813 1143 longanimiter

106 1176 169 1212 ac
200 1160 495 1229 patienter
540 1160 690 1214 ferre
732 1162 1014 1228 nuntiata,
1050 1167 1106 1215 et
1153 1166 1218 1215 ut
1263 1162 1401 1216 olim
1446 1163 1504 1215 in
1553 1163 1813 1231 pluribus

106 1254 304 1301 actum
337 1253 443 1312 est,
481 1249 862 1303 restitutionis
893 1266 1055 1320 spem
1085 1250 1317 1315 habere,
1351 1257 1406 1304 et
1447 1250 1538 1321 pie
1572 1251 1811 1304 refrica—

107 1337 179 1389 tis
228 1354 297 1390 ac
341 1338 659 1392 retractatis
705 1339 995 1405 omnibus,
1030 1340 1215 1393 locum
1248 1339 1604 1393 rationabilis
1636 1340 1813 1393 mise—

108 1426 377 1480 ricordiae
427 1445 460 1481 a
505 1432 690 1482 vestra
725 1428 987 1497 largitate
1034 1427 1374 1497 praestolari.
1413 1429 1634 1481 Interea
1666 1429 1811 1482 acci-

110 1516 191 1571 dit
222 1515 391 1569 nobis
414 1532 602 1583 nosse,
633 1517 789 1588 quod
819 1516 1168 1571 Guntharius
1199 1517 1505 1570 missarum
1536 1518 1815 1571 solemnia

110 1610 422 1674 antequam
475 1606 542 1659 ad
600 1622 705 1658 nos
752 1605 1074 1675 perveniret
1119 1606 1404 1659 celebrare
1435 1623 1551 1659 non
1585 1606 1811 1671 metuit,

108 1698 163 1747 et
224 1694 395 1763 juxta
463 1694 884 1763 praecedentem
946 1694 1422 1748 consuetudinem
1489 1694 1813 1764 episc0pale

106 1784 359 1835 chrisma
405 1783 711 1849 conﬁcere,
750 1786 821 1852 :et
865 1783 1141 1853 Spiritum
1189 1784 1543 1853 paracletum
1592 1785 1813 1837 tradere

103 1873 513 1943 praesumpsit:
558 1873 713 1943 quod
744 1888 848 1926 nos
878 1872 1013 1926 satis
1044 1889 1196 1941 aegre
1232 1872 1493 1939 tulimus,
1524 1878 1579 1926 et
1611 1878 1673 1926 ut
1702 1873 1810 1925 hoc

101 1978 219 2015 non
271 1962 460 2025 ﬁeret,
514 1966 793 2033 tanquam
849 1962 1210 2015 mortiferum
1260 1978 1569 2029 venenum,
1623 1962 1809 2015 modis

102 2051 376 2104 omnibus
417 2050 838 2104 abominamur.
876 2052 976 2105 Illo
1029 2057 1221 2104 autem
1272 2053 1340 2104 ad
1376 2068 1478 2104 nos
1518 2052 1807 2119 veniente,

106 2141 226 2208 ejus
258 2139 496 2192 missam
527 2140 722 2192 audire
754 2140 1067 2203 noluimus,
1097 2155 1202 2192 nec
1233 2139 1290 2191 in
1323 2140 1517 2209 aliquo
1544 2139 1628 2192 illi
1658 2155 1812 2193 com-

109 2230 402 2281 municare
449 2233 637 2281 ratum
688 2228 972 2291 duximus,
1007 2230 1250 2299 etjuxta
1282 2228 1547 2282 Veritatis
1589 2244 1810 2297 vocem,

108 2316 271 2385 quasi
312 2316 800 2370 scandalizantem
828 2317 1078 2381 oculum,
1113 2333 1143 2368 a
1180 2317 1343 2369 nobis
1374 2332 1575 2370 eruere
1607 2332 1809 2370 macu-

107 2406 217 2457 lam
268 2404 652 2475 disponimus,
714 2421 1011 2475 quousque
1055 2405 1403 2458 sanctissimi
1457 2405 1809 2474 apostolatus

108 2493 277 2547 vestri
308 2493 595 2547 ﬁnitivam
627 2494 971 2547 sententiam
1014 2494 1083 2547 de
1113 2493 1212 2546 illo
1248 2493 1455 2547 rescire
1494 2494 1805 2547 valeamus.

110 2583 420 2651 Epistolam
453 2597 685 2652 quoque
727 2598 760 2635 a
798 2586 985 2634 vestra
1016 2582 1315 2635 sanctitate
1347 2581 1630 2652 episcopis
1660 2581 1808 2635 dire-

108 2687 298 2725 ceseos
340 2670 619 2724 directam
660 2670 743 2723 illi
794 2670 1240 2737 transmisimus,
1283 2675 1345 2724 ut
1374 2670 1585 2724 ibidem
1630 2686 1807 2724 cano-

108 2758 261 2811 nicas
313 2765 487 2827 atque
546 2758 885 2828 apostolicas
941 2759 1264 2813 sanctiones
1323 2760 1540 2831 liquido
1594 2775 1805 2829 cogno-

111 2864 289 2912 scens,
324 2847 515 2900 videat
559 2847 698 2917 quid
744 2848 802 2901 in
834 2852 1128 2918 posterum
1160 2848 1244 2901 illi
1275 2848 1565 2917 agendum
1598 2850 1687 2902 sit.
1726 2850 1804 2903 De

110 2942 308 2990 caetero
344 2936 626 2989 veraciter
671 2953 731 2988 ac
776 2935 1075 2990 sinceriter
1126 2942 1311 2990 vestra
1359 2936 1673 3006 paternitas
1703 2954 1804 2989 no-

107 3025 266 3092 verit,
298 3024 452 3096 quod
488 3025 895 3094 Theutgaudus
934 3025 1393 3095 simplicissimus
1434 3031 1604 3095 atque
1637 3025 1804 3079 inno-

108 3114 466 3167 centissimus
496 3114 601 3178 vir,
635 3118 879 3166 vestram
915 3114 1211 3166 humiliter
1244 3114 1434 3167 ferens
1480 3130 1799 3181 censuram,
1843 3149 1883 3203 Ο

108 3203 166 3255 in
199 3203 355 3255 nullo
391 3203 461 3255 de
508 3218 667 3255 sacro
699 3202 1018 3255 ministerio
1048 3202 1379 3272 contingere
1410 3202 1801 3272 praesumpsit,

109 3292 284 3362 magis
314 3291 536 3360 eligens
565 3290 1077 3344 dehonorationem
1111 3290 1552 3359 praesentialiter
1578 3291 1636 3342 in
1662 3308 1805 3343 ocu-

106 3381 175 3433 lis
205 3380 510 3433 hominum
544 3379 683 3450 pati,
723 3396 896 3451 quam
925 3396 1029 3449 per
1060 3380 1514 3433 inobedientiam
1555 3380 1625 3432 ab
1654 3380 1805 3433 illius

107 3469 380 3523 membris
428 3469 672 3533 secerni,
729 3468 827 3538 qui
860 3472 1032 3537 caput
1061 3473 1148 3522 est
1196 3468 1527 3533 humilium,
1571 3469 1803 3538 suisque

106 3557 403 3627 discipulis
434 3557 547 3610 ait:
592 3560 789 3611 Discite
818 3574 852 3610 a
892 3574 974 3611 me
1017 3561 1149 3625 quia
1178 3560 1324 3611 mitis
1356 3573 1474 3611 sum
1504 3562 1554 3611 et
1585 3558 1803 3611 humilis

103 3647 276 3712 corde,
323 3651 374 3699 et
422 3648 704 3699 invenietis
735 3649 972 3712 requiem
1011 3646 1299 3699 animabus
1329 3649 1524 3699 vestris
1567 3646 1796 3715 (Matth.

104 3738 199 3799 xl).
232 3736 360 3804 Ipse
391 3734 568 3799 enim,
604 3734 702 3804 qui
738 3733 1001 3802 superbis
1030 3734 1264 3802 resistit,
1296 3740 1353 3787 et
1384 3734 1626 3803 gratiam
1654 3750 1802 3803 prae-

104 3827 212 3875 stat
270 3822 611 3887 humilibus,
662 3822 874 3891 poterit
925 3821 1112 3887 illum,
1161 3822 1207 3874 si
1257 3822 1531 3875 innocens
1582 3828 1683 3887 est,
1734 3823 1802 3876 de

107 3912 366 3980 supernis
417 3910 865 3963 misericorditer
910 3910 1215 3979 respicere.
1249 3910 1551 3963 Enimvero
1600 3910 1803 3981 legatis

106 3999 307 4052 nostris
336 3998 712 4067 Theutgaudo
760 4002 815 4051 et
845 3998 1181 4065 Gunthario,
1230 3998 1375 4051 nihil
1425 4001 1536 4052 tale
1587 4000 1799 4068 aliquid

107 4088 162 4139 in
199 4104 302 4140 sua
327 4088 615 4156 legatione
655 4087 761 4140 fari
796 4087 1185 4157 praecipimus,
1218 4087 1370 4141 unde
1419 4088 1803 4141 damnationis

106 4181 298 4229 notam
324 4176 708 4228 incurrerent.
743 4175 849 4229 Sed
886 4192 988 4228 nec
1021 4175 1091 4229 de
1121 4176 1448 4245 Ingeltrude
1477 4191 1650 4228 uxore
1692 4179 1802 4231 Bo-

108 4265 258 4317 sonis
290 4265 523 4334 aliquod
556 4264 953 4333 praajudicium
994 4264 1143 4317 ferre
1189 4264 1464 4318 debemus
1494 4268 1593 4315 aut
1643 4265 1800 4317 volu-

110 4367 268 4406 mus:
306 4368 480 4422 quam
533 4369 659 4417 nos,
704 4357 998 4421 comperto
1049 4352 1201 4422 quod
1252 4351 1633 4405 anathematis
1675 4352 1800 4405 vin-

106 4442 226 4493 culo
268 4446 418 4493 esset
470 4438 766 4505 innodata,
828 4440 1162 4506 Gunthario,
1220 4440 1355 4509 quia
1407 4444 1541 4492 tunc
1597 4439 1657 4491 in
1702 4456 1801 4492 sua

108 4530 371 4599 parochia
406 4535 551 4596 erat,
584 4529 1133 4592 commendavimus,
1169 4533 1484 4595 monentes,
1520 4533 1579 4581 ut
1610 4529 1679 4582 de
1701 4529 1799 4584 illa

110 4634 265 4670 suum
328 4616 720 4671 ministerium
776 4618 1006 4683 faceret,
1062 4618 1180 4671 imo
1233 4617 1389 4670 illam
1434 4633 1499 4670 ex
1537 4616 1802 4671 omnibus

111 4706 264 4776 regni
290 4707 476 4760 nostri
511 4706 727 4760 ﬁnibus
758 4706 1171 4761 eliminandam
1215 4705 1559 4759 censuimus.
1609 4707 1804 4777 Legati

110 4796 253 4849 enim
283 4795 459 4850 vestri
507 4796 666 4849 illam
706 4796 1073 4866 postmodum
1112 4795 1489 4865 requirentes,
1523 4800 1694 4866 atque
1742 4796 1802 4851 in

109 4884 286 4937 medio
316 4889 658 4949 statuentes,
701 4899 805 4937 nos
838 4883 1172 4951 ignoramus
1207 4900 1378 4953 quem
1412 4883 1589 4936 ﬁnem
1619 4899 1802 4938 causa;

107 4972 273 5041 ipsius
326 4971 731 5042 imposuerint.
782 4972 1043 5042 Episcopi
1094 4988 1231 5025 vero
1261 4972 1567 5026 diceeeseos
1601 4972 1799 5026 Trevi-

108 5061 278 5113 rensis
326 5060 683 5130 metropolis,
730 5066 787 5113 et
814 5060 1148 5131 Agrippinae
1181 5060 1451 5127 Colonias,
1504 5077 1607 5114 nec
1649 5077 1799 5115 com-

110 5150 272 5218 plices
303 5150 736 5215 damnatorum,
794 5164 898 5203 nec
945 5150 1200 5203 fautores
1247 5149 1539 5217 vitiorum,
1594 5166 1697 5203 nec
1743 5150 1801 5203 in

110 5238 291 5308 aliquo
347 5237 798 5307 apostolicorum
834 5237 1199 5291 decretorum
1234 5242 1678 5307 contemptores,
1712 5238 1801 5291 vel

112 5326 509 5381 canonicorum
561 5327 899 5395 dogmatum
951 5327 1255 5381 violatores
1308 5342 1429 5380 esse
1472 5327 1799 5397 probabun-

113 5420 213 5480 tur,
260 5416 356 5469 sed
391 5430 550 5468 sanae
590 5418 762 5483 atque
793 5414 1088 5469 catholicae
1138 5415 1270 5469 ﬁdei
1300 5431 1364 5469 ac
1397 5416 1513 5469 veri
1549 5416 1644 5469 Dei
1675 5417 1801 5469 cul-

113 5508 277 5555 tores.
335 5502 518 5572 Igitur
561 5505 801 5571 propter
832 5502 1036 5565 Deum,
1069 5507 1321 5557 sanctam
1354 5508 1409 5556 et
1447 5503 1801 5558 individuam

1917 633 1988 686 ad
2036 632 2424 686 causationem
2466 638 2719 686 nostram
2764 634 3091 688 nullatenus
3117 632 3463 688 admittatis:
3512 649 3618 687 ne-

1919 737 2030 791 que
2062 725 2124 775 ut
2165 722 2468 791 Apostolus
2513 722 2698 787 docet,
2735 722 2891 775 omni
2942 722 3169 792 spiritui
3217 723 3485 788 credatis,
3520 722 3617 777 sed

1919 810 2156 879 probate
2184 810 2230 863 si
2285 827 2349 863 ex
2404 811 2519 863 Deo
2553 810 2621 863 sit
2656 812 2705 879 (I
2743 812 2911 863 Joan.
2962 810 3077 880 iv):
3113 811 3245 881 quia
3291 811 3475 880 parati
3518 828 3619 865 su-

1922 915 2069 964 mus,
2131 899 2177 953 si
2235 899 2381 953 ratio
2441 900 2755 963 dictaverit,
2816 916 2920 969 per
2976 898 3355 969 nosmetipsos
3411 900 3615 968 polire,

1920 987 2074 1056 quod
2127 988 2469 1041 aemulorum
2514 988 2729 1041 invidia
2778 988 2943 1058 tingit
2995 988 3202 1041 aliena.
3238 987 3614 1056 Omnipotens

1921 1077 2070 1128 Deus
2101 1076 2528 1131 sanctissimum
2578 1078 2923 1146 praesulatus
2975 1075 3141 1129 vestri
3177 1076 3395 1145 apicem
3442 1075 3617 1144 aequi-

1920 1164 2054 1217 tatis
2123 1164 2282 1218 lance
2326 1166 2690 1220 moderatum
2750 1166 2849 1219 diu
2910 1165 3257 1219 incolumem
3314 1163 3614 1218 custodiat.

1924 1257 2122 1308 Amen.

2524 1325 2919 1379 EPISTULA
2974 1326 3015 1379 Ι.

2558 1448 2626 1485 ΑΙ)
2668 1448 2893 1485 ECMDEM
2934 1442 2975 1485 ⁸.

1925 1557 1992 1609 Ut
2030 1558 2628 1608 excommunicationem
2678 1557 2741 1609 ob
2792 1558 3117 1611 consortium
3160 1572 3277 1611 cum
3316 1556 3621 1611 Waldrada

1993 1628 2376 1679 comminatam
2431 1626 2678 1693 effugiat,
2739 1643 2895 1680 suum
2953 1628 3026 1680 ad
3081 1629 3357 1682 Nicolaum
3394 1628 3620 1679 Romam

1993 1697 2285 1749 adventum
2336 1700 2577 1763 nuntiat,
2636 1703 2686 1749 et
2743 1703 2803 1751 ut
2868 1714 2986 1751 eum
3041 1713 3132 1766 spe
3186 1699 3321 1751 bona
3380 1698 3619 1765 ludiﬁcat

1992 1770 2362 1835 episcoporum
2430 1768 2504 1820 ad
2557 1768 2799 1821 eumdem
2867 1770 3181 1835 legationem
3246 1769 3507 1833 decernit,
3568 1773 3619 1819 et

1994 1839 2269 1891 auxilium
2299 1843 2486 1891 contra
2514 1839 2833 1905 Saracenos,
2865 1842 2917 1892 si
2944 1855 3077 1908 opus
3109 1841 3200 1906 sit,
3233 1841 3282 1891 ei
3311 1840 3614 1907 pollicetur.

1990 1962 2232 2016 Domino
2264 1978 2393 2015 vere
2447 1962 2809 2017 sanctissimo
2849 1980 2913 2017 ac
2941 1963 3297 2027 beatissimo,
3331 1963 3618 2033 totiusque

1920 2051 2019 2105 Dei
2059 2052 2318 2106 Ecclesiaz
2352 2068 2512 2105 roseo
2542 2052 2651 2120 piis
2685 2053 2854 2123 Regis
2881 2051 3092 2106 Christi
3123 2052 3403 2122 sanguine
3429 2052 3619 2122 acqui-

1919 2140 2043 2194 sita:
2096 2156 2321 2193 summo
2372 2140 2630 2210 pontiﬁci
2675 2148 2730 2196 et
2773 2140 3084 2194 universali
3132 2157 3297 2210 papae
3353 2141 3614 2206 NICOLAO,

1917 2230 2244 2296 LOTHARIUS,
2327 2229 2519 2283 divina
2590 2229 2939 2299 propitiante
3015 2229 3319 2282 clementia
3376 2246 3474 2282 rex
3552 2246 3617 2283 ac

1916 2317 2320 2372 devotissimus
2360 2318 2512 2371 ﬁlius
2542 2322 2744 2382 vester,
2776 2317 3187 2387 sempiternam
3219 2333 3348 2370 cum
3379 2318 3609 2387 gaudio,

1915 2407 2331 2479 prosperitatis,
2391 2412 2447 2461 et
2494 2407 2780 2462 felicitatis
2826 2408 3093 2478 gloriam,
3150 2407 3431 2478 ﬁdeleque
3488 2423 3611 2461 ser-

1915 2497 2142 2550 vitium.

1985 2586 2098 2639 Rex
2150 2600 2351 2654 regum
2400 2588 2456 2638 et
2504 2583 2768 2655 princeps
2824 2588 3120 2654 pastorum
3171 2583 3451 2651 Christus,
3510 2584 3611 2654 qui

1914 2672 2348 2738 sacerdotalem,
2400 2676 2455 2726 et
2505 2674 2725 2742 regiam
2785 2672 3127 2743 dignitatem
3177 2672 3237 2725 in
3288 2672 3610 2726 ministerio

1913 2766 2110 2814 nostro
2164 2761 2580 2831 redemptionis
2641 2762 2700 2814 in
2758 2762 2944 2830 seipso
2986 2760 3185 2825 univit,
3242 2761 3458 2831 quique
3526 2762 3613 2815 sui

1913 2848 2078 2903 ovilis
2110 2865 2307 2902 curam
2342 2850 2506 2903 beato
2536 2852 2702 2903 Petro
2734 2851 3122 2920 apostolorum
3157 2849 3405 2919 principi
3437 2854 3609 2903 tuen-

1914 2938 2043 2991 dam
2091 2938 2399 3004 commisit,
2450 2938 2545 2990 ille
2576 2954 2680 2991 nos
2724 2937 3046 2990 salubribus
3096 2937 3294 2990 edictis
3340 2938 3608 3004 instituit,

1915 3031 1976 3079 ut
2005 3027 2358 3095 apostolatus
2405 3025 2577 3079 vestri
2607 3026 3053 3079 sacratissimum
3083 3026 3304 3095 apicem
3337 3026 3610 3080 divinitus

1914 3115 1973 3168 in
2016 3116 2392 3169 fundamento
2438 3114 2701 3168 Ecclesiae
2731 3114 3101 3168 sublimatum
3135 3114 3382 3168 ﬁdeliter
3411 3115 3611 3183 diliga-

1915 3220 2062 3270 mus,
2099 3209 2156 3257 et
2182 3203 2477 3257 humiliter
2507 3220 2864 3257 veneremur.
2915 3204 3055 3256 Hinc
3081 3208 3183 3266 est,
3216 3205 3370 3274 quod
3401 3211 3610 3257 110$th

1914 3292 2377 3345 mansuetudinis
2430 3292 2684 3358 aﬁ‘ectus,
2737 3293 2885 3345 circa
2929 3297 3171 3345 vestram
3213 3293 3609 3346 celsitudinem

1913 3396 2062 3433 verae
2105 3380 2399 3433 charitatis
2449 3380 2582 3450 igne
2628 3380 3037 3444 inﬂammatur,
3094 3385 3149 3434 et
3196 3397 3228 3432 a
3271 3380 3463 3433 multis
3488 3381 3609 3449 jam

1912 3473 2064 3522 retro
2092 3468 2312 3534 diebus,
2365 3484 2469 3522 nos
2518 3469 2585 3521 ad
2630 3473 2876 3521 vestram
2925 3468 3295 3537 praesentiam
3325 3468 3609 3522 desidera-

1911 3558 2102 3611 biliter
2148 3558 2387 3610 invitare
2427 3572 2547 3610 non
2593 3562 2797 3609 cessat.
2853 3556 3211 3626 Quapropter
3258 3557 3362 3609 hos
3408 3564 3607 3609 vestra:

1914 3646 2380 3699 eminentissima:
2422 3644 2747 3715 paternitati
2799 3644 3110 3698 direximus
3158 3644 3368 3712 apices,
3421 3648 3481 3696 ut
3538 3644 3607 3697 de

1910 3740 2096 3789 vestra
2140 3734 2382 3803 optabili
2430 3733 2702 3801 sospitate
2753 3733 2993 3785 celerius
3044 3731 3251 3785 rescire
3300 3732 3604 3801 possimus,

1912 3839 2041 3894 quas
2070 3822 2329 3875 omnium
2361 3837 2719 3891 gemmarum
2752 3821 2937 3873 nitore
2967 3819 3290 3889 pretiosior,
3330 3820 3604 3891 omnique

1909 3912 2177 3965 thesauro
2226 3909 2451 3963 charior
2481 3913 2674 3961 nostro
2704 3908 3067 3977 amplexatur
3115 3907 3175 3959 in
3223 3922 3485 3976 corpore.
3540 3909 3605 3961 Et

1911 4000 2046 4069 quia
2078 4016 2180 4052 uos
2230 3999 2335 4050 hoc
2377 3996 2531 4050 idem
2577 3997 2645 4049 de
2692 4001 2878 4049 vestra
2923 3996 3165 4049 sanitate
3206 3995 3605 4049 incunctanter

1910 4088 2215 4152 credimus,
2246 4086 2421 4139 satius
2443 4085 2600 4138 vobis
2630 4084 3013 4138 intimandum
3046 4084 3423 4150 decrevimus,
3448 4084 3603 4154 quod

1911 4176 2105 4231 divina
2188 4174 2509 4245 opitulante
2577 4173 2903 4237 clementia,
2972 4178 3169 4227 nostra
3230 4173 3603 4226 mansuetudo

1911 4266 2124 4335 optime
2166 4264 2336 4335 viget,
2389 4262 2762 4333 ﬁdeliumque
2796 4266 3121 4315 nostrorum
3154 4262 3498 4333 generalitas
3544 4262 3601 4314 in

1910 4353 2243 4407 necessariis
2294 4350 2624 4422 reipublicae
2673 4350 2943 4421 negotiis,
2998 4350 3317 4420 opitulante
3357 4351 3601 4419 Christo,

1843 4439 2233 4496 Dsalubrihus
2300 4438 2524 4510 proiicit
2578 4438 2972 4508 incrementis,
3027 4438 3143 4492 imo
3206 4439 3603 4509 prosperitatis

1910 4545 2227 4582 successum
2262 4529 2332 4582 ab
2358 4528 2480 4599 ipso
2506 4528 2789 4582 bonorum
2821 4527 3079 4581 omnium
3112 4528 3381 4598 largitore
3412 4528 3603 4597 profu-

1909 4622 2104 4671 turum
2152 4616 2448 4671 humiliter
2496 4632 2559 4669 ac
2606 4616 2855 4670 ﬁdeliter
2886 4616 3304 4685 praestolamur.
3341 4616 3602 4685 Regnum

1912 4722 2141 4777 quoque
2192 4706 2355 4760 nobis
2400 4705 2592 4759 divina
2649 4705 2859 4775 pietate
2912 4703 3281 4757 commissum
3326 4703 3396 4756 ab
3444 4704 3600 4757 omni

1910 4811 2267 4865 paganorum
2342 4794 2727 4857 infestatione,
2807 4792 3168 4861 aliorumque
3234 4790 3601 4845 inimicorum

1911 4883 2351 4953 depraedatione,
2403 4883 2633 4937 dextera
2663 4878 3077 4949 omnipotentis
3126 4879 3228 4932 Dei
3280 4895 3385 4948 pro
3438 4880 3601 4932 nobis

1909 4977 2222 5043 pugnante,
2274 4974 2329 5024 et
2375 4968 2783 5023 auxiliantibus
2832 4966 3052 5020 meritis
3092 4966 3244 5020 beati
3284 4965 3434 5019 Petri
3466 4983 3602 5037 apo-

1912 5061 2058 5126 stoli,
2111 5058 2423 5129 vestrisque
2476 5056 2741 5127 precibus
2812 5055 3083 5109 almiﬂuis
3136 5055 3599 5125 suifragantibus,

1910 5150 2184 5203 hactenus
2244 5162 2372 5199 cum
2421 5144 2578 5198 omni
2626 5143 2953 5214 integritate
3006 5145 3195 5197 tutum
3243 5159 3475 5197 manere
3508 5161 3603 5198 co-

1910 5236 2181 5305 gnoscite.

1981 5326 2157 5379 Porro
2208 5326 2410 5375 vestrae
2467 5320 2782 5374 sanctitatis
2844 5319 3065 5374 noverit
3116 5320 3212 5390 pia
3265 5322 3601 5390 paternitas,

1908 5414 2061 5485 quod
2093 5412 2197 5465 isto
2228 5416 2489 5481 tempore
2519 5407 3005 5462 ferventissimum
3044 5408 3393 5464 desiderium
3432 5410 3603 5464 habe-

1906 5519 2036 5557 mus
2087 5515 2255 5555 causa
2311 5497 2596 5553 orationis
2653 5498 3042 5569 apostolorum
3095 5498 3297 5552 limina
3352 5499 3601 5565 visitare,

180 5691 203 5719 ι
236 5678 399 5749 Apud
435 5676 745 5732 Baronium
779 5677 847 5733 ad
878 5693 1091 5733 annum
1123 5680 1245 5745 867,
1282 5694 1347 5732 ex
1371 5678 1561 5732 codice
1589 5675 1930 5731 Trevirensi.
