3890 6230
342 448 444 503 375
1444 450 1763 505 LOTHARII
1809 450 2017 505 REGIS
2056 451 2409 506 EPISTOLA‘I
2440 452 2632 506 TRES.
3741 456 3823 505 376

343 591 704 657 vestramque
734 586 831 640 diu
861 585 1243 640 desideratam
1273 584 1477 640 faciem
1506 602 1758 653 cernere,
1791 593 1849 641 et
1879 604 2037 640 sacra
2074 589 2119 638 A

342 675 585 729 dulciter
625 674 938 745 amplexari
971 674 1239 745 vestigia;
1291 680 1348 728 et
1373 675 1493 742 jam
1523 676 1795 739 secundo,
1830 692 1891 728 ac
1916 680 2038 729 ter-

341 764 420 817 tio
454 762 635 818 nostri
682 763 903 817 itineris
933 769 1268 834 apparatum
1307 764 1410 817 sub
1442 769 1593 816 certa
1625 764 2038 818 deliberatione

341 852 652 921 repetitum
714 852 1013 917 habemus,
1082 852 1237 921 quod
1282 852 1341 905 in
1391 858 1520 904 voto
1564 857 1754 905 manet
1802 851 2039 920 implere

343 940 750 994 desiderantes.
790 942 996 993 Verum
1026 939 1071 992 si
1118 940 1334 1009 aliqua,
1370 940 1519 1008 quod
1551 940 1720 1006 absit,
1754 940 2038 1009 periculo-

343 1044 536 1082 sorum
587 1034 913 1097 temporum
948 1027 1190 1079 varietas
1236 1032 1432 1079 votum
1477 1034 1738 1080 nostrum
1791 1028 2037 1080 interce-

342 1117 515 1187 perit,
569 1117 784 1184 legatos
824 1121 1049 1168 nostros
1094 1116 1413 1168 Gutfridum
1456 1114 1844 1187 [Luitfridum]
1894 1115 2036 1170 dile-

344 1205 664 1258 ctissimum
686 1204 1029 1257 avunculum
1061 1207 1339 1270 nostrum,
1375 1209 1429 1256 et
1452 1206 1785 1257 Waltarium
1810 1205 2041 1258 ﬁdelem

346 1297 624 1357 nostrum,
674 1308 894 1344 necnon
938 1298 995 1343 et
1039 1291 1472 1361 Theutgaudum
1522 1293 1907 1345 venerabilem
1956 1310 2040 1345 ar-

345 1381 797 1449 chiepiscopum,
834 1384 1005 1447 atque
1036 1383 1304 1432 Attonem
1340 1379 1692 1450 [Hattonem,
1720 1386 1863 1449 puta
1892 1383 2036 1435 Viri-

344 1469 599 1523 dunensis
643 1467 920 1537 Ecclesiae]
953 1467 1355 1536 coepiscopum
1397 1469 1465 1521 ad
1504 1473 1741 1521 vestram
1794 1485 2038 1538 praesen-

343 1557 484 1611 tiam
527 1556 812 1610 destinare
855 1556 1315 1626 procurabimus,
1380 1561 1442 1609 ut
1497 1572 1601 1625 per
1649 1556 1776 1609 illos
1820 1557 2039 1627 liquido

345 1650 647 1715 cognoscat
693 1650 879 1698 vestra
927 1644 1224 1706 celsitudo,
1278 1660 1449 1714 quam
1489 1645 1689 1698 ﬁdeles
1736 1646 1893 1698 vobis
1940 1662 2042 1714 per

346 1734 541 1788 omnia
571 1732 890 1797 existimus,
928 1749 1030 1785 nos
1062 1736 1118 1785 et
1147 1733 1342 1785 ﬁdeles
1374 1733 1572 1799 nostri,
1606 1739 1660 1787 et
1692 1750 1865 1804 quam
1899 1733 2038 1787 ﬁde-

348 1823 479 1875 liter
544 1821 742 1876 vestris
807 1820 1130 1874 salubribus
1198 1820 1471 1886 consiliis,
1532 1826 1587 1875 et
1651 1822 2042 1891 spiritualibus

348 1910 582 1964 monitis
624 1926 825 1980 parere
877 1909 1290 1964 desideramus.
1336 1910 1551 1963 Revera
1594 1910 1739 1964 sicut
1769 1910 2041 1980 spiritalis

350 2016 414 2053 ac
468 1998 870 2051 devotissimus
928 1998 1078 2051 ﬁlius
1124 1999 1583 2052 reverentissimo
1640 1998 1809 2069 patri,
1872 2004 2042 2069 atque

354 2086 661 2140 universali
709 2103 896 2155 papae,
941 2086 1130 2155 debet,
1182 2087 1395 2158 quippe
1444 2104 1547 2140 nos
1587 2092 1644 2140 et
1685 2087 2042 2142 venerabiles

350 2175 605 2245 episcopi
650 2181 822 2245 atque
874 2175 1069 2228 ﬁdeles
1118 2176 1320 2240 nostri,
1364 2176 1409 2228 si
1441 2192 1556 2228 non
1585 2192 1840 2245 corpore,
1874 2177 2043 2231 corde

350 2269 543 2319 tamen
570 2264 641 2318 ad
684 2269 868 2317 vestra
916 2281 1074 2318 sacra
1123 2265 1358 2334 vestigia
1403 2265 1707 2334 provoluti,
1745 2266 2044 2321 humiliter

348 2354 620 2424 petimus,
693 2358 756 2407 ut
817 2351 864 2405 si
915 2353 1121 2424 aliquis
1170 2354 1537 2408 inimicorum
1590 2362 1916 2409 nostrorum
1974 2373 2041 2410 ex

350 2447 545 2496 nostra
585 2447 769 2511 parte,
818 2442 1095 2511 quiddam
1146 2442 1440 2495 sinistrum
1477 2444 1749 2496 mendoso
1783 2444 2042 2497 falsitatis

350 2530 537 2597 elogio
587 2530 788 2583 vestris
837 2530 1208 2584 sanctissimis
1246 2531 1482 2584 auribus
1520 2532 1842 2602 signiﬁcare
1887 2550 2039 2603 pra}-

350 2617 680 2683 sumpserit,
715 2618 877 2687 quasi
918 2619 1311 2689 serpentinum
1342 2621 1517 2685 virus,
1561 2621 1868 2689 apostolica
1908 2622 2038 2674 abo-

352 2706 602 2760 minetur
649 2707 971 2761 auctoritas.
1024 2709 1085 2762 Et
1134 2708 1368 2779 quidem
1400 2709 1582 2761 nostri
1615 2708 1864 2779 episcopi
1896 2710 2040 2763 veri-

349 2795 478 2848 tatis
503 2794 788 2863 discipuli,
821 2795 1079 2863 magistri
1111 2796 1321 2849 erroris
1355 2812 1473 2849 esse
1508 2812 1624 2849 non
1656 2802 1916 2866 possunt,
1944 2796 2042 2866 qui

350 2882 656 2937 orthodoxi
704 2883 882 2953 patris
938 2883 1225 2938 catholicae
1277 2890 1333 2937 et
1388 2884 1709 2954 apostolicae
1748 2884 1882 2938 ﬁdei
1924 2884 2044 2938 veri

348 2971 751 3041 probabuntur
781 2987 900 3024 esse
929 2972 1193 3025 cultores.

421 3061 575 3113 Inter
602 3060 710 3112 ista
758 3075 889 3112 vero
945 3065 1132 3113 ratum
1180 3076 1301 3113 esse
1343 3060 1611 3114 duximus
1650 3060 2039 3129 inserendum,

2764 586 3091 641 EPISTOLA
3132 588 3228 643 Ill.

2672 710 2739 746 AD
2769 709 3046 748 ADRIANUM
3071 710 3106 747 ll
3148 710 3321 747 PAPAI

2149 803 2219 853 De
2250 801 2463 854 Nicolai
2496 800 2643 853 obitu
2672 803 2865 853 certior
2895 802 3077 864 factus
3133 801 3447 863 Lotharius,
3503 801 3609 853 has
3641 799 3825 854 litteras

2218 871 2292 922 ad
2362 871 2478 937 ejus
2528 886 2873 925 successorem
2926 871 3231 924 .iJrianum
3261 871 3474 936 scribit,
3531 886 3730 936 rogans
3782 879 3825 923 ut

2219 941 2362 1007 quod
2392 958 2423 993 a
2476 943 2693 995 Nicolao
2742 942 2978 994 obtinere
3035 958 3138 995 non
3157 944 3361 1010 potuit,
3388 943 3456 994 ab
3498 957 3558 994 eo
3592 946 3824 1009 impetra-

2220 1017 2320 1077 ret,
2352 1026 2509 1064 suum
2541 1013 2725 1065 Romae
2755 1013 3066 1065 adventum.

2219 1117 2586 1171 Sanctissimo
2644 1123 2701 1169 et
2776 1116 3208 1186 perbeatissimo
3273 1119 3566 1172 HADRIANO
3624 1133 3826 1171 summu

2147 1205 2404 1275 pontiﬁci
2437 1211 2493 1258 et
2523 1205 2829 1259 universali
2872 1222 3057 1275 papae,
3099 1207 3431 1270 LOTHARIUS,
3482 1206 3684 1259 divina
3714 1223 3829 1275 prae.

2149 1294 2409 1346 veniente
2441 1293 2762 1359 clementia,
2796 1310 2914 1358 rex,
2949 1299 3180 1347 aeternae
3211 1294 3589 1347 beatitudinis
3624 1300 3679 1346 et
3705 1312 3826 1364 prte-

2149 1381 2325 1435 sentis
2356 1382 2752 1451 prosperitatis
2780 1398 2977 1451 pacem
3011 1388 3068 1435 et
3094 1382 3362 1451 gloriam.

2222 1470 2473 1523 Infausta
2524 1471 2740 1537 relatio,
2785 1473 2840 1523 et
2871 1469 2929 1523 in
2974 1470 3245 1540 ambiguo
3277 1471 3557 1523 hactenus
3592 1488 3826 1535 manens,

2153 1563 2215 1611 ut
2256 1558 2336 1611 ita
2385 1558 2657 1623 dicamus,
2695 1557 2900 1610 acriter
2946 1562 3159 1610 nostrze
3191 1557 3519 1610 serenitatis
3553 1563 3828 1611 transver-

2151 1646 2368 1699 beravit
2407 1662 2573 1699 aures
2624 1645 2972 1713 intimando,
3006 1646 3152 1716 quod
3196 1646 3377 1700 beatae
3411 1648 3716 1701 memoriae
3744 1649 3829 1701 do-

2149 1750 2319 1788 mnus
2351 1735 2612 1788 Nicolaus
2655 1734 2988 1787 universalis
3034 1751 3184 1805 papa
3215 1735 3282 1789 ab
3326 1735 3431 1789 hac
3459 1736 3829 1807 lacrymarum

2152 1823 2317 1888 valle,
2372 1828 2608 1876 vocante
2656 1822 2905 1885 Christo,
2956 1823 3279 1890 decesserit,
3334 1841 3462 1878 cum
3515 1827 3746 1892 sanctis,
3787 1832 3828 1879 ut

2153 1911 2459 1977 credimus,
2499 1910 2976 1965 inmstimabiliter
3013 1914 3393 1967 coronandus.
3437 1914 3606 1968 Unde
3648 1920 3829 1968 nostra:

2151 1997 2611 2052 mansuetudinis
2656 1997 2880 2052 affectio
2931 1998 3241 2052 admodum
3293 2000 3713 2071 ingemiscens,
3753 2018 3827 2070 ge-

2152 2087 2308 2141 mino
2341 2087 2534 2140 dolore
2587 2087 2930 2153 concutitur,
2992 2087 3257 2141 videlicet
3287 2088 3439 2157 quod
3488 2094 3686 2142 mater
3731 2106 3827 2141 om-

2152 2176 2313 2231 nium
2367 2176 2743 2230 Ecclesiarum
2788 2177 2909 2242 Dei,
2944 2182 3155 2240 sancta,
3213 2181 3267 2229 et
3312 2178 3634 2245 apostolica
3680 2178 3830 2231 Eccle-

2151 2264 2254 2331 sia,
2288 2264 2389 2318 tali
2420 2281 2482 2317 ac
2513 2269 2669 2318 tanto
2702 2264 2885 2318 caruit
2912 2270 3093 2334 patre,
3138 2270 3308 2334 atque
3341 2265 3401 2317 in
3436 2267 3661 2319 cmlesti
3693 2268 3829 2321 Jeru-

2152 2354 2328 2407 salem
2376 2353 2605 2407 lucerna
2653 2353 2857 2407 ardens
2906 2357 2963 2407 et
3011 2355 3207 2405 lucens
3259 2353 3469 2407 nostris
3510 2354 3830 2423 periculosis

2150 2442 2505 2512 temporibus
2541 2458 2571 2495 a
2608 2441 2922 2495 tenebrosis
2968 2440 3251 2495 maleﬁdis
3284 2441 3380 2495 Dei
3430 2440 3586 2512 [diei]
3646 2443 3831 2496 ﬁnibus

2151 2531 2222 2585 sit
2256 2536 2493 2584 remota.
2542 2532 2654 2584 Nec
2703 2529 2913 2596 differt,
2963 2534 3025 2583 ut
3070 2530 3258 2583 omnis
3289 2529 3617 2583 Christiana
3656 2532 3831 2600 religio

2151 2620 2219 2673 de
2268 2624 2427 2673 tanto
2461 2619 2727 2688 pontiﬁce
2762 2619 2966 2686 doleat,
3010 2622 3067 2671 et
3096 2618 3283 2671 omnis
3321 2618 3462 2671 ordo
3506 2619 3829 2672 ecclesiasti-

2151 2725 2249 2762 cus
2294 2710 2362 2763 de
2416 2708 2864 2779 prudentissimo
2909 2724 2972 2761 ac
3021 2706 3379 2761 sanctissimo
3414 2724 3569 2778 papa
3602 2708 3830 2777 ingemi-

2153 2800 2285 2849 scat.
2323 2798 2537 2850 Revera
2566 2812 2670 2849 nos
2715 2795 2906 2866 potius
2940 2795 3238 2863 deﬂemus,
3273 2795 3372 2865 qui
3401 2811 3605 2849 causas
3640 2802 3831 2849 nostra:

2151 2884 2454 2938 calumniae
2484 2885 2813 2949 insolentes,
2848 2889 2901 2937 et
2939 2884 3330 2937 fraudulentas
3361 2886 3715 2938 zemulorum
3744 2901 3829 2937 no-

2152 2977 2401 3027 strorum
2444 2972 2853 3043 querimonias,
2889 2977 3001 3024 tam
3050 2972 3301 3041 benigno
3350 2973 3498 3043 patri
3535 2974 3831 3043 mquitatis,

2152 3061 2465 3131 etjustitiaa
2512 3062 2673 3114 lance
2720 3060 3120 3130 ponderandas
3163 3077 3226 3114 ac
3266 3061 3736 3115 determinandas
3776 3065 3831 3111 ad

352 3148 503 3220 quod
536 3148 583 3200 si
632 3148 825 3217 aliqua
854 3148 1101 3201 incursio
1132 3164 1486 3218 paganorum
1521 3151 1660 3202 ﬁnes
1710 3150 1860 3203 beati
1891 3149 2041 3203 Petri
2079 3164 2118 3218 ο
2151 3155 2378 3220 tempus
2427 3153 2482 3202 et
2541 3149 2601 3202 in
2650 3153 2808 3219 parte
2861 3150 3272 3204 commisimus.
3326 3150 3434 3204 Sed
3483 3152 3642 3221 quod
3692 3152 3835 3220 lugu-

351 3236 514 3290 vobis
546 3235 769 3289 coalitus
811 3236 1149 3289 commissos
1195 3236 1352 3289 adire
1399 3237 1721 3303 tentaverit,
1766 3244 1862 3291 aut
1898 3236 2041 3291 forte

350 3324 628 3379 terminos
658 3324 1049 3394 augustissimi
1082 3324 1441 3395 imperatoris
1464 3331 1631 3395 atque
1664 3326 2041 3380 amantissimi

349 3411 612 3483 germani
664 3412 842 3465 nostri
902 3412 1192 3478 Ludovici,
1255 3418 1426 3483 prout
1477 3414 1809 3483 nuperrima
1870 3421 2041 3486 atque

350 3501 601 3555 infausta
649 3500 927 3554 relatione
958 3501 1368 3570 comperimus,
1404 3503 1726 3573 irrumpere
1760 3518 2042 3573 praesum-

348 3590 548 3660 pserit,
594 3589 731 3643 illud
768 3589 931 3643 nobis
965 3590 1180 3662 absque
1211 3591 1328 3644 ulla
1360 3591 1633 3645 dilatione
1666 3592 1823 3644 ocius
1865 3591 2042 3661 signi-

349 3678 503 3733 ﬁcari
553 3679 943 3748 deposcimus;
996 3679 1132 3750 quia
1180 3680 1439 3750 quolibet
1482 3680 1795 3750 postposito
1847 3695 2042 3734 rerum

348 3767 756 3838 temporalium
779 3769 1010 3828 damno,
1035 3775 1208 3840 atque
1226 3770 1566 3839 parvipenso
1589 3769 1828 3838 perituri
1853 3767 2043 3821 discri-

349 3857 502 3910 mine
549 3856 718 3927 regni
748 3873 850 3922 pro
881 3873 1091 3921 amore,
1139 3863 1196 3911 et
1228 3859 1433 3911 timore
1466 3857 1587 3921 Dei,
1638 3863 1695 3910 et
1740 3857 2042 3909 beatorum

348 3944 758 4013 apostolorum,
792 3949 1230 4013 sanctorumque
1278 3945 1539 3997 omnium
1588 3945 1923 4007 reverentia,
1967 3944 2043 3999 si-

348 4032 583 4099 mulque
630 4037 818 4084 vestra
880 4032 1239 4085 sanctissima
1288 4032 1651 4101 paternitate,
1701 4049 1872 4101 quam
1922 4048 2042 4102 prae

349 4119 616 4171 omnibus
647 4120 987 4174 mortalibus
1010 4120 1266 4188 diligere,
1291 4137 1353 4172 ac
1378 4120 1636 4174 venerari
1667 4120 2041 4189 decrevimus,

352 4222 454 4258 nos
511 4223 574 4259 ac
624 4207 820 4260 ﬁdeles
873 4214 1101 4261 nostros
1160 4209 1350 4273 morti,
1400 4225 1463 4262 ac
1513 4208 1769 4278 periculo
1817 4210 2041 4263 tradere

351 4295 539 4364 parati
585 4311 803 4361 sumus,
859 4296 1101 4350 scientes
1149 4312 1268 4349 esse
1317 4298 1632 4367 scriptum:
1668 4298 1890 4352 Timere
1925 4316 2074 4371 non‘

352 4381 630 4436 debemus
655 4388 922 4450 mortem,
947 4400 1073 4454 quae
1100 4385 1222 4438 sine
1255 4385 1428 4439 dubio
1461 4386 1721 4456 perducit
1751 4387 1819 4440 ad
1842 4387 2036 4441 vitam.

420 4471 605 4541 Igitur
661 4470 869 4542 quibus
925 4474 1179 4527 valemus
1233 4474 1396 4541 votis,
1447 4475 1670 4528 Domini
1722 4476 2038 4530 misericor-

351 4561 506 4615 diam
532 4560 926 4632 imploramus,
951 4566 1014 4616 ut
1042 4569 1298 4616 nostram
1323 4564 1820 4617 mansuetudinem
1841 4570 2041 4619 vestrae

350 4649 839 4704 excellentissiman
887 4652 1133 4705 almitati
1186 4652 1415 4705 tandem
1465 4657 1836 4722 repraesentet
1887 4653 2042 4707 inco-

350 4739 571 4804 lumen;
653 4744 936 4808 quatenus
1021 4739 1211 4793 verior
1266 4739 1617 4809 experientia
1694 4741 2044 4809 apostolatus

348 4827 519 4880 vestri
569 4827 788 4896 puriter
840 4833 1162 4897 cognoscat,
1221 4833 1415 4881 utrum
1461 4828 1681 4898 prolata
1731 4845 1762 4881 a
1791 4828 2044 4882 veritatis

350 4915 509 4969 fonte
553 4916 965 4970 emanaverint.
1000 4917 1381 4987 Omnipotens
1419 4919 1563 4971 Deus
1598 4917 1776 4972 nostri
1819 4932 2041 4971 memo-

350 5019 472 5057 rem
504 5019 795 5057 summum
841 5005 1012 5058 vestri
1040 5005 1382 5059 sanctissimi
1415 5004 1780 5074 pontiﬁcatus
1822 5006 2041 5075 apicem

349 5092 638 5161 prosperis
689 5093 1039 5147 successibus
1087 5094 1330 5148 feliciter
1373 5095 1713 5165 insignitum
1764 5096 1833 5149 ad
1864 5101 2044 5150 custo-

351 5177 503 5231 diam
562 5179 751 5248 gregis
821 5196 1175 5248 conservare,
1227 5189 1281 5236 et
1326 5183 1576 5237 exaltare
1620 5184 1859 5249 dicetur,
1915 5185 2039 5253 glo-

349 5265 684 5333 riosissime,
717 5283 781 5321 ac
808 5271 1271 5338 prastantissime
1302 5278 1483 5343 pater.

418 5621 438 5645 ³
467 5614 632 5681 Apud
665 5613 989 5682 Baronium,
1022 5618 1156 5671 ibid.

2149 3238 2328 3291 briter
2364 3236 2728 3307 replicamus,
2770 3237 2896 3305 plus
2943 3237 3094 3306 apud
3142 3236 3498 3290 sanctitatem
3546 3237 3707 3289 illius
3754 3252 3832 3287 va-

2152 3328 2308 3381 luere
2367 3332 2692 3378 nostrorum
2752 3324 3111 3377 inimicorum
3173 3324 3397 3377 insidias
3456 3330 3511 3377 et
3562 3324 3833 3377 simulatae

2151 3416 2535 3485 deceptiones,
2583 3430 2756 3484 quam
2789 3417 2979 3466 nostra
3012 3414 3252 3482 simplex
3297 3418 3352 3466 et
3381 3429 3525 3483 pura
3556 3414 3831 3475 defensio;

2152 3504 2367 3575 quippe
2401 3503 2683 3573 patienter
2726 3507 2896 3571 atque
2937 3502 3337 3572 aequanimiter
3379 3503 3526 3555 ultra
3569 3502 3834 3555 sufferen-

2150 3592 2289 3646 tiam
2323 3592 2583 3645 omnium
2612 3591 3095 3660 praedecessorum
3119 3596 3447 3643 nostrorum
3470 3596 3729 3644 nostram
3761 3607 3835 3641 re-

2152 3680 2304 3751 giam
2337 3680 2697 3745 dignitatem,
2744 3694 2808 3730 ac
2837 3678 3110 3732 divinitus
3142 3678 3473 3731 attributam
3502 3682 3833 3747 potestatem

2149 3766 2483 3819 reverentiae
2513 3766 2689 3832 illius,
2732 3766 2848 3819 imo
2895 3767 3083 3836 potius
3122 3767 3507 3836 apostolorum
3549 3764 3831 3835 principis,

2148 3854 2443 3907 humiliter
2495 3854 2889 3915 submisimus,
2924 3861 2981 3907 et
3025 3855 3172 3907 ultra
3205 3870 3379 3924 quam
3431 3855 3583 3907 credi
3638 3858 3830 3924 posset,

2151 3943 2268 3994 suis
2313 3942 2564 4011 paternis
2606 3941 2838 3995 monitis
2868 3942 3113 3995 ﬁdenter
3165 3941 3484 4012 paruimus,
3529 3958 3592 3994 ac
3642 3942 3831 3995 misso-

2151 4046 2278 4083 rum
2320 4046 2553 4083 suorum
2595 4030 2748 4082 varia
2780 4034 2834 4082 et
2867 4030 3205 4099 multiplicia
3235 4031 3599 4083 hortamenta
3627 4036 3831 4082 sectan-

2151 4118 2222 4171 do
2253 4124 2487 4187 propter
2516 4134 2770 4170 amorem
2807 4117 2926 4182 Dei,
2960 4123 3017 4169 et
3064 4117 3441 4170 reverentiam
3488 4126 3829 4175 sanctorum,

2150 4204 2209 4257 in
2256 4204 2542 4274 aliquibus
2593 4221 2623 4256 a
2671 4209 2865 4256 nostro
2917 4203 3074 4272 regio
3123 4206 3397 4269 themate,
3460 4220 3624 4257 secus
3670 4218 3830 4274 quam

2151 4298 2443 4363 oporteret
2488 4292 2546 4344 in
2597 4297 2754 4360 parte
2788 4291 3251 4345 exorbitavimus.
3304 4293 3483 4362 Igitur
3526 4298 3828 4361 sperantes,

2152 4387 2210 4435 et
2240 4380 2422 4434 modis
2454 4380 2719 4433 omnibus
2750 4381 3065 4447 credentes,
3095 4380 3156 4433 in
3182 4381 3540 4434 sanctissimo
3572 4382 3828 4451 pontiﬁce

2082 4494 2125 4547 ι)
2152 4470 2331 4524 ﬁdum
2364 4474 2576 4521 nostra:
2608 4467 2866 4521 tuitionis
2891 4468 3169 4521 auxilium
3201 4468 3491 4537 ponimus.
3526 4470 3635 4523 Sed
3670 4468 3831 4522 nesci-

2156 4575 2283 4611 mus
2316 4557 2522 4628 quibus
2555 4556 3036 4625 suggestionibus,
3070 4560 3168 4608 aut
3196 4564 3348 4608 certe
3382 4557 3691 4624 superfluis
3719 4573 3830 4625 pro-

2155 4644 2519 4699 missionibus
2550 4650 2739 4697 actum
2787 4650 2888 4711 est,
2936 4643 3089 4713 quod
3128 4643 3419 4713 insperata
3458 4644 3659 4696 dilatio
3696 4645 3828 4695 inul-

2154 4735 2374 4805 tiplices
2406 4732 2631 4804 peperit
2674 4733 3016 4796 simultates;
3061 4737 3230 4801 atque
3261 4734 3332 4784 ob
3363 4732 3469 4784 hoc
3501 4738 3694 4785 nostra
3724 4747 3829 4783 res-

2153 4823 2381 4893 publica
2441 4837 2555 4874 non
2598 4820 2877 4873 modicam
2928 4835 3343 4889 usquequaque
3390 4820 3629 4888 pertulit
3660 4822 3829 4872 laesio-

2154 4928 2306 4966 nem.
2384 4912 2492 4964 Nos
2550 4915 2740 4961 autem
2805 4908 3006 4961 litteris
3074 4913 3131 4960 et
3212 4907 3391 4960 verbis
3448 4906 3832 4960 indesinenter

2153 4999 2594 5068 proclamantes,
2647 5002 2704 5049 et
2747 4996 2981 5049 diversis
3015 4994 3395 5064 legationibus
3444 4995 3643 5047 eadem
3677 5010 3827 5064 repe-

2151 5092 2361 5150 tentes,
2394 5084 2691 5138 humiliter
2717 5084 3150 5154 postulavimus,
3178 5087 3238 5135 ut
3271 5099 3373 5135 nos
3406 5088 3463 5134 et
3490 5090 3829 5136 accusatores

2154 5176 2334 5231 nostri
2364 5177 2522 5241 juxta
2555 5173 2775 5226 divinas
2820 5179 2877 5225 et
2922 5173 3202 5225 humanas
3232 5172 3408 5241 leges,
3443 5172 3529 5224 sui
3565 5169 3827 5241 pontiﬁcii

2153 5264 2504 5318 audientiam
2539 5277 2915 5327 mereremur,
2951 5267 3013 5315 ut
3042 5262 3184 5314 ratio
3205 5262 3392 5329 docet,
3424 5266 3681 5314 nostram
3707 5275 3828 5330 prae-

2151 5352 2396 5407 sentiam
2428 5349 2768 5403 exhibendo.
2806 5349 2912 5403 Sed
2948 5349 3111 5401 toties
3152 5349 3368 5418 repulsi
3402 5348 3574 5401 etiam
3612 5349 3826 5402 tandem

2152 5438 2546 5509 multipliciter
2591 5438 2786 5503 coacti,
2816 5436 3097 5507 judicium
3148 5453 3210 5490 ac
3243 5436 3529 5503 refugium
3560 5445 3823 5495 nostrum.

2152 5531 2210 5583 in
2240 5528 2339 5581 illa
2387 5526 2786 5581 collocavimus
2836 5530 3015 5595 petra,
3062 5526 3132 5579 de
3162 5542 3275 5597 qua
3318 5525 3617 5579 Psalmista
3668 5525 3824 5580 conli-
