3890 6230
66 309 171 357 3ἷ7

1233 308 1618 363 GUNTHARII
1664 309 2029 364 DIABOLICA
2071 308 2435 362 CAPITULA.

3494 311 3593 361 378

62 437 216 489 dens
241 438 437 491 aiebat
469 455 483 491 :
528 440 735 493 Montes
780 440 976 492 emcelsi
1006 441 1196 503 cervis,
1233 444 1393 506 petra
1418 443 1579 507 petra
1616 440 1773 505 refu-
1812 444 1858 494 A
1892 443 1974 492 tas
2014 439 2107 507 [ιιι.
2145 436 2480 508 quantitas].
2520 437 2658 490 Nam
2693 438 2738 489 si
2767 443 2995 507 tempus
3027 436 3302 502 arriserit,
3339 440 3393 489 et
3431 438 3593 489 auxi-

66 530 226 591 gmm
259 529 502 581 erinacei
522 527 689 597 (Psal.
720 526 857 596 cui).

136 616 325 667 Porro
374 616 514 669 illud
555 616 915 686 potissimum
958 619 1163 669 nostrze
1205 615 1413 669 mentis
1467 616 1643 668 aciem
1677 616 1781 669 ob-

67 703 379 771 nubilavit,
419 705 575 774 quod
611 721 714 757 nos
755 704 824 757 ab
867 704 990 774 ipsa
1029 710 1222 757 sancta
1257 705 1387 758 sede
1428 705 1778 773 repellimur,

68 808 328 859 quorum
361 794 761 862 progenitores
792 798 846 847 et
876 795 1023 846 atavi
1055 794 1211 846 illam
1245 798 1497 846 sanctam
1540 798 1781 846 matrem

68 881 411 947 Ecclesiam,
469 883 663 936 divino
722 882 933 935 auxilio
995 882 1089 951 pie
1127 900 1190 935 ac
1244 882 1487 935 tideliter
1536 882 1781 951 patroci-

68 974 283 1023 nantes
311 976 635 1039 protexere.
674 972 737 1024 Et
776 971 1010 1041 quidem
1056 971 1207 1024 ultra
1236 988 1408 1042 quam
1450 971 1555 1024 fari
1586 972 1780 1041 possit,

67 1060 573 1127 congratulamur,
624 1060 777 1129 quod
834 1060 1122 1127 Bulgaros,
1164 1064 1219 1112 et
1266 1059 1377 1112 alia
1425 1075 1780 1129 paganorum

67 1146 271 1201 feritas
330 1148 401 1201 ad
446 1149 646 1201 limina
686 1153 1009 1201 sanctorum
1054 1150 1446 1217 apostolorum
1485 1148 1780 1216 invitatur,

67 1236 188 1287 imo
227 1236 387 1306 quod
427 1242 621 1290 sancta
664 1236 927 1303 Ecclesia,
956 1238 1117 1306 juxta
1158 1235 1487 1289 vaticinium
1535 1237 1783 1305 prophe-

68 1328 158 1385 tae,
196 1324 410 1378 dilatat
440 1325 629 1379 locum
658 1325 895 1379 tentorii
925 1325 1033 1389 sui,
1070 1329 1126 1377 et
1157 1326 1359 1393 longos
1391 1323 1526 1377 facit
1556 1323 1781 1375 funicu-

69 1412 154 1462 los
198 1428 361 1477 suos,
404 1429 467 1465 ac
505 1414 684 1482 pelles
725 1413 1228 1466 tabernaculorum
1259 1428 1491 1465 suorum
1535 1411 1786 1464 extendit

72 1502 199 1557 iisn.
252 1502 384 1571 Liv).
438 1502 546 1555 Sed
581 1518 698 1555 non
740 1502 961 1555 modice
993 1501 1418 1565 contristamur,
1470 1500 1625 1570 quod
1667 1505 1783 1552 tam

71 1588 275 1641 crebro
305 1589 443 1642 illuc
473 1589 797 1642 anhelando
837 1589 1127 1642 audientia
1159 1588 1591 1658 praedecessoris
1612 1587 1786 1640 vestri

72 1678 247 1747 potiri
317 1694 434 1731 non
492 1677 795 1731 valuimus.
850 1678 956 1733 Sed
1004 1677 1092 1731 his
1150 1676 1397 1742 omissis,
1454 1676 1521 1730 ad
1576 1680 1786 1729 uostraa

76 1766 291 1819 mentis
336 1768 724 1836 propositum,
776 1771 831 1818 et
860 1765 1030 1818 vestri
1074 1767 1185 1818 Deo
1230 1764 1390 1834 digni
1430 1764 1781 1834 apostolatus

76 1854 478 1907 excellentiam
511 1854 831 1918 redeamus,
866 1858 921 1905 et
943 1852 1027 1905 uti
1053 1852 1289 1922 dignum
1322 1857 1422 1916 est,
1460 1851 1706 1922 gloriam
1726 1852 1784 1905 in

77 1943 315 1995 excelsis
352 1944 466 1997 Deo
504 1958 855 2005 resonemus,
900 1941 998 2011 qui
1030 1957 1195 1994 roseo
1236 1940 1456 2011 proprii
1488 1940 1785 2009 sanguinis

80 2030 270 2099 pretio
326 2030 607 2100 acquisito
658 2030 818 2099 gregi
880 2030 1409 2083 misericordissima
1453 2029 1784 2099 dignatione

81 2118 459 2188 prospiciens,
506 2119 675 2172 vestri
716 2118 995 2187 pontiﬁcii
1034 2118 1225 2188 jubar,
1269 2135 1372 2172 sua
1409 2119 1685 2171 electione
1728 2118 1783 2171 in

80 2207 211 2260 sede
256 2212 465 2261 sanctae
510 2208 708 2260 matris
752 2207 1009 2261 Ecclesiae
1048 2207 1366 2274 collocavit,
1421 2207 1489 2261 ad
1531 2212 1782 2261 nostram

82 2302 133 2349 et
157 2296 338 2349 totius
371 2296 707 2350 Christianae
739 2296 922 2366 plebis
956 2297 1215 2349 salutem.

148 2386 211 2438 Et
262 2385 402 2455 quia
451 2385 817 2455 omnipotens
860 2387 1007 2439 Deus
1055 2386 1321 2456 princeps
1361 2390 1675 2455 pastorum,
1728 2385 1783 2439 in

82 2474 172 2527 illa
204 2478 403 2528 sancta
424 2474 580 2542 sede,
602 2474 773 2527 vestri
794 2474 1160 2544 pontiﬁcatus
1181 2474 1403 2544 apicem
1434 2473 1781 2537 sublimavit,

82 2569 289 2616 nostra:
323 2562 646 2616 serenitatis
677 2563 901 2617 salubre
934 2563 1232 2628 auxilium,
1265 2563 1333 2616 ad
1368 2561 1781 2628 defensionem,

81 2657 315 2715 statum,
370 2657 542 2720 atque
592 2651 868 2704 honorem
944 2650 1313 2721 pontificatus
1370 2650 1559 2713 vestri,
1626 2666 1785 2704 more

80 2741 567 2809 prmdecessorum
637 2745 982 2802 nostrorum,
1046 2739 1108 2792 in
1188 2738 1458 2792 omnibus
1520 2738 1785 2792 exhibere

82 2827 266 2895 parati
314 2843 534 2880 sumus.
586 2829 650 2880 Et
707 2832 849 2881 teste
901 2843 1098 2881 rerum
1151 2827 1413 2880 omnium
1463 2826 1781 2889 conditore,

84 2916 271 2967 nullus
327 2915 745 2969 catholicorum
807 2932 1031 2985 regum,
1082 2916 1272 2968 nullus
1333 2914 1783 2971 Christianorum

1824 1737 1862 1789 Β

1894 530 2064 582 liante
2116 527 2308 581 divina
2357 525 2661 579 clementia
2707 525 2971 579 scandala
3010 525 3198 595 sopita
3245 526 3589 597 conquieve-

1891 618 2025 681 rint,
2078 634 2205 687 quae
2254 616 2543 669 simultate
2593 621 2649 669 et
2695 616 3062 686 suggestione
3110 614 3447 668 aemulorum
3494 631 3590 667 no-

1890 713 2162 773 strorum,
2219 706 2609 758 membrorum
2668 703 2931 756 videlicet
2972 703 3216 767 Satanae,
3272 704 3588 756 enormiter

1891 810 2194 861 emersere,
2226 799 2476 845 vestrum
2513 791 2904 861 multipliciter
2934 790 3321 844 desideramus
3349 808 3589 860 conspe-

1892 891 2068 948 ctum,
2103 890 2157 937 et
2190 882 2392 935 vestris
2427 883 2538 934 Deo
2572 880 2763 949 dignis
2792 879 3035 931 animari
3067 879 3387 949 colloquiis,
3420 885 3592 949 atque

1892 974 2173 1028 mellitlua
2227 970 2624 1025 benedictione
2688 967 2883 1037 potiri.
2955 966 3211 1036 Denique
3277 968 3592 1022 almitluum

1892 1063 2290 1133 paternitatem
2324 1065 2567 1113 vestram
2598 1057 2894 1111 humiliter
2925 1071 3245 1126 precamur,
3276 1061 3339 1109 ut
3370 1056 3591 1109 nullum

1892 1151 2066 1219 regia:
2096 1148 2410 1218 dignitatis,
2448 1152 2503 1198 et
2548 1145 2797 1199 nominis
2844 1144 3006 1198 nobis
3050 1143 3408 1196 consimilem
3443 1160 3592 1213 pra:-

1894 1241 2038 1293 ferre
2074 1253 2305 1308 quoquo
2338 1236 2533 1301 modo,
2565 1239 2664 1288 aut
2694 1249 3031 1304 praeponere
3078 1237 3284 1285 nostra:
3331 1248 3592 1285 mansue-

1893 1327 2078 1381 tudini
2134 1324 2475 1389 decernatis,
2536 1339 2723 1393 neque
2783 1322 2955 1375 etiam
3001 1320 3188 1390 apices
3228 1320 3593 1374 beatitudinis

1894 1421 2093 1469 vestrm
2126 1414 2287 1467 nobis
2320 1413 2854 1483 porrigendos,per
2894 1410 3144 1480 aliquem
3190 1409 3437 1478 dirigere
3473 1410 3592 1478 pla-

1894 1511 2037 1568 ceat,
2074 1503 2200 1568 nisi,
2243 1508 2343 1555 aut
2382 1518 2483 1571 per
2519 1506 2776 1553 nostrum
2822 1500 3099 1569 legatum,
3146 1503 3246 1551 aut
3294 1504 3445 1551 certe
3489 1514 3593 1567 per

1894 1598 2144 1647 vestrum
2179 1608 2210 1644 a
2254 1595 2439 1643 vestro
2477 1594 2671 1641 sancto
2717 1589 2895 1641 latere
2938 1587 3307 1650 destinatum,
3361 1585 3445 1637 vel
3488 1600 3592 1654 per

1895 1682 2163 1736 nuntium
2198 1677 2586 1747 augustissimi
2634 1675 2891 1746 germani
2940 1674 3119 1729 nostri
3172 1672 3438 1728 Ludovici
3484 1674 3591 1726 im-

1893 1771 2173 1841 peratoris
2211 1786 2222 1822 :
2276 1768 2430 1838 quia,
2472 1772 2536 1820 ut
2577 1780 2707 1818 vere
2757 1765 3057 1827 fateamur,
3110 1779 3225 1816 non
3268 1762 3490 1815 modica
3527 1760 3594 1813 si-

1893 1860 2101 1914 multas
2128 1860 2402 1913 hactenus
2434 1855 2555 1908 istis
2590 1855 2648 1908 in
2688 1853 2946 1924 partibus
2992 1868 3095 1921 per
3134 1849 3468 1920 liujnsmodi
3502 1849 3591 1902 fa-

1893 1955 2043 2003 ctum
2078 1954 2203 2001 orta
2244 1946 2521 2007 noscitur,
2557 1949 2611 1996 et
2659 1942 2769 1996 nisi
2813 1942 2871 1995 in
2911 1945 3200 2010 posterum
3242 1943 3405 1992 caute
3449 1954 3593 2007 pra:-

1891 2039 2073 2092 visum
2114 2035 2305 2099 fuerit,
2354 2033 2641 2104 quoddam
2681 2030 2895 2102 poterit
2938 2045 3211 2100 generare
3263 2028 3589 2081 discrimen.

1964 2129 2189 2181 Interea
2218 2124 2406 2177 modis
2447 2121 2710 2175 omnibus
2749 2120 3134 2179 obsecramus,
3170 2118 3243 2187 :ut
3295 2116 3363 2169 de
3411 2118 3597 2168 vestra

1892 2214 2128 2286 optabili
2194 2211 2569 2283 prosperitate
2648 2207 2850 2262 litteris
2920 2205 3117 2259 vestris
3194 2202 3589 2258 celsitudinem

1895 2300 2147 2358 nostram
2195 2306 2408 2355 certam
2458 2286 2781 2362 reddentes,
2821 2295 3005 2348 charee
3054 2292 3341 2347 iiliationis
3384 2307 3593 2344 munus

1893 2394 2061 2448 nobis
2098 2389 2384 2461 impertiri
2419 2385 2757 2457 dignemini,
2803 2389 2859 2437 et
2909 2383 3105 2437 vestris
3149 2379 3420 2434 almitluis
3461 2396 3589 2450 pre-

1894 2476 2052 2529 cibus
2101 2481 2357 2529 nostram
2398 2474 2549 2544 apud
2594 2472 2903 2526 Dominum
2945 2467 3459 2523 commendabilem
3501 2472 3591 2519 at-

1893 2580 2004 2635 que
2071 2564 2411 2617 veniabilem
2478 2560 2786 2615 exhibeatis
2856 2559 3244 2635 serenitatem,
3310 2560 3592 2627 quatenus

1891 2630 2035 2706 tanti
2092 2652 2267 2722 patris
2327 2652 2433 2721 piis
2493 2650 2756 2721 precibus
2813 2630 3048 2709 suifulti,
3094 2644 3371 2698 creditum
3429 2643 3591 2696 nobis

1892 2741 2175 2809 regimen,
2224 2738 2446 2794 Christo
2502 2738 2837 2809 opitulante,
2894 2736 3215 2806 gubernare
3277 2732 3587 2784 valeamus.

1893 2828 2269 2899 Omnipotens
2302 2828 2447 2881 Deus
2469 2826 2641 2879 vestri
2665 2824 2947 2895 pontiﬁcii
2971 2820 3376 2893 splenditluum
3396 2818 3587 2888 jubar,

1893 2922 2064 2987 atque
2090 2916 2407 2986 angelicam
2440 2914 2875 2968 sanctimoniam
2908 2912 3001 2966 diu
3048 2910 3212 2963 nobis
3247 2908 3588 2961 incolumem

82 3004 407 3074 principum
456 3004 712 3058 devotior
775 3010 977 3058 vestrae
1020 3004 1327 3072 sanctitati,
1372 3009 1427 3057 et
1463 3004 1786 3074 promptior
1825 3036 1865 3091 C
1893 3019 2233 3057 conservare
2266 3002 2554 3073 dignetur.
2590 3004 2792 3055 Amen.

86 3098 283 3144 vestrae
334 3092 567 3145 utilitati
606 3108 725 3145 esse
769 3092 1073 3161 desiderat,
1106 3109 1280 3162 quam
1324 3098 1519 3146 nostra
1562 3092 1785 3163 exigui-

2376 3218 2815 3226 γ--ς--ο--Ν
2840 3213 3299 3222 -ἒαρμν-ῌγλφ-
3336 3212 3453 3217 ν-ν-
3476 3210 3585 3226 7-..:—

1390 3355 1559 3396 ANNO
1612 3352 1836 3395 DOMINI
1886 3352 2228 3395 DCCLXVI“.

1077 3514 2597 3687 GUNTHARIUS

1397 3759 1852 3814 COLONIENSIS
1891 3758 2284 3813 EPISCOPUS.

315 3897 865 3988 GUNTHARII
958 3899 1478 3990 DIABOLICA
1570 3902 1671 3987 IN
1763 3898 2266 3988 NICOLAUM
2346 3897 2677 3986 PAPAM
2774 3897 3259 3987 CAPITULA
3291 3894 3347 3984 ⁸.

1230 4059 1435 4122 (Pertz.,
1465 4059 1805 4106 Monumenta
1828 4058 2119 4106 Germaniae
2149 4057 2441 4120 historica.)

1579 4178 2084 4251 PREFATIO

1290 4348 1369 4389 AD
1418 4346 1748 4390 EPISCOPOS
1799 4346 1985 4389 REGNI
2036 4345 2357 4389 LOTHARII.

154 4527 373 4581 Sanctis
434 4543 499 4580 ac
565 4527 900 4582 venerandis
967 4528 1236 4584 fratribus
1300 4533 1357 4582 et
1420 4528 1774 4599 coepiscopis
1815 4531 1857 4584 D
1957 4530 2245 4598 Rogamus
2306 4528 2642 4598 suppliciter
2716 4527 3110 4581 charissimam
3168 4529 3582 4581 fraternitatem

98 4615 436 4669 Guntharius
478 4621 653 4686 atque
693 4616 1089 4687 Theotgaudus
1132 4616 1192 4671 in
1228 4616 1472 4671 Domino
1516 4616 1777 4671 salutem.

156 4780 177 4803 ⁸
205 4773 275 4825 De
309 4771 402 4844 his
431 4772 682 4844 Annales
724 4772 1010 4826 Hincmari
1043 4773 1381 4827 Rhemensis
1415 4790 1426 4827 :
1463 4792 1489 4824 α
1525 4775 1785 4844 Impera-

98 4845 177 4893 tor
199 4843 580 4896 Guntharium
629 4848 685 4915 et
712 4844 1149 4913 Theutgaudum
1190 4844 1549 4915 degradatos,
1593 4843 1656 4899 ut
1696 4862 1781 4899 se-

96 4928 239 4985 cum,
277 4918 577 4985 venerant,
638 4914 931 4985 Franciam
1010 4915 1195 4968 redire
1277 4914 1561 4985 praecepit.
1630 4918 1786 4970 Tunc

98 4984 432 5055 Guntharius
467 4984 590 5037 haec
629 4984 907 5037 diabolica
932 4986 1185 5055 capitula
1224 4984 1293 5039 eti
1312 4984 1586 5039 hactenus
1613 4987 1785 5041 inau-

101 5053 217 5125 dita,
253 5072 383 5123 qua:
427 5072 558 5107 cum
601 5055 706 5108 hac
752 5053 1109 5125 praefatione,
1151 5057 1383 5125 quando
1429 5058 1667 5111 Romam
1726 5059 1784 5111 in

102 5122 341 5179 Ludovici
406 5126 684 5195 obsequio
737 5122 927 5191 rediit,
977 5122 1264 5196 episcopis
1318 5129 1479 5195 regni
1539 5129 1787 5182 Lotharii

102 5195 253 5272 misit,
313 5214 420 5272 per
468 5196 821 5272 Hilduinum
846 5195 1081 5251 fratrem
1132 5195 1299 5272 suum
1339 5199 1630 5272 clericum,
1682 5200 1784 5272 adi-r-

97 5268 280 5331 junctis
321 5268 375 5320 ei
428 5268 544 5319 suis
584 5268 934 5333 hominibus,
979 5270 1287 5337 apostolico
1311 5270 1487 5335 misit,
1523 5270 1664 5323 dans
1700 5271 1786 5324 illi

103 5338 147 5389 in
194 5338 481 5392 mandatis
532 5344 596 5409 ut
636 5338 697 5409 si
736 5338 1081 5406 apostolicus
1132 5339 1231 5393 illa
1287 5341 1464 5394 nollet
1504 5340 1780 5409 recipere,

103 5424 247 5474 super
287 5425 503 5478 corpus
551 5408 703 5480 beati
763 5409 914 5462 Petri
960 5425 1025 5461 ea
1065 5409 1325 5479 jactaret.
1366 5432 1387 5458 ι
1428 5408 1785 5480 Apostolicus

104 5486 264 5533 autem
308 5479 702 5549 praecognitus
749 5480 867 5533 haec
915 5480 1169 5548 recipere
1208 5481 1411 5534 noluit.
1462 5482 1782 5550 Suprascri-

99 5554 205 5617 ptns
243 5558 441 5606 autem
478 5549 781 5604 Hilduinus
818 5556 1072 5604 armatus
1106 5566 1234 5605 cum
1276 5549 1609 5607 hominibus
1630 5554 1779 5606 Gun.

1889 4622 2135 4671 vestram
2192 4620 2255 4671 ut
2310 4616 2472 4671 nobis
2518 4632 2622 4687 pro
2668 4616 2821 4669 vobis
2850 4616 3076 4669 assidue
3121 4616 3417 4668 orantibus
3465 4632 3588 4668 san-

1891 4774 2067 4828 tharii
2116 4774 2409 4827 ecclesiam
2451 4772 2604 4827 beati
2639 4771 2791 4826 Petri
2830 4771 3067 4841 apostoli
3105 4771 3225 4824 sine
3276 4770 3391 4823 ulla
3427 4787 3584 4824 reve-

1892 4844 2077 4897 rentia
2140 4846 2380 4908 intrans,
2465 4842 2812 4897 diabolicnm
2893 4842 3182 4911 spiritum,
3246 4841 3389 4894 sicut
3448 4858 3586 4895 suus

1893 4916 2067 4969 frater
2095 4916 2441 4970 Guntharius
2485 4915 2535 4967 ei
2569 4920 2936 4984 praeceperat,
2988 4912 3413 4984 siiapostolicus
3442 4912 3587 4966 illud

1892 4987 2073 5039 nollet
2099 4986 2375 5055 recipere,
2408 4982 2587 5055 super
2620 4999 2823 5055 corpus
2856 4983 3009 5055 beati
3039 4982 3190 5055 Petri
3220 4982 3437 5051 jactare
3481 5001 3585 5036 vo-

1893 5058 2016 5122 luit,
2074 5062 2130 5110 et
2183 5053 2235 5109 a_
2260 5053 2591 5109 custodibus
2637 5053 2981 5123 prohibitus,
3034 5053 3264 5106 eosdem
3322 5055 3584 5107 custodes

1892 5144 2022 5180 cum
2050 5126 2295 5179 fustibus
2332 5132 2447 5178 tam
2476 5126 2595 5194 ipse
2636 5139 2810 5193 quam
2842 5129 2899 5176 et
2927 5123 3014 5175 sui
3044 5124 3349 5191 complices
3387 5126 3585 5179 verbe-

1894 5214 2019 5250 rare
2048 5201 2365 5266 cmperunt,
2400 5195 2542 5266 adeo
2588 5201 2651 5248 ut
2682 5210 2831 5247 unus
2876 5194 3089 5247 ibidem
3134 5196 3351 5248 occisus
3390 5196 3583 5251 fuerit.

1889 5269 2045 5322 Tunc
2090 5265 2279 5337 ipsum
2308 5265 2583 5337 scriptum
2635 5281 2807 5337 super
2846 5281 3051 5335 corpus
3098 5266 3251 5319 beati
3302 5267 3451 5320 Petri
3496 5268 3584 5337 ja-

1890 5339 2080 5403 ctavit,
2116 5336 2301 5405 seque
2349 5336 2529 5389 isdem
2572 5340 2627 5389 et
2664 5336 2761 5406 qui
2793 5352 2922 5408 cum
2965 5352 3031 5389 eo
3081 5344 3359 5391 venerunt
3404 5336 3589 5408 evagi-

1890 5408 2038 5462 natis
2087 5408 2296 5476 gladiis
2347 5408 2734 5477 protegentes,
2787 5407 2856 5461 de
2912 5408 3148 5460 ecclesia
3195 5408 3475 5473 exierunt,
3523 5407 3589 5462 ret

1889 5480 1956 5532 ad
2002 5478 2384 5531 Guntharium
2422 5483 2652 5547 peracto
2707 5478 2956 5548 lugendo
3002 5479 3232 5549 negotio
3290 5480 3582 5533 rederunt.
