3890 6230
321 262 423 313 379

1452 255 1834 311 GUNTHARII
1872 252 2325 310 COLONIENSIS
2363 252 2678 308 EPISCOPI
3724 257 3804 307 380

320 389 810 457 ctarumlprecum
858 385 1059 439 solatia
1105 386 1386 439 instanter
1424 384 1787 455 impendatis,
1839 389 1895 438 et
1943 399 2013 437 ne
2051 388 2097 440 Α
2129 384 2357 448 remini,
2416 384 2566 454 quod
2614 384 2902 454 longiores
2960 385 3184 456 agimus
3240 400 3450 439 moras.
3514 384 3806 438 Dominum

319 475 631 530 turbemini
662 492 850 546 neque
879 475 1210 529 terreamini
1242 491 1343 546 pro
1388 474 1496 541 his,
1530 491 1661 544 quaa
1691 475 1842 527 fama
1870 473 2012 528 forte

320 564 392 618 de
434 564 593 617 nobis
622 580 685 616 ac
720 563 880 617 vobis
928 563 1216 616 sinistrius
1255 563 1505 616 nuntiat.
1550 561 1906 617 Conﬁdimus
1944 562 2013 615 de

321 651 546 706 Domini
589 651 770 705 nostri
819 651 1266 705 clementissima
1311 651 1589 715 bonitate,
1639 651 1775 721 quia
1824 665 2013 720 neque

318 740 381 792 in
412 756 609 810 regem
639 744 900 793 nostrum
934 756 1117 810 neque
1152 740 1212 793 in
1246 756 1370 807 nos,
1405 739 1722 809 opitulante
1756 740 1869 792 Deo
1904 738 2011 791 ini—

319 829 601 882 micorum
634 829 1028 898 praevalcbunt
1062 828 1307 894 insidiaa,
1348 842 1535 898 neque
1582 828 1916 898 gaudebunt
1944 827 2014 881 de

320 916 486 970 nobis
524 917 831 970 adversarii
871 916 1070 970 nostri.
1114 918 1255 971 Nam
1285 916 1542 986 quamvis
1570 916 1818 969 domnus
1848 916 2013 970 Nico-

321 1007 443 1059 laus
474 1006 573 1076 qui
603 1006 809 1059 dicitur
837 1023 1003 1076 papa,
1037 1010 1094 1060 et
1116 1006 1217 1076 qui
1262 1022 1320 1059 se
1352 1006 1671 1075 apostolum
1701 1005 1851 1059 inter
1881 1022 2017 1075 apo-

322 1096 496 1149 stolos
526 1100 888 1160 annumerat,
931 1096 1222 1164 totiusque
1256 1093 1456 1147 mundi
1502 1093 1917 1164 imperatorem
1956 1111 2013 1147 se

322 1183 474 1250 facit,
520 1183 589 1235 ad
632 1183 863 1235 illorum
903 1182 1232 1235 instinctum
1275 1185 1327 1234 et
1368 1186 1583 1246 votum,
1627 1181 1835 1251 quibus
1872 1198 2015 1234 con—

322 1272 567 1342 spiratus
610 1272 795 1325 favere
846 1270 1219 1341 dignoscitur,
1273 1286 1373 1323 nos
1414 1270 1688 1323 damnare
1724 1270 2009 1335 voluisset,

325 1365 518 1414 tamen
560 1361 744 1414 modis
784 1360 1052 1413 omnibus
1089 1359 1310 1413 Christo
1340 1358 1592 1429 propitio
1633 1376 1749 1412 suae
1779 1359 2014 1413 insaniae

324 1450 633 1503 renitentes
678 1448 913 1514 invenit,
952 1453 1003 1503 et
1051 1448 1332 1518 quidquid
1374 1449 1509 1502 inde
1541 1448 1693 1515 fecit,
1737 1465 1855 1501 non
1892 1465 2013 1502 me-

324 1538 594 1592 diocriter
622 1538 787 1591 illum
818 1537 1189 1607 postmodum
1223 1537 1509 1607 paenituit.
1564 1538 1817 1591 Misimus
1853 1539 2016 1591 vobis

321 1627 441 1681 haec
469 1627 786 1697 subscripta
815 1627 1085 1696 capitula,
1117 1627 1340 1697 iquihus
1379 1626 1731 1696 cognoscatis
1761 1631 2015 1681 nostram

2122 488 2314 542 regem
2347 478 2610 526 nostrum
2639 476 2757 526 tam
2790 489 2892 543 per
2920 489 3016 527 vos
3065 473 3219 542 ipsos
3260 490 3437 544 quam
3467 474 3589 543 'per
3618 479 3807 526 vestros

2125 561 2327 614 missos
2355 566 2410 615 et
2439 562 2655 615 litteras
2685 561 2892 632 saepius
2924 561 3147 616 visitata
3181 568 3236 615 et
3276 562 3623 629 confortate,
3664 562 3808 632 eique

2125 665 2498 720 quoscunque
2562 651 2799 721 potestis
2860 651 3070 705 amicos
3137 654 3193 705 et
3249 651 3449 705 ﬁdeles
3509 651 3805 713 conciliate,

2124 738 2371 792 maxime
2405 739 2751 793 Ludovicum
2783 755 2980 810 regem
3013 740 3375 793 admonendo
3414 756 3654 810 semper
3690 739 3807 792 invi-

2124 832 2259 893 tate,
2283 832 2339 881 et
2367 844 2497 881 cum
2536 828 2635 881 illo
2664 828 2734 882 de
2762 828 3060 881 communi
3089 827 3336 882 utilitate
3372 827 3690 896 diligenter
3733 827 3802 879 in-

2126 916 2357 987 quirite,
2393 917 2666 987 quoniam
2698 918 2757 970 in
2787 933 2923 987 pace
2961 932 3163 971 eorum
3193 933 3396 987 regum
3428 917 3525 986 [ιιι.
3568 915 3803 985 regnum:

2126 1005 2233 1058 erit
2280 1022 2391 1074 pax
2440 1011 2654 1059 nostra.
2704 1009 2883 1078 Auno
2930 1007 3123 1060 animo
3177 1010 3353 1059 estote
3398 1013 3457 1059 et
3512 1006 3809 1076 tranquillo

2125 1094 2312 1161 corde,
2350 1094 2566 1148 domini
2600 1095 2825 1161 fratres,
2869 1096 3004 1166 quia
3056 1096 3173 1149 Deo
3216 1096 3435 1149 volente
3480 1095 3630 1147 talia
3671 1095 3809 1147 vobis

2124 1182 2391 1235 nuntiare
2434 1199 2752 1251 speramus,
2795 1184 2855 1236 in
2900 1184 3109 1254 quibus
3157 1184 3371 1255 absque
3411 1200 3615 1237 errore
3660 1188 3805 1253 pote-

2122 1271 2250 1325 ritis
2296 1271 2589 1325 advertere
2643 1272 2909 1342 spiritum
2963 1272 3190 1325 Domini
3233 1272 3535 1326 docentem
3591 1272 3728 1342 quid
3768 1276 3810 1321 et

2125 1361 2409 1429 quomodo
2452 1376 2621 1430 agere
2660 1360 2930 1413 debeatis.
2976 1360 3221 1413 Tantum
3270 1359 3628 1413 omnimodis
3678 1376 3811 1430 pra:-

2125 1448 2306 1501 fatum
2338 1465 2529 1519 regem
2559 1465 2925 1501 commonere
2960 1457 3173 1512 curate,
3210 1454 3270 1501 ut
3296 1449 3449 1501 inter
3482 1449 3672 1501 varias
3704 1466 3812 1517 sug-

2126 1538 2412 1607 gestiones
2460 1538 2540 1591 ita
2592 1544 2821 1591 maneat
2850 1538 3200 1607 ,inimobilis,
3248 1537 3427 1592 donec
3478 1542 3540 1591 et
3587 1537 3706 1607 ipse
3746 1553 3815 1589 rev

2126 1642 2257 1679 rum
2322 1642 2519 1680 causas
2571 1633 2893 1697 cognoscat.
2946 1626 3247 1692 Caeterum,
3308 1625 3806 1679 desiderantissimi

322 1718 593 1771 adversus
648 1717 951 1787 praefatum
1009 1716 1343 1787 pontiﬁcem
1400 1716 1846 1788 querimoniam.
1904 1717 2016 1770 Nos
2055 1695 2095 1748 Β
2125 1714 2349 1781 fratres,
2380 1717 2763 1769 necessarium
2810 1715 2971 1770 vobis
3015 1721 3101 1769 est
3149 1720 3206 1768 et
3250 1716 3418 1769 laude
3461 1715 3725 1785 dignum,
3760 1720 3811 1767 ut

325 1810 519 1859 autem
550 1806 763 1876 egressi
792 1821 825 1858 a
855 1806 1033 1859 Roma
1065 1806 1409 1875 longiusque
1437 1805 1785 1869 recedentes,
1808 1805 2015 1859 iterum
2115 1804 2461 1874 promissam
2504 1805 2627 1874 regi
2658 1809 2856 1859 nostro
2888 1804 3060 1858 ﬁdem
3106 1820 3297 1857 coram
3331 1805 3446 1857 Deo
3479 1808 3538 1857 et
3570 1803 3805 1856 homini-

326 1894 399 1947 ad
449 1895 692 1949 Romam
746 1894 995 1948 revocati
1048 1910 1261 1948 sumus.
1324 1894 1446 1958 Quo
1505 1911 1607 1948 nos
1672 1893 2015 1963 incipientes

327 1981 556 2050 reverti,
598 1982 700 2035 has
736 1982 897 2035 vobis
946 1982 1227 2037 litterulas
1270 1983 1622 2054 scripsimus,
1658 1987 1722 2035 ut
1764 1998 1880 2035 non
1912 1981 2017 2035 mi-

2116 1894 2223 1947 bus
2282 1893 2688 1947 inviolabiliter
2749 1910 3166 1948 conservemus.

2114 1998 2215 2035 vos
2247 1982 2303 2035 in
2336 1999 2437 2036 suo
2460 1988 2653 2036 sancto
2676 1983 2906 2037 servitio
2939 1998 3274 2036 conservare
3307 1981 3602 2052 dignetur.

3242 1894 3389 1946 Deus
3444 1892 3799 1962 omnipotens

1540 2252 2034 2326 INCIPIUNT
2090 2252 2584 2326 CAPITULA.

392 2527 521 2581 CAP.
556 2526 695 2578 I.—
740 2523 910 2590 Audi,
959 2523 1169 2577 domne
1217 2538 1368 2593 papa
1414 2521 1670 2588 Nicolae;
1722 2526 1911 2592 patres
1959 2527 2018 2575 et

321 2613 524 2667 fratres
554 2611 873 2683 coepiscopi
903 2610 1083 2665 nostri
1112 2612 1179 2665 ad
1212 2616 1267 2665 te
1298 2628 1402 2664 nos
1443 2611 1793 2677 direxerunt,
1828 2615 1882 2664 et
1913 2626 2018 2664 nos

324 2707 527 2772 sponte
562 2702 853 2766 venimus,
893 2702 1189 2756 consulere
1228 2700 1491 2754 videlicet
1533 2705 1696 2754 tuum
1754 2700 2017 2770 magiste-

323 2793 472 2845 rium
504 2808 676 2863 super
707 2791 793 2845 his
825 2808 952 2861 quae
985 2790 1219 2860 pariter,
1256 2794 1432 2859 prout
1470 2789 1635 2842 nobis
1674 2789 1855 2842 visum
1885 2788 2011 2854 fuit,

324 2885 382 2935 et
407 2880 811 2951 adjicientibus
836 2885 893 2933 et
931 2879 1381 2950 approbantibus
1412 2882 1612 2931 notum
1653 2894 1772 2931 esse
1806 2878 2011 2948 potuit,

2124 2522 2336 2592 pimus,
2369 2521 2486 2575 imo
2526 2537 2655 2575 cum
2705 2520 2864 2574 omni
2907 2525 3053 2575 coetu
3094 2521 3348 2575 fraterno
3384 2521 3553 2592 quasi
3600 2518 3811 2575 maledi-

2125 2616 2280 2664 ctum
2301 2610 2512 2664 frustra
2542 2610 2830 2680 prolatum
2853 2610 3272 2663 contemnimus
3296 2615 3466 2680 atque
3500 2610 3809 2679 abjicimus.

2122 2700 2392 2769 Teipsum
2442 2715 2694 2770 quoque,
2750 2699 3034 2752 damnatis
3083 2704 3138 2751 et
3196 2698 3700 2752 anathematizatis
3744 2715 3815 2750 sa-

2123 2803 2394 2857 cramque
2433 2787 2777 2858 religionem
2806 2787 3206 2857 abjicientibus
3236 2804 3299 2840 ac
3325 2788 3814 2841 contemnentibus

2125 2876 2409 2931 faventem
2468 2883 2523 2930 et
2564 2877 3107 2942 communicantem,
3161 2876 3221 2929 in
3252 2882 3506 2930 nostram
3568 2892 3811 2930 commu-

318 2969 722 3038 judicavimus,
781 2968 1147 3021 auctoritates
1201 2968 1565 3035 rationesque
1632 2983 1773 3036 quas
1839 2967 2016 3020 secuti
2059 2966 2360 3059 Cnionem
2417 2971 2795 3035 nostrumque
2849 2966 3197 3019 consortium
3241 2966 3495 3035 recipere
3542 2968 3811 3029 nolumus,

323 3057 537 3111 fuimus
586 3056 811 3126 scriptis
864 3057 1249 3121 ostendentes,
1312 3061 1378 3108 ut
1425 3060 1525 3108 tua
1573 3054 1849 3124 sapientia
1893 3070 2021 3124 per-

325 3145 585 3199 scrutatis
632 3145 920 3203 omnibus.
967 3144 1067 3214 qui
1114 3144 1249 3196 inde
1302 3143 1534 3196 sentiret
1579 3148 1634 3195 et
1682 3142 1820 3212 quid
1853 3144 2020 3196 vellet

326 3235 487 3288 nobis
518 3236 955 3287 demonstraret.
998 3234 1064 3286 Et
1102 3233 1149 3284 si
1184 3232 1327 3285 illud
1375 3232 1577 3285 melius
1607 3236 1705 3285 tua
1753 3233 2020 3285 sanctitas

325 3322 635 3390 inveniret,
674 3328 738 3376 ut
781 3338 885 3375 nos
928 3322 1237 3374 instrueres
1285 3324 1341 3373 et
1393 3321 1628 3374 doceres
1668 3320 1795 3385 hoc,
1836 3320 2022 3373 humi-

324 3410 459 3464 liter
497 3410 876 3480 postulamus,
929 3407 1112 3479 parati
1143 3406 1427 3477 quidquid
1470 3408 1675 3460 rectius
1723 3413 1778 3460 et
1817 3408 2021 3478 proba-

324 3499 516 3553 biliter
544 3499 883 3564 insinuares,
929 3514 1044 3551 una
1072 3512 1203 3550 cum
1253 3496 1634 3550 confratribus
1673 3497 1883 3550 nostris
1923 3513 2013 3550 sa-

325 3588 415 3642 nis
440 3587 800 3659 acquiescere
822 3586 1204 3641 documentis.

393 3677 521 3733 CAP.
582 3678 652 3731 II.
683 3707 751 3715 —
795 3676 904 3731 Sed
945 3692 1047 3728 nos
1093 3690 1198 3745 per
1245 3679 1359 3727 tres
1413 3674 1801 3728 hebdomadas
1856 3678 2019 3728 tuum

324 3772 711 3836 exspectantes
759 3781 1124 3835 responsum,
1169 3764 1312 3817 nihil
1360 3763 1722 3817 certitudinis
1762 3764 2019 3834 nihilque

322 3855 593 3909 doctrinas
633 3855 795 3909 nobis
833 3854 1178 3924 expressisti,
1219 3852 1318 3907 sed
1357 3858 1582 3905 tantum
1634 3851 1884 3923 quodam
1928 3853 2020 3905 die

323 3944 382 3998 in
423 3944 651 4013 publico
700 3943 914 4009 dixisti,
968 3959 1075 3995 nos
1126 3941 1475 3995 excusabiles
1524 3957 1801 4011 apparere
1844 3945 1901 3994 et
1938 3942 2021 3994 in-

323 4038 594 4087 nocentes
618 4032 779 4100 juxta
807 4031 989 4085 nostri
1017 4031 1391 4083 assertionem
1421 4030 1620 4084 libelli.

396 4120 646 4173 CAP.III.
686 4147 759 4159 —
800 4119 885 4173 Ad
954 4119 1220 4171 ultimum
1277 4135 1379 4171 nos
1426 4117 1661 4183 evocati,
1730 4117 1800 4170 ad
1860 4121 2017 4171 tuam

324 4207 688 4279 praesentiam
743 4206 967 4260 deducti
1010 4223 1205 4260 sumus
1247 4207 1389 4259 nihil
1440 4206 1798 4260 adversitatis
1830 4207 2017 4277 suspi-

2132 3054 2382 3108 contenti
2421 3054 2594 3108 totius
2627 3054 2885 3108 Ecclesiae
2915 3055 3316 3108 communione
3348 3059 3403 3107 et
3451 3055 3708 3108 fraterna
3743 3070 3813 3105 so-

2131 3144 2353 3211 cietate,
2398 3159 2569 3215 quam
2627 3149 2684 3197 tu
2726 3147 3062 3212 arroganter
3087 3148 3141 3196 te
3175 3142 3611 3212 superexaltans
3642 3139 3811 3208 despi-

2131 3233 2228 3298 cis,
2266 3238 2438 3303 teque
2471 3233 2540 3286 ah
2579 3249 2645 3286 ea
2689 3232 2954 3285 elationis
2994 3237 3221 3285 tumore
3260 3231 3573 3300 indignum
3619 3230 3813 3283 faciens

2132 3327 2474 3392 sequestras.

2202 3411 2327 3464 CAP.
2363 3411 2426 3465 V.
2459 3441 2529 3449 —
2560 3409 2742 3480 Igitur
2781 3425 2850 3463 ex
2897 3414 3011 3462 tum
3054 3407 3296 3461 levitatis
3336 3407 3669 3460 temeritate
3710 3420 3814 3475 pro-

2129 3499 2256 3569 pria
2284 3498 2514 3552 tibimet
2543 3497 2831 3553 sententia
2870 3497 3248 3551 anathematis
3289 3499 3508 3566 pestem
3544 3492 3809 3553 inﬂixisti,

2130 3589 2500 3641 exclamans:
2569 3588 2672 3653 Qui
2740 3589 3036 3655 apostolica
3100 3589 3371 3654 praecepta
3449 3600 3561 3639 non
3632 3588 3813 3646 servat,

2130 3678 2419 3730 anathema
2450 3681 2541 3741 sit,
2577 3693 2706 3746 qua:
2733 3681 2791 3728 tu
2823 3674 3219 3744 multipliciter
3260 3673 3471 3726 violare
3503 3678 3564 3726 et
3594 3672 3813 3725 violasse

2131 3765 2502 3835 dignosceris,
2552 3766 2768 3819 divinas
2820 3764 2989 3817 simul
3036 3764 3188 3833 leges
3245 3767 3300 3815 et
3350 3778 3540 3815 sacros
3588 3775 3812 3815 canones

2131 3859 2413 3925 quantum
2469 3854 2526 3908 in
2575 3858 2629 3907 te
2680 3858 2764 3907 est
2814 3868 3112 3913 evacuans,
3165 3851 3651 3921 praedecessorum
3701 3854 3814 3901 tuo-

2128 3959 2279 4004 rum,
2339 3943 2677 4012 pontiﬁcum
2739 3944 3145 4006 Romanorum,
3205 3940 3440 4010 vestigia
3500 3939 3669 4009 sequi
3732 3954 3813 3990 no-

2130 4032 2275 4085 lens.

2202 4122 2328 4175 CAP.
2364 4120 2450 4172 VI.
2483 4150 2551 4158 —-
2582 4120 2743 4173 Nunc
2776 4134 2914 4188 ergo
2962 4117 3097 4188 quia
3140 4116 3593 4170 fraudulentiam
3642 4118 3694 4166 et
3720 4112 3812 4165 cal-

2131 4209 2409 4263 liditatem
2435 4214 2596 4262 tuam
2634 4207 2853 4278 experti
2896 4223 3115 4272 sumus,
3162 4221 3280 4258 non
3312 4205 3475 4275 quasi
3505 4204 3581 4258 ad
3614 4204 3812 4256 illatam

326 4302 535 4361 cantes,
597 4295 792 4365 ibique
853 4294 1127 4348 obseratis
1179 4295 1342 4348 ostiis
1398 4295 1818 4364 conspiratione
1860 4311 2016 4349 more
2056 4290 2295 4351 Dnobis
2361 4296 2767 4350 contumeliam
2834 4294 3122 4366 provocati
3189 4308 3405 4355 sumus,
3472 4293 3575 4346 sed
3634 4294 3808 4344 contra

328 4383 644 4441 latrocinali
674 4383 842 4451 facta,
897 4389 953 4437 et
981 4399 1046 4437 ex
1079 4383 1294 4437 clericis
1341 4388 1397 4437 et
1432 4384 1585 4437 laicis
1636 4384 1802 4437 turba
1858 4385 2022 4437 colle-

324 4480 415 4530 cta
443 4478 499 4528 et
531 4472 823 4543 permista,
857 4488 962 4526 nos
1011 4472 1337 4542 opprimere
1372 4473 1522 4525 inter
1571 4477 1762 4547 tantos
1806 4472 2019 4526 violen-

325 4571 413 4619 ter
441 4562 729 4630 studuisti,
762 4568 933 4633 atque
961 4561 1085 4615 sine
1118 4562 1333 4631 synodo
1368 4566 1425 4614 et
1458 4561 1726 4613 canonico
1760 4562 2021 4615 examine

326 4652 483 4705 nullo
534 4652 853 4715 accusante,
904 4648 1065 4703 nullo
1108 4648 1468 4713 testificante,
1512 4648 1782 4717 nullaque
1824 4648 2020 4717 dispu-

326 4740 559 4796 tationis
591 4738 944 4793 districtione
987 4736 1292 4791 dirimente
1328 4737 1414 4789 vel
1459 4735 1852 4790 auctoritatem
1898 4752 2022 4806 pro-

324 4830 551 4884 batione
582 4828 969 4895 convincente,
1011 4827 1227 4896 absque
1277 4826 1455 4879 nostri
1490 4825 1602 4878 oris
1643 4825 2019 4892 confessione,

326 4916 653 4971 absentibus
691 4916 818 4969 aliis
868 4914 1325 4984 metropolitanis
1363 4918 1419 4967 et
1450 4912 1782 4967 dioecesanis
1829 4913 2019 4983 coepi-

327 5004 509 5074 scopis
537 5008 593 5057 et
632 5003 1012 5057 confratribus
1043 5001 1267 5066 nostris,
1303 5006 1461 5055 extra
1495 5000 1754 5054 omnium
1786 5002 2020 5054 omnino

327 5108 669 5147 consensum
717 5097 816 5145 tuo
858 5091 1037 5144 solius
1086 5090 1321 5144 arbitrio
1369 5095 1425 5144 et
1481 5088 1775 5161 tyrannico
1831 5089 2020 5143 furore

328 5181 603 5235 damnare
634 5184 860 5233 nosmet
881 5179 1133 5234 voluisti.

399 5270 528 5324 CAP.
560 5271 645 5324 IV.
677 5300 744 5309 —
792 5270 901 5324 Sed
950 5275 1107 5323 tuam
1166 5269 1525 5324 maledictam
1577 5267 1940 5333 sententiam,
1991 5282 2023 5321 a

329 5362 569 5428 paterna
617 5358 968 5427 benignitate
1027 5359 1296 5424 alienam,
1348 5376 1381 5412 a
1435 5359 1687 5412 fraterna
1746 5356 2021 5411 charitate

329 5452 684 5514 extraneam,
719 5448 1019 5501 adversum
1070 5465 1170 5501 nos
1213 5448 1424 5517 injuste
1463 5452 1518 5501 et
1546 5446 2021 5500 irrationabiliter

330 5540 528 5589 contra
575 5536 732 5609 leges
774 5536 1073 5591 canonicas
1114 5536 1421 5607 prolatam,
1460 5551 1820 5607 nequaquam
1870 5533 2019 5588 reci-

2131 4392 2288 4441 tuam
2338 4386 2699 4456 iniquitatem
2736 4385 2856 4438 zelo
2910 4382 3149 4449 accensi,
3200 4398 3304 4435 nec
3343 4385 3559 4435 nostrae
3600 4376 3810 4433 vilitatis

2129 4491 2435 4547 personam
2489 4474 2865 4538 attendentes,
2924 4472 3021 4525 sed
3089 4486 3323 4524 omnem
3370 4470 3555 4523 nostri
3613 4465 3809 4522 ordinis

2128 4564 2568 4619 universitatem
2625 4563 2717 4616 cui
2772 4561 2889 4615 vim
2927 4560 3138 4615 inferre
3188 4558 3414 4613 conaris
3480 4575 3603 4629 prae
3652 4554 3808 4610 oculis

2129 4654 2424 4707 habentes.

2193 4743 2319 4797 CAP.
2355 4741 2472 4794 VII.
2504 4770 2574 4779 —
2626 4739 2770 4803 Quid
2833 4743 3041 4792 nostra:
3098 4736 3359 4807 specialis
3411 4730 3809 4805 propositionis

2131 4846 2358 4884 summa
2395 4830 2586 4894 fuerit,
2642 4828 2703 4880 in
2741 4827 2935 4897 paucis
2987 4825 3351 4895 replicamus.
3399 4825 3506 4878 Lex
3540 4822 3727 4878 divina
3764 4823 3811 4872 et

2130 4919 2405 4974 canonica
2435 4918 2731 4987 aptissime
2778 4916 3005 4987 probat,
3046 4914 3219 4968 etiam
3258 4914 3599 4967 venerandae
3639 4906 3810 4963 saeculi

2131 5008 2284 5078 leges
2325 5007 2728 5077 astipulantur,
2771 5006 2924 5076 quod
2962 5002 3107 5058 nulli
3147 5003 3277 5056 licet
3318 5002 3631 5071 ingenuam
3662 4996 3810 5066 virgi-

2130 5113 2263 5151 nem
2308 5096 2479 5150 alicui
2519 5096 2638 5150 viro
2689 5094 2913 5148 tradere
2970 5092 3031 5146 in
3068 5091 3538 5153 concubinatum,
3584 5087 3805 5143 maxime

2129 5186 2176 5238 si
2240 5185 2341 5238 illa
2405 5185 2597 5254 puella
2660 5198 2959 5253 nunquam
3024 5180 3236 5234 illicitae
3315 5179 3587 5233 assentire
3652 5173 3809 5229 voluit

2131 5273 2378 5342 coiiulae;
2416 5277 2473 5326 et
2503 5273 2641 5343 quia
2684 5288 2788 5325 suo
2824 5271 2947 5325 viro
2998 5274 3305 5340 parentum
3350 5282 3650 5333 consensu,
3690 5262 3803 5323 lida,

2132 5359 2336 5413 affectu
2385 5360 2505 5430 [al.,
2552 5359 2777 5432 effectu]
2830 5375 2893 5411 ac
2939 5356 3243 5411 dilectione
3284 5355 3579 5425 conjugali
3620 5350 3807 5406 sociata

2133 5454 2236 5509 est,
2271 5463 2412 5502 uxor
2441 5448 2718 5519 profecto,
2746 5463 2866 5501 non
2896 5445 3235 5513 concubina,
3272 5443 3538 5499 habenda
3563 5443 3650 5498 sit.
