  <div class='ocr_page' id='page_1' title='image "/cluster/home/n/w/nwhite01/storage/ocr_20150623/121/uva.x000827051/198.png"; bbox 0 0 3890 6230; ppageno 0'>
   <div class='ocr_carea' id='block_1_1' title="bbox 82 306 168 357">
    <p class='ocr_par' dir='ltr' id='par_1_1' title="bbox 82 306 168 357">
     <span class='ocr_line' id='line_1_1' title="bbox 82 306 168 357; baseline 0 0"><span class='ocrx_word' id='word_1_1' title='bbox 82 306 168 357; x_wconf 79' lang='grc'>381</span> 
     </span>
    </p>
   </div>
   <div class='ocr_carea' id='block_1_2' title="bbox 1134 300 3588 359">
    <p class='ocr_par' dir='ltr' id='par_1_2' title="bbox 1134 300 3588 359">
     <span class='ocr_line' id='line_1_2' title="bbox 1134 300 3588 359; baseline -0.003 0"><span class='ocrx_word' id='word_1_2' title='bbox 1134 304 1350 359; x_wconf 88' lang='lat' dir='ltr'>EPIST.</span> <span class='ocrx_word' id='word_1_3' title='bbox 1392 302 1484 357; x_wconf 82' lang='lat' dir='ltr'>AD</span> <span class='ocrx_word' id='word_1_4' title='bbox 1526 302 1900 359; x_wconf 80' lang='lat' dir='ltr'>EPISCOPOS</span> <span class='ocrx_word' id='word_1_5' title='bbox 1938 302 2151 359; x_wconf 81' lang='lat' dir='ltr'>REGNI</span> <span class='ocrx_word' id='word_1_6' title='bbox 2192 300 2537 357; x_wconf 86' lang='lat' dir='ltr'>LUDOVICI.</span> <span class='ocrx_word' id='word_1_7' title='bbox 3485 301 3588 353; x_wconf 82' lang='lat'>382</span> 
     </span>
    </p>
   </div>
   <div class='ocr_carea' id='block_1_3' title="bbox 1213 578 2499 653">
    <p class='ocr_par' dir='ltr' id='par_1_3' title="bbox 1213 578 2499 653">
     <span class='ocr_line' id='line_1_3' title="bbox 1213 578 2499 653; baseline -0.002 0"><span class='ocrx_word' id='word_1_8' title='bbox 1213 579 1874 653; x_wconf 84' lang='lat' dir='ltr'>RETRACTATIO</span> <span class='ocrx_word' id='word_1_9' title='bbox 1963 578 2354 651; x_wconf 89' lang='lat' dir='ltr'>GUNTHA</span> <span class='ocrx_word' id='word_1_10' title='bbox 2365 578 2499 650; x_wconf 84' lang='lat' dir='ltr'>RII</span> 
     </span>
    </p>
   </div>
   <div class='ocr_carea' id='block_1_4' title="bbox 1506 732 2176 789">
    <p class='ocr_par' dir='ltr' id='par_1_4' title="bbox 1506 732 2176 789">
     <span class='ocr_line' id='line_1_4' title="bbox 1506 732 2176 789; baseline -0.003 -1"><span class='ocrx_word' id='word_1_11' title='bbox 1506 732 1831 789; x_wconf 83' lang='lat' dir='ltr'>ADRIANO</span> <span class='ocrx_word' id='word_1_12' title='bbox 1871 733 1921 787; x_wconf 91' lang='grc' dir='ltr'>ΙΙ</span> <span class='ocrx_word' id='word_1_13' title='bbox 1963 733 2176 788; x_wconf 86' lang='lat' dir='ltr'>DATA.</span> 
     </span>
    </p>
   </div>
   <div class='ocr_carea' id='block_1_5' title="bbox 151 993 3593 1068">
    <p class='ocr_par' dir='ltr' id='par_1_5' title="bbox 151 993 3593 1068">
     <span class='ocr_line' id='line_1_5' title="bbox 151 993 3593 1068; baseline -0.001 -17"><span class='ocrx_word' id='word_1_14' title='bbox 151 996 430 1051; x_wconf 85' lang='lat' dir='ltr'>Proﬁteor</span> <span class='ocrx_word' id='word_1_15' title='bbox 487 1013 595 1067; x_wconf 88' lang='lat' dir='ltr'>ego</span> <span class='ocrx_word' id='word_1_16' title='bbox 644 996 990 1051; x_wconf 82' lang='lat' dir='ltr'>Guntliarius</span> <span class='ocrx_word' id='word_1_17' title='bbox 1045 1012 1238 1050; x_wconf 89' lang='lat' dir='ltr'>coram</span> <span class='ocrx_word' id='word_1_18' title='bbox 1296 998 1411 1051; x_wconf 92' lang='lat' dir='ltr'>Deo</span> <span class='ocrx_word' id='word_1_19' title='bbox 1460 1000 1516 1050; x_wconf 89' lang='lat' dir='ltr'>et</span> <span class='ocrx_word' id='word_1_20' title='bbox 1571 995 1779 1050; x_wconf 83' lang='lat' dir='ltr'>sanctis</span> <span class='ocrx_word' id='word_1_21' title='bbox 1817 998 1861 1050; x_wconf 83' lang='lat' dir='ltr'><strong>A</strong></span> <span class='ocrx_word' id='word_1_22' title='bbox 1892 996 2222 1068; x_wconf 83' lang='lat' dir='ltr'>pontiﬁcem</span> <span class='ocrx_word' id='word_1_23' title='bbox 2263 995 2496 1068; x_wconf 84' lang='lat' dir='ltr'>aliquod</span> <span class='ocrx_word' id='word_1_24' title='bbox 2528 996 2857 1050; x_wconf 85' lang='lat' dir='ltr'>scandalum</span> <span class='ocrx_word' id='word_1_25' title='bbox 2885 995 2973 1048; x_wconf 85' lang='lat' dir='ltr'>vel</span> <span class='ocrx_word' id='word_1_26' title='bbox 3021 994 3335 1065; x_wconf 85' lang='lat' dir='ltr'>quidquam</span> <span class='ocrx_word' id='word_1_27' title='bbox 3369 993 3593 1048; x_wconf 82' lang='lat' dir='ltr'>adversi</span> 
     </span>
    </p>
   </div>
   <div class='ocr_carea' id='block_1_6' title="bbox 78 1084 1780 1155">
    <p class='ocr_par' dir='ltr' id='par_1_6' title="bbox 78 1084 1780 1155">
     <span class='ocr_line' id='line_1_6' title="bbox 78 1084 1780 1155; baseline -0.001 -16"><span class='ocrx_word' id='word_1_28' title='bbox 78 1085 225 1155; x_wconf 87' lang='lat' dir='ltr'>ejus,</span> <span class='ocrx_word' id='word_1_29' title='bbox 249 1085 433 1149; x_wconf 90' lang='lat' dir='ltr'>vobis,</span> <span class='ocrx_word' id='word_1_30' title='bbox 470 1086 715 1139; x_wconf 91' lang='lat' dir='ltr'>Domino</span> <span class='ocrx_word' id='word_1_31' title='bbox 752 1102 880 1139; x_wconf 90' lang='lat' dir='ltr'>meo</span> <span class='ocrx_word' id='word_1_32' title='bbox 913 1084 1156 1139; x_wconf 82' lang='lat' dir='ltr'>Adriano</span> <span class='ocrx_word' id='word_1_33' title='bbox 1180 1101 1405 1139; x_wconf 90' lang='lat' dir='ltr'>summo</span> <span class='ocrx_word' id='word_1_34' title='bbox 1432 1084 1691 1154; x_wconf 84' lang='lat' dir='ltr'>pontiﬁci</span> <span class='ocrx_word' id='word_1_35' title='bbox 1723 1089 1780 1139; x_wconf 88' lang='lat' dir='ltr'>et</span> 
     </span>
    </p>
   </div>
   <div class='ocr_carea' id='block_1_7' title="bbox 76 1174 1780 1245">
    <p class='ocr_par' dir='ltr' id='par_1_7' title="bbox 76 1174 1780 1245">
     <span class='ocr_line' id='line_1_7' title="bbox 76 1174 1780 1245; baseline 0.001 -18"><span class='ocrx_word' id='word_1_36' title='bbox 76 1174 400 1227; x_wconf 77' lang='lat' dir='ltr'>universali</span> <span class='ocrx_word' id='word_1_37' title='bbox 442 1191 631 1245; x_wconf 67' lang='lat' dir='ltr'>papae,</span> <span class='ocrx_word' id='word_1_38' title='bbox 672 1190 735 1227; x_wconf 92' lang='lat' dir='ltr'>ac</span> <span class='ocrx_word' id='word_1_39' title='bbox 782 1175 1119 1228; x_wconf 85' lang='lat' dir='ltr'>venerandis</span> <span class='ocrx_word' id='word_1_40' title='bbox 1148 1174 1253 1228; x_wconf 84' lang='lat' dir='ltr'>tibi</span> <span class='ocrx_word' id='word_1_41' title='bbox 1283 1174 1521 1228; x_wconf 89' lang='lat' dir='ltr'>subditis</span> <span class='ocrx_word' id='word_1_42' title='bbox 1554 1175 1780 1244; x_wconf 91' lang='lat' dir='ltr'>episco-</span> 
     </span>
    </p>
   </div>
   <div class='ocr_carea' id='block_1_8' title="bbox 78 1262 1783 1334">
    <p class='ocr_par' dir='ltr' id='par_1_8' title="bbox 78 1262 1783 1334">
     <span class='ocr_line' id='line_1_8' title="bbox 78 1262 1783 1334; baseline 0 -18"><span class='ocrx_word' id='word_1_43' title='bbox 78 1263 166 1333; x_wconf 88' lang='lat' dir='ltr'>pis</span> <span class='ocrx_word' id='word_1_44' title='bbox 214 1262 559 1334; x_wconf 90' lang='lat' dir='ltr'>reliquoque</span> <span class='ocrx_word' id='word_1_45' title='bbox 591 1267 892 1328; x_wconf 82' lang='lat' dir='ltr'>conventu,</span> <span class='ocrx_word' id='word_1_46' title='bbox 942 1262 1214 1333; x_wconf 89' lang='lat' dir='ltr'>quoniam</span> <span class='ocrx_word' id='word_1_47' title='bbox 1242 1262 1522 1332; x_wconf 86' lang='lat' dir='ltr'>judicium</span> <span class='ocrx_word' id='word_1_48' title='bbox 1555 1262 1783 1332; x_wconf 86' lang='lat' dir='ltr'>deposi-</span> 
     </span>
    </p>
   </div>
   <div class='ocr_carea' id='block_1_9' title="bbox 78 1350 1787 1405">
    <p class='ocr_par' dir='ltr' id='par_1_9' title="bbox 78 1350 1787 1405">
     <span class='ocr_line' id='line_1_9' title="bbox 78 1350 1787 1405; baseline 0 -1"><span class='ocrx_word' id='word_1_49' title='bbox 78 1350 255 1405; x_wconf 79' lang='lat' dir='ltr'>tionis</span> <span class='ocrx_word' id='word_1_50' title='bbox 286 1350 346 1404; x_wconf 91' lang='lat' dir='ltr'>in</span> <span class='ocrx_word' id='word_1_51' title='bbox 379 1367 472 1405; x_wconf 89' lang='lat' dir='ltr'>me</span> <span class='ocrx_word' id='word_1_52' title='bbox 500 1367 532 1403; x_wconf 89' lang='lat' dir='ltr'>a</span> <span class='ocrx_word' id='word_1_53' title='bbox 584 1351 799 1404; x_wconf 92' lang='lat' dir='ltr'>domno</span> <span class='ocrx_word' id='word_1_54' title='bbox 846 1351 1077 1405; x_wconf 87' lang='lat' dir='ltr'>Nicolao</span> <span class='ocrx_word' id='word_1_55' title='bbox 1126 1351 1399 1405; x_wconf 89' lang='lat' dir='ltr'>canonice</span> <span class='ocrx_word' id='word_1_56' title='bbox 1438 1356 1624 1405; x_wconf 89' lang='lat' dir='ltr'>totum</span> <span class='ocrx_word' id='word_1_57' title='bbox 1671 1367 1787 1405; x_wconf 92' lang='lat' dir='ltr'>non</span> 
     </span>
    </p>
   </div>
   <div class='ocr_carea' id='block_1_10' title="bbox 81 1440 1790 1510">
    <p class='ocr_par' dir='ltr' id='par_1_10' title="bbox 81 1440 1790 1510">
     <span class='ocr_line' id='line_1_10' title="bbox 81 1440 1790 1510; baseline 0.001 -19"><span class='ocrx_word' id='word_1_58' title='bbox 81 1440 470 1510; x_wconf 85' lang='lat' dir='ltr'>reprehendo,</span> <span class='ocrx_word' id='word_1_59' title='bbox 506 1440 601 1494; x_wconf 87' lang='lat' dir='ltr'>sed</span> <span class='ocrx_word' id='word_1_60' title='bbox 651 1440 947 1493; x_wconf 83' lang='lat' dir='ltr'>humiliter</span> <span class='ocrx_word' id='word_1_61' title='bbox 987 1444 1173 1506; x_wconf 88' lang='lat' dir='ltr'>porto.</span> <span class='ocrx_word' id='word_1_62' title='bbox 1220 1440 1377 1494; x_wconf 90' lang='lat' dir='ltr'>Unde</span> <span class='ocrx_word' id='word_1_63' title='bbox 1421 1456 1525 1493; x_wconf 89' lang='lat' dir='ltr'>nec</span> <span class='ocrx_word' id='word_1_64' title='bbox 1548 1440 1790 1493; x_wconf 90' lang='lat' dir='ltr'>ulterius</span> 
     </span>
    </p>
   </div>
   <div class='ocr_carea' id='block_1_11' title="bbox 1890 1082 3593 1153">
    <p class='ocr_par' dir='ltr' id='par_1_11' title="bbox 1890 1082 3593 1153">
     <span class='ocr_line' id='line_1_11' title="bbox 1890 1082 3593 1153; baseline -0.003 -14"><span class='ocrx_word' id='word_1_65' title='bbox 1890 1101 2117 1139; x_wconf 88' lang='lat' dir='ltr'>movere</span> <span class='ocrx_word' id='word_1_66' title='bbox 2147 1087 2294 1153; x_wconf 91' lang='lat' dir='ltr'>volo,</span> <span class='ocrx_word' id='word_1_67' title='bbox 2348 1086 2442 1139; x_wconf 85' lang='lat' dir='ltr'>sed</span> <span class='ocrx_word' id='word_1_68' title='bbox 2492 1086 2763 1138; x_wconf 87' lang='lat' dir='ltr'>devotum</span> <span class='ocrx_word' id='word_1_69' title='bbox 2824 1100 2915 1137; x_wconf 88' lang='lat' dir='ltr'>me</span> <span class='ocrx_word' id='word_1_70' title='bbox 2968 1083 3156 1137; x_wconf 92' lang='lat' dir='ltr'>eidem</span> <span class='ocrx_word' id='word_1_71' title='bbox 3190 1087 3392 1136; x_wconf 74' lang='lat' dir='ltr'>sanctaa</span> <span class='ocrx_word' id='word_1_72' title='bbox 3424 1082 3593 1135; x_wconf 88' lang='lat' dir='ltr'>matri</span> 
     </span>
    </p>
   </div>
   <div class='ocr_carea' id='block_1_12' title="bbox 1894 1170 3591 1245">
    <p class='ocr_par' dir='ltr' id='par_1_12' title="bbox 1894 1170 3591 1245">
     <span class='ocr_line' id='line_1_12' title="bbox 1894 1170 3591 1245; baseline -0.002 -20"><span class='ocrx_word' id='word_1_73' title='bbox 1894 1174 2153 1228; x_wconf 54' lang='lat' dir='ltr'>Ecclesia),</span> <span class='ocrx_word' id='word_1_74' title='bbox 2182 1175 2417 1245; x_wconf 88' lang='lat' dir='ltr'>ejusque</span> <span class='ocrx_word' id='word_1_75' title='bbox 2450 1172 2684 1243; x_wconf 67' lang='lat' dir='ltr'>praesuli</span> <span class='ocrx_word' id='word_1_76' title='bbox 2712 1172 2980 1225; x_wconf 84' lang='lat' dir='ltr'>exhibere</span> <span class='ocrx_word' id='word_1_77' title='bbox 3011 1176 3182 1241; x_wconf 91' lang='lat' dir='ltr'>atque</span> <span class='ocrx_word' id='word_1_78' title='bbox 3227 1170 3591 1224; x_wconf 81' lang='lat' dir='ltr'>obedientem</span> 
     </span>
    </p>
   </div>
   <div class='ocr_carea' id='block_1_13' title="bbox 1896 1258 3591 1333">
    <p class='ocr_par' dir='ltr' id='par_1_13' title="bbox 1896 1258 3591 1333">
     <span class='ocr_line' id='line_1_13' title="bbox 1896 1258 3591 1333; baseline -0.005 -16"><span class='ocrx_word' id='word_1_79' title='bbox 1896 1280 2231 1331; x_wconf 82' lang='lat' dir='ltr'>permanere</span> <span class='ocrx_word' id='word_1_80' title='bbox 2269 1266 2571 1333; x_wconf 77' lang='lat' dir='ltr'>protestor.</span> <span class='ocrx_word' id='word_1_81' title='bbox 2635 1262 2755 1330; x_wconf 83' lang='lat' dir='ltr'>Ego</span> <span class='ocrx_word' id='word_1_82' title='bbox 2805 1260 3154 1315; x_wconf 89' lang='lat' dir='ltr'>Guntharius</span> <span class='ocrx_word' id='word_1_83' title='bbox 3206 1259 3341 1312; x_wconf 89' lang='lat' dir='ltr'>huic</span> <span class='ocrx_word' id='word_1_84' title='bbox 3369 1258 3591 1328; x_wconf 90' lang='lat' dir='ltr'>profes-</span> 
     </span>
    </p>
   </div>
   <div class='ocr_carea' id='block_1_14' title="bbox 1898 1348 3588 1420">
    <p class='ocr_par' dir='ltr' id='par_1_14' title="bbox 1898 1348 3588 1420">
     <span class='ocr_line' id='line_1_14' title="bbox 1898 1348 3588 1420; baseline -0.004 -15"><span class='ocrx_word' id='word_1_85' title='bbox 1898 1351 2045 1405; x_wconf 91' lang='lat' dir='ltr'>sioni</span> <span class='ocrx_word' id='word_1_86' title='bbox 2075 1369 2105 1405; x_wconf 92' lang='lat' dir='ltr'>a</span> <span class='ocrx_word' id='word_1_87' title='bbox 2139 1368 2229 1405; x_wconf 89' lang='lat' dir='ltr'>me</span> <span class='ocrx_word' id='word_1_88' title='bbox 2260 1352 2419 1405; x_wconf 75' lang='lat' dir='ltr'>factze</span> <span class='ocrx_word' id='word_1_89' title='bbox 2453 1366 2623 1405; x_wconf 85' lang='lat' dir='ltr'>manu</span> <span class='ocrx_word' id='word_1_90' title='bbox 2658 1349 2894 1420; x_wconf 89' lang='lat' dir='ltr'>propria</span> <span class='ocrx_word' id='word_1_91' title='bbox 2930 1348 3257 1419; x_wconf 86' lang='lat' dir='ltr'>subscripsi.</span> <span class='ocrx_word' id='word_1_92' title='bbox 3304 1349 3444 1402; x_wconf 90' lang='lat' dir='ltr'>Data</span> <span class='ocrx_word' id='word_1_93' title='bbox 3476 1348 3588 1399; x_wconf 85' lang='lat' dir='ltr'>Ka-</span> 
     </span>
    </p>
   </div>
   <div class='ocr_carea' id='block_1_15' title="bbox 1900 1434 3595 1508">
    <p class='ocr_par' dir='ltr' id='par_1_15' title="bbox 1900 1434 3595 1508">
     <span class='ocr_line' id='line_1_15' title="bbox 1900 1434 3595 1508; baseline -0.004 -15"><span class='ocrx_word' id='word_1_94' title='bbox 1900 1441 2096 1495; x_wconf 87' lang='lat' dir='ltr'>lendas</span> <span class='ocrx_word' id='word_1_95' title='bbox 2151 1440 2305 1508; x_wconf 85' lang='lat' dir='ltr'>Julii,</span> <span class='ocrx_word' id='word_1_96' title='bbox 2337 1439 2647 1493; x_wconf 90' lang='lat' dir='ltr'>indictione</span> <span class='ocrx_word' id='word_1_97' title='bbox 2678 1455 2738 1504; x_wconf 86' lang='grc'>11,</span> <span class='ocrx_word' id='word_1_98' title='bbox 2796 1437 2856 1490; x_wconf 91' lang='lat' dir='ltr'>in</span> <span class='ocrx_word' id='word_1_99' title='bbox 2903 1437 3140 1491; x_wconf 89' lang='lat' dir='ltr'>ecclesia</span> <span class='ocrx_word' id='word_1_100' title='bbox 3189 1434 3379 1490; x_wconf 87' lang='lat' dir='ltr'>Sancti</span> <span class='ocrx_word' id='word_1_101' title='bbox 3408 1434 3595 1489; x_wconf 89' lang='lat' dir='ltr'>Salva-</span> 
     </span>
    </p>
   </div>
   <div class='ocr_carea' id='block_1_16' title="bbox 81 1522 3592 1599">
    <p class='ocr_par' dir='ltr' id='par_1_16' title="bbox 81 1522 3592 1599">
     <span class='ocr_line' id='line_1_16' title="bbox 81 1522 3592 1599; baseline -0.002 -18"><span class='ocrx_word' id='word_1_102' title='bbox 81 1544 311 1581; x_wconf 86' lang='lat' dir='ltr'>sacrum</span> <span class='ocrx_word' id='word_1_103' title='bbox 354 1528 743 1582; x_wconf 89' lang='lat' dir='ltr'>ministerium</span> <span class='ocrx_word' id='word_1_104' title='bbox 805 1529 1137 1599; x_wconf 83' lang='lat' dir='ltr'>contingere</span> <span class='ocrx_word' id='word_1_105' title='bbox 1184 1544 1492 1597; x_wconf 77' lang='lat' dir='ltr'>praesumo,</span> <span class='ocrx_word' id='word_1_106' title='bbox 1547 1528 1655 1581; x_wconf 91' lang='lat' dir='ltr'>nisi</span> <span class='ocrx_word' id='word_1_107' title='bbox 1688 1544 1793 1598; x_wconf 91' lang='lat' dir='ltr'>per</span> <span class='ocrx_word' id='word_1_108' title='bbox 1901 1530 2062 1595; x_wconf 83' lang='lat' dir='ltr'>toris,</span> <span class='ocrx_word' id='word_1_109' title='bbox 2122 1544 2253 1599; x_wconf 70' lang='lat' dir='ltr'>qua:</span> <span class='ocrx_word' id='word_1_110' title='bbox 2300 1532 2383 1582; x_wconf 91' lang='lat' dir='ltr'>est</span> <span class='ocrx_word' id='word_1_111' title='bbox 2439 1528 2497 1581; x_wconf 93' lang='lat' dir='ltr'>in</span> <span class='ocrx_word' id='word_1_112' title='bbox 2553 1527 2899 1581; x_wconf 89' lang='lat' dir='ltr'>monasterio</span> <span class='ocrx_word' id='word_1_113' title='bbox 2961 1525 3152 1580; x_wconf 88' lang='lat' dir='ltr'>Sancti</span> <span class='ocrx_word' id='word_1_114' title='bbox 3205 1522 3495 1578; x_wconf 89' lang='lat' dir='ltr'>Benedicti</span> <span class='ocrx_word' id='word_1_115' title='bbox 3534 1522 3592 1575; x_wconf 91' lang='lat' dir='ltr'>in</span> 
     </span>
    </p>
   </div>
   <div class='ocr_carea' id='block_1_17' title="bbox 81 1616 1789 1683">
    <p class='ocr_par' dir='ltr' id='par_1_17' title="bbox 81 1616 1789 1683">
     <span class='ocr_line' id='line_1_17' title="bbox 81 1616 1789 1683; baseline 0.001 -13"><span class='ocrx_word' id='word_1_116' title='bbox 81 1616 542 1670; x_wconf 85' lang='lat' dir='ltr'>misericordiam</span> <span class='ocrx_word' id='word_1_117' title='bbox 594 1617 737 1671; x_wconf 88' lang='lat' dir='ltr'>mihi</span> <span class='ocrx_word' id='word_1_118' title='bbox 797 1617 1102 1671; x_wconf 87' lang='lat' dir='ltr'>subvenire</span> <span class='ocrx_word' id='word_1_119' title='bbox 1157 1617 1473 1683; x_wconf 76' lang='lat' dir='ltr'>volueritis,</span> <span class='ocrx_word' id='word_1_120' title='bbox 1532 1633 1636 1670; x_wconf 90' lang='lat' dir='ltr'>nec</span> <span class='ocrx_word' id='word_1_121' title='bbox 1691 1617 1789 1671; x_wconf 82' lang='lat' dir='ltr'>ali-</span> 
     </span>
    </p>
   </div>
   <div class='ocr_carea' id='block_1_18' title="bbox 82 1705 1790 1775">
    <p class='ocr_par' dir='ltr' id='par_1_18' title="bbox 82 1705 1790 1775">
     <span class='ocr_line' id='line_1_18' title="bbox 82 1705 1790 1775; baseline 0 -17"><span class='ocrx_word' id='word_1_122' title='bbox 82 1705 321 1775; x_wconf 86' lang='lat' dir='ltr'>quando</span> <span class='ocrx_word' id='word_1_123' title='bbox 349 1709 549 1759; x_wconf 87' lang='lat' dir='ltr'>contra</span> <span class='ocrx_word' id='word_1_124' title='bbox 578 1710 831 1759; x_wconf 88' lang='lat' dir='ltr'>sanctam</span> <span class='ocrx_word' id='word_1_125' title='bbox 863 1721 1164 1760; x_wconf 89' lang='lat' dir='ltr'>romanam</span> <span class='ocrx_word' id='word_1_126' title='bbox 1205 1705 1509 1759; x_wconf 87' lang='lat' dir='ltr'>Ecclesiam</span> <span class='ocrx_word' id='word_1_127' title='bbox 1535 1709 1635 1759; x_wconf 85' lang='lat' dir='ltr'>aut</span> <span class='ocrx_word' id='word_1_128' title='bbox 1666 1705 1790 1775; x_wconf 87' lang='lat' dir='ltr'>ejus</span> 
     </span>
    </p>
   </div>
   <div class='ocr_carea' id='block_1_19' title="bbox 1902 1618 2154 1673">
    <p class='ocr_par' dir='ltr' id='par_1_19' title="bbox 1902 1618 2154 1673">
     <span class='ocr_line' id='line_1_19' title="bbox 1902 1618 2154 1673; baseline -0.004 0"><span class='ocrx_word' id='word_1_129' title='bbox 1902 1618 2154 1673; x_wconf 90' lang='lat' dir='ltr'>Cassino.</span> 
     </span>
    </p>
   </div>
   <div class='ocr_carea' id='block_1_20' title="bbox 1195 2234 2520 2309">
    <p class='ocr_par' dir='ltr' id='par_1_20' title="bbox 1195 2234 2520 2309">
     <span class='ocr_line' id='line_1_20' title="bbox 1195 2234 2520 2309; baseline -0.001 -1"><span class='ocrx_word' id='word_1_130' title='bbox 1195 2236 1660 2309; x_wconf 83' lang='lat' dir='ltr'>EPISTOLA</span> <span class='ocrx_word' id='word_1_131' title='bbox 1718 2236 1844 2308; x_wconf 87' lang='lat' dir='ltr'>AD</span> <span class='ocrx_word' id='word_1_132' title='bbox 1905 2234 2520 2309; x_wconf 83' lang='lat' dir='ltr'>HINCMARUM.</span> 
     </span>
    </p>
   </div>
   <div class='ocr_carea' id='block_1_21' title="bbox 903 2411 2789 2477">
    <p class='ocr_par' dir='ltr' id='par_1_21' title="bbox 903 2411 2789 2477">
     <span class='ocr_line' id='line_1_21' title="bbox 903 2411 2789 2477; baseline -0.002 -15"><span class='ocrx_word' id='word_1_133' title='bbox 903 2413 1073 2477; x_wconf 80' lang='lat' dir='ltr'>(Apud</span> <span class='ocrx_word' id='word_1_134' title='bbox 1104 2413 1393 2475; x_wconf 87' lang='lat' dir='ltr'>Labbeum,</span> <span class='ocrx_word' id='word_1_135' title='bbox 1424 2413 1779 2463; x_wconf 89' lang='lat' dir='ltr'>Conciliorum</span> <span class='ocrx_word' id='word_1_136' title='bbox 1810 2412 2139 2477; x_wconf 81' lang='lat' dir='ltr'>generalium</span> <span class='ocrx_word' id='word_1_137' title='bbox 2171 2416 2313 2463; x_wconf 90' lang='lat' dir='ltr'>tomo</span> <span class='ocrx_word' id='word_1_138' title='bbox 2348 2412 2482 2469; x_wconf 77' lang='lat' dir='ltr'><strong>VIII.</strong></span> <span class='ocrx_word' id='word_1_139' title='bbox 2514 2411 2615 2466; x_wconf 88' lang='lat' dir='ltr'>col.</span> <span class='ocrx_word' id='word_1_140' title='bbox 2645 2414 2789 2470; x_wconf 80' lang='lat'>762.)</span> 
     </span>
    </p>
   </div>
   <div class='ocr_carea' id='block_1_22' title="bbox 159 2699 3596 2774">
    <p class='ocr_par' dir='ltr' id='par_1_22' title="bbox 159 2699 3596 2774">
     <span class='ocr_line' id='line_1_22' title="bbox 159 2699 3596 2774; baseline -0.001 -16"><span class='ocrx_word' id='word_1_141' title='bbox 159 2702 412 2774; x_wconf 86' lang='lat' dir='ltr'>Optabili</span> <span class='ocrx_word' id='word_1_142' title='bbox 486 2702 549 2756; x_wconf 92' lang='lat' dir='ltr'>in</span> <span class='ocrx_word' id='word_1_143' title='bbox 632 2701 852 2756; x_wconf 88' lang='lat' dir='ltr'>Christo</span> <span class='ocrx_word' id='word_1_144' title='bbox 910 2701 1071 2755; x_wconf 89' lang='lat' dir='ltr'>fratri</span> <span class='ocrx_word' id='word_1_145' title='bbox 1143 2702 1347 2755; x_wconf 68' lang='lat' dir='ltr'>Iomao</span> <span class='ocrx_word' id='word_1_146' title='bbox 1434 2700 1785 2773; x_wconf 84' lang='lat' dir='ltr'>[Hincmaro]</span> <span class='ocrx_word' id='word_1_147' title='bbox 1826 2703 1872 2754; x_wconf 83' lang='lat' dir='ltr'><strong>A</strong></span> <span class='ocrx_word' id='word_1_148' title='bbox 1903 2699 2055 2755; x_wconf 87' lang='lat' dir='ltr'>disti.</span> <span class='ocrx_word' id='word_1_149' title='bbox 2093 2701 2238 2771; x_wconf 83' lang='lat' dir='ltr'>Ergo</span> <span class='ocrx_word' id='word_1_150' title='bbox 2285 2700 2421 2772; x_wconf 88' lang='lat' dir='ltr'>quia</span> <span class='ocrx_word' id='word_1_151' title='bbox 2474 2704 2528 2754; x_wconf 89' lang='lat' dir='ltr'>te</span> <span class='ocrx_word' id='word_1_152' title='bbox 2559 2699 2777 2771; x_wconf 87' lang='lat' dir='ltr'>objecta</span> <span class='ocrx_word' id='word_1_153' title='bbox 2833 2701 3213 2771; x_wconf 86' lang='lat' dir='ltr'>probaturum</span> <span class='ocrx_word' id='word_1_154' title='bbox 3261 2702 3596 2773; x_wconf 89' lang='lat' dir='ltr'>promisisti,</span> 
     </span>
    </p>
   </div>
   <div class='ocr_carea' id='block_1_23' title="bbox 90 2789 1796 2861">
    <p class='ocr_par' dir='ltr' id='par_1_23' title="bbox 90 2789 1796 2861">
     <span class='ocr_line' id='line_1_23' title="bbox 90 2789 1796 2861; baseline -0.003 -15"><span class='ocrx_word' id='word_1_155' title='bbox 90 2794 501 2846; x_wconf 73' lang='lat' dir='ltr'>Tueoocaunus</span> <span class='ocrx_word' id='word_1_156' title='bbox 554 2790 771 2861; x_wconf 82' lang='lat' dir='ltr'>primas</span> <span class='ocrx_word' id='word_1_157' title='bbox 842 2790 1083 2859; x_wconf 78' lang='lat' dir='ltr'>Belgicae</span> <span class='ocrx_word' id='word_1_158' title='bbox 1159 2789 1375 2856; x_wconf 67' lang='lat' dir='ltr'>Gallim,</span> <span class='ocrx_word' id='word_1_159' title='bbox 1444 2790 1796 2844; x_wconf 57' lang='lat' dir='ltr'>Gumaaaws</span> 
     </span>
    </p>
   </div>
   <div class='ocr_carea' id='block_1_24' title="bbox 93 2877 1798 2951">
    <p class='ocr_par' dir='ltr' id='par_1_24' title="bbox 93 2877 1798 2951">
     <span class='ocr_line' id='line_1_24' title="bbox 93 2877 1798 2951; baseline -0.002 -17"><span class='ocrx_word' id='word_1_160' title='bbox 93 2879 535 2951; x_wconf 74' lang='lat' dir='ltr'>Agrippinensis</span> <span class='ocrx_word' id='word_1_161' title='bbox 567 2879 839 2943; x_wconf 83' lang='lat' dir='ltr'>Coloniae,</span> <span class='ocrx_word' id='word_1_162' title='bbox 892 2884 947 2932; x_wconf 90' lang='lat' dir='ltr'>et</span> <span class='ocrx_word' id='word_1_163' title='bbox 999 2882 1275 2932; x_wconf 74' lang='lat' dir='ltr'>Aaourcus</span> <span class='ocrx_word' id='word_1_164' title='bbox 1334 2877 1798 2932; x_wconf 88' lang='lat' dir='ltr'>Vesontionensis</span> 
     </span>
    </p>
   </div>
   <div class='ocr_carea' id='block_1_25' title="bbox 97 2967 1252 3038">
    <p class='ocr_par' dir='ltr' id='par_1_25' title="bbox 97 2967 1252 3038">
     <span class='ocr_line' id='line_1_25' title="bbox 97 2967 1252 3038; baseline -0.002 -16"><span class='ocrx_word' id='word_1_165' title='bbox 97 2970 355 3023; x_wconf 70' lang='lat' dir='ltr'>Ecclesia:</span> <span class='ocrx_word' id='word_1_166' title='bbox 387 2968 647 3038; x_wconf 89' lang='lat' dir='ltr'>episcopi</span> <span class='ocrx_word' id='word_1_167' title='bbox 673 2967 915 3021; x_wconf 87' lang='lat' dir='ltr'>salutem</span> <span class='ocrx_word' id='word_1_168' title='bbox 946 2972 1003 3020; x_wconf 88' lang='lat' dir='ltr'>et</span> <span class='ocrx_word' id='word_1_169' title='bbox 1035 2982 1252 3037; x_wconf 88' lang='lat' dir='ltr'>pacem.</span> 
     </span>
    </p>
   </div>
   <div class='ocr_carea' id='block_1_26' title="bbox 167 3053 1796 3127">
    <p class='ocr_par' dir='ltr' id='par_1_26' title="bbox 167 3053 1796 3127">
     <span class='ocr_line' id='line_1_26' title="bbox 167 3053 1796 3127; baseline -0.001 -17"><span class='ocrx_word' id='word_1_170' title='bbox 167 3056 520 3127; x_wconf 81' lang='lat' dir='ltr'>Relegimus,</span> <span class='ocrx_word' id='word_1_171' title='bbox 565 3056 758 3118; x_wconf 85' lang='lat' dir='ltr'>frater,</span> <span class='ocrx_word' id='word_1_172' title='bbox 819 3061 875 3109; x_wconf 91' lang='lat' dir='ltr'>et</span> <span class='ocrx_word' id='word_1_173' title='bbox 904 3056 1123 3109; x_wconf 88' lang='lat' dir='ltr'>utinam</span> <span class='ocrx_word' id='word_1_174' title='bbox 1172 3055 1347 3109; x_wconf 85' lang='lat' dir='ltr'>frater</span> <span class='ocrx_word' id='word_1_175' title='bbox 1378 3058 1597 3125; x_wconf 89' lang='lat' dir='ltr'>Ignare,</span> <span class='ocrx_word' id='word_1_176' title='bbox 1632 3053 1796 3108; x_wconf 90' lang='lat' dir='ltr'>libel-</span> 
     </span>
    </p>
   </div>
   <div class='ocr_carea' id='block_1_27' title="bbox 98 3143 1796 3200">
    <p class='ocr_par' dir='ltr' id='par_1_27' title="bbox 98 3143 1796 3200">
     <span class='ocr_line' id='line_1_27' title="bbox 98 3143 1796 3200; baseline -0.002 -1"><span class='ocrx_word' id='word_1_177' title='bbox 98 3147 214 3200; x_wconf 92' lang='lat' dir='ltr'>lum</span> <span class='ocrx_word' id='word_1_178' title='bbox 245 3150 362 3198; x_wconf 75' lang='lat' dir='ltr'>tua:</span> <span class='ocrx_word' id='word_1_179' title='bbox 410 3144 789 3198; x_wconf 83' lang='lat' dir='ltr'>accusationis</span> <span class='ocrx_word' id='word_1_180' title='bbox 837 3145 1106 3199; x_wconf 86' lang='lat' dir='ltr'>adversus</span> <span class='ocrx_word' id='word_1_181' title='bbox 1140 3143 1475 3198; x_wconf 83' lang='lat' dir='ltr'>Hilduinum</span> <span class='ocrx_word' id='word_1_182' title='bbox 1525 3144 1796 3197; x_wconf 90' lang='lat' dir='ltr'>dilectum</span> 
     </span>
    </p>
   </div>
   <div class='ocr_carea' id='block_1_28' title="bbox 100 3232 1796 3299">
    <p class='ocr_par' dir='ltr' id='par_1_28' title="bbox 100 3232 1796 3299">
     <span class='ocr_line' id='line_1_28' title="bbox 100 3232 1796 3299; baseline -0.001 -12"><span class='ocrx_word' id='word_1_183' title='bbox 100 3235 279 3287; x_wconf 83' lang='lat' dir='ltr'>tilium</span> <span class='ocrx_word' id='word_1_184' title='bbox 342 3239 400 3287; x_wconf 87' lang='lat' dir='ltr'>et</span> <span class='ocrx_word' id='word_1_185' title='bbox 456 3233 692 3287; x_wconf 84' lang='lat' dir='ltr'>fratrem</span> <span class='ocrx_word' id='word_1_186' title='bbox 739 3238 1021 3299; x_wconf 84' lang='lat' dir='ltr'>nostrum,</span> <span class='ocrx_word' id='word_1_187' title='bbox 1072 3238 1133 3286; x_wconf 87' lang='lat' dir='ltr'>ut</span> <span class='ocrx_word' id='word_1_188' title='bbox 1184 3232 1469 3287; x_wconf 89' lang='lat' dir='ltr'>credimus</span> <span class='ocrx_word' id='word_1_189' title='bbox 1524 3232 1796 3286; x_wconf 89' lang='lat' dir='ltr'>idoneum</span> 
     </span>
    </p>
   </div>
   <div class='ocr_carea' id='block_1_29' title="bbox 99 3322 1797 3393">
    <p class='ocr_par' dir='ltr' id='par_1_29' title="bbox 99 3322 1797 3393">
     <span class='ocr_line' id='line_1_29' title="bbox 99 3322 1797 3393; baseline -0.001 -18"><span class='ocrx_word' id='word_1_190' title='bbox 99 3326 303 3389; x_wconf 81' lang='lat' dir='ltr'>virum,</span> <span class='ocrx_word' id='word_1_191' title='bbox 333 3323 391 3375; x_wconf 93' lang='lat' dir='ltr'>in</span> <span class='ocrx_word' id='word_1_192' title='bbox 424 3338 540 3393; x_wconf 93' lang='lat' dir='ltr'>quo</span> <span class='ocrx_word' id='word_1_193' title='bbox 573 3323 761 3393; x_wconf 90' lang='lat' dir='ltr'>ipsum</span> <span class='ocrx_word' id='word_1_194' title='bbox 794 3322 981 3377; x_wconf 85' lang='lat' dir='ltr'>ofﬁcio</span> <span class='ocrx_word' id='word_1_195' title='bbox 1012 3322 1281 3393; x_wconf 89' lang='lat' dir='ltr'>pastorali</span> <span class='ocrx_word' id='word_1_196' title='bbox 1310 3322 1618 3391; x_wconf 88' lang='lat' dir='ltr'>indignum</span> <span class='ocrx_word' id='word_1_197' title='bbox 1651 3337 1797 3374; x_wconf 88' lang='lat' dir='ltr'>asse-</span> 
     </span>
    </p>
   </div>
   <div class='ocr_carea' id='block_1_30' title="bbox 96 3411 1796 3482">
    <p class='ocr_par' dir='ltr' id='par_1_30' title="bbox 96 3411 1796 3482">
     <span class='ocr_line' id='line_1_30' title="bbox 96 3411 1796 3482; baseline 0 -19"><span class='ocrx_word' id='word_1_198' title='bbox 96 3426 273 3479; x_wconf 85' lang='lat' dir='ltr'>veras,</span> <span class='ocrx_word' id='word_1_199' title='bbox 308 3417 365 3465; x_wconf 90' lang='lat' dir='ltr'>et</span> <span class='ocrx_word' id='word_1_200' title='bbox 395 3428 594 3465; x_wconf 87' lang='lat' dir='ltr'>causas</span> <span class='ocrx_word' id='word_1_201' title='bbox 618 3418 672 3465; x_wconf 91' lang='lat' dir='ltr'>te</span> <span class='ocrx_word' id='word_1_202' title='bbox 716 3412 880 3480; x_wconf 89' lang='lat' dir='ltr'>scire,</span> <span class='ocrx_word' id='word_1_203' title='bbox 940 3428 1045 3482; x_wconf 87' lang='lat' dir='ltr'>pro</span> <span class='ocrx_word' id='word_1_204' title='bbox 1094 3412 1301 3482; x_wconf 89' lang='lat' dir='ltr'>quibus</span> <span class='ocrx_word' id='word_1_205' title='bbox 1332 3411 1535 3465; x_wconf 88' lang='lat' dir='ltr'>iisdem</span> <span class='ocrx_word' id='word_1_206' title='bbox 1581 3411 1796 3464; x_wconf 90' lang='lat' dir='ltr'>electus</span> 
     </span>
    </p>
   </div>
   <div class='ocr_carea' id='block_1_31' title="bbox 98 3498 1796 3567">
    <p class='ocr_par' dir='ltr' id='par_1_31' title="bbox 98 3498 1796 3567">
     <span class='ocr_line' id='line_1_31' title="bbox 98 3498 1796 3567; baseline 0 -16"><span class='ocrx_word' id='word_1_207' title='bbox 98 3500 352 3553; x_wconf 89' lang='lat' dir='ltr'>ordinari</span> <span class='ocrx_word' id='word_1_208' title='bbox 421 3516 536 3553; x_wconf 92' lang='lat' dir='ltr'>non</span> <span class='ocrx_word' id='word_1_209' title='bbox 600 3500 819 3567; x_wconf 88' lang='lat' dir='ltr'>debeat,</span> <span class='ocrx_word' id='word_1_210' title='bbox 889 3500 1187 3553; x_wconf 79' lang='lat' dir='ltr'>exclamas.</span> <span class='ocrx_word' id='word_1_211' title='bbox 1249 3500 1517 3564; x_wconf 87' lang='lat' dir='ltr'>Quamvis</span> <span class='ocrx_word' id='word_1_212' title='bbox 1572 3498 1639 3552; x_wconf 88' lang='lat' dir='ltr'>ab</span> <span class='ocrx_word' id='word_1_213' title='bbox 1690 3499 1796 3551; x_wconf 89' lang='lat' dir='ltr'>hac</span> 
     </span>
    </p>
   </div>
   <div class='ocr_carea' id='block_1_32' title="bbox 97 3588 1793 3658">
    <p class='ocr_par' dir='ltr' id='par_1_32' title="bbox 97 3588 1793 3658">
     <span class='ocr_line' id='line_1_32' title="bbox 97 3588 1793 3658; baseline -0.001 -18"><span class='ocrx_word' id='word_1_214' title='bbox 97 3588 470 3658; x_wconf 87' lang='lat' dir='ltr'>improbitate</span> <span class='ocrx_word' id='word_1_215' title='bbox 501 3589 607 3641; x_wconf 94' lang='lat' dir='ltr'>hoc</span> <span class='ocrx_word' id='word_1_216' title='bbox 636 3588 999 3642; x_wconf 88' lang='lat' dir='ltr'>solummodo</span> <span class='ocrx_word' id='word_1_217' title='bbox 1040 3593 1095 3641; x_wconf 91' lang='lat' dir='ltr'>te</span> <span class='ocrx_word' id='word_1_218' title='bbox 1140 3604 1404 3641; x_wconf 89' lang='lat' dir='ltr'>revocare</span> <span class='ocrx_word' id='word_1_219' title='bbox 1437 3589 1521 3641; x_wconf 92' lang='lat' dir='ltr'>vel</span> <span class='ocrx_word' id='word_1_220' title='bbox 1571 3594 1793 3656; x_wconf 88' lang='lat' dir='ltr'>tempe-</span> 
     </span>
    </p>
   </div>
   <div class='ocr_carea' id='block_1_33' title="bbox 93 3676 1795 3747">
    <p class='ocr_par' dir='ltr' id='par_1_33' title="bbox 93 3676 1795 3747">
     <span class='ocr_line' id='line_1_33' title="bbox 93 3676 1795 3747; baseline 0 -19"><span class='ocrx_word' id='word_1_221' title='bbox 93 3692 216 3729; x_wconf 86' lang='lat' dir='ltr'>rare</span> <span class='ocrx_word' id='word_1_222' title='bbox 253 3677 568 3745; x_wconf 88' lang='lat' dir='ltr'>debuisset,</span> <span class='ocrx_word' id='word_1_223' title='bbox 621 3678 777 3747; x_wconf 93' lang='lat' dir='ltr'>quod</span> <span class='ocrx_word' id='word_1_224' title='bbox 830 3677 925 3731; x_wconf 91' lang='lat' dir='ltr'>ille</span> <span class='ocrx_word' id='word_1_225' title='bbox 988 3682 1116 3730; x_wconf 90' lang='lat' dir='ltr'>tuus</span> <span class='ocrx_word' id='word_1_226' title='bbox 1156 3677 1401 3731; x_wconf 90' lang='lat' dir='ltr'>domnus</span> <span class='ocrx_word' id='word_1_227' title='bbox 1453 3682 1509 3730; x_wconf 91' lang='lat' dir='ltr'>et</span> <span class='ocrx_word' id='word_1_228' title='bbox 1546 3676 1795 3729; x_wconf 88' lang='lat' dir='ltr'>nutritor</span> 
     </span>
    </p>
   </div>
   <div class='ocr_carea' id='block_1_34' title="bbox 92 3764 1793 3837">
    <p class='ocr_par' dir='ltr' id='par_1_34' title="bbox 92 3764 1793 3837">
     <span class='ocr_line' id='line_1_34' title="bbox 92 3764 1793 3837; baseline 0.001 -20"><span class='ocrx_word' id='word_1_229' title='bbox 92 3764 266 3819; x_wconf 87' lang='lat' dir='ltr'>fuerit</span> <span class='ocrx_word' id='word_1_230' title='bbox 294 3765 522 3831; x_wconf 83' lang='lat' dir='ltr'>Charus,</span> <span class='ocrx_word' id='word_1_231' title='bbox 555 3765 603 3818; x_wconf 90' lang='lat' dir='ltr'>si</span> <span class='ocrx_word' id='word_1_232' title='bbox 644 3772 833 3819; x_wconf 89' lang='lat' dir='ltr'>tamen</span> <span class='ocrx_word' id='word_1_233' title='bbox 880 3782 1104 3818; x_wconf 90' lang='lat' dir='ltr'>memor</span> <span class='ocrx_word' id='word_1_234' title='bbox 1125 3772 1181 3819; x_wconf 91' lang='lat' dir='ltr'>et</span> <span class='ocrx_word' id='word_1_235' title='bbox 1214 3782 1330 3819; x_wconf 92' lang='lat' dir='ltr'>non</span> <span class='ocrx_word' id='word_1_236' title='bbox 1384 3766 1643 3837; x_wconf 86' lang='lat' dir='ltr'>ingratus</span> <span class='ocrx_word' id='word_1_237' title='bbox 1673 3765 1793 3820; x_wconf 86' lang='lat' dir='ltr'>fore</span> 
     </span>
    </p>
   </div>
   <div class='ocr_carea' id='block_1_35' title="bbox 92 3854 1788 3923">
    <p class='ocr_par' dir='ltr' id='par_1_35' title="bbox 92 3854 1788 3923">
     <span class='ocr_line' id='line_1_35' title="bbox 92 3854 1788 3923; baseline 0.002 -18"><span class='ocrx_word' id='word_1_238' title='bbox 92 3855 389 3921; x_wconf 77' lang='lat' dir='ltr'>voluisses,</span> <span class='ocrx_word' id='word_1_239' title='bbox 421 3854 586 3923; x_wconf 88' lang='lat' dir='ltr'>cujus</span> <span class='ocrx_word' id='word_1_240' title='bbox 630 3854 737 3907; x_wconf 90' lang='lat' dir='ltr'>iste</span> <span class='ocrx_word' id='word_1_241' title='bbox 792 3860 849 3908; x_wconf 88' lang='lat' dir='ltr'>et</span> <span class='ocrx_word' id='word_1_242' title='bbox 887 3854 1225 3908; x_wconf 85' lang='lat' dir='ltr'>afﬁnitatem</span> <span class='ocrx_word' id='word_1_243' title='bbox 1265 3854 1441 3908; x_wconf 86' lang='lat' dir='ltr'>refert</span> <span class='ocrx_word' id='word_1_244' title='bbox 1472 3861 1528 3909; x_wconf 89' lang='lat' dir='ltr'>et</span> <span class='ocrx_word' id='word_1_245' title='bbox 1556 3871 1788 3910; x_wconf 90' lang='lat' dir='ltr'>nomen.</span> 
     </span>
    </p>
   </div>
   <div class='ocr_carea' id='block_1_36' title="bbox 94 3942 1790 4013">
    <p class='ocr_par' dir='ltr' id='par_1_36' title="bbox 94 3942 1790 4013">
     <span class='ocr_line' id='line_1_36' title="bbox 94 3942 1790 4013; baseline 0.001 -17"><span class='ocrx_word' id='word_1_246' title='bbox 94 3943 252 3996; x_wconf 76' lang='lat' dir='ltr'>Nunc</span> <span class='ocrx_word' id='word_1_247' title='bbox 296 3942 576 4011; x_wconf 90' lang='lat' dir='ltr'>quoniam</span> <span class='ocrx_word' id='word_1_248' title='bbox 608 3942 826 3995; x_wconf 86' lang='lat' dir='ltr'>delator</span> <span class='ocrx_word' id='word_1_249' title='bbox 857 3958 976 3995; x_wconf 90' lang='lat' dir='ltr'>esse</span> <span class='ocrx_word' id='word_1_250' title='bbox 1007 3942 1252 4007; x_wconf 90' lang='lat' dir='ltr'>voluisti,</span> <span class='ocrx_word' id='word_1_251' title='bbox 1288 3944 1441 4013; x_wconf 90' lang='lat' dir='ltr'>quod</span> <span class='ocrx_word' id='word_1_252' title='bbox 1472 3948 1646 3997; x_wconf 86' lang='lat' dir='ltr'>restat</span> <span class='ocrx_word' id='word_1_253' title='bbox 1677 3961 1790 3998; x_wconf 91' lang='lat' dir='ltr'>non</span> 
     </span>
    </p>
   </div>
   <div class='ocr_carea' id='block_1_37' title="bbox 95 4030 1789 4100">
    <p class='ocr_par' dir='ltr' id='par_1_37' title="bbox 95 4030 1789 4100">
     <span class='ocr_line' id='line_1_37' title="bbox 95 4030 1789 4100; baseline 0.002 -17"><span class='ocrx_word' id='word_1_254' title='bbox 95 4031 347 4084; x_wconf 89' lang='lat' dir='ltr'>omittas.</span> <span class='ocrx_word' id='word_1_255' title='bbox 405 4032 482 4084; x_wconf 90' lang='lat' dir='ltr'>Te</span> <span class='ocrx_word' id='word_1_256' title='bbox 514 4030 667 4083; x_wconf 92' lang='lat' dir='ltr'>enim</span> <span class='ocrx_word' id='word_1_257' title='bbox 699 4032 1023 4100; x_wconf 88' lang='lat' dir='ltr'>exspoliasti</span> <span class='ocrx_word' id='word_1_258' title='bbox 1047 4031 1284 4100; x_wconf 89' lang='lat' dir='ltr'>judicio,</span> <span class='ocrx_word' id='word_1_259' title='bbox 1328 4032 1465 4086; x_wconf 89' lang='lat' dir='ltr'>dum</span> <span class='ocrx_word' id='word_1_260' title='bbox 1520 4032 1789 4087; x_wconf 88' lang='lat' dir='ltr'>crimina-</span> 
     </span>
    </p>
   </div>
   <div class='ocr_carea' id='block_1_38' title="bbox 95 4118 1792 4189">
    <p class='ocr_par' dir='ltr' id='par_1_38' title="bbox 95 4118 1792 4189">
     <span class='ocr_line' id='line_1_38' title="bbox 95 4118 1792 4189; baseline 0.004 -19"><span class='ocrx_word' id='word_1_261' title='bbox 95 4118 270 4171; x_wconf 90' lang='lat' dir='ltr'>tionis</span> <span class='ocrx_word' id='word_1_262' title='bbox 310 4118 653 4184; x_wconf 90' lang='lat' dir='ltr'>chartulam,</span> <span class='ocrx_word' id='word_1_263' title='bbox 722 4120 875 4189; x_wconf 89' lang='lat' dir='ltr'>quod</span> <span class='ocrx_word' id='word_1_264' title='bbox 931 4126 1028 4173; x_wconf 89' lang='lat' dir='ltr'>tuo</span> <span class='ocrx_word' id='word_1_265' title='bbox 1084 4120 1269 4173; x_wconf 83' lang='lat' dir='ltr'>ofﬁcio</span> <span class='ocrx_word' id='word_1_266' title='bbox 1330 4126 1385 4174; x_wconf 89' lang='lat' dir='ltr'>et</span> <span class='ocrx_word' id='word_1_267' title='bbox 1439 4122 1668 4189; x_wconf 90' lang='lat' dir='ltr'>honori,</span> <span class='ocrx_word' id='word_1_268' title='bbox 1730 4128 1792 4177; x_wconf 89' lang='lat' dir='ltr'>ut</span> 
     </span>
    </p>
   </div>
   <div class='ocr_carea' id='block_1_39' title="bbox 94 4208 1793 4281">
    <p class='ocr_par' dir='ltr' id='par_1_39' title="bbox 94 4208 1793 4281">
     <span class='ocr_line' id='line_1_39' title="bbox 94 4208 1793 4281; baseline 0.003 -22"><span class='ocrx_word' id='word_1_269' title='bbox 94 4208 465 4274; x_wconf 68' lang='lat' dir='ltr'>aestimamus,</span> <span class='ocrx_word' id='word_1_270' title='bbox 521 4223 637 4260; x_wconf 88' lang='lat' dir='ltr'>non</span> <span class='ocrx_word' id='word_1_271' title='bbox 676 4209 1057 4277; x_wconf 90' lang='lat' dir='ltr'>competebat,</span> <span class='ocrx_word' id='word_1_272' title='bbox 1109 4209 1339 4279; x_wconf 90' lang='lat' dir='ltr'>propria</span> <span class='ocrx_word' id='word_1_273' title='bbox 1394 4226 1588 4275; x_wconf 89' lang='lat' dir='ltr'>manu,</span> <span class='ocrx_word' id='word_1_274' title='bbox 1642 4212 1793 4281; x_wconf 87' lang='lat' dir='ltr'>quod</span> 
     </span>
    </p>
   </div>
   <div class='ocr_carea' id='block_1_40' title="bbox 96 4296 1793 4370">
    <p class='ocr_par' dir='ltr' id='par_1_40' title="bbox 96 4296 1793 4370">
     <span class='ocr_line' id='line_1_40' title="bbox 96 4296 1793 4370; baseline 0.004 -24"><span class='ocrx_word' id='word_1_275' title='bbox 96 4310 306 4361; x_wconf 84' lang='lat' dir='ltr'>negare</span> <span class='ocrx_word' id='word_1_276' title='bbox 364 4311 488 4348; x_wconf 91' lang='lat' dir='ltr'>non</span> <span class='ocrx_word' id='word_1_277' title='bbox 542 4300 725 4365; x_wconf 89' lang='lat' dir='ltr'>potes,</span> <span class='ocrx_word' id='word_1_278' title='bbox 800 4296 860 4350; x_wconf 88' lang='lat' dir='ltr'>in</span> <span class='ocrx_word' id='word_1_279' title='bbox 934 4302 1217 4350; x_wconf 86' lang='lat' dir='ltr'>conventu</span> <span class='ocrx_word' id='word_1_280' title='bbox 1266 4313 1468 4367; x_wconf 87' lang='lat' dir='ltr'>regum</span> <span class='ocrx_word' id='word_1_281' title='bbox 1545 4299 1793 4370; x_wconf 77' lang='lat' dir='ltr'>principi</span> 
     </span>
    </p>
   </div>
   <div class='ocr_carea' id='block_1_41' title="bbox 96 4383 1795 4455">
    <p class='ocr_par' dir='ltr' id='par_1_41' title="bbox 96 4383 1795 4455">
     <span class='ocr_line' id='line_1_41' title="bbox 96 4383 1795 4455; baseline 0.004 -20"><span class='ocrx_word' id='word_1_282' title='bbox 96 4388 288 4436; x_wconf 86' lang='lat' dir='ltr'>nostro</span> <span class='ocrx_word' id='word_1_283' title='bbox 343 4383 614 4436; x_wconf 78' lang='lat' dir='ltr'>Lothario</span> <span class='ocrx_word' id='word_1_284' title='bbox 664 4384 983 4438; x_wconf 89' lang='lat' dir='ltr'>inconsulte</span> <span class='ocrx_word' id='word_1_285' title='bbox 1040 4385 1364 4455; x_wconf 88' lang='lat' dir='ltr'>porrexisti,</span> <span class='ocrx_word' id='word_1_286' title='bbox 1422 4402 1485 4440; x_wconf 90' lang='lat' dir='ltr'>ac</span> <span class='ocrx_word' id='word_1_287' title='bbox 1514 4402 1795 4441; x_wconf 88' lang='lat' dir='ltr'>memora-</span> 
     </span>
    </p>
   </div>
   <div class='ocr_carea' id='block_1_42' title="bbox 95 4470 1790 4545">
    <p class='ocr_par' dir='ltr' id='par_1_42' title="bbox 95 4470 1790 4545">
     <span class='ocr_line' id='line_1_42' title="bbox 95 4470 1790 4545; baseline 0.005 -24"><span class='ocrx_word' id='word_1_288' title='bbox 95 4475 212 4524; x_wconf 87' lang='lat' dir='ltr'>tum</span> <span class='ocrx_word' id='word_1_289' title='bbox 264 4470 634 4538; x_wconf 83' lang='lat' dir='ltr'>Hilduinum,</span> <span class='ocrx_word' id='word_1_290' title='bbox 690 4488 906 4543; x_wconf 91' lang='lat' dir='ltr'>nosque</span> <span class='ocrx_word' id='word_1_291' title='bbox 972 4474 1189 4543; x_wconf 90' lang='lat' dir='ltr'>pariter</span> <span class='ocrx_word' id='word_1_292' title='bbox 1242 4481 1537 4545; x_wconf 87' lang='lat' dir='ltr'>suspectos</span> <span class='ocrx_word' id='word_1_293' title='bbox 1604 4476 1790 4529; x_wconf 90' lang='lat' dir='ltr'>reddi-</span> 
     </span>
    </p>
   </div>
   <div class='ocr_carea' id='block_1_43' title="bbox 1906 2790 3595 2862">
    <p class='ocr_par' dir='ltr' id='par_1_43' title="bbox 1906 2790 3595 2862">
     <span class='ocr_line' id='line_1_43' title="bbox 1906 2790 3595 2862; baseline 0.002 -19"><span class='ocrx_word' id='word_1_294' title='bbox 1906 2806 2258 2860; x_wconf 89' lang='lat' dir='ltr'>consequens</span> <span class='ocrx_word' id='word_1_295' title='bbox 2325 2794 2450 2858; x_wconf 92' lang='lat' dir='ltr'>est,</span> <span class='ocrx_word' id='word_1_296' title='bbox 2503 2795 2564 2844; x_wconf 92' lang='lat' dir='ltr'>ut</span> <span class='ocrx_word' id='word_1_297' title='bbox 2643 2790 2970 2861; x_wconf 88' lang='lat' dir='ltr'>exsequaris</span> <span class='ocrx_word' id='word_1_298' title='bbox 3038 2807 3167 2862; x_wconf 69' lang='lat' dir='ltr'>qua:</span> <span class='ocrx_word' id='word_1_299' title='bbox 3251 2790 3595 2861; x_wconf 87' lang='lat' dir='ltr'>promisisti:</span> 
     </span>
    </p>
   </div>
   <div class='ocr_carea' id='block_1_44' title="bbox 1906 2878 3600 2947">
    <p class='ocr_par' dir='ltr' id='par_1_44' title="bbox 1906 2878 3600 2947">
     <span class='ocr_line' id='line_1_44' title="bbox 1906 2878 3600 2947; baseline 0.002 -16"><span class='ocrx_word' id='word_1_300' title='bbox 1906 2878 2058 2932; x_wconf 91' lang='lat' dir='ltr'>unde</span> <span class='ocrx_word' id='word_1_301' title='bbox 2089 2883 2144 2932; x_wconf 90' lang='lat' dir='ltr'>et</span> <span class='ocrx_word' id='word_1_302' title='bbox 2198 2884 2252 2931; x_wconf 92' lang='lat' dir='ltr'>te</span> <span class='ocrx_word' id='word_1_303' title='bbox 2303 2878 2575 2932; x_wconf 86' lang='lat' dir='ltr'>canonica</span> <span class='ocrx_word' id='word_1_304' title='bbox 2625 2895 3055 2932; x_wconf 90' lang='lat' dir='ltr'>commonemus</span> <span class='ocrx_word' id='word_1_305' title='bbox 3122 2880 3479 2947; x_wconf 87' lang='lat' dir='ltr'>auctoritate,</span> <span class='ocrx_word' id='word_1_306' title='bbox 3536 2884 3600 2935; x_wconf 92' lang='lat' dir='ltr'>ut</span> 
     </span>
    </p>
   </div>
   <div class='ocr_carea' id='block_1_45' title="bbox 1905 2967 3596 3041">
    <p class='ocr_par' dir='ltr' id='par_1_45' title="bbox 1905 2967 3596 3041">
     <span class='ocr_line' id='line_1_45' title="bbox 1905 2967 3596 3041; baseline 0.002 -21"><span class='ocrx_word' id='word_1_307' title='bbox 1905 2967 2281 3021; x_wconf 89' lang='lat' dir='ltr'>accusationis</span> <span class='ocrx_word' id='word_1_308' title='bbox 2337 2972 2452 3022; x_wconf 65' lang='lat' dir='ltr'>tuae</span> <span class='ocrx_word' id='word_1_309' title='bbox 2504 2969 2924 3022; x_wconf 83' lang='lat' dir='ltr'>exsecutionem</span> <span class='ocrx_word' id='word_1_310' title='bbox 2964 2969 3232 3023; x_wconf 90' lang='lat' dir='ltr'>canonice</span> <span class='ocrx_word' id='word_1_311' title='bbox 3285 2986 3596 3041; x_wconf 90' lang='lat' dir='ltr'>prosequa-</span> 
     </span>
    </p>
   </div>
   <div class='ocr_carea' id='block_1_46' title="bbox 1904 3056 3598 3129">
    <p class='ocr_par' dir='ltr' id='par_1_46' title="bbox 1904 3056 3598 3129">
     <span class='ocr_line' id='line_1_46' title="bbox 1904 3056 3598 3129; baseline 0.002 -20"><span class='ocrx_word' id='word_1_312' title='bbox 1904 3056 2003 3109; x_wconf 79' lang='lat' dir='ltr'>ris.</span> <span class='ocrx_word' id='word_1_313' title='bbox 2049 3056 2210 3120; x_wconf 88' lang='lat' dir='ltr'>Quod</span> <span class='ocrx_word' id='word_1_314' title='bbox 2240 3056 2286 3109; x_wconf 88' lang='lat' dir='ltr'>si</span> <span class='ocrx_word' id='word_1_315' title='bbox 2317 3060 2371 3110; x_wconf 92' lang='lat' dir='ltr'>te</span> <span class='ocrx_word' id='word_1_316' title='bbox 2414 3056 2762 3111; x_wconf 89' lang='lat' dir='ltr'>accusationi</span> <span class='ocrx_word' id='word_1_317' title='bbox 2789 3057 3155 3124; x_wconf 80' lang='lat' dir='ltr'>subtraxeris,</span> <span class='ocrx_word' id='word_1_318' title='bbox 3190 3063 3248 3111; x_wconf 92' lang='lat' dir='ltr'>et</span> <span class='ocrx_word' id='word_1_319' title='bbox 3276 3059 3598 3129; x_wconf 89' lang='lat' dir='ltr'>probationi</span> 
     </span>
    </p>
   </div>
   <div class='ocr_carea' id='block_1_47' title="bbox 1906 3144 3597 3211">
    <p class='ocr_par' dir='ltr' id='par_1_47' title="bbox 1906 3144 3597 3211">
     <span class='ocr_line' id='line_1_47' title="bbox 1906 3144 3597 3211; baseline 0.001 -12"><span class='ocrx_word' id='word_1_320' title='bbox 1906 3145 2171 3211; x_wconf 85' lang='lat' dir='ltr'>defueris,</span> <span class='ocrx_word' id='word_1_321' title='bbox 2235 3144 2460 3198; x_wconf 89' lang='lat' dir='ltr'>noveris</span> <span class='ocrx_word' id='word_1_322' title='bbox 2536 3150 2590 3199; x_wconf 91' lang='lat' dir='ltr'>te</span> <span class='ocrx_word' id='word_1_323' title='bbox 2674 3144 2963 3198; x_wconf 87' lang='lat' dir='ltr'>canonicis</span> <span class='ocrx_word' id='word_1_324' title='bbox 3039 3145 3109 3199; x_wconf 93' lang='lat' dir='ltr'>de</span> <span class='ocrx_word' id='word_1_325' title='bbox 3178 3147 3597 3201; x_wconf 89' lang='lat' dir='ltr'>accusatoribus</span> 
     </span>
    </p>
   </div>
   <div class='ocr_carea' id='block_1_48' title="bbox 1904 3233 3598 3305">
    <p class='ocr_par' dir='ltr' id='par_1_48' title="bbox 1904 3233 3598 3305">
     <span class='ocr_line' id='line_1_48' title="bbox 1904 3233 3598 3305; baseline 0.001 -18"><span class='ocrx_word' id='word_1_326' title='bbox 1904 3234 2120 3304; x_wconf 85' lang='lat' dir='ltr'>regulis</span> <span class='ocrx_word' id='word_1_327' title='bbox 2150 3233 2457 3302; x_wconf 90' lang='lat' dir='ltr'>subjacere.</span> <span class='ocrx_word' id='word_1_328' title='bbox 2506 3233 2819 3287; x_wconf 70' lang='lat' dir='ltr'>Calumnias</span> <span class='ocrx_word' id='word_1_329' title='bbox 2873 3250 3005 3287; x_wconf 91' lang='lat' dir='ltr'>vero</span> <span class='ocrx_word' id='word_1_330' title='bbox 3051 3250 3192 3303; x_wconf 89' lang='lat' dir='ltr'>quas</span> <span class='ocrx_word' id='word_1_331' title='bbox 3236 3235 3598 3305; x_wconf 81' lang='lat' dir='ltr'>synodalibus</span> 
     </span>
    </p>
   </div>
   <div class='ocr_carea' id='block_1_49' title="bbox 1907 3322 3594 3395">
    <p class='ocr_par' dir='ltr' id='par_1_49' title="bbox 1907 3322 3594 3395">
     <span class='ocr_line' id='line_1_49' title="bbox 1907 3322 3594 3395; baseline 0 -18"><span class='ocrx_word' id='word_1_332' title='bbox 1907 3323 2148 3377; x_wconf 92' lang='lat' dir='ltr'>decretis</span> <span class='ocrx_word' id='word_1_333' title='bbox 2176 3323 2519 3376; x_wconf 91' lang='lat' dir='ltr'>obumbrare</span> <span class='ocrx_word' id='word_1_334' title='bbox 2553 3323 2708 3375; x_wconf 89' lang='lat' dir='ltr'>uisus</span> <span class='ocrx_word' id='word_1_335' title='bbox 2753 3338 2831 3388; x_wconf 92' lang='lat' dir='ltr'>es,</span> <span class='ocrx_word' id='word_1_336' title='bbox 2864 3322 2925 3375; x_wconf 92' lang='lat' dir='ltr'>in</span> <span class='ocrx_word' id='word_1_337' title='bbox 2984 3328 3034 3376; x_wconf 90' lang='lat' dir='ltr'>te</span> <span class='ocrx_word' id='word_1_338' title='bbox 3083 3327 3252 3394; x_wconf 90' lang='lat' dir='ltr'>atque</span> <span class='ocrx_word' id='word_1_339' title='bbox 3307 3324 3367 3377; x_wconf 90' lang='lat' dir='ltr'>in</span> <span class='ocrx_word' id='word_1_340' title='bbox 3417 3325 3594 3395; x_wconf 68' lang='lat' dir='ltr'>inqui-</span> 
     </span>
    </p>
   </div>
   <div class='ocr_carea' id='block_1_50' title="bbox 1904 3412 3595 3482">
    <p class='ocr_par' dir='ltr' id='par_1_50' title="bbox 1904 3412 3595 3482">
     <span class='ocr_line' id='line_1_50' title="bbox 1904 3412 3595 3482; baseline 0.002 -18"><span class='ocrx_word' id='word_1_341' title='bbox 1904 3428 2103 3465; x_wconf 87' lang='lat' dir='ltr'>vocum</span> <span class='ocrx_word' id='word_1_342' title='bbox 2153 3417 2421 3482; x_wconf 88' lang='lat' dir='ltr'>nepotem</span> <span class='ocrx_word' id='word_1_343' title='bbox 2451 3418 2635 3477; x_wconf 91' lang='lat' dir='ltr'>tuum,</span> <span class='ocrx_word' id='word_1_344' title='bbox 2672 3412 2771 3482; x_wconf 90' lang='lat' dir='ltr'>qui</span> <span class='ocrx_word' id='word_1_345' title='bbox 2818 3412 2895 3465; x_wconf 81' lang='lat' dir='ltr'>ita</span> <span class='ocrx_word' id='word_1_346' title='bbox 2936 3412 3188 3481; x_wconf 88' lang='lat' dir='ltr'>provecti</span> <span class='ocrx_word' id='word_1_347' title='bbox 3236 3413 3369 3466; x_wconf 90' lang='lat' dir='ltr'>estis</span> <span class='ocrx_word' id='word_1_348' title='bbox 3402 3414 3595 3467; x_wconf 83' lang='lat' dir='ltr'>reflec-</span> 
     </span>
    </p>
   </div>
   <div class='ocr_carea' id='block_1_51' title="bbox 1902 3500 3597 3573">
    <p class='ocr_par' dir='ltr' id='par_1_51' title="bbox 1902 3500 3597 3573">
     <span class='ocr_line' id='line_1_51' title="bbox 1902 3500 3597 3573; baseline 0.001 -18"><span class='ocrx_word' id='word_1_349' title='bbox 1902 3506 2121 3555; x_wconf 91' lang='lat' dir='ltr'>tuntur.</span> <span class='ocrx_word' id='word_1_350' title='bbox 2162 3501 2417 3564; x_wconf 90' lang='lat' dir='ltr'>Quorum</span> <span class='ocrx_word' id='word_1_351' title='bbox 2450 3507 2651 3554; x_wconf 87' lang='lat' dir='ltr'>neuter</span> <span class='ocrx_word' id='word_1_352' title='bbox 2694 3517 2759 3554; x_wconf 86' lang='lat' dir='ltr'>ex</span> <span class='ocrx_word' id='word_1_353' title='bbox 2790 3500 2889 3553; x_wconf 90' lang='lat' dir='ltr'>illa</span> <span class='ocrx_word' id='word_1_354' title='bbox 2918 3500 3027 3554; x_wconf 88' lang='lat' dir='ltr'>fuit</span> <span class='ocrx_word' id='word_1_355' title='bbox 3072 3501 3325 3566; x_wconf 88' lang='lat' dir='ltr'>ecclesia,</span> <span class='ocrx_word' id='word_1_356' title='bbox 3379 3501 3438 3555; x_wconf 92' lang='lat' dir='ltr'>in</span> <span class='ocrx_word' id='word_1_357' title='bbox 3485 3520 3597 3573; x_wconf 88' lang='lat' dir='ltr'>qua</span> 
     </span>
    </p>
   </div>
   <div class='ocr_carea' id='block_1_52' title="bbox 1904 3589 3596 3659">
    <p class='ocr_par' dir='ltr' id='par_1_52' title="bbox 1904 3589 3596 3659">
     <span class='ocr_line' id='line_1_52' title="bbox 1904 3589 3596 3659; baseline 0.001 -16"><span class='ocrx_word' id='word_1_358' title='bbox 1904 3590 2214 3643; x_wconf 87' lang='lat' dir='ltr'>ambitione</span> <span class='ocrx_word' id='word_1_359' title='bbox 2241 3596 2411 3659; x_wconf 88' lang='lat' dir='ltr'>atque</span> <span class='ocrx_word' id='word_1_360' title='bbox 2441 3590 2632 3642; x_wconf 89' lang='lat' dir='ltr'>favore</span> <span class='ocrx_word' id='word_1_361' title='bbox 2664 3594 2992 3658; x_wconf 88' lang='lat' dir='ltr'>potentatus</span> <span class='ocrx_word' id='word_1_362' title='bbox 3028 3589 3444 3642; x_wconf 85' lang='lat' dir='ltr'>inthronizatus</span> <span class='ocrx_word' id='word_1_363' title='bbox 3475 3607 3596 3645; x_wconf 90' lang='lat' dir='ltr'>esse</span> 
     </span>
    </p>
   </div>
   <div class='ocr_carea' id='block_1_53' title="bbox 1904 3677 3595 3749">
    <p class='ocr_par' dir='ltr' id='par_1_53' title="bbox 1904 3677 3595 3749">
     <span class='ocr_line' id='line_1_53' title="bbox 1904 3677 3595 3749; baseline -0.002 -17"><span class='ocrx_word' id='word_1_364' title='bbox 1904 3678 2274 3749; x_wconf 83' lang='lat' dir='ltr'>dignoscitur.</span> <span class='ocrx_word' id='word_1_365' title='bbox 2326 3679 2436 3731; x_wconf 84' lang='lat' dir='ltr'>Hac</span> <span class='ocrx_word' id='word_1_366' title='bbox 2481 3678 2809 3731; x_wconf 90' lang='lat' dir='ltr'>conditione</span> <span class='ocrx_word' id='word_1_367' title='bbox 2862 3677 3065 3731; x_wconf 87' lang='lat' dir='ltr'>dehinc</span> <span class='ocrx_word' id='word_1_368' title='bbox 3093 3677 3351 3747; x_wconf 81' lang='lat' dir='ltr'>exigente</span> <span class='ocrx_word' id='word_1_369' title='bbox 3382 3679 3595 3748; x_wconf 71' lang='lat' dir='ltr'>synodo</span> 
     </span>
    </p>
   </div>
   <div class='ocr_carea' id='block_1_54' title="bbox 1902 3766 3595 3837">
    <p class='ocr_par' dir='ltr' id='par_1_54' title="bbox 1902 3766 3595 3837">
     <span class='ocr_line' id='line_1_54' title="bbox 1902 3766 3595 3837; baseline -0.001 -16"><span class='ocrx_word' id='word_1_370' title='bbox 1902 3772 1957 3821; x_wconf 92' lang='lat' dir='ltr'>te</span> <span class='ocrx_word' id='word_1_371' title='bbox 1990 3767 2184 3821; x_wconf 89' lang='lat' dir='ltr'>adesse</span> <span class='ocrx_word' id='word_1_372' title='bbox 2226 3767 2529 3837; x_wconf 89' lang='lat' dir='ltr'>oportebit,</span> <span class='ocrx_word' id='word_1_373' title='bbox 2566 3782 2695 3835; x_wconf 77' lang='lat' dir='ltr'>quae</span> <span class='ocrx_word' id='word_1_374' title='bbox 2744 3766 2876 3819; x_wconf 92' lang='lat' dir='ltr'>Idus</span> <span class='ocrx_word' id='word_1_375' title='bbox 2932 3766 3160 3819; x_wconf 81' lang='lat' dir='ltr'>Martias</span> <span class='ocrx_word' id='word_1_376' title='bbox 3212 3766 3363 3835; x_wconf 91' lang='lat' dir='ltr'>apud</span> <span class='ocrx_word' id='word_1_377' title='bbox 3396 3766 3595 3820; x_wconf 88' lang='lat' dir='ltr'>urbem</span> 
     </span>
    </p>
   </div>
   <div class='ocr_carea' id='block_1_55' title="bbox 1903 3853 3595 3923">
    <p class='ocr_par' dir='ltr' id='par_1_55' title="bbox 1903 3853 3595 3923">
     <span class='ocr_line' id='line_1_55' title="bbox 1903 3853 3595 3923; baseline -0.001 -14"><span class='ocrx_word' id='word_1_378' title='bbox 1903 3855 2413 3919; x_wconf 85' lang='lat' dir='ltr'>Mediomatricum,</span> <span class='ocrx_word' id='word_1_379' title='bbox 2473 3854 2679 3908; x_wconf 85' lang='lat' dir='ltr'>Christi</span> <span class='ocrx_word' id='word_1_380' title='bbox 2735 3854 2959 3907; x_wconf 89' lang='lat' dir='ltr'>favente</span> <span class='ocrx_word' id='word_1_381' title='bbox 3020 3853 3223 3923; x_wconf 88' lang='lat' dir='ltr'>gratia,</span> <span class='ocrx_word' id='word_1_382' title='bbox 3276 3853 3595 3907; x_wconf 90' lang='lat' dir='ltr'>celebrabi-</span> 
     </span>
    </p>
   </div>
   <div class='ocr_carea' id='block_1_56' title="bbox 1901 3941 3593 4013">
    <p class='ocr_par' dir='ltr' id='par_1_56' title="bbox 1901 3941 3593 4013">
     <span class='ocr_line' id='line_1_56' title="bbox 1901 3941 3593 4013; baseline -0.002 -16"><span class='ocrx_word' id='word_1_383' title='bbox 1901 3948 2030 3997; x_wconf 87' lang='lat' dir='ltr'>tur:</span> <span class='ocrx_word' id='word_1_384' title='bbox 2065 3944 2162 3997; x_wconf 84' lang='lat' dir='ltr'>ubi</span> <span class='ocrx_word' id='word_1_385' title='bbox 2202 3944 2504 4013; x_wconf 70' lang='lat' dir='ltr'>saapefatus</span> <span class='ocrx_word' id='word_1_386' title='bbox 2538 3943 2712 3996; x_wconf 87' lang='lat' dir='ltr'>frater</span> <span class='ocrx_word' id='word_1_387' title='bbox 2763 3948 2863 3996; x_wconf 89' lang='lat' dir='ltr'>aut</span> <span class='ocrx_word' id='word_1_388' title='bbox 2910 3948 3009 3995; x_wconf 89' lang='lat' dir='ltr'>tua</span> <span class='ocrx_word' id='word_1_389' title='bbox 3064 3941 3400 4011; x_wconf 88' lang='lat' dir='ltr'>probatione</span> <span class='ocrx_word' id='word_1_390' title='bbox 3457 3958 3593 3995; x_wconf 91' lang='lat' dir='ltr'>con-</span> 
     </span>
    </p>
   </div>
   <div class='ocr_carea' id='block_1_57' title="bbox 1901 4030 3595 4101">
    <p class='ocr_par' dir='ltr' id='par_1_57' title="bbox 1901 4030 3595 4101">
     <span class='ocr_line' id='line_1_57' title="bbox 1901 4030 3595 4101; baseline -0.002 -14"><span class='ocrx_word' id='word_1_391' title='bbox 1901 4034 2176 4097; x_wconf 86' lang='lat' dir='ltr'>vincatur,</span> <span class='ocrx_word' id='word_1_392' title='bbox 2227 4038 2327 4086; x_wconf 90' lang='lat' dir='ltr'>aut</span> <span class='ocrx_word' id='word_1_393' title='bbox 2368 4049 2469 4085; x_wconf 89' lang='lat' dir='ltr'>sua</span> <span class='ocrx_word' id='word_1_394' title='bbox 2516 4031 2846 4085; x_wconf 86' lang='lat' dir='ltr'>defensione</span> <span class='ocrx_word' id='word_1_395' title='bbox 2900 4030 3195 4085; x_wconf 89' lang='lat' dir='ltr'>liberetur.</span> <span class='ocrx_word' id='word_1_396' title='bbox 3232 4030 3335 4085; x_wconf 89' lang='lat' dir='ltr'>Ubi</span> <span class='ocrx_word' id='word_1_397' title='bbox 3366 4047 3595 4101; x_wconf 90' lang='lat' dir='ltr'>quoque</span> 
     </span>
    </p>
   </div>
   <div class='ocr_carea' id='block_1_58' title="bbox 1901 4119 3596 4191">
    <p class='ocr_par' dir='ltr' id='par_1_58' title="bbox 1901 4119 3596 4191">
     <span class='ocr_line' id='line_1_58' title="bbox 1901 4119 3596 4191; baseline -0.002 -17"><span class='ocrx_word' id='word_1_398' title='bbox 1901 4126 1957 4175; x_wconf 89' lang='lat' dir='ltr'>et</span> <span class='ocrx_word' id='word_1_399' title='bbox 2001 4138 2103 4175; x_wconf 90' lang='lat' dir='ltr'>nos</span> <span class='ocrx_word' id='word_1_400' title='bbox 2141 4121 2245 4175; x_wconf 90' lang='lat' dir='ltr'>tibi</span> <span class='ocrx_word' id='word_1_401' title='bbox 2301 4137 2367 4175; x_wconf 85' lang='lat' dir='ltr'>ex</span> <span class='ocrx_word' id='word_1_402' title='bbox 2406 4121 2692 4185; x_wconf 91' lang='lat' dir='ltr'>omnibus,</span> <span class='ocrx_word' id='word_1_403' title='bbox 2743 4136 2868 4191; x_wconf 87' lang='lat' dir='ltr'>quae</span> <span class='ocrx_word' id='word_1_404' title='bbox 2928 4119 2996 4173; x_wconf 93' lang='lat' dir='ltr'>de</span> <span class='ocrx_word' id='word_1_405' title='bbox 3044 4119 3278 4173; x_wconf 89' lang='lat' dir='ltr'>ecclesia</span> <span class='ocrx_word' id='word_1_406' title='bbox 3332 4119 3596 4174; x_wconf 88' lang='lat' dir='ltr'>Camera-</span> 
     </span>
    </p>
   </div>
   <div class='ocr_carea' id='block_1_59' title="bbox 1902 4208 3596 4279">
    <p class='ocr_par' dir='ltr' id='par_1_59' title="bbox 1902 4208 3596 4279">
     <span class='ocr_line' id='line_1_59' title="bbox 1902 4208 3596 4279; baseline -0.001 -16"><span class='ocrx_word' id='word_1_407' title='bbox 1902 4210 2055 4264; x_wconf 90' lang='lat' dir='ltr'>censi</span> <span class='ocrx_word' id='word_1_408' title='bbox 2104 4210 2357 4264; x_wconf 89' lang='lat' dir='ltr'>scribens</span> <span class='ocrx_word' id='word_1_409' title='bbox 2414 4209 2690 4263; x_wconf 90' lang='lat' dir='ltr'>monuisti</span> <span class='ocrx_word' id='word_1_410' title='bbox 2745 4215 2799 4262; x_wconf 88' lang='lat' dir='ltr'>et</span> <span class='ocrx_word' id='word_1_411' title='bbox 2851 4208 3291 4279; x_wconf 90' lang='lat' dir='ltr'>reprehendisti,</span> <span class='ocrx_word' id='word_1_412' title='bbox 3345 4208 3596 4262; x_wconf 87' lang='lat' dir='ltr'>rationes</span> 
     </span>
    </p>
   </div>
   <div class='ocr_carea' id='block_1_60' title="bbox 1904 4297 3596 4369">
    <p class='ocr_par' dir='ltr' id='par_1_60' title="bbox 1904 4297 3596 4369">
     <span class='ocr_line' id='line_1_60' title="bbox 1904 4297 3596 4369; baseline 0 -18"><span class='ocrx_word' id='word_1_413' title='bbox 1904 4299 2192 4353; x_wconf 92' lang='lat' dir='ltr'>reddendo</span> <span class='ocrx_word' id='word_1_414' title='bbox 2220 4299 2568 4369; x_wconf 85' lang='lat' dir='ltr'>respondere</span> <span class='ocrx_word' id='word_1_415' title='bbox 2600 4299 2906 4353; x_wconf 86' lang='lat' dir='ltr'>valeamus.</span> <span class='ocrx_word' id='word_1_416' title='bbox 2958 4299 3021 4351; x_wconf 92' lang='lat' dir='ltr'>In</span> <span class='ocrx_word' id='word_1_417' title='bbox 3055 4298 3275 4352; x_wconf 88' lang='lat' dir='ltr'>Christo</span> <span class='ocrx_word' id='word_1_418' title='bbox 3320 4302 3374 4352; x_wconf 88' lang='lat' dir='ltr'>te</span> <span class='ocrx_word' id='word_1_419' title='bbox 3409 4297 3596 4351; x_wconf 87' lang='lat' dir='ltr'>valere</span> 
     </span>
    </p>
   </div>
   <div class='ocr_carea' id='block_1_61' title="bbox 1905 4391 2191 4457">
    <p class='ocr_par' dir='ltr' id='par_1_61' title="bbox 1905 4391 2191 4457">
     <span class='ocr_line' id='line_1_61' title="bbox 1905 4391 2191 4457; baseline 0.003 -16"><span class='ocrx_word' id='word_1_420' title='bbox 1905 4391 2191 4457; x_wconf 88' lang='lat' dir='ltr'>optamus.</span> 
     </span>
    </p>
   </div>
   <div class='ocr_carea' id='block_1_62' title="bbox 1426 4771 2248 4877">
    <p class='ocr_par' dir='ltr' id='par_1_62' title="bbox 1426 4771 2248 4877">
     <span class='ocr_line' id='line_1_62' title="bbox 1426 4771 2248 4877; baseline 0 -2"><span class='ocrx_word' id='word_1_421' title='bbox 1426 4771 2248 4877; x_wconf 84' lang='lat' dir='ltr'>EORUMDEM</span> 
     </span>
    </p>
   </div>
   <div class='ocr_carea' id='block_1_63' title="bbox 576 4942 3107 5013">
    <p class='ocr_par' dir='ltr' id='par_1_63' title="bbox 576 4942 3107 5013">
     <span class='ocr_line' id='line_1_63' title="bbox 576 4942 3107 5013; baseline -0.001 -5"><span class='ocrx_word' id='word_1_422' title='bbox 576 4943 975 5010; x_wconf 83' lang='lat' dir='ltr'>EPISTOLA</span> <span class='ocrx_word' id='word_1_423' title='bbox 1021 4945 1127 5009; x_wconf 85' lang='lat' dir='ltr'>AD</span> <span class='ocrx_word' id='word_1_424' title='bbox 1174 4945 1608 5013; x_wconf 90' lang='lat' dir='ltr'>EPISCOPOS</span> <span class='ocrx_word' id='word_1_425' title='bbox 1661 4947 1739 5010; x_wconf 89' lang='lat' dir='ltr'>IN</span> <span class='ocrx_word' id='word_1_426' title='bbox 1789 4946 2054 5013; x_wconf 82' lang='lat' dir='ltr'>REGNO</span> <span class='ocrx_word' id='word_1_427' title='bbox 2104 4946 2479 5013; x_wconf 84' lang='lat' dir='ltr'>LUDOVICI</span> <span class='ocrx_word' id='word_1_428' title='bbox 2531 4942 3107 5011; x_wconf 91' lang='lat' dir='ltr'>CONSTITUTOS.</span> 
     </span>
    </p>
   </div>
   <div class='ocr_carea' id='block_1_64' title="bbox 156 5220 2785 5295">
    <p class='ocr_par' dir='ltr' id='par_1_64' title="bbox 156 5220 2785 5295">
     <span class='ocr_line' id='line_1_64' title="bbox 156 5220 2785 5295; baseline -0.002 -18"><span class='ocrx_word' id='word_1_429' title='bbox 156 5224 604 5280; x_wconf 81' lang='lat' dir='ltr'>Venerabilibus</span> <span class='ocrx_word' id='word_1_430' title='bbox 647 5222 707 5277; x_wconf 91' lang='lat' dir='ltr'>in</span> <span class='ocrx_word' id='word_1_431' title='bbox 758 5222 979 5277; x_wconf 88' lang='lat' dir='ltr'>Christo</span> <span class='ocrx_word' id='word_1_432' title='bbox 1032 5224 1303 5278; x_wconf 89' lang='lat' dir='ltr'>fratribus</span> <span class='ocrx_word' id='word_1_433' title='bbox 1344 5224 1787 5295; x_wconf 89' lang='lat' dir='ltr'>archiepiscopis</span> <span class='ocrx_word' id='word_1_434' title='bbox 1832 5223 1870 5275; x_wconf 91' lang='lat' dir='ltr'>D</span> <span class='ocrx_word' id='word_1_435' title='bbox 1899 5224 2279 5279; x_wconf 91' lang='lat' dir='ltr'>Ecclesiarum</span> <span class='ocrx_word' id='word_1_436' title='bbox 2349 5220 2785 5292; x_wconf 87' lang='lat' dir='ltr'>archiepiscopi,</span> 
     </span>
    </p>
   </div>
   <div class='ocr_carea' id='block_1_65' title="bbox 102 5312 1788 5385">
    <p class='ocr_par' dir='ltr' id='par_1_65' title="bbox 102 5312 1788 5385">
     <span class='ocr_line' id='line_1_65' title="bbox 102 5312 1788 5385; baseline 0.002 -20"><span class='ocrx_word' id='word_1_437' title='bbox 102 5317 145 5365; x_wconf 89' lang='lat' dir='ltr'>et</span> <span class='ocrx_word' id='word_1_438' title='bbox 176 5314 464 5385; x_wconf 87' lang='lat' dir='ltr'>episcopis</span> <span class='ocrx_word' id='word_1_439' title='bbox 501 5313 561 5365; x_wconf 91' lang='lat' dir='ltr'>in</span> <span class='ocrx_word' id='word_1_440' title='bbox 616 5328 792 5382; x_wconf 84' lang='lat' dir='ltr'>regno</span> <span class='ocrx_word' id='word_1_441' title='bbox 845 5312 1037 5366; x_wconf 87' lang='lat' dir='ltr'>eximii</span> <span class='ocrx_word' id='word_1_442' title='bbox 1077 5312 1227 5383; x_wconf 90' lang='lat' dir='ltr'>regis</span> <span class='ocrx_word' id='word_1_443' title='bbox 1277 5313 1539 5367; x_wconf 88' lang='lat' dir='ltr'>Ludovici</span> <span class='ocrx_word' id='word_1_444' title='bbox 1571 5314 1788 5368; x_wconf 87' lang='lat' dir='ltr'>consti-</span> 
     </span>
    </p>
   </div>
   <div class='ocr_carea' id='block_1_66' title="bbox 100 5401 1791 5471">
    <p class='ocr_par' dir='ltr' id='par_1_66' title="bbox 100 5401 1791 5471">
     <span class='ocr_line' id='line_1_66' title="bbox 100 5401 1791 5471; baseline 0.002 -18"><span class='ocrx_word' id='word_1_445' title='bbox 100 5404 220 5456; x_wconf 86' lang='lat' dir='ltr'>tutis</span> <span class='ocrx_word' id='word_1_446' title='bbox 248 5404 663 5458; x_wconf 72' lang='lat' dir='ltr'>Tneoocacnus</span> <span class='ocrx_word' id='word_1_447' title='bbox 704 5401 943 5471; x_wconf 70' lang='lat' dir='ltr'>Belgica:</span> <span class='ocrx_word' id='word_1_448' title='bbox 996 5401 1191 5456; x_wconf 65' lang='lat' dir='ltr'>Gallia:</span> <span class='ocrx_word' id='word_1_449' title='bbox 1240 5402 1476 5471; x_wconf 89' lang='lat' dir='ltr'>primas,</span> <span class='ocrx_word' id='word_1_450' title='bbox 1533 5403 1791 5457; x_wconf 75' lang='lat' dir='ltr'>GUNTHA-</span> 
     </span>
    </p>
   </div>
   <div class='ocr_carea' id='block_1_67' title="bbox 100 5489 1787 5561">
    <p class='ocr_par' dir='ltr' id='par_1_67' title="bbox 100 5489 1787 5561">
     <span class='ocr_line' id='line_1_67' title="bbox 100 5489 1787 5561; baseline 0.002 -20"><span class='ocrx_word' id='word_1_451' title='bbox 100 5505 203 5544; x_wconf 61' lang='grc' dir='ltr'>ειυς</span> <span class='ocrx_word' id='word_1_452' title='bbox 247 5489 698 5561; x_wconf 76' lang='lat' dir='ltr'>Agrippinensis</span> <span class='ocrx_word' id='word_1_453' title='bbox 735 5489 1005 5555; x_wconf 72' lang='lat' dir='ltr'>Coloniae,</span> <span class='ocrx_word' id='word_1_454' title='bbox 1060 5493 1334 5545; x_wconf 70' lang='lat' dir='ltr'>Aanuxcus</span> <span class='ocrx_word' id='word_1_455' title='bbox 1374 5492 1787 5545; x_wconf 76' lang='lat' dir='ltr'>Vesontionem-</span> 
     </span>
    </p>
   </div>
   <div class='ocr_carea' id='block_1_68' title="bbox 100 5578 1790 5646">
    <p class='ocr_par' dir='ltr' id='par_1_68' title="bbox 100 5578 1790 5646">
     <span class='ocr_line' id='line_1_68' title="bbox 100 5578 1790 5646; baseline 0.002 -15"><span class='ocrx_word' id='word_1_456' title='bbox 100 5579 177 5645; x_wconf 78' lang='lat' dir='ltr'>sis,</span> <span class='ocrx_word' id='word_1_457' title='bbox 252 5580 593 5635; x_wconf 67' lang='lat' dir='ltr'>Ronmnus</span> <span class='ocrx_word' id='word_1_458' title='bbox 678 5578 1044 5646; x_wconf 80' lang='lat' dir='ltr'>Arelatensis,</span> <span class='ocrx_word' id='word_1_459' title='bbox 1116 5580 1267 5633; x_wconf 63' lang='lat' dir='ltr'>Txno</span> <span class='ocrx_word' id='word_1_460' title='bbox 1354 5579 1790 5635; x_wconf 82' lang='lat' dir='ltr'>Mediolanensis</span> 
     </span>
    </p>
   </div>
   <div class='ocr_carea' id='block_1_69' title="bbox 2872 5218 3590 5293">
    <p class='ocr_par' dir='ltr' id='par_1_69' title="bbox 2872 5218 3590 5293">
     <span class='ocr_line' id='line_1_69' title="bbox 2872 5218 3590 5293; baseline 0.003 -20"><span class='ocrx_word' id='word_1_461' title='bbox 2872 5236 3187 5292; x_wconf 89' lang='lat' dir='ltr'>eorumque</span> <span class='ocrx_word' id='word_1_462' title='bbox 3264 5218 3590 5293; x_wconf 89' lang='lat' dir='ltr'>coepiscopi</span> 
     </span>
    </p>
   </div>
   <div class='ocr_carea' id='block_1_70' title="bbox 1898 5314 2992 5383">
    <p class='ocr_par' dir='ltr' id='par_1_70' title="bbox 1898 5314 2992 5383">
     <span class='ocr_line' id='line_1_70' title="bbox 1898 5314 2992 5383; baseline -0.004 -16"><span class='ocrx_word' id='word_1_463' title='bbox 1898 5314 2139 5367; x_wconf 89' lang='lat' dir='ltr'>salutem</span> <span class='ocrx_word' id='word_1_464' title='bbox 2171 5317 2226 5365; x_wconf 91' lang='lat' dir='ltr'>et</span> <span class='ocrx_word' id='word_1_465' title='bbox 2258 5326 2452 5383; x_wconf 88' lang='lat' dir='ltr'>pacem</span> <span class='ocrx_word' id='word_1_466' title='bbox 2489 5314 2655 5363; x_wconf 89' lang='lat' dir='ltr'>orant</span> <span class='ocrx_word' id='word_1_467' title='bbox 2686 5314 2742 5363; x_wconf 94' lang='lat' dir='ltr'>et</span> <span class='ocrx_word' id='word_1_468' title='bbox 2771 5315 2992 5380; x_wconf 90' lang='lat' dir='ltr'>optant.</span> 
     </span>
    </p>
   </div>
   <div class='ocr_carea' id='block_1_71' title="bbox 1971 5398 3587 5470">
    <p class='ocr_par' dir='ltr' id='par_1_71' title="bbox 1971 5398 3587 5470">
     <span class='ocr_line' id='line_1_71' title="bbox 1971 5398 3587 5470; baseline -0.001 -15"><span class='ocrx_word' id='word_1_469' title='bbox 1971 5401 2215 5455; x_wconf 90' lang='lat' dir='ltr'>Diversis</span> <span class='ocrx_word' id='word_1_470' title='bbox 2269 5399 2570 5455; x_wconf 89' lang='lat' dir='ltr'>Ecclesiam</span> <span class='ocrx_word' id='word_1_471' title='bbox 2616 5399 2714 5453; x_wconf 92' lang='lat' dir='ltr'>Dei</span> <span class='ocrx_word' id='word_1_472' title='bbox 2780 5398 3305 5470; x_wconf 90' lang='lat' dir='ltr'>perturbationibus</span> <span class='ocrx_word' id='word_1_473' title='bbox 3360 5399 3587 5453; x_wconf 91' lang='lat' dir='ltr'>concuti</span> 
     </span>
    </p>
   </div>
   <div class='ocr_carea' id='block_1_72' title="bbox 1898 5488 3588 5560">
    <p class='ocr_par' dir='ltr' id='par_1_72' title="bbox 1898 5488 3588 5560">
     <span class='ocr_line' id='line_1_72' title="bbox 1898 5488 3588 5560; baseline 0 -17"><span class='ocrx_word' id='word_1_474' title='bbox 1898 5495 1955 5543; x_wconf 91' lang='lat' dir='ltr'>et</span> <span class='ocrx_word' id='word_1_475' title='bbox 2006 5489 2239 5558; x_wconf 88' lang='lat' dir='ltr'>percelli</span> <span class='ocrx_word' id='word_1_476' title='bbox 2298 5489 2555 5560; x_wconf 91' lang='lat' dir='ltr'>quotidie</span> <span class='ocrx_word' id='word_1_477' title='bbox 2606 5490 2852 5543; x_wconf 85' lang='lat' dir='ltr'>exterius</span> <span class='ocrx_word' id='word_1_478' title='bbox 2893 5489 3181 5543; x_wconf 89' lang='lat' dir='ltr'>cernimus</span> <span class='ocrx_word' id='word_1_479' title='bbox 3230 5505 3295 5542; x_wconf 89' lang='lat' dir='ltr'>ac</span> <span class='ocrx_word' id='word_1_480' title='bbox 3341 5488 3588 5559; x_wconf 85' lang='lat' dir='ltr'>suspira-</span> 
     </span>
    </p>
   </div>
   <div class='ocr_carea' id='block_1_73' title="bbox 1899 5576 3584 5651">
    <p class='ocr_par' dir='ltr' id='par_1_73' title="bbox 1899 5576 3584 5651">
     <span class='ocr_line' id='line_1_73' title="bbox 1899 5576 3584 5651; baseline -0.001 -18"><span class='ocrx_word' id='word_1_481' title='bbox 1899 5593 2054 5633; x_wconf 88' lang='lat' dir='ltr'>mus:</span> <span class='ocrx_word' id='word_1_482' title='bbox 2086 5577 2329 5633; x_wconf 89' lang='lat' dir='ltr'>interius</span> <span class='ocrx_word' id='word_1_483' title='bbox 2366 5594 2499 5632; x_wconf 85' lang='lat' dir='ltr'>vero</span> <span class='ocrx_word' id='word_1_484' title='bbox 2542 5578 2731 5633; x_wconf 88' lang='lat' dir='ltr'>vexari</span> <span class='ocrx_word' id='word_1_485' title='bbox 2780 5595 2906 5633; x_wconf 86' lang='lat' dir='ltr'>eam</span> <span class='ocrx_word' id='word_1_486' title='bbox 2960 5584 3129 5651; x_wconf 90' lang='lat' dir='ltr'>atque</span> <span class='ocrx_word' id='word_1_487' title='bbox 3161 5576 3319 5631; x_wconf 88' lang='lat' dir='ltr'>exuri</span> <span class='ocrx_word' id='word_1_488' title='bbox 3361 5576 3418 5631; x_wconf 90' lang='lat' dir='ltr'>in</span> <span class='ocrx_word' id='word_1_489' title='bbox 3453 5594 3584 5632; x_wconf 85' lang='lat' dir='ltr'>suo-</span> 
     </span>
    </p>
   </div>
  </div>
