3890 6230
312 307 412 357 383

309 453 439 491 rum
522 434 877 489 dissensione
952 432 1365 495 membrorum,

310 523 799 595 perhorrescimus
847 526 903 575 et
953 522 1235 575 dolemus.
1292 522 1485 592 Neque
1537 522 1690 574 enim
1744 521 1933 573 dolere
1962 522 2017 572 et

309 606 506 684 lugere
538 629 653 666 non
702 627 1032 681 possumus,
1067 610 1219 680 quod
1280 614 1509 662 sanctos
1544 609 1640 662 Dei
1671 609 2011 671 sacerdotes,

310 702 677 755 Hincmarum
730 699 991 753 videlicet
1055 698 1551 768 archiepiscopum
1621 697 1900 766 religione
1960 702 2015 748 et

310 790 591 857 sapientia
650 790 820 858 longe
876 789 1107 857 lateque
1179 788 1499 857 vulgatum,
1577 791 1632 839 et
1688 785 2009 839 Rothadum

309 878 661 947 longiturnae
715 882 772 929 et
829 875 1173 929 venerabilis
1212 875 1644 929 conversatione
1701 872 2012 927 sanctitatis

308 967 615 1029 famosum,
664 965 743 1018 ita
801 965 1188 1034 comperimus
1237 965 1308 1018 ab
1358 964 1597 1017 invicem
1641 962 2008 1017 discordasse.

308 1059 373 1108 ut
414 1053 777 1115 nonrveritus
812 1053 884 1105 sit
942 1053 1419 1123 metropolitanus
1469 1052 1623 1105 idem
1651 1050 2009 1119 suffraganeo

310 1144 496 1197 cidem
555 1141 1162 1196 excommunicationis
1237 1140 1576 1193 sententiam
1650 1139 2004 1208 intorquere,

312 1236 368 1283 et
411 1230 601 1284 ofﬁcio
657 1230 941 1299 privatum
990 1229 1183 1283 divino
1225 1229 1492 1281 custodiae
1550 1228 1843 1297 deputare.
1902 1226 2007 1279 Sed

311 1335 483 1390 quem
515 1335 543 1371 e
573 1318 796 1373 duobus
836 1319 1017 1389 magis
1047 1318 1361 1372 defleamus
1413 1315 1791 1370 admiratione
1836 1314 2007 1369 simul

308 1423 372 1459 ac
411 1413 643 1476 stupore
691 1407 885 1460 vallati
944 1406 1246 1459 nescimus.
1309 1404 1636 1459 Rothadum
1674 1402 1885 1456 scilicet
1928 1402 2007 1455 ita

309 1512 341 1546 a
370 1510 502 1548 vero
559 1494 924 1559 exorbitasse,
979 1498 1039 1546 ut
1077 1494 1130 1545 ei
1175 1494 1348 1563 digne
1399 1492 1534 1545 talia
1580 1491 2003 1559 inﬂigerentur,

308 1587 405 1635 aut
458 1582 829 1637 Hincmarum
888 1582 969 1636 ita
1023 1582 1261 1652 justitiae
1311 1586 1367 1633 et
1414 1579 1713 1649 dignitatis
1761 1580 2003 1632 limitem

308 1670 641 1738 transilisse,
704 1674 765 1723 ut
827 1670 1019 1740 aliquo
1080 1667 1477 1722 amaritudinis
1526 1673 1625 1720 aut
1672 1666 2003 1719 ambitionis

308 1759 427 1811 zelo
488 1759 782 1812 devinctus
828 1775 929 1811 seu
989 1758 1242 1811 devictus
1291 1762 1501 1820 sancto,
1536 1760 1597 1809 ut
1642 1755 1999 1820 credebatur,

310 1852 367 1899 et
409 1862 625 1899 annoso
676 1847 940 1916 episcopo
997 1846 1132 1899 talia
1164 1846 1372 1899 inferre
1428 1845 1663 1898 minime
1695 1844 1999 1897 dubitaret.

310 1935 409 1988 Ille
463 1934 672 1989 etenim
733 1952 790 1988 se
855 1935 1067 2004 injuste
1112 1935 1443 1988 damnatum
1502 1933 1837 2003 proclamat,
1903 1931 2004 2002 qui

311 2022 486 2076 etiam
519 2024 670 2077 inter
697 2024 807 2077 alia
858 2022 1289 2076 excusationum
1324 2038 1556 2075 suarum
1589 2020 1911 2074 munimina
1943 2020 2002 2073 in

308 2111 695 2181 appellatione
734 2112 981 2166 Romani
1010 2111 1295 2182 perstabat
1324 2110 1629 2181 pontiﬁcis.
1671 2110 1779 2165 Iste
1810 2114 1999 2162 autem

306 2199 458 2253 inter
488 2204 693 2254 cratera
742 2200 1119 2254 invictionum
1168 2205 1492 2253 commenta
1546 2199 1615 2252 de
1668 2202 1997 2268 contemptu

306 2293 362 2341 et
393 2288 783 2343 inobedientia
830 2289 917 2341 sui
961 2290 1114 2359 juste
1157 2304 1287 2342 eum
1316 2288 1385 2341 ab
1420 2288 1627 2348 ofﬁcio,
1662 2286 2002 2341 sacerdotali

313 2393 602 2430 removere
667 2377 986 2431 denuntiat.
1031 2378 1188 2440 Quod
1247 2376 1383 2447 quia
1430 2375 1595 2430 nobis
1648 2391 1752 2445 per
1808 2375 2001 2428 omnia

304 2466 585 2519 incertum
635 2472 736 2531 est,
793 2467 1008 2536 quippe
1065 2466 1163 2536 qui
1219 2465 1480 2519 neutrius
1536 2480 1763 2517 causam
1810 2464 2000 2534 palam

308 2554 701 2623 cognovimus,
734 2554 1062 2607 rumoribus
1096 2570 1199 2607 nec
1230 2554 1392 2607 facile
1437 2552 1666 2606 credere
1699 2552 1996 2617 audemus,

310 2658 412 2696 nec
444 2642 769 2696 absentium
801 2642 1182 2695 dissensiones
1216 2647 1428 2695 temere
1484 2640 1795 2710 dijudicare
1826 2640 1999 2693 debe-

311 2746 457 2785 mus.
494 2731 577 2785 Ob
633 2730 741 2784 hoc
795 2737 983 2783 tamen
1040 2731 1268 2794 multos,
1331 2730 1445 2783 imo
1493 2746 1639 2799 pene
1698 2745 1899 2782 omnes
1930 2729 1999 2783 ad

303 2835 677 2889 quoscunque
701 2820 820 2871 haec
838 2819 990 2871 fama
1022 2818 1301 2886 pervenit,
1335 2818 1635 2871 nobiscum
1667 2818 1997 2871 scandalum

304 2924 498 2977 passos
554 2924 670 2960 non
740 2908 860 2959 sine
934 2905 1093 2975 gravi
1149 2921 1393 2959 mcerore
1460 2906 1743 2959 sanctitati
1801 2912 1997 2959 vestrae

305 2995 666 3059 mandamus,
730 2999 957 3046 orantes
1018 2998 1073 3046 et
1103 2994 1545 3047 unanimitatem
1597 2998 1842 3047 vestram
1901 3010 1997 3063 po-

305 3088 544 3149 scentes,
593 3088 655 3135 ut
689 3082 1028 3135 discordiam
1081 3081 1486 3151 praedictorum
1540 3082 1855 3135 antistitum
1887 3082 2002 3135 ani-

306 3168 619 3223 madversis
696 3168 920 3238 antiqui
975 3168 1152 3221 hostis
1232 3168 1468 3234 insidiis,
1528 3174 1583 3222 et
1635 3168 2003 3222 consideratis

309 3258 582 3311 humanae
615 3257 943 3327 fragilitatis
999 3256 1335 3322 excessibus,
1384 3257 1629 3327 qualiter
1659 3257 1911 3326 coeperit,
1949 3262 2004 3310 et

304 3344 634 3409 increverit,
690 3345 987 3398 sollicitius
1032 3345 1345 3398 intendatis
1396 3362 1460 3399 ac
1507 3346 1894 3415 perpendatis,
1947 3350 2003 3399 et

306 3434 607 3489 nobiscum
638 3432 880 3487 Domino
913 3434 1198 3487 mediante
1230 3434 1655 3500 convenientes,
1699 3434 2002 3488 dubietatis

306 3524 482 3592 hujus
515 3522 753 3576 nebulas
803 3522 1222 3575 studiosissima
1270 3521 1540 3591 indagine
1589 3521 2000 3591 abstergamus,

305 3616 362 3665 et
410 3610 478 3664 ad
508 3610 765 3663 veritatis
814 3608 1000 3662 lucem
1062 3624 1194 3661 vera
1247 3609 1372 3661 luce
1414 3609 1698 3662 revelante
1729 3610 2000 3680 perduca-

304 3715 470 3752 mus:
501 3715 615 3770 quo
669 3702 768 3751 aut
798 3697 1092 3752 Rotbadus
1145 3697 1190 3750 si
1239 3698 1392 3768 juste
1427 3697 1717 3768 depositus
1746 3714 2004 3767 compro-

302 3788 492 3857 batur,
523 3787 787 3841 omnium
835 3786 1054 3857 judicio
1105 3787 1465 3851 conticescet,
1523 3791 1619 3839 aut
1665 3788 2002 3840 Hincmarus

304 3876 371 3929 de
404 3875 615 3945 injuste
648 3876 918 3929 damnato
970 3875 1174 3929 merito
1206 3874 1523 3928 erubescat.
1575 3876 1639 3927 Et
1670 3875 2000 3928 scandalum

305 3965 421 4018 sive
479 3980 761 4030 murmur,
812 3965 966 4034 quod
1019 3964 1079 4017 in
1132 3969 1328 4017 sancta
1376 3964 1623 4017 Ecclesia
1678 3980 1853 4034 super
1898 3964 2003 4017 hac

305 4053 687 4106 controversia
725 4052 1007 4122 plurimos
1067 4053 1410 4120 diverberat,
1455 4058 1649 4107 nostra
1707 4053 2003 4123 vigilantia

306 4142 656 4194 destructum
742 4148 913 4211 atque
993 4141 1254 4194 sedatum
1327 4142 1568 4207 fatiscat,
1646 4158 1717 4195 ne
1777 4147 2002 4195 tantum

309 4228 720 4282 otl‘endiculum
752 4229 1139 4283 Christianum
1182 4230 1463 4299 populum
1518 4230 1733 4284 diutius
1776 4235 2001 4299 pertur-

1444 432 1701 485 videntes
1758 430 2002 484 nimium
2048 433 2086 482 A
2119 428 2612 498 dissentientibus,

1090 296 1573 363 THEODGAUDI,
1614 296 2002 349 GUN'l‘HAltll
2046 292 2267 349 EPIST.
2312 296 2399 347 AD
2442 294 2842 361 EI’ISCOPOS,
2883 297 3032 351 ETC.
3718 300 3798 351 384

2729 448 3142 502 usquequaque
3261 449 3465 487 nocere
3581 434 3853 505 valeant.)

2126 518 2204 570 De
2257 517 2466 587 quibus
2509 524 2701 573 autem
2757 520 3050 573 Rothadus
3101 521 3379 590 queritur,
3433 537 3659 591 nosque
3702 522 3799 591 plu-
3852 512 3853 543 ἶ

2124 605 2338 659 rimum
2413 613 2620 673 movet,
2686 608 2971 661 sanctitati
3032 615 3233 662 vestrae
3308 610 3562 663 breviter
3633 610 3800 662 subter

2124 695 2499 749 annectimus.
2555 697 2611 750 Si
2658 696 2863 750 debeat
2917 697 3213 767 presbyter
3290 704 3387 750 aut
3462 698 3735 751 diaconus
3775 715 3798 750 a

2122 784 2355 854 proprio
2407 784 2669 854 episcopo
2722 786 2875 854 juste
2935 786 3246 855 depositus,
3299 802 3331 838 a
3375 787 3799 855 metropolitano

2121 878 2219 925 aut
2239 872 2350 925 alio
2400 873 2657 943 quolibet
2684 873 2743 926 in
2775 874 3016 943 gradum
3056 874 3362 944 pristinum
3396 876 3521 927 sine
3571 875 3801 944 ejusdem

2120 960 2371 1030 episcopi
2405 976 2681 1014 consensa
2729 961 2997 1015 restitui:
3048 978 3178 1016 cum
3225 962 3284 1015 in
3337 963 3589 1016 concilio
3629 964 3799 1017 Antio-

2119 1050 2298 1102 cheno
2332 1051 2475 1120 (cap.
2520 1053 2600 1115 ιιι)
2634 1050 2702 1103 de
2749 1051 2857 1103 hoc
2896 1050 2977 1103 ita
3005 1050 3283 1105 habeatur
3312 1068 3324 1106 :
3367 1053 3425 1104 Si
3454 1052 3559 1122 qui
3592 1053 3802 1121 presby-

2118 1138 2223 1190 teri
2264 1143 2363 1191 aut
2393 1138 2619 1192 diaconi
2650 1156 2682 1191 a
2710 1138 2944 1208 proprio
2994 1138 3263 1210 episcopo
3314 1140 3801 1199 excommunicati,

2117 1227 2240 1281 ausi
2287 1227 2516 1293 fuerint,
2560 1232 2665 1280 etc.
2708 1228 2848 1280 ltem
2888 1228 2944 1280 in
3004 1228 3204 1281 eodem
3243 1229 3480 1282 concilio
3521 1230 3671 1298 (cap.
3706 1236 3799 1295 vi}:

2116 1315 2172 1369 Si
2225 1315 2351 1385 quis
2399 1332 2431 1368 a
2481 1315 2711 1385 proprio
2760 1315 3028 1385 episcopo
3097 1316 3503 1370 communione
3566 1319 3801 1386 privatus

2117 1410 2219 1469 est,
2252 1408 2356 1456 etc.
2402 1403 2460 1457 Si
2491 1402 2697 1456 debeat
2754 1404 3050 1472 presbyter
3087 1404 3421 1457 criminatus
3459 1410 3636 1476 atque
3664 1406 3798 1457 dam-

2115 1498 2283 1545 natus
2314 1498 2440 1561 post
2480 1496 2725 1561 quatuor
2772 1508 2950 1544 annos
2997 1493 3377 1556 reconciliari,
3410 1510 3545 1546 cum
3588 1494 3657 1546 de
3710 1494 3797 1545 hoc

2114 1579 2172 1632 in
2206 1579 2445 1633 concilio
2487 1580 2750 1633 Africano
2802 1579 2943 1649 (cap.
2992 1579 3089 1644 xu)
3134 1580 3213 1633 ita
3263 1581 3570 1635 habeatur:
3604 1582 3658 1635 Si
3687 1582 3800 1652 quis

2113 1668 2262 1721 infra
2286 1684 2503 1721 annum
2523 1684 2749 1721 causam
2775 1684 2936 1721 suam
2960 1685 3205 1738 purgare
3236 1671 3673 1739 contempserit,
3704 1675 3793 1722 etc.

2116 1756 2171 1811 Si
2196 1756 2396 1810 debeat
2435 1756 2672 1826 qbilibet
2700 1757 2999 1827 episcopus
3032 1758 3264 1810 alterius
3298 1759 3630 1811 ordinatum
3681 1759 3794 1809 reti-

2114 1860 2271 1909 nere,
2301 1851 2516 1914 quanto
2562 1846 2751 1903 minus
2782 1861 2983 1915 capere
3016 1847 3101 1898 vel
3135 1846 3193 1899 iu
3243 1863 3528 1900 carcerem
3566 1848 3794 1911 trudere,

2114 1946 2242 1983 cum
2292 1932 2361 1985 de
2414 1933 2520 1985 hoc
2573 1932 2628 1985 in
2679 1933 3060 1986 decretalibus
3107 1934 3183 1986 ita
3244 1939 3555 1987 statuatur:
3622 1936 3797 1988 Nullus

2114 2020 2411 2090 episcopus
2501 2021 2735 2074 alterius
2805 2022 3222 2090 parocliianum
3295 2029 3613 2092 praesumat
3689 2024 3798 2076 reti-

2114 2126 2267 2174 nere,
2301 2114 2405 2162 etc.
2449 2111 2515 2164 Et
2566 2115 2698 2179 post
2749 2111 3077 2181 aliquanta:
3134 2111 3188 2165 Si
3236 2111 3362 2181 quis
3422 2112 3797 2181 metropolita-

2113 2214 2219 2250 nus
2288 2198 2612 2268 episcopus,
2683 2198 2792 2251 nisi
2861 2199 3013 2268 quod
3081 2199 3151 2252 ad
3220 2215 3381 2252 suam
3450 2199 3797 2252 solummodo

2111 2287 2403 2357 propriam
2483 2288 2731 2357 pertinet
2822 2288 3172 2358 parochiam,
3258 2293 3362 2340 etc.
3462 2288 3521 2342 Si
3612 2288 3799 2341 debeat

2111 2376 2407 2446 episcopus
2502 2376 2736 2430 alterius
2844 2376 3097 2445 episcopi
3187 2376 3479 2429 ministros
3584 2376 3795 2444 scriptis

2110 2464 2370 2531 invitare,
2439 2470 2539 2518 aut
2588 2465 2781 2535 aliquo
2844 2464 3012 2517 modo
3070 2464 3394 2528 sollicitare,
3461 2471 3562 2518 aut
3621 2466 3793 2535 plebes

2111 2554 2341 2607 alterius
2394 2553 2655 2622 potestati
2712 2569 2829 2606 sum
2882 2569 3199 2622 usurpare;
3267 2570 3398 2607 cum
3464 2555 3535 2606 de
3604 2554 3705 2607 hoc
3748 2554 3795 2604 in

2110 2640 2371 2695 Africano
2421 2641 2658 2694 concilio
2692 2642 2771 2694 ita
2800 2641 3021 2694 dicatur
3077 2641 3221 2711 (cap.
3276 2644 3364 2707 x):
3414 2643 3617 2695 Nullus
3650 2642 3798 2694 debet

2110 2730 2344 2798 collegae
2374 2746 2475 2782 suo
2508 2730 2691 2783 facere
2723 2730 3014 2798 injuriam,
3063 2736 3166 2783 etc.
3205 2732 3375 2785 Multa
3406 2732 3725 2800 quinetiam
3750 2730 3798 2781 in

2111 2818 2312 2871 eodem
2352 2819 2592 2871 concilio
2625 2819 2691 2872 de
2741 2819 2828 2871 his
2869 2818 2982 2872 alia
3020 2818 3487 2887 promulgantur.
3519 2819 3581 2873 Si
3614 2819 3799 2873 debeat

2110 2906 2408 2975 episcopus
2452 2907 2643 2960 minus
2690 2923 2861 2977 quam
2910 2924 2943 2959 a
2990 2906 3287 2960 duodecim
3334 2907 3545 2972 audiri,
3599 2913 3799 2978 quanto

2112 2996 2295 3064 magis
2350 2995 2633 3059 damnari,
2696 2995 2847 3065 quod
2902 2994 2959 3047 in
3012 2994 3331 3048 Sardicensi
3384 2995 3633 3049 concilio
3699 2996 3796 3047 esi-

2111 3082 2339 3136 dentius
2371 3083 2683 3137 inhibetur.
2744 3084 2802 3137 Si
2851 3084 3053 3137 debeat
3101 3084 3363 3138 damnari
3410 3085 3500 3138 vel
3532 3085 3597 3138 in
3630 3086 3797 3138 locum

2110 3171 2233 3241 ejus
2264 3172 2516 3242 episcopi
2547 3172 2848 3243 subrogari
2893 3173 3035 3226 alter
3069 3173 3389 3243 episcopus,
3439 3173 3543 3244 qui
3596 3174 3658 3227 in
3708 3189 3797 3241 ap-

2110 3261 2421 3331 pellatione
2478 3266 2693 3330 perstat
2751 3262 2993 3315 Romani
3078 3261 3386 3331 pontificis,
3456 3262 3571 3314 nisi
3645 3260 3799 3315 fuerit

2110 3366 2279 3402 causa
2347 3349 2690 3419 appellantis
2757 3349 2817 3402 in
2868 3350 2989 3419 ejus
3041 3350 3416 3403 determinata
3465 3350 3707 3419 judicio.
3752 3348 3796 3399 Si

2110 3438 2288 3507 possit
2345 3444 2674 3508 suspectum
2726 3442 2781 3492 et
2830 3439 3020 3491 minus
3070 3442 3285 3490 certum
3327 3438 3617 3504 judicium
3659 3454 3797 3490 reno-

2109 3527 2251 3591 vari,
2285 3528 2372 3581 vel
2423 3527 2466 3579 si
2513 3530 2807 3596 suspectus
2854 3526 3328 3596 metropolitanus
3389 3526 3613 3579 vicinos
3679 3542 3794 3596 pro-

2109 3614 2308 3668 vincia:
2350 3616 2572 3685 judices
2620 3631 2953 3679 convocare,
2995 3614 3147 3667 unde
3198 3615 3372 3666 multa
3441 3613 3502 3666 in
3553 3614 3797 3668 conciliis

2109 3703 2478 3773 synodalibus
2534 3707 2590 3755 et
2642 3702 2699 3755 in
2748 3702 2989 3755 decretis
3046 3702 3437 3755 Romanorum
3468 3702 3797 3770 pontiﬁcum

2109 3791 2498 3845 continentur.
2531 3791 2587 3845 Si
2617 3791 2820 3845 debeat
2848 3790 3121 3843 innocens
3166 3790 3251 3843 vel
3308 3790 3605 3843 inauditus
3653 3791 3798 3844 dam-

2109 3880 2253 3933 nari.
2289 3880 2346 3934 Si
2371 3880 2576 3934 debeat
2624 3880 2883 3934 damnari
2916 3896 2981 3932 eo
3016 3878 3166 3948 quod
3222 3879 3561 3946 aegritudine
3623 3881 3800 3933 deten-

2109 3974 2200 4022 tus
2230 3970 2449 4039 synodo
2483 3984 2778 4023 occurrere
2812 3985 2922 4021 non
2957 3967 3160 4037 potuit,
3196 3968 3285 4020 cui
3314 3983 3428 4020 non
3458 3984 3564 4037 pro
3594 3968 3798 4037 impos-

2110 4057 2375 4110 sibilitate
2427 4056 2552 4123 hoc,
2625 4058 2722 4111 sed
2788 4072 2893 4125 pro
2952 4060 3285 4125 contemptu
3352 4056 3698 4125 imputatur.
3751 4054 3799 4108 Si

2112 4146 2319 4200 debeat
2342 4144 2717 4198 condemnari
2746 4160 2852 4213 pro
2886 4160 2975 4207 eo,
3028 4144 3179 4213 quod
3212 4148 3267 4197 et
3296 4144 3798 4213 metropolitanum

2110 4248 2459 4303 omnemque
2497 4236 2841 4285 conventum
2880 4238 3210 4300 suspectum
3247 4231 3476 4297 habeat,
3512 4237 3568 4284 et
3615 4239 3799 4285 contra

305 4317 419 4370 bet.
476 4316 671 4385 Neque
729 4332 866 4385 ergo
914 4316 1042 4369 ullis
1086 4317 1195 4369 hoc
1243 4318 1410 4371 debet
1461 4319 1815 4389 argumentis
1855 4336 1996 4388 pras-
2038 4330 2080 4383 ι)
2112 4339 2169 4376 se
2193 4321 2545 4390 conspiratas
2571 4326 2830 4373 metuens
2864 4328 2963 4373 aut
3000 4320 3203 4388 sciens,
3235 4320 3308 4374 ad
3336 4325 3565 4391 tempus
3607 4318 3799 4392 synodi

306 4404 566 4469 termitti,
602 4409 702 4457 aut
748 4404 1143 4457 occasionibus
1190 4405 1424 4470 differri,
1456 4407 1730 4477 quoniam
1786 4414 1845 4459 ut
1876 4424 2000 4460 me-

307 4494 543 4549 minisse
596 4509 701 4547 nos
751 4493 1118 4558 arbitramur,
1171 4500 1227 4548 et
1272 4495 1431 4548 sedes
1469 4497 1776 4565 apostolica
1827 4514 2003 4566 quon-

308 4583 441 4636 dam
478 4599 642 4636 suam
703 4581 1044 4636 sententiam
1095 4583 1152 4635 in
1205 4583 1408 4635 melius
1447 4586 1836 4647 commutavit,
1871 4601 2000 4639 cum

305 4671 414 4725 sibi
466 4671 804 4741 subreptum
839 4671 909 4725 de
938 4671 1190 4741 quodam
1221 4672 1527 4741 perspexit,
1576 4677 1632 4725 et
1678 4674 2000 4738 Dioscorus,

306 4761 443 4830 quia
498 4766 761 4814 sanctum
828 4760 1016 4813 virum
1082 4759 1269 4830 dignas
1327 4759 1619 4814 memoria:
1674 4761 2003 4814 Flavianum

302 4848 511 4917 injuste
541 4848 901 4918 deposuerat,
930 4864 962 4901 a
992 4848 1125 4901 sede
1166 4848 1476 4917 apostolica
1524 4848 1828 4902 damnatus
1871 4866 1997 4902 eva-

305 4934 450 4997 nuit,
493 4937 925 4991 remanentibus
1000 4936 1127 4990 aliis
1178 4936 1546 5004 indamnatis,
1618 4937 1717 5007 qui
1777 4937 1827 4990 ei
1889 4954 2003 4991 non

307 5028 530 5091 sponte,
566 5026 661 5077 sed
717 5025 879 5095 quasi
913 5030 1101 5078 coacte
1151 5025 1209 5078 in
1256 5024 1614 5093 depositione
1648 5026 1824 5078 sancti
1867 5043 2002 5078 con-

308 5118 603 5164 senserant
656 5112 926 5182 episcopi,
982 5128 1125 5180 quos
1173 5113 1295 5182 ipse
1346 5113 1645 5168 Dioscorus
1712 5114 2001 5168 multifor-

306 5199 479 5253 miter
507 5206 563 5253 et
601 5206 804 5270 argute
830 5201 1027 5255 fallere
1057 5202 1298 5256 callidus
1332 5209 1766 5272 argumentator
1804 5204 2002 5258 elabo-

307 5294 550 5343 raverat.
608 5289 789 5343 Nolite
838 5290 961 5360 jam
1015 5306 1165 5344 nunc
1216 5292 1431 5345 morari
1490 5298 1779 5346 crescente
1845 5293 2002 5363 peri-

307 5376 455 5439 culo,
516 5382 573 5429 et
623 5376 1030 5432 insultantibus
1086 5385 1281 5434 sancto
1339 5382 1527 5435 ordini
1584 5388 1756 5453 atque
1818 5385 2003 5437 detra-

308 5464 581 5518 hentibus
623 5466 836 5533 multis,
909 5467 1005 5536 qui
1068 5469 1377 5536 gloriantes
1435 5471 1542 5523 sibi
1592 5472 1801 5525 ﬁducia
1869 5488 2001 5541 pro-

314 5552 570 5619 mittunt,
634 5555 786 5625 quod
840 5556 1023 5624 nobis
1080 5558 1319 5613 invicem
1383 5560 1779 5614 mordentibus
1831 5566 2003 5632 atque

2111 4412 2296 4464 locum
2329 4410 2555 4479 ingredi
2606 4409 2812 4475 dilfert,
2850 4410 3169 4462 Romanum
3217 4408 3550 4477 pontiﬁcem
3583 4423 3798 4479 semper

2112 4500 2425 4569 appellans.
2458 4497 2515 4552 Si
2546 4497 2751 4552 debeat
2779 4500 3075 4550 accusator
3120 4497 3280 4550 testis
3334 4513 3453 4550 esse
3480 4498 3566 4550 vel
3592 4498 3795 4568 judex:

2110 4588 2199 4641 vel
2230 4586 2277 4640 si
2317 4586 2651 4656 episcopum
2704 4585 2824 4639 haec
2856 4584 3121 4639 universa
3168 4586 3469 4639 conveniat
3499 4602 3677 4655 agere
3710 4603 3794 4655 pa-

2112 4676 2269 4729 riter.
2305 4677 2433 4728 Haec
2460 4675 2653 4745 itaque
2679 4690 2774 4727 vos
2796 4672 3118 4727 sacerdotes
3152 4673 3401 4735 Domini,
3424 4671 3795 4728 comministri

2114 4762 2215 4817 Dei
2265 4762 2443 4816 nostri
2491 4764 2590 4832 qui
2641 4762 2697 4814 in
2744 4761 2870 4831 lege
2913 4760 3139 4814 Domini
3195 4761 3555 4815 meditamini
3614 4763 3706 4816 die
3744 4776 3797 4814 ac

2113 4857 2303 4917 nocte,
2334 4849 2701 4921 perscrutatis
2730 4855 2787 4903 et
2837 4849 3074 4902 evolutis
3125 4849 3447 4903 divinarum
3493 4852 3796 4905 auctorita-

2112 4945 2235 4995 tum
2294 4939 2518 5010 paginis
2574 4938 2775 4992 rimari
2839 4943 3054 5003 curate,
3126 4945 3319 4991 utrum
3359 4939 3431 4991 sit
3479 4939 3797 5009 hujusmodi

2112 5029 2388 5099 sapientia
2419 5028 2760 5093 desursum;
2801 5043 2927 5097 quae
2974 5026 3136 5095 juxta
3167 5029 3493 5095 apostolum
3546 5033 3688 5096 (Jac.
3731 5040 3796 5091 Ill)

2112 5117 2362 5189 primum
2426 5116 2661 5187 quidem
2711 5116 2919 5185 pudica
2968 5120 3070 5175 est,
3119 5114 3326 5169 deinde
3378 5115 3653 5184 paciﬁca:
3713 5132 3792 5179 an,

2113 5206 2269 5277 quod
2316 5206 2478 5271 absit,
2531 5221 2597 5257 ea
2646 5220 2818 5275 quam
2871 5203 3170 5272 praemisit,
3223 5209 3470 5268 terrena,
3522 5205 3795 5263 animalis,

2114 5294 2412 5349 diabolica.
2472 5294 2681 5349 Redeat
2746 5294 2942 5363 itaque
3013 5292 3349 5362 quantocius
3432 5292 3528 5362 pia
3585 5293 3797 5348 solertia

2112 5388 2296 5438 vestra
2327 5394 2382 5437 et
2423 5383 2637 5443 labore.
2672 5386 2865 5435 sancta
2892 5380 3137 5433 Ecclesia
3168 5397 3230 5433 ac
3267 5381 3520 5435 fraterna
3564 5384 3795 5436 charitas

2108 5472 2169 5525 in
2199 5488 2418 5541 pacem,
2450 5487 2580 5541 quae
2619 5469 2999 5525 scandalizata
3028 5468 3252 5523 videtur
3300 5469 3550 5524 aliorum
3602 5471 3793 5543 impro-

2112 5560 2305 5616 bitate.
