3890 6230
1466 657 1636 700 ANNO
1688 658 1912 701 DOMINI
1963 659 2339 703 DCCCLXVIII.

1262 836 2537 985 THEUDOINUS

893 1073 1954 1160 CATALAUNENSIS
2068 1081 2919 1163 PREPOSITUS.

1393 1372 1730 1433 NOTITIA
1778 1375 1888 1434 EX
1931 1375 2347 1437 FABRICIU.

203 1634 581 1696 Tnenoomus,
604 1634 939 1702 praepositus
970 1633 1401 1698 Catalaunensis,
1435 1650 1575 1688 anno
1606 1637 1709 1689 868
1755 1639 1978 1704 scripsit
2022 1638 2303 1705 epistolam
2350 1638 2422 1691 ad
2465 1639 2795 1693 Almamium
2824 1642 3141 1695 monachum
3174 1643 3639 1696 Attiuillarensem

132 1727 303 1779 prope
362 1713 612 1778 Rhemos,
668 1717 729 1765 ut
779 1713 959 1765 Vitam
1004 1716 1181 1766 sancti
1226 1715 1464 1766 Memmii
1504 1715 1744 1782 episcopi
1781 1715 2193 1770 Catalaunensis
2236 1718 2405 1784 primi
2448 1718 2786 1772 describeret.
2840 1719 3009 1773 Edita
3063 1725 3139 1774 est
3179 1736 3213 1773 a
3276 1722 3636 1787 Mabillionio,

146 1796 258 1846 γει.
292 1794 545 1848 Analect.
575 1810 631 1864 p.
668 1794 792 1858 423,
814 1809 881 1847 ea:
911 1809 1015 1862 quo
1044 1794 1456 1861 desumpsimus.

1387 2130 2409 2234 THEUDOINI

1839 2323 1931 2375 AD

718 2484 1321 2591 ALMANNUM
1392 2486 1981 2590 MONAGHUM
2049 2488 3066 2595 ALTIVILLARENSEM

1527 2706 2267 2840 EPISTULA,

912 2915 991 2967 De
1022 2913 1305 2967 scribenda
1346 2915 1469 2967 Vita
1508 2918 1685 2969 sancti
1712 2916 1937 2981 Meum],
1970 2919 2211 2985 epiecopi
2238 2918 2651 2972 Catalaunensis
2678 2921 2869 2987 primi.

201 3238 589 3293 Dilectissimo
630 3236 789 3290 fratri
820 3238 1108 3302 Amano,
1141 3236 1420 3289 monacho
1450 3236 1828 3306 professione,
1868 3240 1913 3292 A
1942 3238 2128 3302 cessit,
2180 3242 2456 3308 tanquam
2506 3254 2748 3309 sponsus
2782 3239 2852 3293 de
2900 3239 3150 3293 thalamo
3208 3256 3329 3294 suo.
3388 3240 3639 3294 Didicisti

131 3332 182 3379 et
211 3343 313 3397 per
343 3327 593 3397 gratiam
624 3326 721 3379 Dei
759 3326 977 3379 hiereo.

197 3416 258 3468 In
288 3416 420 3485 lege
451 3414 682 3469 Domini
704 3413 794 3467 die
823 3430 886 3467 ac
916 3418 1081 3466 nocte
1112 3413 1396 3479 meditari,
1432 3429 1548 3467 non
1569 3413 1718 3467 cedit
1748 3414 1834 3466 in-

127 3520 349 3557 cassum
380 3505 443 3557 in
491 3503 671 3556 oculis
701 3501 909 3556 divinae
955 3501 1290 3572 majestatis.
1336 3502 1586 3571 Ideoque
1634 3518 1826 3572 operae

1940 3326 2111 3378 etiam
2143 3326 2295 3396 quod
2328 3342 2457 3379 cum
2490 3326 2684 3380 bestiis
2728 3328 2849 3397 agri
2889 3333 2945 3381 et
2972 3344 3100 3382 cum
3134 3328 3456 3382 volatilibus
3508 3329 3634 3383 coeli

1940 3419 1994 3466 et
2015 3430 2144 3467 cum
2173 3415 2475 3485 reptilibus
2508 3420 2675 3469 terra:
2718 3415 3067 3486 disposuerit
3098 3417 3373 3469 Dominus
3407 3423 3635 3486 pactum

1939 3502 2114 3569 inire;
2157 3507 2213 3555 et
2258 3504 2414 3574 quod
2465 3504 2635 3558 etiam
2682 3521 2785 3575 per
2812 3510 3068 3574 pastores
3100 3506 3337 3558 Thecute
3380 3507 3639 3559 consulat

125 3593 377 3660 pretium
412 3592 579 3646 duxit
625 3596 784 3644 tuam
814 3590 1306 3643 commonefacere
1346 3590 1708 3657 charitatem,
1767 3595 1832 3643 ut
1939 3592 2215 3645 Dominus
2254 3593 2433 3647 vinem
2464 3610 2601 3647 suae.
2634 3597 2822 3664 Atque
2854 3598 2917 3647 ut
2966 3593 3322 3647 manifestius
3350 3593 3452 3647 ﬁat
3482 3593 3633 3663 quod

123 3682 402 3750 quoniam
439 3681 513 3734 ab
557 3680 790 3733 ineunte
820 3683 985 3732 astate
1015 3678 1077 3732 in
1106 3679 1230 3731 loco
1261 3678 1532 3747 religioso
1564 3678 1827 3743 nutritus,

122 3769 178 3822 in
211 3770 320 3823 hoc
368 3770 613 3823 maxime
650 3785 885 3838 operam
920 3768 1147 3833 dedisti,
1202 3773 1264 3821 ut
1311 3769 1370 3821 in
1418 3768 1578 3821 nullo
1626 3784 1826 3839 expers

121 3863 497 3926 grammatos,
548 3858 722 3911 etiam
766 3858 851 3909 vel
884 3857 991 3909 hoc
1033 3856 1359 3926 proﬁceres,
1411 3862 1474 3910 ut
1503 3858 1828 3910 nullatenus

122 3961 268 3999 esses
302 3945 611 4016 imperitus
642 3945 974 4015 graphidos,
1026 3944 1280 3998 dimittas
1327 3961 1530 3999 nemus
1559 3945 1826 4015 Angitiae,

1937 3680 2141 3746 aimus,
2174 3682 2400 3735 noveris
2431 3684 2585 3751 quod
2618 3698 2737 3737 non
2766 3682 2979 3752 absque
3029 3682 3249 3735 occulta
3292 3681 3497 3735 divinas
3548 3683 3633 3737 di-

1938 3770 2269 3839 spositionis
2314 3771 2676 3839 providentia
2719 3772 2942 3837 accidit,
3002 3768 3189 3823 ablato
3232 3772 3526 3824 mausoleo
3582 3776 3637 3823 et

1937 3873 2147 3928 aggere
2181 3864 2347 3912 terres
2377 3865 2615 3919 semoto,
2663 3860 3036 3929 perlustrasse
3067 3874 3169 3912 nos
3200 3858 3351 3911 beati
3382 3859 3632 3912 Memmii

1936 3947 2265 4016 sepulcrum
2312 3948 2374 4001 in
2430 3949 2827 4018 quadrangula
2877 3954 2932 4001 et
2979 3947 3345 4000 caementaria
3398 3946 3633 4016 pretiosi

121 4040 173 4087 et
220 4039 413 4088 totum
469 4038 524 4087 te
570 4050 701 4087 cum
732 4034 943 4087 auxilio
986 4032 1177 4087 divino
1212 4034 1518 4087 transferas
1550 4033 1611 4087 in
1651 4034 1830 4087 vineis
1937 4036 2189 4105 corporis
2220 4037 2368 4090 fossa
2403 4053 2414 4089 :
2448 4042 2503 4090 et
2532 4037 2639 4090 hoc
2669 4042 2753 4089 est
2798 4038 3007 4090 factum
3036 4036 3200 4106 jussu
3231 4036 3399 4105 Regis
3431 4035 3633 4089 CAROLI

124 4123 400 4193 Engaddi.
457 4123 617 4176 Certe
667 4123 819 4176 nosti
868 4126 923 4175 et
943 4122 1170 4175 vineam
1224 4121 1465 4188 Sorech;
1516 4123 1724 4176 audisti
1775 4128 1831 4176 et
1936 4141 2085 4177 anno
2116 4125 2187 4178 ab
2228 4126 2624 4179 Incarnatione
2656 4126 2879 4179 Domini
2911 4128 3034 4190 868,
3069 4125 3267 4180 lndict.
3297 4142 3333 4189 ι,
3373 4142 3469 4178 vm
3510 4127 3632 4179 Kal.

122 4211 620 4281 patremfamilias,
657 4210 757 4282 qui
788 4211 923 4264 exiit
954 4211 1139 4280 primo
1176 4226 1362 4276 mane,
1399 4215 1453 4263 et
1485 4227 1586 4280 per
1619 4211 1829 4265 divisas
1936 4208 2167 4278 Aprilis,
2203 4226 2333 4280 quae
2364 4210 2471 4263 fuit
2512 4215 2715 4280 quarta
2745 4211 2886 4263 feria
2922 4216 3053 4263 ante
3103 4209 3347 4263 mediam
3384 4210 3633 4273 Quadra-

122 4295 313 4365 horas,
365 4303 561 4351 tamen
612 4298 892 4368 prtetixas,
943 4296 1259 4350 conducere
1307 4298 1600 4367 operarios
1648 4298 1707 4350 in
1746 4298 1828 4351 vi-

1937 4297 2255 4367 gesimam:
2290 4299 2527 4369 ejusque
2567 4304 2823 4353 sanctum
2866 4300 3190 4369 sepulcrum
3225 4303 3307 4352 est
3338 4300 3633 4353 inventum

121 4402 284 4440 neam
349 4403 534 4440 suam.
595 4387 809 4440 Revera
870 4392 925 4439 et
970 4386 1030 4439 in
1071 4386 1181 4439 hoc
1231 4402 1359 4440 mea
1389 4392 1521 4440 sunt
1567 4390 1718 4451 vota,
1769 4392 1832 4440 ut
1939 4385 2175 4439 minime
2203 4402 2270 4439 ex
2302 4388 2417 4440 ulla
2450 4394 2609 4457 parte
2642 4389 2860 4441 hazrere
2904 4388 2972 4441 ad
3002 4394 3249 4452 terram;
3300 4388 3393 4441 sed
3430 4388 3634 4441 virtute

120 4482 358 4530 vocatus
402 4475 699 4530 vocatione
748 4476 1060 4529 secundum
1104 4475 1461 4545 propositum
1514 4475 1611 4529 Dei
1659 4476 1823 4542 facta,

120 4566 289 4618 etiam
316 4566 491 4634 juxta
513 4564 887 4634 pusillitatem
914 4563 1158 4633 alicujus
1180 4562 1417 4632 igniculi
1450 4563 1535 4615 tui
1568 4563 1827 4618 laborare

120 4653 174 4706 in
205 4653 463 4707 Ecclesia
514 4652 739 4706 Domini
790 4652 1038 4707 Sabaoth
1072 4652 1194 4705 sine
1228 4652 1343 4705 ulla
1382 4652 1823 4721 interpolatione

119 4757 303 4813 neque
358 4741 623 4805 moreris,
671 4757 857 4810 neque
911 4741 1029 4794 ulla
1080 4740 1355 4794 dilatione
1409 4740 1675 4809 gravetis.
1730 4740 1824 4794 Est

118 4831 263 4884 enim
299 4829 474 4883 nobis
504 4845 659 4882 mors
690 4828 1067 4893 velocissima,
1100 4828 1233 4882 licet
1261 4828 1334 4881 sit
1369 4828 1531 4881 nobis
1576 4827 1822 4881 nimium

118 4917 406 4988 sapientia
440 4923 597 4970 tanta
642 4917 709 4986 [f.
741 4914 949 4987 tarda].
1005 4917 1150 4987 Ergo
1196 4918 1446 4971 accelera
1495 4919 1553 4968 iu
1586 4916 1821 4986 quibus-

116 5023 343 5078 cunque
396 5006 580 5059 fultus
628 5004 895 5075 praesidio
925 5005 1195 5069 veritatis,
1228 5005 1360 5058 etin
1392 5005 1563 5058 domo
1595 5004 1821 5057 Domini

115 5095 353 5166 aliquod
412 5095 707 5147 vasculum
765 5091 1059 5164 [elabora].
1096 5094 1241 5148 Sunt
1271 5092 1426 5147 enim
1484 5093 1540 5146 in
1585 5110 1651 5146 ea
1704 5110 1820 5147 non

116 5185 294 5237 solum
327 5198 470 5235 vasa
492 5197 665 5234 aurea
686 5185 741 5235 et
772 5186 1065 5251 argentea,
1098 5181 1198 5234 sed
1224 5186 1282 5235 et
1304 5181 1496 5251 lignea
1517 5186 1573 5234 et
1600 5182 1817 5247 lictilia,

115 5272 169 5324 in
194 5275 400 5326 sancta
446 5269 711 5323 videlicet
753 5269 1019 5335 Ecclesia,
1086 5285 1212 5341 quae
1256 5270 1421 5339 juxta
1478 5270 1820 5340 prophetam

117 5359 247 5415 Osee
274 5360 635 5429 desponsata
673 5363 757 5412 est
787 5357 1107 5428 tripliciter,
1140 5358 1331 5429 primo
1365 5363 1494 5412 ante
1528 5361 1713 5428 legem
1761 5358 1820 5411 in

116 5448 428 5513 Abraham,
468 5446 720 5501 secundo
771 5447 876 5500 sub
919 5447 1048 5517 lege
1075 5463 1180 5519 per
1228 5449 1480 5517 Moysen,
1512 5447 1679 5501 tertio
1712 5463 1819 5499 au-

117 5544 221 5590 tem
268 5538 383 5591 sub
428 5534 642 5606 gratia,
677 5534 803 5605 ipso
837 5535 1082 5589 Domino
1113 5536 1394 5599 veniente,
1438 5542 1495 5590 et
1548 5536 1606 5589 in
1656 5541 1818 5589 utero

115 5626 379 5695 virginali
410 5640 649 5679 carnem
696 5624 1015 5694 virgineam
1053 5629 1401 5689 assumente,
1435 5625 1503 5678 de
1542 5640 1655 5694 qua
1685 5640 1816 5693 pro-

1936 4474 2349 4543 omnipotentis
2400 4477 2518 4544 Dei,
2569 4478 2718 4546 apud
2754 4492 2923 4547 quem
2972 4477 3179 4529 merita
3229 4476 3373 4529 tanti
3404 4476 3633 4546 patroni

1936 4562 2246 4632 refulgent,
2278 4564 2335 4616 in
2376 4564 2493 4635 ipsa
2528 4564 2675 4617 fossa
2714 4564 2888 4617 veluti
2923 4564 3188 4617 libratum
3224 4563 3283 4615 in
3325 4579 3458 4615 aera
3487 4579 3625 4632 pen-

1935 4650 2069 4704 dere
2104 4656 2348 4721 quatuor
2381 4652 2574 4723 digitis
2605 4670 2637 4706 a
2666 4658 2835 4705 terra.
2868 4652 2991 4715 Quo
3016 4650 3292 4704 miraculo
3318 4652 3633 4720 stupefacta

1935 4740 2265 4793 mortalium
2296 4741 2469 4794 corda
2499 4742 2872 4810 depromunt,
2906 4739 3159 4792 dicentes
3194 4754 3205 4790 :
3242 4738 3283 4790 Ο
3317 4753 3488 4805 quam
3517 4754 3633 4791 ma-

1932 4844 2045 4897 gno
2076 4828 2308 4898 pietatis
2348 4829 2539 4882 studio
2588 4829 2799 4882 caelesti
2841 4827 2971 4879 vitae
3015 4843 3073 4879 se
3108 4824 3439 4879 conformen
3494 4825 3631 4879 red-

1933 4916 2098 4981 didit,
2132 4917 2269 4969 dum
2302 4917 2440 4969 vixit
2470 4918 2530 4969 in
2562 4922 2734 4983 terra,
2765 4915 2926 4984 cujus
2965 4929 3119 4967 nunc
3147 4918 3303 4966 tanta
3334 4919 3419 4966 est
3448 4914 3628 4983 gloria

1931 5003 1991 5056 in
2020 5004 2181 5070 caelo,
2212 5008 2274 5057 ut
2294 5005 2417 5073 ejus
2443 5004 2790 5073 sepulcrum,
2836 5002 3050 5055 nedum
3099 5017 3303 5071 corpus
3371 5006 3629 5071 tangere.

1930 5090 2228 5160 indignam
2278 5107 2335 5144 se
2402 5091 2650 5144 fateatur
2712 5097 2884 5144 terra.
2949 5091 3082 5159 Ejus
3136 5090 3479 5143 sanctissimi
3526 5091 3629 5144 viri

1930 5178 2103 5231 vitam
2134 5196 2167 5232 a
2193 5184 2291 5232 tua
2320 5177 2622 5231 devotione
2653 5177 2967 5248 quaerimus
3018 5177 3400 5231 innovandam
3434 5195 3446 5231 :
3499 5194 3627 5248 qua:

1929 5267 2202 5321 diuturna
2247 5272 2527 5321 vetustate
2556 5273 2613 5321 et
2642 5266 3018 5337 negligentia,
3053 5268 3208 5320 velut
3255 5267 3314 5320 in
3358 5268 3625 5339 pittaciis,

1926 5355 2175 5408 habetur
2231 5370 2377 5425 pene
2440 5361 2800 5425 consumpta.
2864 5356 3010 5425 Ergo
3070 5371 3193 5425 age,
3247 5371 3353 5426 pro
3411 5356 3629 5410 viribus

1930 5446 2138 5495 nostra:
2195 5443 2463 5513 petitioni
2538 5444 2733 5497 favens
2773 5448 2929 5497 esto:
3013 5448 3298 5514 quatenus
3344 5444 3412 5498 de
3468 5449 3627 5498 tanto

1927 5531 2301 5585 intercessore
2350 5531 2418 5584 ad
2467 5538 2806 5603 perpetuam
2869 5532 3113 5587 salutem
3166 5532 3351 5602 possis
3394 5533 3453 5587 in
3486 5533 3627 5587 caelo

1927 5620 2205 5689 gaudere.
