3860 6262
293 297 393 347 383

289 444 420 482 rum
503 424 859 479 dissensione
934 422 1346 483 membrorum,

291 513 780 584 perhorrescimus
828 515 885 564 et
935 512 1216 565 dolemus.
1273 511 1465 581 Neque
1518 511 1672 564 enim
1724 510 1915 563 dolere
1943 512 1997 561 et

291 596 487 674 lugere
520 619 634 655 non
684 617 1014 671 possumus,
1048 600 1201 669 quod
1261 604 1490 652 sanctos
1526 599 1620 652 Dei
1652 598 1992 659 sacerdotes,

292 692 658 745 Hincmarum
711 689 973 743 videlicet
1037 688 1531 757 archiepiscopum
1602 686 1881 755 religione
1941 690 1995 737 et

291 780 573 846 sapientia
631 779 801 847 longe
858 778 1088 847 lateque
1159 777 1481 846 vulgatum,
1558 779 1613 827 et
1670 774 1990 828 Rotliadum

290 867 642 935 longiturnm
696 872 753 919 et
811 864 1155 918 venerabilis
1194 864 1625 917 conversatione
1682 861 1993 915 sanctitatis

290 957 596 1019 famosum,
645 955 724 1008 ita
782 954 1170 1023 comperimus
1218 954 1289 1006 ab
1338 953 1579 1005 invicem
1622 950 1989 1005 discordasse.

290 1049 354 1097 ut
396 1060 511 1096 non
546 1043 759 1096 veritus
793 1042 866 1095 sit
924 1041 1400 1112 metropolitanus
1450 1040 1603 1093 idem
1632 1039 1990 1107 suffraganeo

292 1133 479 1186 cidem
536 1130 1143 1185 excommunicationis
1218 1128 1557 1182 sententiam
1631 1127 1985 1195 intorquere,

294 1225 350 1273 et
392 1219 583 1273 ofﬁcio
638 1220 923 1288 privatum
972 1218 1165 1271 divino
1206 1217 1474 1270 custodiae
1531 1216 1824 1285 deputare.
1883 1214 1989 1268 Sed

292 1324 463 1378 quem
496 1324 524 1360 e
554 1308 777 1362 duobus
817 1308 999 1377 magis
1028 1306 1342 1361 deﬂeamus
1395 1303 1772 1358 admiratione
1817 1303 1989 1357 simul

289 1412 353 1448 ac
392 1402 625 1465 stupore
673 1396 866 1449 vallati
926 1394 1228 1448 nescimus.
1290 1392 1617 1447 Rothadum
1655 1391 1866 1444 scilicet
1910 1391 1989 1444 ita

291 1501 323 1536 a
352 1500 484 1537 vero
540 1483 906 1547 exorbitasse,
960 1488 1020 1535 ut
1058 1482 1111 1534 ei
1156 1482 1329 1551 digne
1380 1481 1515 1534 talia
1562 1480 1984 1548 intligerentnr,

289 1577 387 1625 aut
441 1571 810 1626 Hincmarum
870 1571 951 1624 ita
1004 1570 1243 1640 justitiaa
1292 1574 1348 1622 et
1395 1568 1693 1637 dignitatis
1742 1568 1984 1620 limitem

290 1660 623 1727 transilisse,
686 1664 746 1711 ut
808 1659 1001 1728 aliquo
1061 1655 1459 1711 amaritudinis
1508 1661 1607 1709 aut
1654 1654 1984 1708 ambitionis

290 1748 409 1800 zelo
470 1748 763 1801 devinctus
810 1764 911 1800 seu
970 1747 1223 1800 devictus
1273 1750 1482 1809 sancto,
1517 1748 1579 1797 ut
1624 1743 1980 1808 credebatur,

292 1841 348 1888 et
390 1851 606 1888 annoso
657 1836 922 1905 episcopo
978 1835 1114 1888 talia
1144 1835 1354 1887 inferre
1410 1833 1645 1887 minime
1677 1833 1981 1886 dubitaret.

290 1924 390 1977 Ille
444 1924 654 1977 etenim
714 1941 772 1977 se
837 1924 1048 1993 injuste
1094 1924 1426 1976 damnatum
1484 1922 1819 1992 proclamat,
1885 1921 1985 1990 qui

293 2012 468 2065 etiam
500 2013 651 2066 inter
677 2013 788 2065 alia
840 2012 1271 2065 excusationum
1305 2027 1538 2063 suarum
1571 2009 1894 2063 munimina
1924 2009 1984 2061 in

289 2101 676 2171 appellatione
716 2100 962 2155 Romani
992 2100 1277 2171 perstabat
1307 2099 1611 2169 pontiﬁcis.
1652 2099 1761 2153 Iste
1792 2103 1982 2151 autem

288 2189 440 2242 inter
469 2194 674 2243 caetera
725 2189 1101 2243 invictionum
1150 2193 1474 2242 commenta
1528 2188 1597 2241 de
1650 2191 1980 2257 contemptu

287 2284 343 2331 et
376 2278 764 2332 inobedientia
811 2278 898 2331 sui
943 2278 1096 2348 juste
1139 2294 1269 2330 eum
1299 2276 1368 2330 ab
1402 2276 1609 2336 ofﬁcio,
1644 2276 1983 2330 sacerdotali

294 2383 584 2420 removere
648 2366 967 2420 denuntiat.
1012 2366 1170 2429 Quod
1229 2365 1365 2435 quia
1412 2364 1577 2418 nobis
1630 2380 1734 2434 per
1790 2363 1984 2417 omnia

286 2456 567 2509 incertum
617 2461 717 2521 est,
774 2455 989 2525 quippe
1046 2455 1145 2525 qui
1201 2454 1462 2507 neutrius
1519 2469 1745 2506 causam
1793 2453 1981 2523 palam

289 2544 683 2613 cognovimus,
715 2544 1043 2596 rumoribus
1078 2558 1181 2595 nec
1211 2542 1374 2595 facile
1420 2541 1649 2595 credere
1681 2541 1978 2606 audemus,

292 2648 394 2685 nec
426 2632 749 2685 absentium
783 2631 1164 2684 dissensiones
1198 2636 1411 2684 temere
1467 2629 1778 2698 dijudicare
1808 2629 1981 2682 debe-

293 2736 438 2773 mus.
475 2720 557 2773 Ob
614 2719 722 2773 hoc
776 2726 964 2772 tamen
1022 2720 1251 2782 multos,
1314 2718 1427 2772 imo
1476 2734 1621 2787 pene
1681 2734 1881 2771 omnes
1912 2717 1981 2772 ad

285 2824 658 2879 quoscunque
682 2809 802 2861 haec
819 2807 971 2860 fama
1004 2808 1283 2876 pervenit,
1319 2806 1617 2860 nobiscum
1649 2807 1979 2860 scandalum

285 2913 479 2966 passos
536 2912 651 2949 non
722 2896 842 2949 sine
915 2895 1074 2965 gravi
1132 2910 1375 2948 mcerore
1443 2894 1726 2947 sanctitati
1783 2900 1980 2948 vestrae

286 2983 648 3048 mandamus,
712 2988 939 3035 orantes
999 2987 1054 3036 et
1084 2982 1527 3036 unanimitatem
1580 2986 1825 3035 vestram
1884 2999 1980 3052 po-
2023 3018 2063 3072 Ο

286 3076 525 3137 scentes,
574 3077 637 3124 ut
671 3071 1011 3123 discordiam
1062 3071 1467 3140 praedictorum
1522 3071 1838 3124 antistitum
1870 3071 1985 3123 ani-

289 3157 601 3211 madversis
678 3156 902 3227 antiqui
958 3157 1135 3210 hostis
1213 3158 1451 3223 insidiis,
1510 3162 1566 3211 et
1618 3157 1986 3211 consideratis

291 3247 563 3300 humanae
596 3246 925 3316 fragilitatis
981 3245 1317 3310 excessibus,
1367 3246 1612 3316 qualiter
1642 3245 1894 3315 coeperit,
1932 3250 1987 3299 et

286 3334 616 3400 increverit,
672 3334 970 3387 sollicitius
1014 3334 1328 3387 intendatis
1378 3350 1443 3387 ac
1489 3334 1877 3404 perpendatis,
1930 3339 1985 3388 et

288 3423 589 3477 nobiscum
622 3422 863 3477 Domino
896 3423 1180 3477 mediante
1213 3424 1638 3489 convenientes,
1682 3422 1985 3477 dubietatis

289 3512 465 3580 hujus
498 3511 736 3564 nebulas
786 3511 1205 3565 studiosissima
1252 3510 1522 3580 indagine
1571 3510 1984 3580 abstergamus,

288 3605 345 3653 et
393 3598 462 3652 ad
491 3599 748 3652 veritatis
796 3598 983 3651 lucem
1044 3613 1177 3650 vera
1230 3598 1355 3651 luce
1396 3598 1681 3651 revelante
1712 3599 1983 3669 perduca-

287 3703 454 3740 mus:
485 3703 599 3758 quo
652 3692 751 3740 aut
782 3686 1074 3741 Rothadus
1128 3686 1174 3739 si
1221 3688 1374 3757 juste
1410 3687 1700 3757 depositus
1729 3703 1988 3757 compro-

286 3776 476 3845 batur,
507 3775 770 3828 omnium
818 3775 1037 3845 judicio
1088 3776 1447 3840 conticescat,
1505 3781 1602 3829 aut
1649 3777 1985 3829 Hincmarus

288 3864 356 3917 de
388 3863 599 3933 injuste
632 3865 902 3917 damnato
953 3864 1157 3917 merito
1189 3863 1506 3917 erubescat.
1558 3865 1623 3916 Et
1653 3865 1984 3918 scandalum

290 3953 406 4006 sive
462 3968 744 4019 murmur,
796 3953 950 4022 quod
1002 3953 1062 4005 in
1116 3958 1311 4005 sancta
1359 3954 1606 4006 Ecclesia
1661 3969 1836 4023 super
1883 3954 1987 4006 hac

290 4041 671 4095 controversia
709 4040 991 4110 plurimos
1050 4041 1393 4109 diverberat,
1439 4046 1633 4095 nostra
1691 4042 1987 4111 vigilantia

290 4130 640 4183 destructum
727 4135 897 4199 atque
977 4129 1238 4183 sedatum
1312 4131 1552 4197 fatiscat,
1631 4147 1700 4184 ne
1760 4137 1986 4184 tantum

294 4217 703 4270 otfendiculum
736 4217 1123 4270 Christianum
1166 4219 1447 4287 populum
1502 4218 1717 4273 diutius
1759 4225 1985 4288 pertur-

1425 421 1682 475 videntes
1739 419 1983 473 nimium
2028 422 2067 471 Α
2100 417 2593 486 dissentientibus,

1071 286 1553 352 THEODGAUDI,
1594 285 1983 339 GUNTHAHII
2027 281 2247 338 EPIST.
2294 284 2380 336 Al)
2424 282 2823 348 EI’ISCOPOS,
2862 285 3012 339 ETC.
3703 287 3784 337 3&4

2710 435 3123 490 usquequaque
3242 436 3445 474 nocere
3564 421 3781 474 valeant.

2107 507 2185 559 De
2237 506 2447 576 quibus
2491 512 2681 560 autem
2738 507 3031 561 Rothadus
3082 508 3360 577 queritur,
3414 524 3643 578 nosque
3687 510 3784 577 pln-

2106 594 2318 647 rimum
2394 600 2601 660 movet,
2666 596 2951 649 sanctitati
3013 602 3214 649 vestrm
3289 597 3545 651 breviter
3617 598 3786 649 subter

2105 684 2480 737 annectimus.
2536 684 2592 737 Si
2639 684 2844 737 debeat
2898 684 3195 754 presbyter
3271 692 3367 737 aut
3442 686 3718 738 diaconus
3761 702 3784 737 a

2102 772 2336 842 proprio
2388 772 2651 842 episcopo
2703 773 2856 842 juste
2916 773 3228 843 depositus,
3280 789 3313 825 a
3355 773 3785 842 metropolitano

2102 865 2200 913 aut
2220 861 2331 913 alio
2380 861 2638 931 quolibet
2665 861 2723 913 in
2756 862 2997 930 gradum
3038 862 3342 931 pristinum
3377 864 3504 915 sine
3554 863 3785 931 ejusdem

2101 949 2352 1018 episcopi
2385 964 2662 1002 consensa
2710 949 2978 1002 restitui:
3029 966 3160 1003 cum
3206 949 3266 1002 in
3318 950 3573 1003 concilio
3614 952 3784 1004 Antio-

2100 1038 2279 1090 cbeno
2312 1038 2456 1107 (cap.
2500 1040 2581 1102 ιιι)
2615 1037 2684 1091 de
2729 1038 2838 1091 hoc
2877 1038 2959 1091 ita
2987 1038 3266 1092 habeatur
3294 1055 3305 1093 :
3348 1040 3406 1091 Si
3435 1039 3541 1109 qui
3577 1040 3788 1108 presby-

2100 1126 2205 1178 teri
2246 1130 2345 1179 aut
2375 1126 2599 1179 diaconi
2631 1143 2663 1179 a
2692 1126 2926 1196 proprio
2976 1126 3244 1197 episc0po
3296 1128 3786 1186 excommunicati,

2098 1215 2221 1268 ausi
2268 1215 2497 1281 fuerint,
2541 1220 2647 1269 etc.
2690 1216 2829 1268 Item
2870 1215 2926 1268 in
2986 1216 3187 1269 eodem
3225 1216 3461 1269 concilio
3504 1217 3656 1285 (cap.
3690 1232 3783 1285 vii:

2098 1302 2153 1358 Si
2206 1303 2333 1373 quis
2380 1320 2412 1355 a
2461 1303 2693 1373 proprio
2742 1303 3010 1372 episcopo
3079 1304 3487 1357 communione
3548 1306 3786 1373 privatus

2098 1398 2201 1457 est,
2233 1396 2338 1444 etc.
2384 1390 2441 1444 Si
2472 1390 2677 1444 debeat
2735 1391 3032 1461 presbyter
3070 1392 3403 1445 criminatus
3440 1399 3621 1463 atque
3650 1394 3784 1444 dam-

2096 1486 2264 1533 natus
2296 1486 2421 1549 post
2462 1484 2706 1549 quatuor
2754 1495 2933 1532 annos
2981 1480 3359 1542 reconciliari,
3390 1498 3529 1533 cum
3573 1481 3641 1533 de
3694 1481 3784 1533 hoc

2094 1567 2153 1620 in
2188 1568 2427 1621 concilio
2469 1568 2732 1622 Africano
2784 1567 2925 1637 (cap.
2974 1566 3072 1632 xu)
3117 1569 3196 1620 ita
3246 1569 3555 1622 habeatur:
3589 1570 3644 1622 Si
3672 1570 3785 1639 quis

2094 1657 2244 1709 infra
2268 1672 2484 1709 annum
2504 1672 2733 1709 causam
2757 1672 2917 1709 suam
2943 1673 3188 1726 purgare
3218 1658 3659 1727 contempserit,
3689 1664 3778 1709 etc.

2098 1744 2153 1800 Si
2178 1744 2377 1798 debeat
2417 1744 2655 1814 qbilibet
2682 1745 2981 1815 episcopus
3014 1746 3247 1798 alterius
3281 1747 3615 1799 ordinatum
3666 1746 3779 1797 reti-

2096 1849 2253 1897 nere,
2283 1839 2497 1902 quanto
2544 1834 2734 1890 minus
2764 1850 2964 1903 capere
3001 1835 3083 1886 vel
3117 1834 3176 1886 in
3226 1850 3513 1887 carcerem
3551 1835 3779 1896 trudere,

2096 1934 2224 1972 cum
2274 1921 2343 1973 de
2396 1922 2502 1973 hoc
2554 1921 2610 1973 in
2660 1922 3043 1974 decretalibus
3090 1922 3165 1974 ita
3226 1927 3539 1975 statuatur:
3607 1924 3782 1975 Nullus

2096 2009 2394 2079 episcopus
2483 2009 2718 2062 alterius
2788 2011 3205 2079 parocliianum
3277 2015 3599 2079 praesumat
3674 2011 3784 2064 reti-

2096 2114 2249 2163 nere,
2283 2103 2387 2151 etc.
2431 2099 2497 2153 Et
2548 2103 2680 2168 post
2732 2099 3061 2169 aliquanta:
3116 2099 3171 2153 Si
3218 2099 3344 2170 quis
3404 2100 3783 2168 metropolita-

2095 2202 2200 2239 nus
2270 2187 2594 2256 episcopus,
2665 2186 2774 2240 nisi
2843 2187 2995 2256 quod
3064 2187 3134 2240 ad
3202 2203 3363 2240 suam
3431 2186 3784 2240 solummodo

2093 2276 2385 2346 propriam
2466 2276 2713 2345 pertinet
2805 2276 3155 2346 parochiam,
3240 2281 3344 2329 etc.
3443 2276 3503 2330 Si
3598 2276 3785 2328 debeat

2093 2365 2389 2434 episcopus
2484 2364 2718 2418 alterius
2827 2364 3078 2433 episcopi
3169 2364 3461 2417 ministros
3570 2364 3783 2433 scriptis

2091 2452 2352 2519 invitare,
2422 2459 2521 2507 aut
2571 2453 2764 2523 aliquo
2826 2452 2995 2506 modo
3053 2452 3376 2515 sollicitare,
3443 2458 3547 2505 aut
3606 2454 3781 2522 plebes

2092 2542 2323 2596 alterius
2376 2542 2637 2610 potestati
2694 2558 2812 2595 sua:
2865 2557 3182 2610 usurpare;
3249 2558 3381 2595 cum
3446 2543 3519 2594 de
3590 2542 3781 2595 hocin

2092 2629 2354 2684 Africano
2404 2630 2641 2682 concilio
2674 2630 2753 2683 ita
2783 2629 3003 2682 dicatur
3060 2629 3204 2700 (cap.
3260 2633 3347 2695 x):
3397 2630 3602 2683 Nullus
3636 2630 3785 2682 debet

2092 2719 2327 2787 collegae
2357 2735 2458 2771 suo
2490 2719 2675 2772 facere
2706 2718 2997 2787 injuriam,
3046 2724 3149 2771 etc.
3188 2720 3358 2773 Multa
3389 2719 3713 2788 quinetiam
3738 2719 3785 2769 in

2094 2807 2295 2859 eodem
2335 2808 2575 2860 concilio
2607 2808 2675 2861 de
2723 2807 2811 2859 his
2852 2807 2965 2860 alia
3003 2807 3469 2875 promulgantur.
3504 2807 3566 2861 Si
3600 2807 3787 2861 debeat

2092 2894 2391 2964 episcopus
2435 2896 2626 2949 minus
2673 2912 2843 2965 quam
2893 2912 2925 2948 a
2973 2895 3270 2948 duodecim
3318 2896 3531 2961 audiri,
3584 2901 3787 2965 quanto

2095 2984 2277 3053 magis
2333 2984 2615 3048 damnari,
2678 2984 2830 3054 quod
2885 2984 2943 3036 in
2995 2983 3315 3036 Sardicensi
3367 2982 3619 3036 concilio
3686 2986 3784 3036 eii-

2094 3071 2322 3125 dentius
2354 3072 2667 3126 inhibetur.
2727 3072 2785 3126 Si
2834 3072 3035 3126 debeat
3083 3072 3345 3126 damnari
3394 3073 3485 3126 vel
3519 3073 3583 3126 in
3616 3073 3785 3126 locum

2093 3160 2216 3230 ejus
2247 3161 2500 3232 episcopi
2530 3160 2831 3232 subrogari
2876 3161 3018 3214 alter
3051 3161 3373 3231 episcopus,
3423 3161 3529 3232 qui
3582 3161 3645 3214 in
3696 3178 3785 3230 ap-

2093 3250 2404 3320 pellatione
2460 3255 2677 3319 perstat
2733 3250 2977 3303 Romani
3061 3249 3369 3319 pontificis,
3442 3251 3557 3302 nisi
3631 3250 3786 3303 fuerit

2093 3354 2263 3391 causa
2330 3338 2672 3407 appellantis
2740 3338 2800 3391 in
2852 3339 2973 3408 ejus
3023 3338 3399 3392 determinata
3450 3338 3694 3407 judicio.
3739 3336 3785 3388 Si

2093 3427 2271 3497 possit
2328 3432 2657 3497 suspectum
2709 3430 2763 3481 et
2813 3427 3003 3479 minus
3052 3431 3268 3479 certum
3310 3426 3601 3494 judicium
3645 3442 3783 3479 reno-

2091 3516 2235 3579 vari,
2268 3518 2356 3569 vel
2406 3516 2449 3569 si
2496 3519 2790 3585 suspectus
2838 3515 3312 3585 metropolitanus
3374 3515 3599 3568 vicinos
3665 3530 3781 3584 pro-

2092 3604 2291 3657 vincize
2333 3605 2555 3674 judices
2604 3619 2936 3668 convocare,
2978 3603 3129 3656 unde
3182 3604 3356 3655 multa
3424 3602 3488 3655 in
3542 3602 3785 3655 conciliis

2092 3692 2461 3763 synodalibus
2517 3696 2573 3745 et
2626 3691 2683 3744 in
2732 3691 2973 3744 decretis
3029 3690 3419 3743 Romanorum
3452 3689 3784 3758 pontiﬁcum

2092 3780 2481 3834 continentur.
2514 3780 2571 3835 Si
2600 3780 2803 3834 debeat
2832 3779 3105 3832 innocens
3150 3779 3235 3831 vel
3290 3778 3591 3831 inauditus
3637 3779 3783 3831 dam-

2092 3869 2236 3923 nari.
2271 3870 2329 3923 Si
2355 3869 2559 3923 debeat
2608 3868 2866 3922 damnari
2899 3884 2965 3920 eo
2999 3867 3151 3937 quod
3205 3867 3551 3935 aegritudine
3608 3868 3787 3921 deten-

2093 3964 2183 4012 tus
2214 3960 2432 4028 synodo
2466 3973 2762 4012 occurrere
2794 3973 2906 4010 non
2941 3956 3144 4025 potuit,
3180 3956 3268 4009 cui
3298 3972 3411 4008 non
3440 3972 3552 4025 pro
3582 3956 3784 4025 impos-

2094 4046 2358 4099 sibilitate
2410 4046 2535 4111 hoc,
2608 4047 2706 4099 sed
2772 4061 2877 4113 pro
2936 4048 3269 4112 contemptu
3335 4044 3683 4112 imputatur.
3735 4042 3784 4095 Si

2095 4136 2302 4189 debeat
2326 4133 2700 4187 condemnari
2730 4148 2835 4201 pro
2870 4148 2959 4196 eo,
3011 4132 3162 4201 quod
3196 4137 3251 4185 et
3279 4132 3785 4201 metropolitanum

2094 4237 2443 4292 omnemque
2480 4225 2826 4274 conventum
2864 4224 3194 4288 suspectum
3230 4219 3459 4284 habeat,
3497 4225 3556 4272 et
3602 4225 3784 4272 contra

288 4305 403 4359 bet.
461 4305 655 4373 Neque
714 4320 850 4373 ergo
898 4305 1026 4357 ullis
1070 4306 1179 4358 hoc
1226 4306 1394 4359 debet
1445 4308 1799 4377 argumentis
1838 4324 1980 4377 pras-
2022 4319 2064 4372 Ι)
2095 4328 2153 4364 se
2177 4310 2529 4379 conspiratos
2554 4314 2814 4362 metuens
2847 4316 2946 4361 aut
2984 4308 3187 4376 sciens,
3218 4309 3292 4361 ad
3320 4313 3553 4378 tempus
3596 4306 3785 4379 synodi

290 4392 550 4458 termitti,
586 4397 686 4446 aut
732 4392 1127 4446 occasionibus
1174 4394 1409 4459 differri,
1440 4395 1715 4466 quoniam
1771 4403 1828 4448 ut
1860 4412 1984 4449 me-

291 4482 527 4537 minisse
580 4498 685 4535 nos
736 4482 1103 4547 arbitramur,
1156 4488 1212 4537 et
1256 4484 1415 4537 sedes
1453 4486 1760 4555 apostolica
1811 4502 1986 4555 quon-

292 4571 425 4625 dam
463 4587 627 4625 suam
687 4569 1029 4625 sententiam
1080 4571 1137 4624 in
1189 4572 1393 4624 melius
1431 4575 1820 4635 commutavit,
1856 4590 1985 4627 cum

288 4661 398 4714 sibi
450 4660 789 4730 subreptum
823 4659 893 4713 de
923 4659 1174 4729 quodam
1206 4661 1512 4729 perspexit,
1560 4666 1616 4714 et
1662 4663 1984 4726 Dioscorus,

290 4750 427 4820 quia
482 4755 746 4803 sanctum
813 4748 1001 4801 virum
1066 4748 1253 4819 digna:
1311 4749 1604 4803 memoriae
1658 4750 1987 4803 Flavianum

286 4838 495 4907 injuste
525 4838 885 4907 deposuerat,
915 4852 947 4889 a
977 4837 1110 4889 sede
1150 4837 1461 4906 apostolica
1508 4838 1813 4891 damnatus
1856 4854 1981 4890 eva-

289 4925 433 4987 nuit,
477 4926 909 4980 remanentibus
985 4925 1111 4978 aliis
1162 4925 1531 4992 indamnatis,
1602 4926 1701 4996 qui
1762 4926 1812 4979 ei
1873 4943 1987 4979 non

290 5020 514 5082 sponte,
550 5016 644 5068 sed
701 5014 862 5084 quasi
897 5019 1087 5066 coacte
1136 5014 1193 5067 in
1240 5014 1599 5083 depositione
1631 5015 1809 5067 sancti
1852 5031 1986 5067 rou-

292 5108 587 5154 senserant
640 5102 911 5172 episcopi,
966 5117 1110 5169 quos
1158 5102 1280 5171 ipse
1331 5102 1629 5156 Dioscorus
1697 5103 1985 5156 multifor-

290 5190 463 5243 miter
490 5196 547 5243 et
585 5196 787 5260 argute
813 5190 1011 5243 fallere
1042 5191 1283 5245 callidus
1318 5198 1751 5261 argumentator
1788 5192 1987 5245 elabo-

290 5285 533 5333 raverat.
592 5279 772 5332 Nolite
822 5279 945 5349 jam
1000 5296 1149 5333 nunc
1201 5280 1415 5334 morari
1475 5286 1763 5335 crescente
1830 5282 1986 5352 peri-

290 5367 438 5429 culo,
500 5373 556 5420 et
608 5366 1015 5422 insultantibus
1071 5375 1266 5423 sancto
1324 5370 1513 5423 ordini
1568 5376 1741 5441 atque
1802 5373 1986 5425 detra-

293 5454 565 5509 hentibus
606 5456 820 5522 multis,
893 5457 990 5527 qui
1052 5458 1361 5526 gloriantes
1419 5459 1527 5512 sibi
1576 5460 1785 5513 ﬁducia
1852 5476 1985 5529 pro-

298 5543 553 5609 mittunt,
618 5545 770 5616 quod
825 5546 1006 5615 ‘nobis
1064 5548 1304 5602 invicem
1368 5549 1763 5602 niordeutibus
1815 5554 1986 5620 atque

2095 4400 2280 4453 locum
2313 4398 2539 4468 ingredi
2590 4397 2795 4463 ditfert,
2833 4398 3152 4450 Romanum
3200 4395 3537 4464 pontiﬁcem
3571 4410 3784 4466 semper

2095 4489 2408 4558 appellans.
2443 4486 2498 4541 Si
2529 4486 2734 4540 debeat
2762 4489 3058 4539 accusator
3104 4484 3263 4537 testis
3319 4501 3437 4537 esse
3464 4486 3554 4539 vel
3579 4486 3779 4555 judex:

2094 4577 2182 4629 vel
2214 4575 2260 4629 si
2300 4575 2633 4645 episcopum
2687 4573 2807 4627 haec
2839 4573 3104 4627 universa
3151 4573 3453 4627 conveniat
3483 4590 3658 4643 agere
3691 4589 3779 4641 pa-

2094 4664 2252 4718 riter.
2288 4666 2417 4717 Haac
2444 4663 2636 4733 itaque
2662 4678 2758 4715 vos
2780 4660 3102 4715 sacerdotes
3135 4661 3385 4723 Domini,
3408 4658 3779 4716 comministri

2098 4751 2198 4806 Dei
2249 4750 2427 4805 nostri
2474 4752 2574 4821 qui
2624 4750 2680 4802 in
2728 4749 2853 4819 lege
2898 4748 3122 4802 Domini
3179 4749 3541 4803 meditemini
3599 4750 3687 4803 die
3727 4763 3782 4800 ac

2095 4845 2287 4906 nocte,
2318 4837 2684 4910 perscrutatis
2714 4843 2771 4891 et
2821 4837 3057 4890 evolutis
3108 4837 3432 4891 divinarum
3477 4838 3780 4892 auctorita-

2096 4934 2218 4983 tum
2277 4927 2501 4998 paginis
2559 4926 2758 4980 rimari
2823 4932 3037 4990 curate,
3109 4932 3301 4978 utrum
3342 4927 3414 4979 sit
3464 4925 3780 4997 bujusmodi

2095 5017 2373 5088 sapientia
2402 5016 2744 5081 desursum;
2785 5031 2911 5084 quae
2957 5014 3120 5083 juxta
3150 5016 3476 5083 apostolum
3530 5021 3668 5085 (Jac.
3713 5028 3781 5077 ιιι)

2095 5107 2346 5177 primum
2410 5105 2644 5175 quidem
2696 5104 2903 5173 pudica
2952 5108 3054 5163 est,
3103 5102 3309 5156 deinde
3362 5104 3635 5171 pacifica:
3695 5118 3777 5166 an,

2097 5195 2253 5265 quod
2300 5194 2462 5259 absit,
2515 5210 2581 5245 ea
2630 5208 2801 5263 quam
2854 5191 3154 5260 praemisit,
3207 5196 3454 5255 terrena,
3506 5191 3779 5249 animalis,

2098 5283 2396 5339 diabolica.
2455 5282 2664 5337 Redeat
2730 5282 2925 5350 itaque
2997 5279 3333 5348 quantocius
3415 5279 3512 5349 pia
3568 5278 3781 5334 solertia

2096 5376 2281 5426 vestra
2311 5381 2366 5425 et
2408 5371 2621 5431 labore,
2655 5373 2849 5423 sancta
2878 5367 3121 5421 Ecclesia
3152 5384 3215 5420 ac
3252 5368 3505 5422 fraterna
3549 5369 3779 5423 charitas

2092 5460 2153 5514 in
2184 5475 2403 5529 pacem,
2434 5475 2565 5529 quas
2603 5456 2983 5512 scandalizata
3012 5455 3236 5511 videtur
3285 5456 3534 5511 aliorum
3586 5457 3777 5527 impro‘

2096 5549 2289 5604 bitate.
