3860 6262
1458 584 1627 627 ANNO
1678 585 1903 629 DOMINI
1954 587 2305 630 DCCCLXVIU
2318 618 2331 631 .

1254 764 2528 912 THEUDOINUS

884 1001 1575 1085 CATALAUN
1583 1006 1760 1085 EN
1769 1007 1945 1088 SIS
2060 1008 2719 1090 PREPOSIT
2736 1010 2910 1090 US.

1384 1299 1721 1360 NOTITIA
1770 1302 1880 1362 EX
1923 1303 2339 1365 FABRICIO.

196 1562 574 1623 Taeuuomus,
608 1563 930 1630 praepositus
962 1561 1393 1626 Catalaunensis,
1428 1577 1566 1615 anno
1598 1565 1700 1616 868
1746 1566 1969 1632 scripsit
2013 1566 2294 1632 epistolam
2341 1565 2414 1618 ad
2457 1567 2788 1620 Almannum
2816 1569 3133 1622 monachum
3165 1570 3630 1623 Atticillarensem

109 1655 290 1708 prape
350 1641 605 1707 Rhemos,
661 1646 722 1693 ut
770 1641 951 1693 Vitam
997 1644 1173 1694 sancti
1218 1643 1456 1695 Memmii
1496 1643 1735 1710 episcopi
1773 1643 2184 1697 Catalaunensis
2228 1646 2397 1711 primi
2440 1645 2777 1700 describeret.
2831 1647 3001 1700 Edita
3055 1653 3132 1701 est
3171 1664 3204 1700 a
3268 1649 3627 1713 Mabiltionio,

125 1724 249 1774 νει.
282 1721 539 1776 Analect.
568 1738 625 1792 p.
660 1722 783 1785 423,
806 1737 873 1775 etc
903 1737 1007 1789 quo
1036 1722 1448 1789 desumpsimus.

1496 1907 2309 1914 —.—~.—.—.—_——_—_‘—_—._~.
2324 1909 2347 1913 ο

1380 2058 2401 2161 THEUDOINI

1830 2250 1924 2303 AD

710 2413 1314 2519 ALMANNUM
1384 2414 1973 2517 MONAGHUM
2042 2416 3058 2522 ALTIVILLARENSEM

1518 2633 2259 2767 EPISTOLA,

905 2843 983 2895 De
1014 2841 1299 2894 scribenda
1337 2843 1461 2895 Vita
1501 2844 1678 2896 sancti
1705 2843 1929 2909 MEMMII,
1963 2846 2202 2913 epiecopi
2230 2845 2643 2900 Catalaunensis
2670 2848 2862 2914 primi.

194 3166 581 3221 Dilectissimo
622 3164 781 3217 fratri
812 3166 1101 3230 ALMANNO,
1133 3163 1412 3217 monacho
1443 3163 1821 3234 professione,
1861 3168 1906 3219 Α
1934 3165 2120 3229 cessit,
2172 3170 2449 3236 tanquam
2499 3182 2740 3236 sponsus
2775 3166 2845 3220 de
2892 3166 3143 3220 thalamo
3200 3183 3322 3221 suo.
3380 3168 3632 3221 Didicisti

119 3260 174 3307 et
204 3271 307 3325 per
336 3254 585 3325 gratiam
616 3254 713 3307 Dei
751 3253 971 3307 hiereo.

188 3344 252 3396 In
283 3344 412 3413 lege
444 3341 675 3397 Domini
696 3341 787 3395 die
816 3358 880 3395 ac
909 3346 1075 3394 nocte
1105 3340 1388 3406 meditari,
1423 3356 1541 3394 non
1562 3341 1711 3395 cedit
1741 3342 1827 3394 in-

116 3448 341 3485 cassum
374 3433 436 3485 in
485 3431 663 3484 oculis
694 3429 901 3484 divinae
948 3429 1283 3499 majestatis.
1327 3429 1579 3499 Ideoque
1627 3445 1819 3500 operae

116 3520 370 3589 pretium
406 3520 571 3574 duxit
617 3524 778 3572 tuam
807 3518 1299 3571 commonefacere
1338 3518 1701 3585 charitatem,
1760 3522 1825 3571 ut

115 3610 395 3678 quoniam
433 3608 506 3661 ab
551 3608 783 3661 ineunte
813 3612 978 3660 aetate
1008 3606 1069 3659 in
1099 3607 1222 3659 loco
1254 3606 1525 3676 religioso
1555 3606 1820 3671 nutritus,

114 3697 172 3750 in
206 3699 315 3751 hoc
361 3698 606 3751 maxime
642 3713 878 3766 operam
914 3696 1139 3762 dedisti,
1194 3700 1258 3749 ut
1303 3696 1363 3748 in
1413 3696 1570 3749 nullo
1619 3712 1819 3766 expers

114 3791 492 3853 grammatos,
541 3785 716 3839 etiam
759 3785 845 3837 vel
876 3784 983 3837 hoc
1026 3784 1351 3853 proﬁceres,
1403 3790 1466 3837 ut
1496 3786 1821 3838 nullatenus

114 3889 263 3927 esses
297 3873 604 3944 imperitus
635 3872 967 3943 graphidos,
1019 3872 1273 3925 dimittas
1319 3888 1523 3927 nemus
1552 3872 1819 3943 Angitiae,

117 3968 168 4015 et
216 3967 408 4016 totum
462 3967 519 4015 te
564 3978 693 4015 cum
725 3961 936 4014 auxilio
979 3960 1170 4014 divino
1205 3961 1510 4014 transferas
1542 3961 1604 4014 in
1644 3961 1823 4014 vineis

119 4051 395 4120 Engaddi.
451 4051 611 4104 Certe
661 4051 811 4104 nosti
862 4055 917 4102 et
937 4050 1163 4103 vineam
1217 4049 1458 4115 Sorech;
1509 4050 1717 4103 audisti
1768 4056 1824 4102 et

120 4138 614 4208 patremfamilias,
650 4138 751 4209 qui
782 4138 916 4191 exiit
946 4138 1133 4208 primo
1169 4153 1355 4203 mane,
1392 4142 1445 4191 et
1478 4154 1579 4207 per
1613 4138 1822 4192 divisas

120 4223 309 4294 horas,
359 4230 554 4279 tamen
606 4225 885 4295 praeﬁxas,
936 4224 1252 4277 conducere
1300 4225 1593 4295 operarios
1641 4225 1701 4277 in
1739 4225 1821 4278 vi-

120 4329 279 4367 neam
343 4331 527 4367 suam.
588 4315 803 4368 Revera
862 4318 918 4367 et
963 4313 1023 4366 in
1064 4314 1174 4367 hoc
1224 4330 1352 4367 mea
1382 4318 1514 4367 sunt
1561 4317 1711 4378 vota,
1762 4318 1825 4366 ut

120 4409 352 4457 vocatus
396 4403 692 4457 vocatione
741 4403 1054 4456 secundum
1097 4403 1455 4473 propositum
1507 4402 1604 4456 Dei
1652 4403 1816 4469 facta,

122 4493 283 4545 etiam
310 4494 485 4561 juxta
506 4492 881 4562 pusillitatem
907 4490 1151 4561 alicujus
1172 4490 1411 4560 igniculi
1444 4490 1528 4543 tui
1560 4490 1820 4545 laborare

122 4580 173 4633 in
203 4580 457 4634 Ecclesia
508 4580 734 4634 Domini
784 4580 1031 4634 Sabaoth
1066 4580 1187 4633 sine
1222 4579 1336 4632 ulla
1375 4579 1816 4648 interpolatione

122 4684 297 4740 neque
352 4668 617 4732 moreris,
664 4684 851 4738 neque
905 4668 1023 4721 ulla
1074 4667 1349 4721 dilatione
1401 4666 1668 4736 gravetis.
1723 4668 1817 4721 Est

122 4757 260 4811 enim
294 4757 467 4811 nobis
498 4772 652 4810 mors
684 4756 1060 4820 velocissima,
1093 4755 1227 4809 licet
1255 4756 1327 4808 sit
1362 4755 1524 4808 nobis
1568 4754 1815 4808 nimium

123 4845 400 4914 sapientia
434 4850 591 4898 tanta
636 4844 702 4914 [Γ.
734 4842 943 4914 tarda].
998 4844 1142 4914 Ergo
1189 4846 1440 4898 accelera
1488 4846 1546 4895 iu
1580 4843 1814 4913 quibus-

122 4949 337 5004 cunque
388 4933 573 4987 fultus
622 4932 889 5002 praesidio
917 4932 1188 4996 veritatis,
1222 4932 1355 4985 etin
1385 4932 1557 4985 domo
1588 4931 1814 4985 Domini

124 5022 347 5092 aliquod
405 5022 701 5075 vasculum
758 5018 1053 5091 [elabora].
1090 5021 1234 5075 Sunt
1264 5019 1419 5074 enim
1477 5020 1534 5073 in
1578 5037 1644 5073 ea
1696 5037 1813 5074 non

125 5111 290 5164 solum
323 5125 464 5163 vasa
487 5125 659 5162 aurea
679 5113 734 5162 et
765 5113 1058 5178 argentea,
1092 5109 1191 5161 sed
1217 5113 1275 5162 et
1298 5108 1489 5178 lignea
1510 5113 1567 5161 et
1594 5108 1811 5174 fictilia,

125 5197 175 5249 in
198 5202 395 5252 sancta
440 5196 705 5250 videlicet
746 5196 1013 5263 Ecclesia,
1079 5213 1205 5268 quae
1249 5198 1414 5267 juxta
1472 5197 1813 5267 prophetam

129 5283 249 5341 Osee
273 5288 629 5356 desponsata
666 5290 751 5339 est
782 5285 1101 5356 tripliciter,
1133 5286 1324 5356 primo
1358 5290 1488 5339 ante
1521 5287 1706 5355 legem
1754 5285 1813 5337 in

128 5372 423 5441 Abraham,
463 5374 714 5429 secundo
764 5374 870 5428 sub
912 5374 1042 5445 lege
1068 5391 1174 5446 per
1222 5376 1473 5445 Moysen,
1506 5374 1673 5428 tertio
1706 5390 1812 5426 au-

131 5466 226 5515 tem
270 5465 379 5519 sub
424 5462 635 5533 gratia,
672 5462 797 5533 ipso
831 5463 1075 5517 Domino
1107 5463 1388 5526 veniente,
1432 5469 1489 5518 et
1541 5463 1599 5516 in
1650 5468 1812 5516 utero

130 5549 375 5620 virginali
405 5568 642 5607 carnem
690 5552 1009 5622 virgineam
1047 5556 1394 5617 assumente,
1428 5552 1497 5605 de
1535 5567 1649 5621 qua
1680 5566 1809 5620 pro-

1933 3253 2103 3305 etiam
2136 3253 2289 3323 quod
2320 3270 2450 3307 cum
2482 3254 2676 3307 bestiis
2721 3255 2841 3324 agri
2881 3260 2937 3308 et
2964 3271 3093 3308 cum
3127 3256 3449 3309 volatilibus
3500 3256 3626 3310 caeli

1933 3346 2136 3394 etcum
2166 3342 2466 3413 reptilibus
2501 3347 2667 3396 terrae
2711 3343 3061 3413 disposuerit
3091 3343 3365 3397 Dominus
3400 3350 3628 3413 pactum

1931 3429 2107 3497 inire;
2150 3434 2205 3483 et
2251 3431 2407 3501 quod
2458 3430 2628 3485 etiam
2674 3448 2777 3502 per
2805 3437 3062 3502 pastores
3092 3432 3330 3485 'l‘hecuaa
3372 3434 3631 3486 consulat

1932 3519 2207 3573 Dominus
2247 3520 2426 3574 vineae
2456 3537 2592 3574 suae.
2627 3524 2814 3591 Atque
2847 3525 2910 3574 ut
2958 3520 3314 3573 manifestius
3343 3519 3445 3573 fiat
3475 3520 3627 3590 quod

1930 3608 2133 3673 aimus,
2166 3608 2392 3663 noveris
2423 3611 2578 3679 quod
2610 3626 2729 3663 non
2758 3609 2971 3679 absque
3022 3609 3241 3661 occulta
3285 3607 3490 3661 divina:
3541 3610 3626 3663 di-

1931 3697 2262 3767 spositionis
2308 3698 2668 3766 providentia
2712 3698 2935 3763 accidit,
2994 3695 3183 3751 ablato
3224 3698 3518 3751 mausoleo
3575 3702 3630 3750 et

1930 3801 2140 3856 aggere
2173 3791 2340 3839 terrae
2370 3792 2607 3847 semoto.
2655 3787 3029 3856 perlustrasse
3060 3801 3161 3838 nos
3192 3785 3343 3838 beati
3375 3786 3623 3839 Memmii

1929 3875 2257 3944 sepulcrum
2305 3875 2367 3928 in
2423 3876 2819 3945 quadrangula
2869 3882 2924 3928 et
2972 3874 3338 3927 caementaria
3391 3874 3626 3943 pretiosi

1930 3964 2182 4033 corporis
2212 3965 2361 4017 fossa
2396 3980 2407 4017 :
2441 3968 2497 4017 et
2526 3964 2632 4017 hoc
2662 3968 2745 4016 est
2790 3965 3000 4017 factum
3028 3963 3193 4032 jussu
3224 3962 3392 4032 Regis
3424 3962 3626 4016 CAROLI

1929 4068 2079 4105 anno
2109 4052 2179 4105 ab
2222 4053 2617 4106 lncarnatione
2649 4053 2871 4106 Domini
2903 4054 3026 4117 868,
3061 4052 3261 4107 Indict.
3290 4069 3325 4117 ι,
3365 4069 3462 4105 vm
3502 4053 3624 4105 Kal.

1930 4136 2160 4205 Aprilis,
2197 4153 2325 4207 quae
2356 4137 2465 4190 fuit
2505 4142 2707 4206 quarta
2738 4137 2879 4191 feria
2914 4142 3045 4189 ante
3094 4136 3339 4190 mediam
3377 4136 3627 4200 Quadra-

1930 4224 2248 4294 gesimam:
2283 4226 2521 4295 ejusque
2560 4232 2815 4280 sanctum
2858 4226 3182 4295 sepulcrum
3217 4230 3300 4278 est
3332 4226 3626 4279 inventum

1932 4312 2169 4366 minime
2196 4329 2263 4366 ex
2295 4314 2411 4367 ulla
2443 4320 2601 4384 parte
2634 4315 2853 4368 haerere
2897 4314 2964 4367 ad
2994 4320 3241 4379 terram;
3293 4314 3385 4368 sed
3422 4314 3627 4367 virtute

1929 4401 2342 4470 omnipotentis
2392 4404 2510 4471 Dei,
2562 4404 2711 4472 apud
2746 4419 2916 4474 quem
2965 4403 3172 4456 merita
3221 4402 3366 4455 tanti
3397 4402 3627 4472 patroni

1929 4489 2239 4559 refulgent,
2271 4490 2328 4543 in
2370 4491 2487 4562 ipsa
2522 4491 2670 4544 fossa
2706 4491 2881 4543 veluti
2915 4490 3180 4543 libratum
3217 4490 3276 4541 in
3317 4505 3450 4541 acra
3480 4505 3617 4558 pen-

1928 4576 2062 4631 dere
2097 4582 2341 4647 quatuor
2374 4579 2567 4649 digitis
2598 4597 2630 4632 a
2659 4584 2827 4631 terra.
2861 4578 2983 4641 Quo
3009 4576 3285 4630 miraculo
3310 4577 3625 4646 stupefacta

1928 4666 2258 4720 mortalium
2289 4667 2462 4721 corda
2492 4668 2865 4736 depromunt,
2899 4665 3151 4718 dicentes
3187 4680 3197 4715 :
3234 4663 3276 4715 Ο
3310 4679 3482 4732 quam
3509 4680 3625 4717 ma-

1926 4770 2039 4824 gno
2070 4754 2301 4825 pietatis
2341 4756 2531 4809 studio
2580 4755 2793 4808 caelesti
2834 4752 2963 4805 vitae
3008 4768 3067 4805 se
3100 4750 3432 4805 conformen
3487 4751 3623 4805 red-

1926 4842 2091 4908 didit,
2125 4843 2263 4896 dum
2296 4843 2433 4896 vixit
2463 4844 2523 4895 in
2555 4848 2726 4909 terra,
2758 4842 2919 4910 cujus
2958 4855 3112 4893 nunc
3139 4844 3295 4892 tanta
3326 4845 3412 4893 est
3442 4840 3622 4909 gloria

1924 4930 1984 4983 in
2013 4931 2174 4997 caelo,
2205 4934 2267 4983 ut
2287 4931 2410 5000 ejus
2436 4930 2783 4999 sepulcrum,
2828 4929 3042 4982 nedum
3092 4943 3296 4997 corpus
3362 4932 3622 4997 tangere,

1924 5016 2222 5087 indignam
2271 5033 2328 5069 se
2394 5018 2643 5071 fateatur
2705 5022 2877 5070 terra.
2941 5017 3074 5086 Ejus
3128 5016 3473 5069 sanctissimi
3518 5017 3622 5070 viri

1923 5104 2097 5159 vitam
2128 5122 2161 5158 a
2186 5110 2284 5159 tua
2313 5104 2615 5158 devotione
2646 5103 2959 5174 quierimus
3010 5103 3392 5158 innovandam
3427 5121 3440 5158 :
3492 5121 3620 5175 quae

1923 5194 2195 5248 diuturna
2241 5199 2520 5248 vetustate
2549 5199 2606 5247 et
2635 5192 3010 5263 negligentia,
3045 5194 3202 5247 velut
3246 5194 3307 5246 in
3351 5194 3618 5264 pittaciis,

1921 5282 2169 5336 habetur
2224 5297 2370 5352 pene
2433 5286 2793 5351 consumpta.
2856 5282 3002 5352 Ergo
3062 5297 3186 5352 age,
3240 5298 3346 5352 pro
3404 5283 3621 5336 viribus

1923 5374 2131 5423 nostrae
2188 5369 2455 5439 petitioni
2530 5371 2725 5424 favens
2766 5375 2922 5424 esto:
3006 5374 3291 5440 quatenus
3337 5370 3405 5424 de
3461 5374 3620 5424 tanto

1920 5458 2295 5511 intercessore
2343 5457 2410 5511 ad
2459 5464 2799 5530 perpetuam
2862 5459 3107 5513 salutem
3158 5458 3344 5528 possis
3387 5458 3446 5513 in
3478 5459 3620 5513 caelo

1921 5548 2197 5617 gaudere.
