3860 6262
296 326 396 377 387
1609 323 1834 377 ALVAB
1847 323 1927 377 us
1964 321 2463 381 CORDUBENSIS.
3698 328 3776 377 sse
3822 286 3823 295 Ν

1409 572 1899 645 ALMANNI
1968 572 2677 653 RESCRIPTUM.

1897 706 2191 717 .————_

366 784 691 840 Venerabili
736 783 1046 855 praeposito
1096 785 1442 852 THEUDOINO,
1503 784 1806 838 ALuANNUS
1852 799 1989 854 pec-
2029 786 2075 838 A
2105 800 2197 837 me
2245 785 2415 838 talem
2447 785 2629 838 facere
2680 784 2972 855 dignetur,
3008 798 3041 836 a
3072 800 3185 854 quo
3241 801 3358 838 non
3391 784 3587 855 exigat
3618 784 3779 839 debita

296 878 474 928 cator.

369 962 639 1033 Praecipis
688 961 827 1016 mihi
888 961 1161 1015 charitate
1211 960 1429 1013 caelitus
1490 960 1680 1014 infusa
1728 960 1992 1014 cordibus

299 1051 610 1104 electorum
646 1068 747 1120 per
776 1050 1055 1119 Spiritum
1083 1054 1339 1102 sanctum
1370 1048 1467 1119 qui
1494 1049 1658 1102 datus
1689 1054 1773 1102 est
1805 1048 1990 1115 nobis,

300 1144 363 1192 ut
391 1138 563 1191 vitam
612 1137 789 1190 sancti
820 1136 1067 1189 Memmii
1114 1137 1539 1190 Catalaunensis
1574 1137 1747 1207 primi
1797 1138 1990 1208 ponti-

298 1226 439 1293 ﬁcis,
492 1230 769 1279 vetustate
816 1227 1133 1295 neglectam
1185 1229 1242 1277 et
1295 1224 1587 1294 imperitia
1638 1230 1989 1296 corruptam,

299 1315 450 1369 haud
499 1331 656 1367 secus
713 1330 776 1366 ac
835 1314 880 1365 si
930 1329 995 1365 ex
1050 1312 1335 1365 cineribus
1386 1314 1668 1379 effossam,
1720 1314 1991 1367 innovare

299 1404 638 1457 contendam
694 1402 901 1471 peritia
963 1400 1277 1471 corrigam;
1329 1405 1385 1454 et
1440 1402 1721 1472 quidquid
1770 1402 1995 1455 videtur

300 1491 514 1558 deesse,
566 1492 771 1543 moliar
813 1490 1080 1559 supplere
1122 1490 1308 1543 studio
1350 1490 1603 1543 veritatis
1658 1490 1988 1559 impressus.

299 1580 406 1633 Sed
436 1580 613 1633 multa
658 1584 809 1644 sunt,
855 1579 1062 1647 quibus
1110 1570 1470 1630 facile'tanto
1506 1594 1593 1631 me
1631 1594 1863 1647 possum
1897 1595 1988 1632 ex-

298 1685 494 1721 cusare
527 1667 774 1736 negotio.
825 1667 1103 1730 Primum,
1154 1666 1302 1735 quod
1356 1665 1661 1734 disputatio
1705 1667 1993 1720 neoterica

297 1773 412 1810 non
468 1755 734 1824 congruit
785 1760 957 1808 tantae
1009 1754 1305 1823 gravitatis
1362 1761 1419 1807 et
1476 1754 1791 1809 sanctitatis
1848 1756 1988 1808 viro.

297 1842 645 1910 Secundum,
678 1843 830 1912 quod
866 1842 988 1911 ipse
1028 1841 1191 1894 testis
1220 1842 1566 1911 ignorantiae
1586 1858 1749 1908 meze,
1781 1844 1992 1896 nullius

295 1930 628 1984 testimonio
657 1930 864 1984 nititur
908 1930 1259 1983 conscientia
1290 1946 1435 1997 mea,
1487 1936 1549 1983 ut
1597 1947 1688 1984 me
1722 1931 1995 2001 proﬁtear

299 2019 638 2089 sapientem,
670 2035 800 2073 cum
832 2019 936 2072 sim
967 2019 1242 2089 insipiens
1277 2035 1290 2072 :
1342 2018 1588 2089 ideoque
1621 2020 1813 2074 minus
1850 2037 1989 2074 con-

295 2107 471 2167 venit,
505 2112 568 2160 ut
596 2124 944 2177 praesumam
986 2108 1140 2160 ultra
1205 2107 1353 2159 vires
1394 2107 1631 2178 aggredi
1670 2110 1987 2178 negotium.

294 2196 545 2251 Tertium
604 2200 661 2249 et
707 2196 1022 2249 maximum
1080 2195 1223 2248 illud
1274 2200 1376 2259 est,
1429 2197 1581 2266 quod
1630 2202 1992 2267 peccatorum

293 2299 558 2337 meorum
592 2284 850 2337 luctuosa
890 2283 1228 2347 recordatio,
1262 2283 1401 2337 dum
1449 2299 1554 2353 pro
1599 2285 1815 2338 debitio
1850 2286 1991 2339 deli-

295 2377 515 2426 ctorum
544 2388 805 2426 meorum
836 2388 928 2425 me
973 2372 1079 2425 soli
1118 2371 1341 2441 delegat
1372 2372 1762 2439 amaritudini,
1819 2373 1990 2427 terri-

293 2461 471 2515 bilem
526 2461 666 2515 mihi
701 2461 964 2514 timorem
1022 2460 1253 2527 incutit,
1308 2460 1462 2513 illius
1516 2466 1678 2530 gesta
1732 2478 1990 2532 pangere

296 2549 457 2618 stylo,
505 2549 667 2619 cujus
696 2548 1120 2619 praedicationis
1149 2548 1476 2618 apostolicae
1519 2553 1576 2603 et
1622 2550 1992 2604 sanctissimae

296 2637 594 2707 religionis
664 2653 961 2708 nunquam
1021 2653 1132 2703 me,
1189 2637 1337 2706 proh
1393 2637 1582 2693 dolor!
1653 2639 1991 2709 participem

296 2725 766 2797 imitatoremque
825 2725 1076 2780 exhibui.
1122 2727 1324 2779 Fateor
1373 2741 1530 2795 ergo,
1586 2726 1829 2780 debetur
1884 2727 1993 2780 hoc

297 2831 441 2885 opus
470 2815 600 2869 vita:
631 2815 857 2881 merito,
894 2818 949 2867 et
987 2813 1281 2867 charitatis
1311 2813 1543 2867 scientia
1575 2815 1840 2885 sapienti,
1876 2831 1992 2869 non

296 2901 440 2954 mihi
484 2918 585 2972 per
617 2901 812 2954 omnia
862 2900 1178 2969 insipienti,
1214 2916 1286 2953 ne
1334 2900 1475 2953 mihi
1517 2901 1707 2954 veniat
1761 2901 1858 2954 illa
1888 2917 1991 2955 vox

291 2988 845 3057 justae,severitatis,
879 3006 1006 3059 quae
1047 2989 1197 3043 dicat
1234 3005 1246 3042 :
1292 2989 1467 3053 Quare
1500 2995 1559 3043 tu
1581 3005 1807 3044 enarras
1829 2991 1993 3060 justi-

300 3080 405 3131 tius
432 3092 594 3140 meas,
625 3082 677 3131 et
706 3080 937 3131 assumis
966 3092 1154 3130 nomen
1186 3093 1358 3130 meum
1387 3093 1484 3145 per
1513 3093 1569 3131 os
1601 3084 1789 3132 tuum?
1821 3079 1987 3144 (Psal.

298 3165 472 3234 XLIX.)
501 3164 607 3217 Sed
658 3164 793 3234 quia
832 3171 885 3218 te
944 3168 1211 3233 precante
1260 3164 1505 3217 Charitas
1540 3166 1727 3234 jubet,
1761 3170 1816 3219 te
1848 3166 1991 3219 hor-

297 3258 455 3306 tante
494 3253 751 3307 Christus
791 3252 1069 3322 imperat;
1124 3252 1698 3323 quantulumcunque
1733 3258 1991 3307 nostrum

2102 888 2284 943 usque
2309 872 2375 925 ad
2401 872 2777 926 novissimum
2804 872 3205 943 quadrantem,
3230 874 3366 943 quin
3393 873 3598 942 potius
3624 873 3779 926 deleat

2104 966 2161 1014 et
2207 961 2457 1015 dimittat
2488 960 2683 1014 omnia
2715 961 2921 1015 delicta
2950 977 3078 1014 mea
3107 977 3287 1031 usque
3318 962 3387 1015 ad
3426 960 3780 1015 novissimum

2103 1050 2498 1120 quadrantem.
2534 1051 2595 1102 ln
2628 1066 2741 1119 quo
2772 1052 2999 1102 sanctus
3027 1049 3326 1102 Memmius
3353 1048 3531 1102 nobis
3572 1049 3692 1119 pius
3712 1052 3780 1101 in-

2102 1144 2378 1191 tercessor
2434 1137 2655 1203 existat,
2710 1138 2801 1190 cui
2859 1137 3177 1191 devotionis
3233 1141 3448 1191 nostrai
3508 1137 3781 1190 servitium

2104 1227 2307 1280 offerre
2368 1243 2666 1291 conamur,
2725 1226 2857 1279 licet
2928 1225 3220 1293 exiguum,
3270 1231 3470 1279 tamen
3523 1232 3779 1295 quantum

2101 1319 2314 1369 nostrae
2346 1314 2637 1385 parvitatis
2680 1314 2965 1383 igniculus
3004 1318 3056 1367 et
3090 1313 3344 1367 veritatis
3381 1312 3631 1367 materia
3674 1330 3781 1366 cum

2102 1402 2316 1455 auxilio
2351 1401 2546 1455 divino
2605 1401 2847 1455 contulit
2889 1400 3074 1455 nobis.
3131 1403 3317 1471 Atque
3368 1401 3431 1454 in
3484 1401 3593 1454 hoc
3642 1418 3781 1454 com-

2103 1494 2267 1544 muni
2322 1490 2595 1560 Opusculo
2653 1494 2818 1544 tuum
2852 1490 2957 1543 erit
3006 1489 3215 1559 eligere
3263 1505 3438 1560 quem
3498 1489 3783 1542 sortiamur

2100 1580 2372 1649 judicem.
2426 1579 2644 1632 Etenim
2699 1595 2827 1632 cum
2878 1579 2936 1631 in
2986 1579 3253 1632 omnibus
3300 1578 3473 1632 rebus
3528 1579 3603 1630 sit
3647 1577 3781 1630 utilis

2102 1668 2389 1738 probatio,
2423 1668 2692 1737 Apostolo
2725 1667 2947 1721 dicente
2977 1684 2988 1721 :
3014 1668 3209 1720 Omnia
3239 1668 3487 1735 probate,
3525 1682 3642 1735 quae
3668 1667 3782 1719 bona

2103 1762 2226 1811 sunt
2260 1761 2425 1809 tenete
2446 1759 2503 1822 (Ι
2534 1756 2718 1810 Thess.
2751 1772 2803 1823 v,
2841 1758 2961 1825 21);
2994 1756 3242 1808 maxime
3274 1756 3331 1809 in
3362 1755 3454 1808 his
3488 1754 3778 1809 necessaria

2102 1846 2405 1911 habentur,
2449 1861 2577 1914 qua:
2620 1844 2874 1898 veritatis
2904 1845 3092 1898 lucem
3140 1844 3315 1914 justze
3361 1844 3777 1898 examinationis

2104 1934 2355 1988 efﬁcacia
2403 1937 2685 2003 spectant:
2720 1937 2776 1986 et
2804 1933 2911 1986 hoc
2956 1932 3043 1986 vel
3101 1934 3286 1986 solum
3338 1932 3657 1986 maximum
3694 1938 3774 1993 est,

2104 2038 2204 2074 cur
2253 2027 2640 2092 exspectamus
2674 2021 2954 2090 judicium
3003 2020 3320 2091 sapientiae.
3378 2021 3605 2075 Etenim
3654 2021 3777 2090 ipsas

2104 2111 2493 2179 grammaticae
2527 2111 2799 2176 cautelas,
2833 2111 3041 2180 quibus
3071 2126 3104 2163 a
3130 2110 3493 2163 barbarismo
3515 2114 3614 2163 aut
3642 2110 3778 2161 soloe-

2101 2198 2275 2252 cismo
2321 2203 2512 2252 censet
2557 2198 2683 2268 ipsa
2740 2197 3074 2264 cavendum,
3126 2202 3223 2251 aut
3275 2198 3421 2251 nihil
3459 2202 3561 2251 aut
3599 2212 3777 2267 parum

2100 2302 2366 2340 curamus
2395 2286 2453 2340 in
2482 2286 2652 2356 hujus
2682 2286 2766 2339 rei
2812 2285 3204 2339 moderatione
3240 2301 3251 2338 :
3284 2302 3417 2339 cum
3466 2290 3777 2355 quaerentur

2099 2374 2324 2436 veritas,
2357 2379 2412 2427 et
2442 2374 2646 2428 debeat
2675 2374 2949 2427 facessere
2991 2373 3232 2439 vanitas,
3285 2377 3341 2427 et
3387 2379 3656 2443 optemus
3699 2373 3774 2425 fu-

2101 2479 2233 2533 gere
2257 2462 2633 2525 contrarium,
2681 2477 2810 2515 cum
2866 2461 3195 2515 insistemus
3235 2461 3504 2530 gravitati
3540 2459 3605 2532 [ι.
3659 2460 3775 2513 veri-

2100 2551 2223 2621 tati]
2287 2567 2392 2621 pro
2448 2550 2663 2605 viribus
2720 2550 2949 2603 mentis.
3004 2551 3200 2619 Neque
3258 2550 3367 2603 hoc
3423 2549 3687 2615 dicimus,
3730 2553 3776 2601 ut

2099 2640 2533 2709 grammaticam
2565 2644 2900 2708 reputemus
2930 2638 2987 2690 in
3020 2637 3182 2706 vitio,
3232 2653 3361 2691 cum
3402 2638 3478 2691 sit
3504 2640 3630 2707 ipsa
3656 2637 3776 2695 sola,

2099 2726 2185 2780 vel
2219 2726 2468 2780 maxima
2492 2726 2669 2779 virtus
2690 2726 2937 2779 scientia!
2969 2741 2982 2778 :
3016 2725 3114 2779 sed
3143 2725 3279 2795 quia
3303 2724 3531 2779 veritati
3565 2739 3775 2792 operam

2100 2815 2368 2869 dantibus
2407 2815 2784 2868 obscurantur
2815 2813 2946 2881 alia,
2981 2813 3133 2866 velut
3166 2830 3196 2867 a
3226 2814 3344 2867 sole
3384 2813 3594 2867 sidera.
3645 2811 3778 2865 Unde

2099 2904 2313 2957 dictum
2336 2908 2421 2958 est
2454 2921 2466 2958 :
2505 2903 2789 2957 Tenebras
2818 2918 2930 2955 non
2957 2902 3183 2966 amabo,
3209 2919 3340 2956 cum
3372 2903 3554 2956 solem
3584 2900 3774 2954 videro.

2101 2992 2356 3064 Denique
2387 2996 2663 3061 quautam
2710 2992 2769 3045 in
2798 2992 2907 3045 hoc
2938 2992 3126 3060 patiar
3161 2991 3593 3055 verecundiam,
3642 2986 3778 3042 effari

2100 3086 2200 3134 aut
2228 3082 2341 3146 vix,
2375 3087 2475 3134 aut
2504 3080 2740 3134 minime
2773 3096 3029 3150 possum,
3061 3080 3273 3133 veritus
3316 3095 3391 3133 ne
3431 3080 3571 3132 tiam
3610 3076 3778 3131 fabula

2100 3167 2471 3237 sapientibus,
2500 3167 2601 3237 qui
2620 3167 2679 3220 in
2696 3166 2801 3220 hac
2844 3183 2905 3219 re
2932 3166 3087 3220 volui
3110 3166 3407 3219 consulere
3435 3162 3774 3234 legentibus:

2097 3256 2197 3309 ubi
2237 3262 2530 3309 succurret
2582 3254 2881 3309 modestia":
2921 3253 3157 3320 latebra,
3221 3252 3268 3306 si
3300 3252 3425 3306 ﬁeri
3475 3255 3686 3322 posset,
3733 3252 3779 3299 ut

296 3340 471 3395 fuerit
519 3341 944 3407 munusculum,
989 3357 1103 3393 non
1161 3340 1596 3410 subterfugiam,
1627 3341 1781 3412 lquin
1833 3343 1989 3412 quod
2031 3378 2071 3431 Ο
2100 3344 2317 3414 absque
2352 3343 2665 3397 exaratoris
2696 3343 2931 3396 nomine
2964 3347 3157 3395 manet
3191 3341 3478 3411 scriptura
3507 3340 3565 3393 in
3606 3352 3773 3408 opere.

300 3430 579 3483 Dominus
601 3429 842 3498 dederit,
866 3431 1134 3499 pandam.
1161 3429 1303 3483 Novi
1341 3430 1551 3483 etenim
1579 3430 1731 3501 quod
1748 3430 1989 3484 dicitur:

295 3521 475 3588 Aperi
522 3534 578 3573 os
636 3524 806 3583 tuum,
857 3524 907 3572 et
960 3519 1187 3587 implebo
1235 3518 1376 3572 illud
1426 3520 1593 3584 (Psal.
1646 3523 1835 3585 Lxxx);
1891 3524 1990 3573 et:

297 3609 531 3677 Operare
561 3612 761 3661 terram
789 3612 961 3668 tuam,
1004 3612 1053 3661 et
1077 3607 1365 3661 satiaberis
1391 3608 1630 3676 panibus
1670 3607 1848 3677 (Prov.
1892 3622 1990 3674 xu,

299 3696 532 3765 H).Nec
553 3712 810 3768 qumram
836 3695 1200 3750 altitudinem
1232 3696 1558 3761 verborum,
1583 3712 1714 3749 cum
1755 3696 1993 3749 minime

295 3800 551 3854 unquam
585 3785 744 3839 illam
795 3785 1120 3855 attigerim;
1155 3785 1253 3839 sed
1299 3789 1355 3838 et
1386 3784 1629 3855 simplex
1676 3783 1889 3837 habens
1922 3785 1992 3838 ab

294 3872 631 3942 antiquitate
661 3874 982 3939 materiam,
1012 3874 1200 3927 verbis
1228 3873 1463 3943 quidem
1509 3873 1852 3943 simplicem,
1893 3874 1988 3927 sed

294 3959 454 4013 factis
482 3960 778 4031 limpidius
822 3961 938 4014 sole
978 3960 1288 4028 lucentem,
1320 3966 1375 4014 et
1404 3976 1637 4015 omnem
1684 3962 1990 4015 mundana:

295 4047 463 4101 molis
487 4048 811 4101 machinam
834 4048 1093 4118 potentia
1114 4049 1201 4101 sui
1249 4052 1302 4102 et
1323 4048 1532 4102 virtute
1564 4049 1759 4103 divina
1796 4053 1989 4103 trans-

296 4136 661 4203 cendentem;
690 4140 745 4189 et
778 4135 898 4203 ipse
951 4137 1105 4189 velut
1134 4140 1355 4205 potero,
1410 4152 1653 4206 sequens
1703 4153 1821 4205 ero,
1878 4137 1989 4192 suf-

298 4223 546 4294 fragium
578 4239 611 4275 a
642 4222 844 4277 vestris
874 4223 1228 4277 orationibus
1266 4241 1551 4295 qumrens,
1586 4229 1648 4278 ut
1682 4241 1716 4278 a
1745 4230 1992 4295 quatuor

298 4312 479 4366 ventis
505 4311 738 4365 veniens
769 4311 1002 4380 spiritus
1036 4316 1262 4366 mortua
1293 4329 1421 4367 ossa
1463 4330 1591 4368 mea
1638 4313 1900 4380 viviticet,
1936 4318 1993 4368 et

2102 3431 2170 3485 Et
2204 3433 2323 3485 [nec
2372 3431 2606 3485 arbitrio
2651 3435 2751 3484 tuo
2793 3430 3007 3501 pariter
3061 3428 3419 3499 derelinquo.
3466 3430 3675 3482 Potens
3711 3430 3779 3478 est

2103 3518 2257 3574 enim
2319 3521 2464 3573 Deus
2493 3518 2739 3588 fauferre
2779 3518 3156 3590 opprobrium
3206 3522 3489 3583 nostrum,
3544 3514 3690 3586 quod
3734 3518 3776 3565 et

2102 3608 2292 3673 faciet,
2324 3614 2390 3662 ut
2438 3608 2501 3661 in
2534 3608 2929 3662 misericordia
2978 3608 3099 3678 ejus
3127 3606 3404 3661 veraciter
3431 3605 3775 3665 conﬁdimus,

2103 3697 2491 3751 intercedente
2524 3697 2689 3751 beato
2720 3696 3022 3764 Memmio,
3073 3696 3171 3765 qui
3224 3712 3328 3749 nos
3365 3695 3591 3749 ccelitus
3624 3690 3776 3746 oculis

2104 3785 2330 3856 respicit
2358 3785 2654 3855 benignis;
2696 3789 2751 3838 te
2795 3801 2901 3855 per
2932 3784 3295 3839 devotionem
3326 3783 3537 3837 mentis
3570 3782 3776 3835 hortan-

2102 3874 2239 3937 tem,
2296 3886 2386 3923 me
2434 3887 2539 3940 pro
2593 3870 2787 3924 debita
2816 3870 3091 3925 ﬁdelitate
3136 3875 3192 3923 et
3246 3870 3561 3940 capacitate
3617 3864 3777 3920 cordis

2102 3958 2466 4013 scribentem.
2501 3959 2645 4029 Opto
2678 3959 2871 4029 itaque
2901 3958 3061 4012 vobis
3092 3958 3263 4028 hujus
3291 3957 3426 4012 facti
3460 3973 3577 4011 non
3608 3952 3776 4009 modi—

2100 4064 2224 4101 cam
2275 4063 2505 4101 manere
2552 4047 2874 4102 mercedem
2911 4064 2924 4101 :
2961 4047 3053 4101 cui
3102 4063 3233 4100 cum
3291 4047 3490 4101 omnia
3538 4044 3772 4105 debeam,

2101 4142 2216 4191 tam
2252 4136 2492 4190 arduam
2526 4153 2644 4189 rem
2678 4153 2795 4190 non
2826 4151 3039 4205 negare
3069 4135 3248 4206 potui.
3284 4136 3430 4205 Opto
3480 4152 3578 4188 vos
3624 4144 3773 4203 quam

2098 4226 2245 4280 bene
2273 4226 2482 4291 valere,
2511 4230 2568 4279 et
2594 4241 2714 4279 esse
2738 4224 2961 4279 felicem
2993 4241 3175 4296 usque
3199 4225 3269 4279 ad
3305 4240 3572 4294 supernae
3602 4218 3772 4292 gloria

2100 4314 2665 4384 contemplationem.

1640 4541 1807 4585 ANNO
1854 4542 2083 4585 DOMINI
2132 4541 2461 4585 DCCCLXIX.

307 4710 1138 4901 PAULUS
1240 4712 2223 4984 ALVARES
2333 4707 3766 4904 CORDUBENSIS.

1338 5071 1931 5176 NOTITIA
1998 5070 2794 5176 HISTORICA.

1130 5238 1301 5302 (Apud
1330 5238 1639 5298 Antonium,
1669 5237 1995 5286 Bibliotheca
2018 5237 2250 5299 Hispana
2280 5239 2446 5294 vetus,
2482 5239 2609 5285 tom.
2646 5236 2711 5295 II,
2747 5250 2804 5299 p.
2846 5236 2978 5297 475.)

379 5441 745 5511 Synchronus
794 5440 1059 5495 omnibus
1109 5442 1199 5496 his
1240 5442 1350 5496 fuit
1399 5444 1651 5496 ALVARUS
1688 5457 2001 5495 CORDUBEN-
2042 5442 2085 5495 D
2116 5440 2311 5511 omnia
2365 5439 2749 5511 placentque;
2776 5438 2846 5492 de
2894 5454 2961 5491 eo
3001 5439 3086 5492 uti
3114 5443 3404 5509 comperta
3463 5439 3764 5511 referuntur-

311 5526 405 5577 sxs,
447 5514 516 5566 de

555 5524 673 5583 quo
704 5512 996 5583 memoriae
1028 5514 1306 5583 quidquid
1350 5521 1453 5578 est,
1496 5512 1827 5582 compilavit
1868 5515 2005 5565 Am-

309 5580 532 5636 brosius
563 5580 804 5638 Morales
846 5582 944 5637 lib.
979 5580 1090 5650 xiv,
1123 5580 1246 5655 cap.
1304 5587 1353 5637 3.
1418 5583 1587 5637 Nobis
1629 5580 1829 5636 tamen
1893 5598 2008 5635 non

2113 5511 2205 5564 Ait
2259 5504 2494 5564 Morales
2550 5504 2756 5562 illustri
2811 5524 2940 5562 cum
3001 5525 3209 5579 genere
3245 5504 3458 5564 'ortum
3533 5504 3767 5565 Corduba

2116 5582 2311 5646 fuisse,
2342 5585 2513 5651 atque
2549 5580 2757 5634 Idcirco
2799 5580 3121 5635 Serenitatzs
3151 5586 3207 5634 et
3248 5582 3589 5637 Serenissimi
3636 5590 3770 5631 voca-
