3860 6262
48 358 144 409 389

1444 352 1717 407 NOTITIA
1758 351 2148 408 HISTORICA.

3443 355 3547 409 390

44 491 179 544 bulo
243 490 655 559 compellatum
718 489 787 543 ab
845 488 1086 557 Eulogio
1119 487 1385 541 eumdem
1434 490 1599 559 putat
1632 487 1731 556 (α).
1777 487 1823 540 Α
1851 486 2010 559 plina
2040 486 2315 556 excultus]
2345 488 2639 557 proprium
2670 488 2869 558 ignoro
2896 489 3173 556 studium,
3202 494 3256 543 et
3286 490 3538 544 nescien-

44 563 172 621 Sed.
207 562 253 614 si
285 558 403 615 non
448 564 589 614 alius
619 566 705 614 est
739 566 939 613 auctor
968 560 1225 628 epistola:
1257 560 1554 627 cujusdam
1585 558 1739 611 inter

45 635 181 685 alias
230 634 423 685 Alvari
458 634 525 684 ad
574 634 901 684 Eleazarum
934 637 1084 683 secta
1112 631 1375 683 Judaeum
1400 646 1463 681 ex
1501 629 1739 681 idolola-

44 712 151 761 tra.
184 720 313 773 quae
363 704 601 773 incipit:
660 704 967 773 Confectam
1020 702 1320 763 mendacio,
1385 706 1513 761 etc.,
1556 700 1738 773 fateri

43 770 323 843 opus'est,
358 775 427 827 de
463 770 672 844 genere
705 772 1079 844 Hebraeorum
1126 787 1243 844 esse
1289 786 1418 844 eum
1471 770 1569 839 qui
1618 771 1740 844 haec

44 842 113 897 de
148 860 204 897 se
248 846 316 898 ad
368 842 735 897 Eleazarum:
772 864 798 891 ‹‹
840 843 982 906 Quia
1026 858 1094 894 ex
1140 842 1263 910 ipsa
1289 842 1462 912 stirpe
1512 842 1741 912 Israeli-

44 916 157 968 tica
194 917 306 968 orti
336 920 606 983 parentes
636 914 773 967 olim
805 914 1038 967 fuerunt
1068 912 1280 976 nostri;
1313 915 1410 965 sed
1461 911 1557 964 ubi
1589 911 1739 964 desi-

46 987 278 1039 deratus
329 982 549 1039 cunctis
607 985 874 1055 gentibus
924 983 1099 1048 venit,
1138 983 1304 1055 _illico
1347 984 1466 1055 jam
1519 982 1739 1055 venisse

45 1058 441 1125 cognovimus.
486 1078 504 1103 ι
556 1053 631 1109 Ε(
660 1055 866 1107 clarius
900 1053 1559 1125 expressiusqueinfra:
1620 1075 1637 1100 ι
1682 1054 1742 1105 Et

45 1123 165 1181 huic
197 1128 443 1180 dicimus
473 1132 538 1179 ut
566 1132 753 1180 vestra
782 1126 1080 1194 frangatur
1131 1123 1418 1193 superbia,
1453 1129 1509 1176 et
1553 1128 1743 1194 retunj

46 1200 217 1251 datur
268 1198 599 1251 assertionis
647 1193 938 1250 versutia:
969 1196 1250 1249 Caeterum
1310 1194 1546 1247 liberior
1601 1193 1743 1246 mihi

46 1270 344 1338 responsio
380 1275 437 1322 et
475 1268 717 1332 brevior,
752 1268 866 1319 imo
897 1266 1105 1319 clarior
1132 1270 1328 1338 exstat,
1380 1265 1631 1338 eoquod
1678 1280 1742 1316 ex

50 1335 278 1392 Israelis
310 1340 488 1409 stirpe
532 1338 879 1392 descendens
908 1342 1109 1390 cuncta
1146 1336 1287 1388 mihi
1328 1335 1542 1409 glorior
1573 1336 1740 1409 dicta,

49 1427 175 1480 quae
208 1411 316 1463 tibi
346 1406 434 1463 ω’
456 1409 755 1479 applaudis
786 1414 1066 1477 excerpta.
1096 1409 1437 1480 Prudenter
1466 1406 1742 1480 intellige,

49 1477 99 1533 et
129 1482 342 1548 collige
371 1477 678 1550 sapienter,
713 1484 769 1531 et
798 1495 999 1548 aequus
1026 1478 1241 1550 arbiter
1270 1484 1413 1529 esto.
1454 1477 1746 1550 Quisnta-

49 1555 129 1619 gis
162 1546 392 1604 Israelis
436 1546 682 1604 nomine
741 1546 961 1602 cens—eri
1015 1557 1097 1602 est
1146 1549 1374 1617 dignus,
1421 1553 1483 1600 tu
1516 1547 1613 1616 qui
1646 1546 1745 1599 diu

51 1638 109 1674 ex
159 1622 497 1675 idololatria
525 1621 595 1674 ad
628 1621 839 1673 summi
873 1620 969 1672 Dei
1002 1620 1217 1671 cultum
1250 1635 1508 1671 reversus
1542 1634 1622 1681 es,
1674 1633 1744 1668 an

52 1709 178 1759 ego,
213 1694 317 1761 qui
368 1698 426 1745 et
465 1692 579 1744 ﬁde
612 1699 669 1744 et
719 1707 928 1761 genere
980 1690 1252 1744 Hebrzeus
1283 1691 1448 1761 sum?
1474 1688 1581 1761 Sed
1620 1688 1747 1761 ideo

48 1759 279 1815 Judaaiis
315 1779 428 1816 non
464 1778 650 1827 vocor,
684 1759 819 1830 quia
856 1776 1067 1813 nomen
1106 1776 1312 1812 novum
1346 1760 1486 1812 mihi
1516 1759 1748 1827 imposi-

1848 558 1987 610 tiam
2019 574 2202 610 meam
2236 559 2355 628 ipse
2394 576 2509 612 non
2542 562 2758 623 nescio;
2797 566 2853 613 et
2882 562 3034 630 quod
3070 562 3396 630 magisterio
3426 562 3534 615 hu-

1849 645 2018 682 mano
2052 645 2165 682 non
2209 629 2397 693 didici,
2432 631 2698 683 exhibere
2731 632 2873 695 aliis,
2901 629 3102 700 iilpote
3134 629 3386 699 ignarus,
3420 650 3534 685 non

1848 700 2018 753 valui.
2050 720 2077 749 ν
2123 700 2229 753 Sed
2262 701 2393 752 licet
2441 702 2827 770 eloquentiam
2877 701 3264 755 desideremus
3310 703 3367 755 in
3414 704 3535 756 viro

1849 770 2039 823 densis
2083 771 2419 839 captivitatis
2463 774 2714 824 tenebris
2762 772 3053 837 immerso,
3102 773 3398 842 ingenium
3434 774 3535 826 do-

1848 842 2204 910 ctrinamque
2251 842 2611 911 suspicimus.
2667 842 2782 895 Sub
2830 843 3197 911 Speraindeo,
3246 860 3360 896 una
3406 860 3535 896 cum

1850 912 2083 980 Eulogio
2118 918 2389 981 martyre,
2425 913 2577 966 bona
2607 920 2797 966 mente
2832 917 2887 965 et
2914 913 3071 965 feriis
3098 914 3538 983 cogitationibus

1850 982 2159 1035 admodum
2192 984 2472 1051 profuisse
2503 1000 2633 1036 eum
2665 984 2806 1036 alias
2842 984 3124 1037 novimus.

1920 1053 2285 1107 Calamitates
2336 1054 2508 1107 etiam
2564 1056 2634 1107 ab
2687 1055 3023 1107 adversariis
3085 1070 3280 1124 passus
3310 1053 3535 1120 dicitur,

1852 1124 1920 1177 de
1971 1124 2177 1193 quibus
2217 1125 2337 1194 ipse
2385 1125 2455 1177 ad
2507 1125 2830 1178 Romanum
2883 1125 3205 1178 medicum:
3260 1143 3286 1175 ‹‹
3332 1125 3541 1179 Omnes

1850 1195 2210 1247 adversantes
2269 1195 2409 1247 mihi
2460 1196 2836 1248 amicissimos
2903 1196 3031 1261 feci,
3088 1202 3143 1248 ct
3200 1195 3540 1264 quibusdam

1854 1264 2103 1334 pacificis
2158 1265 2392 1317 nexibus
2446 1271 2613 1318 utens
2638 1267 2867 1319 solertia
2925 1266 3123 1329 animi,
3186 1282 3355 1319 manu
3393 1267 3541 1320 dile—

1852 1337 2054 1389 ctionis
2106 1337 2392 1388 contrario
2442 1338 2779 1406 amplexavi,
2830 1338 3151 1389 humilitate
3198 1337 3441 1404 leniens,
3487 1341 3543 1389 et

1855 1406 2149 1459 affectione
2184 1407 2530 1459 demulcens.
2580 1429 2605 1455 »
2642 1407 2693 1461 S.
2745 1408 2965 1477 Eulogii
2998 1409 3262 1476 martyris
3292 1408 3543 1461 amicitia

1857 1478 1913 1529 in
1966 1477 2165 1545 primis
2194 1478 2415 1537 claruit,
2462 1478 2799 1547 scriptisque
2839 1481 2960 1546 ejus
2991 1479 3113 1530 Vita
3145 1484 3200 1530 et
3239 1478 3539 1547 Martyrio:

1855 1548 2015 1617 cujus
2066 1547 2261 1621 scripti
2298 1548 2540 1621 frontem
2575 1552 2680 1621 hac
2727 1549 3012 1618 inscripsit
3038 1554 3213 1621 _nota,
3259 1549 3537 1621 conditio-

1856 1634 2103 1687 nemque
2137 1618 2312 1669 status
2348 1618 2435 1669 sui
2470 1619 2681 1671 laicalis
2712 1624 2766 1670 et
2795 1620 2998 1671 saeculo
3037 1619 3309 1671 limrentis
3356 1619 3540 1672 omni-

1854 1689 1961 1741 bus
2006 1695 2205 1741 notum
2238 1688 2489 1757 reliquit.
2531 1711 2552 1735 ε
2594 1691 2890 1755 Profiteor,
2937 1690 3143 1758 inquit,
3178 1705 3267 1741 me
3301 1706 3415 1742 non
3442 1706 3542 1742 au-

1859 1760 1973 1813 dita
2020 1765 2075 1811 et
2106 1759 2298 1825 dubia,
2341 1759 2437 1812 scd
2472 1759 2592 1812 visa
2624 1765 2679 1812 et
2708 1776 2813 1829 per
2858 1775 2950 1813 me
2999 1761 3237 1828 probata
3288 1766 3544 1813 retexere

48 1841 165 1886 tum
211 1840 322 1893 est,
362 1842 518 1902 quod
567 1849 628 1885 os
676 1832 906 1885 Domini
952 1830 1311 1902 n0minavit._
1339 1832 1551 1902 Nempe
1584 1835 1746 1902 pater
1785 1833 1824 1885 Β
1855 1832 1947 1895 (de
1983 1830 2282 1899 Eulogio):
2334 1830 2607 1902 quoniam
2637 1830 2821 1900 gratia
2859 1832 2956 1902 Dei
2987 1836 3325 1902 co0perante
3349 1847 3389 1902 ta
3424 1831 3545 1900 pri-

51 1921 211 1956 meus
245 1900 536 1957 Abraham
589 1907 692 1964 est,
746 1902 881 1972 quia
931 1904 1175 1968 majores
1207 1900 1318 1953 mei
1344 1917 1436 1972 ex
1486 1901 1609 1968 ipsa
1640 1900 1745 1972 rde~

50 1975 404 2028 scenderunt
465 1974 719 2028 traduce.
764 1970 1200 2041 _Exspectantes
1264 1970 1418 2024 enim
1487 1971 1747 2024 Messiam

48 2052 379 2107 venturum,
428 2050 484 2097 et
530 2044 867 2112 recipientes
915 2043 1261 2107 venientem,
1305 2041 1488 2110 magis
1536 2042 1619 2094 illi
1670 2041 1749 2092 vi-

50 2116 259 2169 dentur
322 2117 496 2169 Israel
552 2131 672 2167 esse
719 2130 890 2184 quam
935 2114 1033 2182 qui
1089 2113 1508 2182 exspectabant,
1556 2119 1611 2164 et
1652 2128 1747 2164 ve-

50 2190 311 2239 nientem
343 2189 708 2256 respueruut,
744 2201 847 2238 nec
878 2189 1068 2237 tamen
1101 2200 1233 2237 eum
1264 2190 1590 2254 exspectare
1624 2199 1748 2235 ces-

54 2264 269 2309 sarunt.
306 2276 337 2306 ι)

122 2331 244 2381 172.
279 2327 493 2396 Aliquo
542 2330 734 2379 autem
775 2325 946 2377 modo
992 2324 1216 2377 videtur
1243 2330 1299 2377 et
1335 2324 1473 2377 mihi
1503 2324 1750 2396 Gothum

53 2415 106 2449 se
140 2414 262 2451 esse
316 2394 603 2451 afﬁrmare
649 2396 718 2449 ad
750 2396 1017 2449 eumdem
1066 2396 1391 2448 Eleazarum
1434 2394 1751 2448 rescribens

55 2469 315 2538 epistola,
350 2467 711 2539 quaa'mutila
742 2472 824 2519 est
853 2468 913 2518 in
943 2470 1230 2535 postremo
1258 2468 1401 2539 loco,
1420 2471 1483 2539 et
1512 2465 1747 2539 incipit:

54 2535 422 2617 Quz_stglus
478 2546 582 2592 tum
628 2540 1041 2617 prosecutionis,
1102 2552 1311 2605 nempe
1374 2538 1462 2589 his
1519 2535 1747 2617 verbis:

58 2611 217 2663 «Sed
272 2606 341 2661 tit
379 2625 492 2667 me,
545 2606 642 2677 qui
695 2609 801 2659 sim
834 2608 957 2675 ipse
1010 2623 1337 2675 cognoscas,
1397 2613 1453 2660 et
1507 2606 1752 2677 amplius

54 2696 141 2733 me
175 2680 425 2734 tacendo
455 2680 690 2744 devites,
731 2678 1028 2747 Virgilium
1061 2678 1194 2730 audi
1229 2679 1339 2747 (b):

112 2805 334 2852 Mortem
365 2804 715 2851 contemnunt
737 2799 950 2849 laudato
976 2799 1192 2849 vulnere
1226 2801 1391 2848 Getes.

57 2884 266 2931 Necnon
302 2887 353 2931 et
376 2882 510 2930 illud
531 2896 542 2929 :

177 2964 351 3022 Getes,
388 2961 580 3023 inquit,
616 2975 719 3024 quo
740 2960 911 3024 pergit
940 2973 1104 3023 equo;

63 3042 202 3090 Unde
230 3047 284 3090 et
317 3040 453 3089 illud
486 3044 658 3089 exstat
679 3044 846 3103 poetae
872 3054 883 3087 :

122 3123 249 3169 Hinc
280 3122 455 3169 Dacus
485 3124 703 3182 premat,
728 3119 847 3167 inde
880 3119 1028 3167 Getes
1054 3121 1313 3166 occurrat.

132 3256 245 3323 Ego
277 3269 427 3318 sum,
459 3269 566 3321 ego
596 3268 742 3318 sum,
769 3267 940 3322 quem
965 3250 1285 3323 Alexander
1309 3248 1605 3323 vitandum
1634 3265 1762 3323 pro-

65 3320 363 3386 nuntiavit,
416 3320 667 3394 Pyrrhus
718 3320 1036 3391 pertimuit,
1088 3324 1274 3374 Ciesar
1319 3320 1633 3394 exhorruit.
1684 3322 1760 3373 De

66 3398 224 3450 nobis
274 3392 509 3466 quoque
560 3400 633 3466 et
660 3399 865 3466 noster,
888 3394 1270 3466 Hieronymus
1302 3392 1475 3466 dicit:
1513 3409 1537 3466 ᾳ
1570 3392 1761 3445 Cornu

66 3468 231 3520 habet
268 3462 331 3519 in
379 3462 590 3529 fronte,
623 3464 792 3533 longe
844 3465 1003 3533 fuge.
1046 3485 1069 3510 ιο
1123 3464 1261 3525 Quae
1310 3462 1419 3514 nisi
1468 3462 1536 3533 ad
1578 3476 1759 3530 genus

66 3537 363 3590 scribentis
412 3532 759 3601 referantur,
808 3532 969 3603 quaSi
1001 3533 1205 3586 ludens
1231 3532 1528 3601 jactaverit
1559 3533 1761 3585 Gothi-

64 3624 181 3661 cam
222 3606 498 3660 ferociam
522 3602 853 3674 provocanti
872 3603 1196 3657 adversario
1225 3602 1758 3673 pertimescendam,

66 3680 249 3731 nescio
276 3693 452 3746 quem
494 3676 669 3728 alium
700 3676 969 3728 idoneum
1002 3690 1232 3746 sensum
1277 3674 1544 3746 habeant.
1582 3674 1759 3746 (Stete-

64 3766 185 3801 rum
214 3743 375 3818 quod
408 3748 476 3799 de
508 3748 835 3801 Serenitalis
866 3744 1206 3818 salutatione
1237 3745 1466 3818 Alvaro.
1488 3743 1762 3796 attributa

65 3812 475 3888 prius-dictum
516 3819 643 3883 fuit,
678 3817 824 3869 alius
851 3815 1089 3888 omnino
1122 3830 1293 3888 quem
1334 3812 1762 3888 hodiernus_est

66 3885 238 3958 stylus
268 3894 393 3942 erat
431 3888 587 3941 illius
618 3886 915 3958 temporis,
965 3901 1080 3954 quo
1112 3890 1228 3937 tam
1259 3885 1365 3958 isto
1410 3900 1583 3958 quam
1630 3885 1762 3937 Ea:—

66 3955 320 4013 cellentia:
373 3964 423 4011 et
474 3958 839 4011 Sublimitatis
896 3956 1114 4009 honore
1164 3971 1285 4008 sese
1342 3955 1585 4007 invicem
1643 3971 1761 4007 non

67 4031 371 4100 prazcipuae
430 4028 673 4100 alicujus
721 4027 1017 4100 dignitatis
1072 4024 1758 4100 h_o_mines_excipiebaut.

138 4095 257 4154 l73:
324 4095 597 4168 Exempla
644 4098 920 4151 habemus
978 4097 1061 4168 in
1104 4096 1191 4168 his
1261 4095 1398 4165 ipsis
1446 4096 1655 4168 Alvari,
1695 4101 1766 4168 _et

68 4172 310 4224 aliorum
343 4170 415 4223 ad
466 4166 617 4234 eum,
652 4168 927 4237 epistolis.
962 4166 1273 4235 Cujusdam
1305 4166 1602 4235 inscriptio
1636 4166 1764 4219 talis

70 4248 148 4293 est
211 4242 570 4296 Serenissimo
630 4242 866 4292 omnium
921 4238 1305 4291 catholicorum
1372 4237 1586 4289 domino
1653 4252 1764 4290 meo

68 4314 322 4373 Romano,
388 4326 563 4379 quem
628 4310 949 4363 Romanum
1017 4308 1303 4361 medicum
1351 4312 1511 4360 vocat
1553 4308 1763 4379 lemma

71 4384 343 4451 epistolae.
396 4376 479 4434 Ad
510 4381 1213 4451 eumdengAntcriorum
1259 4393 1515 4442 meorum,
1557 4376 1762 4451 inquit,

72 4449 378 4514 sai-ordiens,
427 4453 764 4505 serenissime
811 4450 1042 4513 domine,
1101 4464 1230 4519 erga
1270 4464 1384 4515 vos,
1439 4452 1542 4519 etc,
1590 4449 1762 4501 Paulo

74 4524 209 4577 infra
239 4523 701 4577 sublimissimum
748 4521 901 4574 hunc
933 4520 1125 4589 ipsum
1158 4517 1335 4572 vocat.
1389 4520 1468 4571 Ac
1514 4517 1756 4571 deinde:

71 4596 139 4647 illi
208 4594 608 4647 sublimissime
681 4591 911 4655 domine,
996 4590 1336 4642 dilectionem
1408 4604 1579 4642 meam
1633 4604 1763 4655 erga

72 4680 171 4732 ros,
212 4671 325 4718 etc.
363 4663 627 4731 Ejusdem
662 4662 886 4731 generis
925 4660 1033 4714 fuit
1068 4660 1423 4732 Excellentiae
1457 4660 1766 4728 compella-

72 4730 163 4789 tio.
205 4730 599 4805 Speraindeus
647 4730 714 4786 ad
764 4734 1075 4805 Alvarum_:
1108 4731 1188 4805 Et
1224 4730 1299 4805 ad
1326 4746 1389 4783 ea
1432 4746 1549 4805 quae
1585 4735 1766 4784 vestra

72 4801 384 4859 excellentia
438 4806 639 4873 posuit,
695 4807 978 4856 revertam.
1029 4801 1618 4873 Animadvertendum
1681 4806 1767 4873 est

72 4882 250 4929 tamen
300 4870 465 4946 quod
515 4874 657 4946 sive,
685 4891 717 4926 a
754 4872 998 4946 Gothica
1039 4871 1282 4946 origine,
1331 4870 1449 4923 sive
1488 4871 1673 4946 aliam
1692 4870 1763 4924 ob

71 4941 338 5013 causam;
364 4945 597 4999 videtur
644 4943 693 4996 is
741 4945 927 4998 Flavii
965 4946 1022 4995 et
1057 4944 1277 4996 Aurelii
1326 4941 1765 5013 cognominibus

73 5018 133 5069 ab
156 5018 243 5070 his
275 5012 386 5087 qui
434 5015 653 5068 litteras
682 5014 734 5067 ei
774 5014 1007 5087 dabant,
1040 5013 1446 5087 compellatus;
1498 5012 1594 5087 sed
1626 5027 1763 5087 pro-

72 5088 185 5155 prio
216 5082 463 5141 nomine
508 5087 776 5139 Alvarum
810 5085 1041 5139 Paulum
1078 5100 1135 5136 se
1183 5085 1306 5153 ipse
1352 5087 1520 5137 vocat
1549 5083 1610 5135 in
1641 5082 1762 5152 ple-

72 5159 249 5228 risque
282 5156 572 5228 epistolis.

129 5223 229 5282 sed
291 5223 588 5298 quidquid,
626 5226 696 5280 de
719 5225 920 5298 _stirpe
967 5224 1038 5298 sit
1085 5223 1339 5289 Gothica,
1385 5240 1455 5298 an
1505 5223 1761 5289 Hebraea,

78 5294 331 5353 modeste—
374 5294 503 5367 ipse
577 5297 638 5349 in
707 5296 977 5367 Indiculo
1010 5296 1291 5361 luminosa,
1349 5294 1510 5367 cujus
1568 5298 1765 5367 auctor

78 5311 312 5353 modeste
374 5314 503 5367 ipse
577 5314 638 5349 in
707 5311 956 5350 Jnaiculo
1010 5311 1291 5361 luminosa,
1349 5311 1414 5347 cu
1446 5311 1510 5347 us
1568 5311 1764 5347 auctor

76 5370 228 5423 fuisse
258 5371 543 5429 creditur,
570 5368 639 5420 de
664 5368 780 5419 suis
810 5366 1012 5419 studiis
1034 5367 1326 5435 loquitur:
1358 5386 1378 5413 ι
1409 5311 1549 5427 ὁσία
1579 5380 1684 5418 nec
1705 5363 1764 5435 in

76 5440 385 5495 liberalium
416 5439 633 5492 artium
664 5437 969 5507 disciplina
1000 5434 1127 5490 non,
1145 5436 1434 5490 excultum
1477 5435 1542 5505 [Γ.
1592 5434 1762 5488 disci-

136 5624 208 5691 (a)
240 5623 461 5678 Eodem
494 5623 837 5691 argumento
876 5619 1165 5690 Hinguera
1211 5617 1391 5672 utitur
1426 5616 1486 5671 in
1516 5615 1666 5671 notis
1692 5614 1764 5669 ad

82 5690 677 5764 Luitprandumanno
709 5690 832 5764 846i.

138 5757 211 5831 (bi
240 5766 406 5818 Falso
435 5762 775 5816 tribuuntur
800 5759 861 5813 hi
891 5775 1085 5831 versus
1116 5757 1371 5831 Virgilio:

142 5824 204 5900 ἀνι-ᾗ
250 5837 315 5889 In
364 5832 709 5904 praefatione
756 5836 888 5883 ante
919 5829 1017 5883 lib.
1064 5845 1117 5881 χι
1164 5824 1305 5883 Hist.
1340 5828 1609 5896 Hispan.,
1659 5824 1763 5879 sub

1854 1917 2036 1954 mzevo
2114 1900 2510 1953 adolescentiae
2576 1900 2719 1954 flore
2784 1900 3076 1953 churitatis
3137 1901 3433 1954 dulcedine
3490 1906 3547 1954 et

1852 1972 2273 2041 Scripturarum
2331 1987 2526 2024 amore
2584 1988 2697 2024 uno
2754 1971 2982 2025 vinculo
3042 1971 3305 2025 concordi
3352 1971 3547 2024 innexi

1854 2043 2023 2111 hujus
2058 2044 2207 2103 vitae,
2243 2042 2371 2094 licet
2420 2058 2531 2095 non
2564 2042 2685 2111 pari
2734 2043 2956 2101 ordine,
2998 2047 3191 2095 tamen
3235 2042 3361 2111 pari
3404 2042 3547 2095 affe-

1854 2120 1969 2178 ctu,
2022 2112 2080 2165 iu
2128 2112 2345 2164 cunctis
2392 2113 2809 2182 quaestionibus
2856 2113 3121 2166 duximus
3162 2114 3390 2181 jugum.
3437 2112 3546 2166 Sed

1854 2185 1950 2237 ille
1995 2183 2292 2235 sacerdotii
2341 2188 2574 2236 ornatus
2612 2199 2872 2247 munere,
2906 2184 3111 2253 pennis
3162 2183 3437 2235 virtutum
3487 2183 3548 2235 in

1856 2254 2098 2306 sublime
2130 2257 2356 2305 evectus
2400 2254 2571 2306 altius
2614 2254 2892 2320 evolabat,
2936 2270 3040 2322 ego
3073 2253 3319 2307 luxuriae
3350 2259 3404 2306 et
3447 2270 3547 2304 vo-

1859 2324 2091 2393 luptatis
2120 2325 2240 2377 luto
2284 2324 2595 2389 confectus,
2648 2328 2799 2377 terra
2830 2330 2997 2377 tenus
3035 2340 3241 2392 repens
3273 2325 3547 2377 hactenus

1856 2396 2069 2449 trahor.
2119 2416 2138 2441 ι
2176 2395 2454 2463 Conjugio
2489 2401 2681 2447 autem
2714 2396 3007 2448 astrictum
3049 2395 3219 2448 fuisse
3254 2396 3545 2458 Alvarum,

1856 2468 2102 2519 Joannes
2160 2465 2508 2533 Hispalensis
2536 2466 2587 2518 ei
2646 2465 2899 2518 scribens
2964 2465 3205 2518 innuere
3266 2466 3352 2518 his
3387 2465 3549 2518 vide-

1858 2542 1990 2590 tur:
2051 2557 2078 2583 «
2128 2535 2383 2589 Salutare
2434 2550 2718 2603 praesumo
2771 2550 2873 2604 per
2916 2553 2977 2589 os
3024 2541 3276 2589 vestrum
3316 2551 3549 2588 omnem

1860 2608 2123 2661 decorem
2173 2607 2374 2659 domus
2422 2613 2639 2659 vestrae.
2693 2606 2913 2660 Salutat
2960 2623 3057 2659 vos
3105 2606 3340 2660 domina
3390 2606 3549 2659 Froi-

1860 2678 2235 2743 sinda,»etc.
2316 2747 2329 2749 _
2456 2746 2515 2749 HA
2718 2748 2721 2749 ν
2812 2746 2841 2749 ,,
2959 2743 2966 2749 .

1931 2749 2101 2801 Plura
2130 2763 2197 2800 ex
2226 2747 2429 2801 eodem
2456 2746 2595 2800 Vitae
2628 2746 2847 2817 Eulogii
2879 2746 3112 2800 exbrdio
3144 2746 3214 2801 de
3255 2746 3550 2800 communi

1860 2819 2163 2888 utriusque
2195 2818 2299 2871 sub
2342 2818 2675 2887 Speraindei
2712 2818 2930 2872 abbatis
2983 2818 3156 2871 ductu
3188 2818 3553 2871 consuetudi-

1861 2905 2049 2958 neque
2083 2888 2381 2958 subjicere,
2414 2888 2550 2959 quia
2572 2890 2641 2942 de
2672 2890 2874 2942 studiis
2905 2894 3177 2958 concepta
3208 2896 3358 2953 sunt,
3389 2888 3547 2941 libet.

1868 2983 1887 3007 α
1923 2960 2269 3028 Agebamus,
2320 2964 2383 3012 ut
2429 2960 2541 3012 alia
2582 2965 2922 3028 praeteream
2971 2959 3031 3012 in
3065 2959 3231 3012 editis
3282 2959 3547 3025 videnda,

1862 3032 2091 3099 utrique
2150 3030 2575 3100 Scripturarum
2624 3029 3041 3095 delectabilem,
3093 3029 3305 3098 inquit,
3333 3029 3550 3100 lusum,

1862 3106 1918 3153 et
1946 3102 2221 3153 scalmum
2252 3099 2313 3153 in
2358 3102 2485 3154 lacu
2524 3102 2840 3154 nescientes
2870 3116 3091 3169 regere,
3145 3099 3345 3153 Euxini
3378 3100 3553 3152 maris

1795 3184 1836 3237 (ι
1866 3171 2243 3225 credebamur
2272 3171 2507 3240 fragori.
2556 3172 2696 3224 Nam
2732 3170 2979 3241 pueriles
3023 3172 3416 3225 contentiones
3452 3187 3553 3240 pro

1869 3241 2160 3307 doctrinis,
2197 3242 2405 3311 quibus
2435 3240 2831 3295 dividebamur
2864 3241 3034 3309 (forte
3082 3241 3142 3294 in
3178 3240 3554 3311 philosopho-

1868 3329 1995 3365 rum
2030 3312 2279 3381 placitis)
2317 3328 2433 3364 non
2464 3312 2682 3377 odiose,
2717 3313 2815 3366 sed
2842 3312 3253 3365 delectabiliter
3285 3312 3553 3381 epistola-

1869 3384 1971 3436 tim
2003 3384 2062 3436 in
2114 3382 2357 3436 invicem
2392 3383 2636 3451 egimus,
2679 3389 2736 3437 et
2766 3382 3104 3452 rhythmicis
3146 3383 3401 3436 versibus
3452 3398 3555 3435 nos

1866 3454 2133 3507 laudibus
2173 3454 2583 3508 mulcebamus.
2620 3456 2683 3507 Et
2727 3454 2831 3507 hoc
2860 3458 2981 3506 erat
3029 3453 3362 3507 exercitium
3392 3452 3555 3506 nobis

1867 3524 2038 3579 melle
2080 3524 2327 3587 suavius,
2372 3524 2511 3577 favis
2544 3525 2874 3592 jucundius,
2924 3529 2982 3576 et
3020 3524 3078 3576 in
3110 3528 3241 3576 ante
3275 3540 3371 3577 eos
3404 3539 3555 3593 quo—

1868 3595 2007 3649 tidie
2061 3595 2427 3647 extendentes
2462 3596 2639 3647 multa
2687 3594 2983 3647 inadibilia
3028 3597 3246 3647 tentare
3294 3594 3351 3646 iu
3401 3594 3554 3647 Scri-

1869 3665 2051 3734 pturis
2080 3665 2318 3735 puerilis
2362 3665 2671 3717 immatura
2706 3664 3025 3718 docibilitas
3057 3664 3190 3732 egit.
3227 3664 3311 3717 Ita
3355 3669 3417 3716 ut
3451 3680 3555 3735 vo-

1869 3733 2506 3796 lumina‘conderemus,
2532 3751 2660 3804 quas
2689 3740 2884 3805 postea
2910 3739 3046 3805 astas
3070 3738 3230 3787 muta
3250 3733 3555 3799 abolenda,

1867 3823 1938 3859 ne
1969 3806 2029 3858 in
2062 3810 2319 3875 posteros
2350 3804 2735 3868 remanerent,
2769 3804 3035 3858 decrevit.
3067 3825 3094 3852 ››

1940 3874 2124 3945 Opera
2152 3876 2323 3944 hujus
2369 3876 2559 3928 Alvari
2590 3876 2755 3928 nobis
2789 3875 3029 3929 feliciter
3058 3874 3413 3928 conservavit
3458 3890 3557 3928 co-

1868 3948 1971 4001 dex
2006 3947 2240 4017 quidam
2273 3946 2541 4017 Ecclesia:
2576 3945 2955 4000 Cordubensis
2984 3962 3017 3999 a
3055 3946 3452 4017 septingentis,
3494 3950 3562 3998 ut

1870 4016 2136 4086 colligere
2184 4018 2369 4084 datur,
2412 4016 2578 4069 annis
2625 4017 2887 4085 scriptus,
2921 4033 3092 4086 quem
3135 4016 3277 4070 vidit
3327 4016 3560 4070 Morales

1870 4090 2178 4159 laudatque
2210 4104 2328 4141 non
2355 4104 2470 4140 uno
2504 4088 2625 4141 loco
2660 4088 2750 4153 (ο).
2783 4086 3050 4143 Codicem
3067 4087 3245 4140 alium
3268 4088 3558 4159 Toletanre

1873 4158 2132 4212 Ecclesia:
2160 4159 2404 4213 Thomas
2457 4159 2723 4211 Tamaius
2763 4158 2959 4211 laudat
2998 4159 3094 4227 (ἀ).
3150 4159 3260 4211 Nos
3290 4158 3424 4211 inde
3473 4158 3558 4211 di-

1871 4246 2109 4283 manaus
2158 4230 2417 4283 omnium
2471 4245 2595 4299 qua:
2650 4230 2729 4282 ibi
2778 4234 3000 4283 exstant
3047 4228 3325 4283 habemus
3368 4244 3563 4282 exem—

1871 4304 2052 4370 plum,
2105 4299 2507 4370 transcriptum
2539 4316 2602 4353 ex
2636 4302 2813 4353 altero
2847 4300 3010 4353 nobis
3041 4300 3462 4352 communicato
3495 4315 3560 4351 ex

1873 4372 2223 4442 amplissima
2267 4371 2545 4442 Francisci
2596 4370 2652 4425 S.
2696 4372 2760 4424 Η.
2822 4370 2881 4424 Ε.
2917 4371 3219 4424 cardinalis
3269 4370 3563 4442 Barberini

1874 4440 2132 4496 Romana
2177 4441 2541 4508 bibliotheca,
2577 4442 2636 4495 in
2677 4458 2786 4512 qua
2817 4446 3171 4495 asservatur:
3205 4441 3341 4494 olim
3378 4440 3562 4512 eidem

1802 4531 1845 4584 ι)
1871 4516 2325 4582 purpuratorum
2357 4528 2566 4584 magno
2600 4511 2811 4584 decori,
2846 4517 2902 4584 et
2930 4512 3311 4584 litteratorum
3333 4511 3561 4584 _ac_lit-

1870 4580 2127 4637 terarum
2191 4580 2503 4653 protectori
2548 4580 3368 4653 beneﬁcentissimo,Matriti,
3424 4580 3563 4653 dum

1876 4670 1942 4708 eo
1973 4650 2527 4708 sanctae—memoriae
2582 4653 2793 4706 Urbani
2842 4654 2957 4706 VIII
3014 4668 3049 4705 a
3101 4652 3266 4704 latere
3320 4650 3565 4704 venisset

1874 4726 2115 4795 legatus,
2147 4724 2217 4777 ab
2257 4726 2457 4779 eodem
2499 4724 2978 4795 Thoma'l‘amaio
3008 4723 3076 4795 de
3120 4722 3350 4795 Vargas,
3401 4720 3561 4789 regio

1876 4791 2338 4864 ch'ronographo,
2369 4812 2481 4849 una
2516 4810 2645 4847 cum
2673 4793 2799 4847 aliis
2828 4793 3051 4864 antiqui
3081 4791 3183 4844 aevi
3214 4806 3563 4864 monumen-

1874 4866 1946 4919 tis
1977 4861 2261 4936 Hispanis,
2291 4881 2358 4918 ex
2390 4864 2721 4936 apographo
2755 4880 2860 4936 suo
2890 4861 3163 4932 scriptum
3192 4868 3248 4914 et
3280 4861 3559 4936 oblatum.

1946 4932 2123 5006 Hujus
2181 4932 2551 5004 conspectum
2606 4932 3562 5006 hicdabimus,_quemadmodum

1874 5024 1942 5060 ex
1991 5003 2080 5072 eo,
2134 5007 2288 5076 quod
2325 5003 2451 5058 fuit
2505 5004 2723 5076 laudati
2753 5005 2985 5076 Thomas
3017 5003 3256 5076 Tamaii,
3302 5003 3564 5076 exemplo

1872 5078 2085 5147 prodiit
2113 5093 2126 5129 :
2154 5074 2395 5130 _Aurelii
2426 5076 2602 5129 Flavii
2650 5075 2846 5147 ztlvari
2888 5075 3139 5147 illustris,
3170 5075 3399 5141 patricii
3430 5074 3565 5129 Cor-

1873 5144 2145 5211 dubensis,
2194 5147 2250 5201 S.
2288 5147 2524 5212 Eulogii,
2573 5145 2965 5213 archiepiscopi
3000 5144 3244 5197 Toletani
3280 5146 3564 5211 martyris,

1873 5219 2037 5271 amici
2065 5224 2115 5270 et
2159 5215 2464 5270 studiorum
2493 5215 2724 5280 collegae,
2772 5229 2933 5285 opera
2963 5217 3164 5281 omnia,
3217 5231 3334 5283 qua
3372 5217 3432 5268 in
3490 5215 3569 5269 bi-

1874 5288 2146 5342 bliothecis
2210 5288 2486 5353 Hispania
2532 5289 2769 5351 exstant,
2802 5300 2837 5338 α
2891 5286 3078 5339 multis
3130 5286 3384 5340 hactenus
3423 5286 3567 5339 desi-

1873 5359 2083 5421 derata,
2148 5371 2427 5424 nunquam
2475 5355 2621 5409 edita
2664 5371 2697 5407 a
2746 5356 2923 5410 codice
2970 5361 3276 5424 pervetusto
3320 5358 3570 5411 Ecclesiae

1872 5428 2230 5485 Cordubensis
2283 5428 2478 5480 litteris
2530 5426 2761 5493 golhicis
2818 5431 3064 5494 emarato,
3118 5428 3253 5481 bona
3298 5427 3401 5485 ﬁde
3446 5429 3565 5496 pri-

1873 5606 2228 5732 ppigraphe:
2279 5607 2385 5730 fias
2430 5604 2645 5676 ayudas
2684 5621 2834 5675 para
2875 5606 2923 5660 lo
2946 5605 3010 5659 de
3042 5607 3174 5675 aqui
3202 5604 3472 5672 adelante,
3514 5611 3571 5660 et

1894 5696 1913 5732 ι
1961 5694 2107 5732 .xiv.
2140 5694 2264 5732 can.
2333 5718 2344 5729 .

1875 5679 1972 5734 lib.
1995 5694 2107 5741 xxv,
2140 5694 2264 5747 cap.
2294 5679 2344 5730 3.

1947 5748 2021 5817 (d)
2055 5748 2113 5799 lu
2146 5747 2297 5802 notis
2328 5745 2395 5799 ad
2443 5744 2881 5815 Luitprandum,
2930 5762 3065 5799 ann.
3100 5747 3225 5813 869,
3272 5760 3401 5814 pag.
3440 5747 3562 5799 209.
