3860 6262
336 312 427 362 391
1658 302 1863 356 ALVAl

2214 299 2520 357 UBENSIS.
3732 316 3805 365 με,

333 459 478 497 mum
544 443 895 508 transcripta.
964 439 1180 513 tandem
1219 455 1243 491 e
1295 438 1615 513 bibliotheca
1643 442 1734 513 LI»).
1816 439 2023 491 Thema:
2062 443 2106 492 A
2140 438 2381 513 Indiculi
2405 439 2574 513 hujus
2598 443 2794 513 auctor
2825 440 2906 513 sic
2932 457 3082 510 saepe
3115 442 3338 495 locutus
3360 444 3537 496 fuerit
3563 450 3799 513 quemad-

338 516 552 568 Tamaii
598 513 664 565 de
727 514 932 577 Vargas
964 510 1395 577 historiographi
1444 512 1603 574 regii,
1638 510 1863 561 libenter
1893 524 2031 562 com-

334 588 631 638 municata.
680 583 891 651 Nempe
933 582 1037 634 hac
1070 581 1439 651 inscriptione
1473 580 1813 651 insignitum
1859 579 2033 633 habe-

334 657 434 709 bat
496 655 579 706 vir
624 653 720 707 ille
772 650 1151 717 dnctissimus,
1219 650 1369 719 quod
1443 650 1679 703 editioni
1741 666 2035 720 praepara-

333 726 448 791 bat,
482 725 670 777 Alvari
698 739 941 792 operum
973 738 1197 792 corpus,
1229 737 1340 791 quo
1371 722 1491 774 haec
1524 722 1915 775 continentur.

405 794 682 849 lndiculus
728 796 1043 847 luminosus.
1102 793 1336 860 Incipit:
1403 793 1472 844 In
1511 792 1821 857 defensione
1851 806 2031 845 servo-

334 882 455 919 rum
484 871 724 931 tuorum,
766 867 1016 930 Domine,
1059 868 1163 915 etc.
1209 863 1464 930 Scriptus
1510 863 1578 914 ab
1610 867 1837 915 auctore
1881 879 2031 914 anno

335 938 459 1003 854,
492 943 557 989 ut
585 952 648 989 ex
697 935 785 988 his
818 936 1028 1005 liquet:
1071 956 1095 980 α
1127 933 1420 1003 Siquidem
1450 932 1509 984 in
1543 934 1665 1005 hoc,
1705 932 1802 997 ait,
1839 934 2033 1005 Intrar—

334 1007 587 1061 nationis
619 1006 846 1059 Domini
868 1021 1015 1058 anno
1043 1005 1516 1073 octingentesimo
1554 1004 2032 1073 quinquagesimo

336 1083 562 1148 quarto,
614 1082 670 1130 et
712 1093 844 1141 mra,
879 1091 1007 1148 qua:
1033 1074 1740 1148 currit,_octingen_tesima_
1779 1090 2031 1142 nonage-

336 1144 485 1201 sima
523 1147 791 1210 secunda,
826 1144 961 1199 anni
988 1146 1200 1199 Arabes
1249 1146 1479 1198 lunares
1516 1144 1744 1197 ducenti
1792 1160 2031 1214 compu-

335 1224 530 1272 tantur
582 1219 979 1288 quadraginta,
1032 1217 1243 1269 solares
1285 1231 1414 1288 vero
1461 1215 1596 1288 anni
1637 1215 2026 1288 ducenti_.......

337 1306 406 1343 ex
436 1306 548 1359 qua
595 1286 819 1341 summa
864 1292 1173 1357 supersunt
1216 1286 1351 1359 anni
1403 1286 1616 1359 solares
1660 1286 1966 1359 sexdecim.
1996 1307 2028 1359 _»

338 1356 493 1429 Opus
524 1376 639 1412 non
671 1364 752 1411 est
784 1359 840 1410 in
881 1356 1214 1429 computum
1264 1358 1436 1429 hocce
1486 1356 1818 1429 diligentius
1846 1357 2032 1426 inqui—

336 1426 483 1495 rere,
516 1430 650 1483 dum
702 1427 1135 1491 Incarnationis,
1188 1443 1317 1480 serae
1348 1427 1631 1496 Hispanae,
1665 1426 2030 1497 Arabumque

336 1517 438 1555 seu
472 1501 689 1569 Hegiraa
745 1516 924 1552 annos
983 1499 1277 1551 habemus.
1329 1498 1519 1551 Alvari
1568 1513 1700 1569 esse
1735 1498 1841 1550 hoc
1888 1514 2031 1567 Opus

337 1568 643 1639 negaverat
693 1570 827 1622 olim
878 1571 1110 1622 Morales
1165 1570 1244 1633 (a)
1299 1585 1365 1621 ex
1420 1585 1487 1620 eo
1556 1568 1824 1639 maxime,
1876 1571 2029 1638 quod

335 1643 558 1695 nullum
590 1642 650 1693 in
678 1657 743 1692 eo
786 1641 1020 1692 verbum
1065 1641 1133 1692 de
1165 1639 1402 1707 Eulogio
1433 1640 1644 1691 factum
1678 1639 2027 1707 reperiatur,

335 1714 527 1767 Alvari
568 1711 914 1763 amicissimo
956 1711 1168 1779 capite:
1225 1710 1374 1779 quod
1403 1710 1491 1762 vix
1542 1710 1898 1762 committere
1939 1711 2030 1763 hic

334 1783 605 1852 potuerit,
644 1784 793 1834 idem
845 1798 975 1833 cum
1024 1780 1122 1852 illo
1177 1787 1585 1852 argumentum
1616 1784 1895 1852 tractans
1924 1786 2026 1834 At-

334 1850 527 1906 tamen
576 1857 775 1922 postea
812 1850 1157 1904 renuntiavit
1204 1852 1338 1903 huic
1371 1850 1645 1920 opinioni,
1676 1867 1804 1903 cum
1839 1851 2028 1904 Histo-

336 1923 476 1977 riam
520 1923 792 1976 scriberet
815 1922 907 1992 (ὁ),
933 1927 988 1975 et
1019 1937 1084 1974 ex
1124 1922 1303 1974 animi
1332 1922 1614 1974 sententia
1644 1922 1795 1975 hunc
1835 1926 2030 1975 nostro

336 1996 547 2047 librum
578 1993 943 2063 adjudicavit.
997 1994 1127 2046 Jure
1172 1992 1446 2063 quidem:
1500 1992 1623 2061 ipse
1665 1993 1820 2046 enim
1853 1993 2032 2062 stylns

335 2071 391 2117 et
422 2065 605 2117 verbis
631 2071 686 2116 et
733 2063 1146 2132 compositione
1202 2064 1420 2116 cmteris
1468 2063 1659 2115 Alvari
1691 2064 1915 2133 scriptis
1950 2063 2029 2115 si-

335 2137 615 2189 millimus
665 2135 997 2204 eaedemque
1064 2150 1174 2201 res,
1240 2134 1393 2186 idem
1447 2134 1747 2202 utriusque
1806 2140 2030 2202 tempus

335 2206 559 2275 Eulogii
593 2209 649 2258 et
680 2205 866 2258 Alvari
894 2203 916 2270 ;“
943 2220 1161 2257 necnon
1193 2209 1249 2257 et
1279 2203 1495 2257 mentio
1548 2204 1606 2256 in
1656 2204 1877 2273 Eulogii
1910 2206 2030 2257 Vita

335 2284 559 2330 exstans
611 2276 899 2345 scripsisse
960 2276 1231 2329 Alvarum
1277 2275 1507 2345 aliquod
1566 2291 1708 2344 opus
1756 2276 1910 2345 quod
1960 2275 2029 2328 ad

334 2348 637 2401 historiam
671 2348 822 2399 illius
865 2346 1281 2415 persecutionis
1312 2346 1649 2415 pertineret,
1683 2345 1741 2398 in
1772 2350 1894 2399 tuto
1919 2362 2031 2415 po-

334 2434 470 2472 nere
501 2418 786 2483 videntur,
831 2433 946 2469 non
979 2416 1155 2469 alium
1186 2433 1306 2469 esse
1338 2416 1466 2469 libri
1500 2420 1811 2468 auctorem.

404 2490 590 2553 Quare
633 2489 733 2540 has
758 2494 949 2557 partes
992 2492 1313 2557 sequuntur
1341 2488 1674 2557 frequenter
1725 2485 1905 2539 nostri
1932 2485 2029 2554 (ο),

334 2565 566 2630 excepto
607 2575 721 2611 uno
750 2556 931 2628 usque
979 2558 1043 2610 ad
1073 2574 1241 2611 suum
1287 2562 1515 2630 tempus
1548 2556 1894 2630 Hieronymo
1930 2557 2031 2630 Ro-

338 2626 510 2683 mano
537 2631 606 2683 de
657 2630 709 2681 la
757 2626 1041 2697 Higuera;
1102 2644 1169 2681 ea
1220 2626 1421 2681 tamen
1454 2628 1577 2697 ipsa
1626 2626 2027 2692 inconstantia,

338 2717 468 2771 quae
522 2701 581 2753 in
611 2700 737 2771 aliis
796 2701 917 2771 ejus
965 2699 1235 2771 operibus
1282 2703 1535 2768 apparet,
1583 2702 1647 2771 et
1690 2698 1938 2771 maxime
1970 2698 2029 2771 in

336 2768 746 2842 prmstituendo
795 2770 1033 2842 Indiculi
1085 2770 1254 2839 hujus
1302 2773 1552 2842 auctore.
1608 2769 1755 2842 Nam
1784 2769 1831 2821 si
1882 2768 2031 2842 Luit-

337 2839 622 2913 prandum
654 2841 755 2907 (d),
791 2841 1051 2913 Higueraz
1085 2856 1249 2909 opus,
1298 2840 1588 2913 consulas,
1624 2839 1875 2913 Bonitas,
1910 2839 2033 2913 epi-

337 2909 540 2983 scopus
568 2909 910 2983 Toletanus’;
956 2912 999 2962 si
1033 2916 1223 2983 autem
1269 2910 1522 2983 ejusdem
1564 2910 1877 2983 lulianum,
1910 2909 2031 2962 Wi-

338 2981 635 3037 stremirus
687 2989 741 3035 et
772 2982 924 3035 idem
969 2981 1149 3034 Toleti
1201 2981 1403 3049 praesul
1461 2981 1651 3033 fuerit.
1713 2982 1942 3033 Necnon
1979 2984 2033 3033 et

336 3071 485 3107 unus
522 3054 677 3106 idem
708 3052 964 3106 Julianus
1007 3052 1062 3104 id
1094 3052 1379 3120 posterius
1422 3051 1481 3103 in
1522 3051 1797 3103 Chronico
1847 3051 2027 3115 effert,

2146 510 2378 563 modum
2439 509 2497 562 in
2555 509 3117 583 epistolisgAlvar’um
3163 513 3419 566 locutum
3471 509 3725 583 legimus.
3766 518 3805 569 In

2147 597 2259 633 una
2324 596 2521 653 earum
2578 596 2719 649 quas
2766 581 2839 653 ad
2889 583 3168 636 Joannem
3220 585 3492 653 scripsit:
3537 581 3569 634 ἰ
3632 587 3691 638 Ut
3722 594 3807 638 tota

2145 656 2342 703 contra
2388 652 2505 703 haec
2553 657 2732 704 certet
2771 652 3016 705 invectio
3065 658 3265 707 vestra.
3320 652 3347 701 ii
3404 657 3468 707 Et
3528 655 3587 707 in
3624 657 3733 719 alia
3759 660 3807 710 ad

2145 722 2724 795 eumdem‘Joannem
2753 723 2838 775 bis
2861 723 3007 776 intra
3024 740 3206 792 pauca
3239 726 3409 778 verba
3441 742 3454 778 :
3486 745 3515 775 »
3542 727 3803 795 Nunquam

2145 793 2296 846 enim
2340 792 2578 864 sedatur
2629 795 2951 861 responsio,
3002 795 3111 847 nisi
3165 796 3323 864 prius
3373 792 3803 849 convincaturﬁr.

2144 863 2408 917 invectio.
2450 882 2475 913 »
2529 864 2629 916 Et:
2669 886 2690 911 ι
2732 864 2814 917 Sit
2842 866 3099 918 ﬂexuosa
3129 863 3390 919 catenula
3424 874 3485 919 et
3538 872 3806 921 catenatzm

2144 935 2434 988 contentio
2468 933 2740 997 ﬂexuosa,
2774 951 2903 1005 quae.
2946 953 3049 989 nec
3102 937 3517 990 invectiouibus
3574 940 3806 999 eluditur,

2144 1022 2245 1059 nec
2272 1005 2764 1078 responsionibus
2781 1006 3149 1078 terminatur.
3186 1028 3213 1055 »
3247 1009 3308 1061 In
3342 1009 3589 1077 epistola
3618 1025 3809 1078 quoque

2143 1077 2211 1129 ad
2268 1077 2593 1129 Romanum
2640 1076 2959 1129 medicum:
2998 1098 3024 1124 ‹‹
3073 1078 3139 1130 Et
3176 1076 3531 1132 invecti’ones
3581 1076 3807 1133 adversi-

2143 1148 2359 1200 riorum
2388 1146 2745 1215 apologetico
2779 1148 3146 1202 retunderem
3180 1165 3369 1218 opere.
3412 1172 3432 1197 ι

2212 1218 2645 1287 Quamplurima
2680 1223 2811 1271 sunt
2839 1218 2898 1271 in
2928 1219 3133 1288 quibus
3176 1220 3327 1273 idem
3373 1220 3683 1289 utrobique
3730 1222 3809 1273 sibi

2141 1289 2470 1360 respondet
2501 1294 2719 1353 auctor,
2754 1305 2891 1360 quin
2923 1295 2983 1343 ut
3027 1290 3095 1343 de
3135 1305 3197 1341 re
3228 1306 3340 1360 qua
3372 1292 3441 1344 de
3471 1292 3698 1359 agimus
3720 1308 3807 1344 non

2142 1361 2291 1413 ultra
2330 1358 2650 1431 dubitetur,
2684 1359 3030 1431 subjungere
3083 1358 3270 1431 operas
3303 1358 3559 1430 pretium
3592 1367 3691 1413 est.

2141 1430 2365 1498 quipedi
2403 1430 2741 1483 nominandi
2775 1447 2928 1495 casu,
2962 1434 3018 1483 et
3058 1430 3343 1500 plurativo
3380 1447 3652 1492 numere.
3696 1431 3808 1485 indi-

2140 1503 2264 1554 cule
2297 1505 2431 1553 sunt
2462 1500 2524 1558 ii.
2568 1501 2667 1570 qui
2709 1506 3029 1570 sequuntur
3083 1502 3362 1571 pedibus:
3413 1521 3441 1553 α
3497 1504 3567 1556 Et
3594 1518 3694 1571 pro
3731 1503 3807 1555 do-

2140 1578 2327 1641 gmate
2378 1571 2633 1633 eruditis,
2686 1577 2741 1623 et
2789 1572 2995 1625 Christi
3054 1573 3379 1641 sequipedis.
3444 1592 3472 1622 ι)
3528 1574 3594 1626 Et
3649 1574 3805 1625 intra:

2145 1665 2169 1691 ‹‹
2232 1644 2339 1695 Nos
2391 1658 2523 1694 vero
2581 1642 2889 1711 evangelici
2949 1644 3095 1695 servi
3151 1643 3358 1697 Christi
3418 1644 3806 1713 discipulorum

2144 1714 2559 1766 rusticanorum
2607 1713 2908 1780 sequipedi.
2970 1734 2990 1759 ι
3050 1715 3187 1766 Item
3220 1715 3288 1767 de
3321 1713 3633 1767 Mahometi
3660 1722 3805 1766 secta-

2070 1790 2109 1843 B
2144 1784 2401 1837 toribus:
2440 1801 2465 1833 «
2520 1783 2701 1845 Quam
2757 1784 3131 1853 impurissimi
3177 1790 3387 1837 sectam
3436 1785 3803 1854 impurissime

2140 1854 2422 1923 sequipedi
2464 1853 2824 1922 ampliantes,
2874 1872 2900 1905 ι
2942 1859 3046 1907 etc.
3100 1856 3176 1908 De
3206 1855 3407 1908 iisdem
3438 1853 3575 1909 mox
3604 1872 3615 1908 :
3649 1856 3804 1924 Sequi-

2138 1926 2299 1994 pedes
2345 1925 2473 1996 ﬁdei
2510 1940 2636 1977 suae.
2682 1926 2889 1977 Eodem
2954 1925 3122 1977 modo
3168 1928 3420 1996 loquitur
3476 1943 3594 1979 una
3628 1942 3687 1977 ex
3718 1928 3806 1994 epi-

2142 1996 2300 2048 stolis
2323 1995 2394 2047 ad
2421 2010 2772 2064 anonymum
2803 1996 3134 2065 episcopum
3161 1997 3502 2065 quemdam:
3534 2018 3561 2045 επ
3600 1997 3659 2049 Et
3688 1996 3801 2055 ideo,

2141 2066 2223 2119 mi
2280 2065 2688 2118 sublimissimo
2740 2066 2988 2131 domine,
3054 2068 3445 2136 apostolorum
3492 2067 3720 2126 vicarie,
3765 2076 3805 2117 et

2142 2153 2335 2190 rerum
2362 2136 2581 2205 opiﬁcis
2611 2136 2818 2189 Christi
2850 2138 3135 2205 sequipede
3164 2140 3258 2205 (f),
3298 2159 3319 2184 ι
3353 2144 3458 2190 etc.
3496 2138 3716 2191 Phrasis
3745 2145 3809 2187 est

2144 2207 2406 2271 lndiculi,
2456 2223 2596 2276 opus
2636 2207 2930 2275 pracidere
2977 2224 3080 2278 pro
3116 2210 3290 2275 ﬁnire.
3330 2209 3467 2261 Fine
3498 2208 3677 2261 debito
3703 2223 3807 2275 opu-

2140 2280 2346 2332 sculum
2373 2278 2753 2346 prwcidamus.
2790 2278 3295 2349 Quemadmodum
3339 2284 3396 2331 et
3432 2279 3807 2349 epistolarum,

2140 2356 2357 2419 quartas
2405 2349 2615 2419 scilicet
2663 2349 2735 2401 ad
2778 2348 3059 2402 Joannem
3108 2348 3526 2419 Hispalensem,
3582 2365 3683 2419 quo
3724 2350 3808 2411 ﬁne

2143 2418 2275 2473 [alia
2296 2419 2546 2488 praecidit
2576 2418 2742 2472 dicta.

2211 2489 2488 2543 Adverbio
2520 2505 2620 2542 seu
2666 2488 3074 2558 praepositione
3122 2494 3272 2544 tenus
3326 2506 3477 2560 saepe
3512 2490 3694 2543 utitur
3721 2490 3805 2551 hic,

2142 2577 2314 2630 quem
2364 2560 2629 2613 eumdem
2662 2560 2945 2613 credimus
2984 2561 3246 2630 scriptor.
3281 2562 3357 2613 De
3397 2562 3585 2614 beatis
3625 2561 3806 2612 visione

2144 2632 2240 2685 Dei
2288 2631 2605 2684 frnentibus
2670 2631 2957 2683 lndicnlus
3005 2631 3083 2683 ita
3126 2631 3405 2701 loquitur:
3441 2631 3803 2695 Ouietitudine

2136 2703 2254 2771 jam
2286 2703 2548 2755 laetantes
2578 2705 2811 2766 aeterna,
2846 2707 2897 2754 et
2921 2701 3044 2770 regi
3071 2718 3171 2755 suo
3209 2702 3352 2755 facie
3384 2707 3557 2755 tenus
3589 2702 3807 2755 servien-

2142 2781 2246 2825 tes.
2283 2793 2309 2819 n
2342 2773 2481 2825 Item
2512 2772 2670 2843 icmlo
2701 2776 2885 2835 tenus,
2919 2788 3045 2843 pro,
3089 2788 3269 2843 usque
3301 2773 3367 2826 ad
3394 2773 3608 2826 coelum
3636 2789 3649 2824 :
3692 2794 3715 2817 ‹‹
3753 2773 3811 2822 lta

2144 2843 2200 2895 hi
2249 2843 2419 2896 hodie
2476 2842 2828 2895 abundantia
2874 2842 3200 2912 perfectiori
3257 2848 3319 2896 ut
3379 2843 3489 2896 sibi
3549 2844 3805 2902 videntur,

2143 2914 2283 2966 coelo
2325 2920 2492 2966 tenus
2539 2912 2856 2981 perferunt.
2905 2933 2926 2959 ι
2986 2913 3111 2966 Pari
3161 2914 3325 2966 modo
3366 2916 3689 2979 facietenus,
3728 2928 3807 2981 pro

2147 2991 2510 3054 apparenter.
2567 2985 2642 3035 De
2711 2983 3152 3036 Mahometanis:
3206 3007 3231 3032 ‹‹
3293 2984 3523 3036 Pietatis
3592 2984 3807 3053 speciem

2142 3055 2453 3108 facietenus
2483 3054 2807 3106 ostendunt.
2842 3075 2867 3101 ››
2906 3055 2972 3106 Et
3002 3059 3197 3122 postea
3230 3070 3243 3106 :
3290 3076 3316 3101 ‹‹
3349 3057 3515 3109 Facie
3547 3061 3696 3107 tenus
3723 3056 3807 3122 pie-

338 3131 394 3177 et
423 3125 481 3177 in
514 3124 751 3192 epistola
776 3122 1049 3194 ,Chl‘onici
1099 3121 1453 3194 prmambuld
1505 3137 1611 3190 pro
1640 3121 1856 3194 ΔΒοηίἰο
1895 3127 2023 3174 stat.
2069 3126 2108 3180 C
2142 3131 2315 3179 tatem
2341 3125 2811 3194 praetendentem.
2844 3147 2863 3171 ι
2896 3124 3168 3178 Similiter
3190 3124 3249 3177 in
3274 3125 3502 3194 Eulogii
3528 3126 3674 3187 Vita,
3705 3121 3803 3193 qua

341 3197 403 3248 Et
434 3191 583 3248 hunc
635 3192 922 3246 hominem
982 3192 1299 3260 suspiciunt
1355 3192 1565 3260 plures,
1624 3191 1693 3244 de
1748 3208 1862 3261 qno
1902 3198 2031 3261 apte

338 3281 467 3319 cum
528 3264 711 3317 Ennio
771 3262 1019 3316 dixeris:
1080 3264 1229 3316 Imus
1286 3263 1427 3326 hinc,
1477 3264 1618 3315 imus
1671 3263 1852 3315 illinc:
1914 3279 2030 3315 cum

338 3338 466 3390 illuc
514 3340 730 3388 ventum
783 3339 879 3399 est,
936 3335 1011 3386 iri
1060 3334 1215 3385 illinc
1275 3333 1449 3399 lubet;
1502 3338 1601 3385 aut
1663 3348 1792 3385 eum
1836 3335 2030 3386 Graico

341 3408 487 3460 alio:
521 3408 626 3459 Aio
655 3419 913 3474 negoque,
964 3404 1206 3472 quidque
1233 3402 1411 3456 dicam
1449 3406 1641 3474 nescio.
1668 3404 1868 3474 Cujus
1908 3404 2031 3472 qui-

339 3478 469 3531 dem
503 3477 668 3530 nihili
716 3473 1023 3529 anctoritas
1070 3475 1288 3526 haerere
1332 3479 1525 3526 tamen
1573 3473 1707 3526 fecit
1752 3475 2031 3527 Thomam

338 3547 659 3611 'l‘amaium,
703 3546 885 3599 virum
937 3544 1057 3597 falli
1106 3543 1412 3614 praestigiis
1462 3544 1613 3597 hisce
1658 3544 1896 3598 minime
1952 3545 2033 3597 di-

337 3636 537 3689 gnum,
568 3618 668 3689 qui
718 3617 950 3689 demum
1007 3623 1137 3689 post
1188 3615 1522 3668 incultatam
1580 3630 1810 3689 omnem
1858 3616 2030 3689 viam,

338 3687 405 3744 ad
449 3687 724 3745 Alvarum
772 3688 964 3741 ﬂectit.
1016 3687 1208 3757 quue
1260 3692 1521 3739 movetur
1571 3688 1818 3739 maxime
1876 3687 2032 3757 quod

337 3763 594 3815 luminosi
645 3760 753 3813 hoc
809 3756 1400 3829 epitheton’Indiculo
1447 3757 1802 3829 adaptatum,
1868 3756 2031 3829 quasi

336 3832 658 3903 proprium,
689 3835 745 3903 et
771 3828 859 3882 uti
898 3835 1033 3903 tunc
1065 3829 1450 3903 loquebantur
1472 3828 1841 3903 _scriptorum
1898 3828 2034 3903 alio-

338 3897 467 3957 rum
515 3897 705 3956 Alvari
747 3916 919 3953 verna
965 3900 1054 3952 sit.
1108 3897 1283 3968 Hujus
1324 3897 1406 3951 rei
1438 3898 1657 3968 aliquot
1686 3899 1735 3951 is
1776 3899 2036 3965 exempla

338 3973 586 4037 adducit,
636 3988 703 4024 ex
758 3972 884 4024 Vita
913 3985 1122 4039 nempe
1164 3969 1405 4039 Eulogii,
1441 3974 1497 4022 et
1544 3985 1608 4022 ex
1648 3970 1717 4023 ad
1766 3970 2032 4023 eumdem

339 4044 578 4115 epistola
610 4041 895 4115 quadam.

410 4116 566 4168 Ultra
610 4109 751 4176 haec,
806 4111 867 4163 in
917 4112 1028 4163 alia
1081 4110 1149 4163 ad
1200 4110 1479 4163 Joannem
1532 4110 1923 4180 Hispalensem
1972 4109 2033 4162 in

340 4186 489 4238 line:
557 4185 738 4249 Atque
811 4182 1147 4234 luminositer
1209 4186 1400 4233 cuncta
1465 4180 1618 4233 nobis
1681 4184 1791 4234 oris
1864 4182 2036 4233 vestri

339 4259 531 4323 aperta
551 4254 817 4307 sententia
840 4253 1050 4304 revelet.
1087 4252 1418 4323 Necauctor
1448 4250 1693 4323 Indiculi
1732 4255 2035 4323 contentus

340 4320 447 4378 fuit
476 4338 780 4392 usurpasse
826 4326 1048 4373 tantum
1074 4322 1158 4392 in
1206 4320 1476 4374 lemmate
1528 4322 1635 4374 hoc
1671 4322 2031 4386 vocabulum,

340 4396 602 4466 quiuimo
623 4391 634 4392 7'
652 4392 864 4466 passim
895 4407 960 4443 eo
1002 4391 1201 4466 utitur.
1249 4392 1553 4466 Eleazarus
1584 4392 1941 4466 (alicubiait)
1977 4396 2036 4444 in

2143 3202 2292 3250 certe
2330 3201 2413 3248 est
2451 3194 2676 3247 Alvari:
2713 3216 2739 3241 ‹‹
2780 3197 3097 3248 Terratenus
3139 3211 3341 3265 repens
3390 3196 3670 3248 hactenus
3714 3202 3800 3245 tra.

2141 3267 2273 3321 hor.
2307 3286 2328 3314 ι
2355 3267 2421 3318 Et
2448 3266 2506 3318 in
2528 3266 2692 3335 epist.
2725 3267 2757 3316 2
2785 3266 2854 3318 ad
2881 3266 3156 3319 Joannem
3185 3282 3196 3317 :
3231 3266 3397 3319 Verbo
3430 3272 3587 3319 tenus
3620 3274 3800 3318 narrat.

2146 3339 2209 3390 Et
2261 3337 2318 3389 in
2353 3343 2556 3406 quarta
2587 3336 2656 3388 ad
2689 3336 2986 3389 eumdem:
3032 3356 3057 3382 <<
3118 3337 3182 3388 Et
3211 3336 3335 3405 ipso
3387 3337 3650 3401 nomine,
3694 3338 3805 3401 facie

2144 3414 2295 3462 tenus
2326 3407 2464 3477 quid
2492 3408 2566 3459 sit
2614 3407 2864 3475 apertius
2913 3407 3217 3475 indagetur
3250 3424 3262 3471 ;
3304 3408 3470 3477 quasi
3528 3409 3694 3466 dicat,
3734 3421 3807 3474 pa-

2142 3483 2346 3532 tenter.
2403 3478 2471 3531 Et
2500 3478 2559 3530 in
2614 3477 2815 3545 quinta
2857 3478 2927 3531 ad
2972 3478 3278 3530 eumdem:
3325 3499 3346 3526 «ι
3387 3481 3430 3530 Α
3481 3481 3640 3530 terra
3670 3478 3805 3529 altius

2143 3550 2265 3603 σηιΙο
2298 3554 2448 3601 tenus
2497 3544 2887 3600 extendamus.
2923 3569 2949 3595 »
2983 3549 3051 3600 Et
3092 3550 3264 3616 paulo
3294 3553 3457 3617 post:
3497 3570 3519 3596 α
3558 3544 3809 3613 Astrologi

2143 3621 2271 3674 coelo
2301 3624 2451 3672 tenus
2502 3619 2808 3671 voluerunt
2836 3619 3043 3687 pennis
3075 3620 3284 3684 volare,
3311 3638 3337 3667 »
3372 3634 3499 3689 pro,
3550 3635 3726 3689 usque
3760 3616 3806 3668 ad

2143 3692 2370 3743 ccelum.

2213 3757 2503 3813 Simillimi
2548 3763 2722 3811 etiam
2768 3759 3070 3811 commatis
3125 3764 3258 3812 sunt
3310 3760 3370 3811 in
3428 3759 3719 3813 Indicnlo:
3768 3760 3809 3807 ut

2142 3836 2363 3886 conatus
2392 3830 2596 3894 adfuit.
2653 3829 2716 3882 Et
2747 3828 2807 3881 in
2834 3830 2999 3899 epist.
3027 3832 3060 3882 4
3107 3830 3177 3882 ad
3222 3831 3503 3884 Joannem
3529 3872 3543 3883 .
3580 3833 3809 3897 quantum

2142 3916 2296 3972 posse
2316 3900 2453 3953 mihi
2484 3902 2716 3972 exstitit,
2759 3916 2887 3968 pro,
2922 3906 2984 3952 ut
3021 3901 3201 3968 potui.
3239 3901 3607 3969 Deponentia
3648 3899 3808 3972 verba,

2143 3968 2378 4040 opinari,
2438 3969 2743 4033 adversari,
2803 3973 3126 4038 prazconari,
3188 3977 3243 4023 et
3304 3968 3413 4023 alia
3478 3968 3808 4040 hujusmodi.

2143 4042 2450 4111 utrobique
2480 4042 2721 4109 legimus
2751 4042 2929 4093 active
2958 4040 3218 4093 formata.
3252 4041 3493 4094 Indiculi
3521 4042 3643 4094 hanc
3674 4046 3807 4091 sunt:

2150 4136 2169 4161 ι
2208 4114 2461 4166 Fortasse
2488 4111 2697 4180 aliquis
2728 4113 2916 4176 opinat
2945 4111 3118 4165 fuisse
3148 4111 3466 4165 vitandum.
3510 4132 3536 4162 ι)
3574 4114 3637 4164 Et
3667 4125 3809 4163 mox:

2146 4183 2705 4252 Opinaverintmulta.
2734 4182 2998 4250 Epistolas
3030 4184 3064 4235 4
3108 4183 3229 4235 haec
3259 4186 3425 4235 sunt:
3466 4184 3600 4236 Tam
3653 4182 3812 4234 leviter

2145 4256 2413 4322 opinasse.
2458 4256 2668 4305 Auctor
2717 4253 2957 4305 Indiculi
3013 4253 3129 4305 ait:
3190 4254 3369 4307 Veluti
3406 4254 3612 4318 furiosi
3640 4265 3812 4322 praece-

2144 4320 2297 4378 nant.
2348 4324 2418 4377 Et
2450 4338 2613 4375 mox:
2660 4324 2929 4390 Clamant,
2969 4324 3235 4390 replicant
3270 4328 3319 4375 et
3355 4329 3688 4391 praeconant.
3742 4320 3813 4372 Al-

2144 4411 2311 4447 varus
2378 4394 2437 4446 in
2496 4394 2887 4447 Confessione:
2947 4396 3169 4447 Peccata
3216 4394 3467 4446 detestas.
3542 4396 3610 4447 Et
3649 4392 3809 4445 infra:

341 4462 439 4520 lib.
476 4483 513 4519 ιι
561 4463 995 4518 Machaba’orum
1043 4463 1378 4515 luminositer
1434 4462 1600 4515 docet.
1636 4463 1706 4515 Et
1752 4463 1927 4516 alibi:
1963 4466 2032 4516 Et
2070 4470 2114 4524 D
2144 4467 2413 4520 Aversare
2468 4468 2702 4517 conetur.
2764 4464 3088 4516 Indiculus:
3130 4486 3157 4511 ‹‹
3198 4466 3268 4517 Ex
3324 4480 3570 4517 numero
3603 4464 3720 4531 ejus
3748 4476 3808 4513 re-

339 4541 401 4593 B.
451 4536 684 4591 Joannes
728 4537 788 4587 in
848 4548 947 4587 sua
989 4534 1217 4600 epistola
1244 4536 1429 4600 prima
1481 4534 1817 4587 luminositer
1859 4534 2030 4587 docet.

342 4610 455 4663 Nec
486 4608 675 4661 minus
724 4603 963 4659 Indiculi
1020 4618 1231 4656 nomen
1265 4605 1500 4657 Alvarus
1530 4610 1771 4672 usurpat
1818 4605 1877 4657 in
1908 4604 2034 4673 epi-

341 4679 521 4743 stolis,
568 4684 617 4731 et
655 4676 1041 4732 ldesideratum
1085 4675 1239 4727 nobis
1296 4675 1460 4727 amici
1507 4674 1818 4728 lndiculum
1866 4677 2032 4728 misit.

339 4751 423 4805 Ad
453 4752 575 4804 1]th
596 4749 916 4801 Invectionis
946 4745 1202 4810 nomine,
1252 4744 1416 4814 quasi
1462 4759 1787 4797 sermonem
1828 4746 1898 4797 ad
1938 4746 2037 4797 ali-

341 4838 512 4892 quem
542 4821 751 4874 factum
786 4817 1014 4892 dixeris,
1051 4816 1513 4892 s.tepissi_me_tam
1562 4814 1807 4892 lndiculi
1840 4820 2039 4892 auctor

341 4884 513 4963 quam
546 4892 782 4944 Alvarus
829 4889 975 4963 alias
1005 4884 1204 4963 utitur.
1256 4886 1319 4963 I_n
1369 4884 1627 4963 lndiculo
1679 4886 1801 4963 hinc
1846 4886 2034 4954 legas:

344 4954 375 5012 (ἱ
407 4962 508 5017 Cui
540 4965 687 5015 recte
719 4959 985 5013 convenit
1036 4957 1134 5009 illa
1163 4956 1222 5009 iu
1270 4954 1575 5009 Israelitica
1606 4960 1776 5026 gente
1807 4971 2040 5026 exagge-

342 5031 579 5086 rationis
611 5030 875 5085 invectio.
910 5050 937 5077 ››
965 5029 1031 5080 Et
1061 5028 1232 5096 paulo
1257 5030 1388 5095 post
1416 5042 1428 5079 :
1466 5047 1492 5073 ‹‹
1521 5027 1584 5079 Et
1615 5026 1746 5079 licet
1794 5027 2037 5081 invectio

344 5108 602 5156 accurata
633 5106 831 5155 exerto
877 5114 1048 5169 opere
1087 5096 1150 5167 [f.
1186 5102 1406 5150 excerto
1437 5096 1632 5166 opere]
1667 5097 1724 5149 in
1770 5113 2037 5166 campum

343 5179 461 5227 tota
489 5173 784 5244 producat.
820 5189 847 5220 ››
869 5171 947 5244 Et
976 5169 1180 5221 iterum
1218 5174 1349 5244 post
1380 5184 1560 5237 pauca
1584 5184 1666 5244 :_«A
1702 5169 2040 5221 Illecebrosa

342 5239 588 5297 invectio
620 5258 738 5295 non
768 5240 998 5309 puduit.
1038 5261 1058 5287 ι
1092 5244 1279 5309 Atque
1309 5239 1484 5292 item:
1540 5260 1566 5287 ‹‹
1607 5240 1677 5293 Et
1719 5244 1917 5293 contra
1961 5255 2041 5292 re-

344 5313 741 5385 prehensionis
771 5310 1154 5365 invectionem
1188 5310 1526 5364 stolidam.»
1553 5310 1656 5365 Vix
1694 5310 1841 5364 alius
1865 5325 2038 5381 quam

415 5493 488 5558 (a)
519 5493 581 5545 In
615 5490 765 5545 notis
792 5489 861 5543 ad
888 5490 1072 5543 Vitam
1098 5487 1322 5558 Eulogii
1348 5487 1407 5541 in
1439 5487 1573 5542 ﬁne.

417 5562 490 5630 (b)
521 5562 637 5616 Lib.
678 5577 787 5629 xxv,
824 5577 945 5630 cap.
982 5563 1032 5614 3.

417 5626 485 5702 (ο)
520 5634 668 5687 Petr.
696 5626 933 5686 Pontius
960 5629 1111 5699 apud
1144 5628 1424 5702 Moralem,
1444 5626 1503 5680 in
1525 5627 1681 5702 Notis
1700 5628 1798 5702 _ad‘
1816 5628 2039 5702 Eulogii

346 5697 553 5768 Vitam,
627 5704 724 5757 ubi
787 5697 1072 5772 proxime,
1147 5698 1500 5753 Hamirezius
1566 5699 1631 5751 ad
1700 5697 2035 5767 Luitprand.

2144 4542 2370 4590 vertent.
2410 4555 2431 4583 ι
2459 4534 2634 4603 Epist.
2660 4538 2715 4601 2,
2753 4556 2773 4581 ι
2810 4535 2957 4587 Deus
2982 4536 3278 4587 hominem
3328 4551 3445 4587 non
3474 4534 3751 4599 dedignat.
3795 4550 3810 4575 ι

2148 4607 2322 4676 Epist.
2357 4606 2407 4667 4,
2444 4628 2463 4653 ι
2496 4607 2560 4658 Et
2589 4621 2693 4657 nec
2746 4604 2884 4658 dum
2931 4605 3374 4675 apprehendisse
3405 4608 3763 4676 conquerant;
3794 4620 3812 4642 η

2147 4674 2211 4731 Et
2232 4681 2462 4746 postea:
2500 4693 2527 4726 «
2577 4676 2685 4728 Per
2713 4676 2941 4745 regulas
2970 4674 3098 4728 ’non
3151 4676 3353 4729 ordivit
3399 4677 3625 4729 Donati.
3662 4694 3686 4723 ι)
3718 4674 3815 4725 Eu-

2143 4745 2383 4817 phrasia:
2416 4748 2607 4799 Graeco
2640 4747 2914 4800 vocabulo
2952 4746 3243 4817 Indiculus
3271 4745 3479 4800 utitur:
3520 4770 3539 4792 ι
3586 4746 3812 4817 Euphra-

2145 4816 2230 4873 Sia
2260 4834 2358 4870 sua
2381 4818 2615 4870 milleno
2646 4821 2925 4870 sectarum
2954 4817 3068 4869 ritu
3108 4816 3391 4869 conﬂavit.
3428 4837 3455 4863 ››
3491 4816 3648 4870 Sicut
3675 4816 3814 4867 Alve-

2145 4905 2243 4941 rus
2274 4887 2440 4940 initio
2494 4887 2666 4957 epist.
2709 4887 2742 4939 4
2784 4888 2854 4941 ad
2902 4888 3179 4940 Joannem
3219 4888 3636 4956 Iiispalensem,
3685 4881 3815 4953 quod

2146 4963 2477 5028 corruptum
2508 4962 2591 5010 est
2619 4958 2680 5010 in
2710 4973 2838 5010 meo
2869 4958 3199 5026 exemplari,
3248 4958 3345 5011 sed
3376 4974 3491 5010 non
3524 4958 3585 5011 in
3613 4957 3815 5028 euphra-

2143 5033 2241 5083 siae
2262 5026 2495 5082 nomine
2521 5044 2534 5081 :
2562 5049 2589 5076 ‹‹
2617 5028 2901 5098 Emperiee
2924 5033 3125 5081 vestra:
3147 5033 3435 5081 sumentes
3456 5026 3769 5098 euphrasia.
3794 5042 3811 5065 ιι

2221 5101 2399 5153 Verbo
2469 5096 2938 5153 innumerositatis
2993 5103 3112 5151 tam
3179 5099 3423 5151 Indiculi
3477 5096 3675 5151 auctor
3724 5096 3814 5153 his,

2148 5191 2176 5222 ‹‹
2208 5172 2670 5224 ιἠηιιηπενοείιαιίε
2709 5170 2995 5222 licentiam
3026 5168 3249 5232 tribuit,
3282 5191 3307 5217 ν
3341 5170 3409 5221 de
3441 5170 3667 5222 licentia
3705 5167 3811 5236 plu-

2145 5257 2236 5295 res
2296 5257 2495 5294 uxores
2546 5240 2793 5293 habendi
2859 5239 3275 5292 M‘ahometanis
3327 5255 3612 5303 concessa,
3663 5249 3811 5306 quam

2147 5313 2382 5366 Alvarus
2414 5311 2579 5382 epist.
2619 5314 2701 5378 15,
2735 5310 2805 5363 ad
2839 5312 3167 5364 Eleazarum
3199 5327 3211 5363 :
3247 5327 3272 5362 α
3310 5311 3417 5363 Per
3447 5311 3814 5364 diversitatum

2148 5506 2241 5543 an.
2275 5491 2398 5551 866,
2448 5505 2607 5543 num.
2645 5492 2745 5543 309
2776 5509 2791 5557 ;
2829 5490 3094 5544 'l‘amaius
3128 5491 3239 5544 huc
3284 5491 3469 5561 magis
3508 5491 3731 5546 inclinat
3757 5486 3813 5539 ad

2150 5577 2240 5613 an.
2276 5564 2397 5625 869,
2429 5576 2558 5630 pag.
2592 5562 2715 5615 208.

2222 5632 2302 5697 id)
2335 5635 2495 5684 Anno
2528 5633 2651 5696 866,
2681 5647 2837 5685 num.
2865 5632 2986 5685 309.

2223 5707 2290 5768 te)
2324 5703 2388 5754 In
2425 5718 2528 5753 ms.
2555 5707 2746 5755 nostro
2778 5702 3007 5772 legitur,
3042 5708 3441 5771 conuersentur,
3474 5705 3640 5758 male.

2220 5772 2284 5841 (Γ)
2318 5773 2380 5824 1η
2402 5775 2598 5825 nostro
2632 5772 2757 5826 cod.
2791 5777 2876 5826 est
2903 5774 3245 5843 sequippede.
