3860 6262
46 369 150 421 39⁸3

42 502 519 555 innumerositates
549 504 812 555 utuntur.
849 521 876 551 ι)
929 502 1133 556 Domui
1158 516 1260 569 pro
1304 501 1491 556 domus
1548 502 1605 555 iu
1671 502 1755 565 gi-
1795 508 1834 557 Α

41 572 258 639 gnendi
290 589 424 624 casu
456 573 824 625 retinendum
857 572 1157 642 utrobique
1188 572 1509 636 credimus;
1545 573 1603 626 in
1656 575 1755 626 In—

42 643 235 694 diculo
267 659 518 712 nempe:
550 663 576 692 ‹‹
603 645 782 696 Pudet
804 659 1051 712 namque
1077 644 1354 696 insaniam
1385 643 1534 695 illius
1574 645 1758 696 domui

41 713 342 781 sigillatim
381 730 703 784 exponere;
740 734 766 758 η
801 714 941 766 etin
986 713 1226 781 epistola
1256 715 1502 766 secunda
1536 730 1548 766 :
1596 718 1757 768 Dcco-

39 799 153 834 rem
196 784 389 836 domui
428 790 636 838 vestrae.
681 784 923 838 Alterius
969 784 1198 853 generis
1221 784 1573 837 substantiva
1626 802 1755 838 cum

39 854 285 906 alterius
315 855 857 924 adjectivisjuncta,
902 861 962 906 ut
993 853 1286 919 finiamus,
1319 856 1550 924 passim,
1586 856 1660 907 ita
1697 859 1758 908 ut

41 925 98 975 in
132 927 398 993 epistolis
448 926 505 976 in
541 925 798 978 Indiculo
844 926 1013 977 etiam
1058 926 1346 994 leguntur.
1379 926 1452 978 Ex
1501 926 1753 979 indiculo

43 998 164 1046 hmc
197 996 549 1064 selegimus:
579 1018 604 1042 α
630 995 861 1048 Imitare
876 995 1065 1048 decuit
1089 1000 1298 1061 factum
1346 997 1696 1064 probabilem.
1727 1019 1754 1044 ››

41 1065 206 1128 Item,
262 1068 575 1134 conjugium
617 1081 791 1134 quem,
825 1072 930 1119 etc.
980 1067 1051 1118 Ex
1081 1067 1321 1135 epistola
1348 1071 1377 1119 5
1410 1067 1530 1120 huic
1563 1082 1574 1120 :
1612 1086 1637 1116 «
1671 1068 1754 1121 Ad

40 1137 197 1188 illum
264 1136 493 1189 ﬂectere
553 1139 859 1189 articulum
933 1137 1215 1203 congruit,
1288 1136 1443 1206 quod
1501 1144 1750 1190 mentem

40 1213 320 1260 macerat.
356 1227 384 1252 δ)
420 1212 522 1260 etc.
559 1208 636 1260 Ex
675 1212 705 1259 ’ῖ
741 1223 752 1259 :
788 1208 1030 1275 Apostoli
1057 1223 1174 1259 eum
1202 1206 1424 1260 dictum.
1461 1209 1634 1277 Epist.
1671 1211 1700 1260 9
1737 1225 1749 1262 :

40 1277 524 1356 stigmatumliorem
555 1281 811 1356 pretium.
856 1277 989 1356 Quae
1030 1278 1402 1356 grammatica
1430 1286 1511 1356 est
1541 1279 1748 1356 {\lvari.

41 1347 370 1400 difticilime
414 1364 544 1400 cum
577 1348 702 1400 aliis
733 1348 1000 1400 omnibus
1038 1347 1154 1416 jam
1190 1348 1478 1400 adnotatis
1529 1349 1750 1403 duobus

40 1419 385 1472 auctoribus
427 1419 785 1484 communis;
844 1423 906 1470 ut
929 1418 1048 1487 jam
1099 1420 1167 1472 de
1217 1419 1460 1472 Indiculi
1517 1426 1749 1473 auctore.

42 1489 300 1556 amplius
329 1489 709 1560 qumrendum
752 1505 866 1542 non
895 1490 986 1541 sit.

111 1559 536 1629 Neque’novae
591 1561 762 1612 amici
818 1560 998 1612 nostri
1063 1559 1124 1611 D.
1183 1559 1416 1629 Iosophi
1469 1560 1746 1614 Pellizerii

43 1631 313 1699 opinioni
345 1630 740 1694 deferendum,
775 1631 873 1699 qui
897 1646 962 1682 ex
994 1645 1059 1681 eo
1081 1635 1301 1682 tantum
1337 1631 1487 1700 quod
1512 1632 1750 1684 Alvarns

44 1701 96 1752 in
130 1702 391 1770 quadam
423 1701 663 1771 epistola
689 1702 757 1754 ad
806 1701 1106 1770 Eulogium
1148 1701 1355 1770 scripta
1387 1703 1461 1754 sic
1501 1702 1700 1772 incipit
1735 1719 1745 1755 :

43 1772 405 1825 Luminosum
476 1775 647 1826 vestri
709 1775 884 1840 Operis
947 1772 1359 1825 documentum:
1431 1774 1750 1841 suspicatur

43 1845 105 1895 ad
131 1845 245 1894 hoc
284 1843 507 1912 Eulogii
540 1859 706 1912 opus,
741 1842 891 1911 quod
924 1842 1201 1895 lndiculus
1243 1843 1539 1896 luminosus
1572 1845 1749 1910 audit,

43 1914 370 1980 respexisse
425 1913 626 1966 videri.
679 1914 852 1966 Plane
898 1918 1052 1983 errat.
1082 1915 1168 1964 vir
1197 1915 1464 1976 eximius,
1498 1913 1753 1983 mihique

41 1985 346 2053 praecipuo
379 1999 605 2053 semper
627 1985 844 2036 honore
875 1982 1275 2051 excipiendus;
1312 2000 1442 2036 nam
1476 1984 1543 2037 de
1576 1982 1754 2038 Docu—

42 2061 219 2107 mento
267 2056 606 2120 martyriali,
667 2054 845 2107 Flora:
896 2059 964 2124 et,
994 2055 1180 2106 Maria:
1233 2056 1527 2108 sororibus
1577 2057 1754 2124 virgi-

43 2126 214 2177 nibus
265 2131 620 2194 nuncupata,
677 2141 847 2194 quem
909 2123 1122 2176 librum
1183 2125 1455 2194 Eulogius
1513 2126 1561 2178 ei
1623 2123 1751 2178 cum

43 2196 318 2264 proxima
357 2202 507 2248 retro
549 2195 792 2264 epistola
830 2195 1197 2247 invisendum
1240 2197 1559 2259 remiserat,
1590 2196 1754 2248 Αἰνει-

49 2283 138 2317 rus
180 2265 431 2318 solemni
483 2283 586 2318 suo
633 2267 887 2318 luminosi
930 2265 1205 2318 vocabulo
1263 2272 1429 2318 utens
1480 2267 1752 2336 loquitur.

48 2337 158 2388 Nec
187 2336 360 2389 facile
394 2337 452 2388 in
476 2336 713 2405 Eulogio
746 2336 915 2389 talem
944 2336 1242 2403 sermonis,
1284 2353 1413 2405 qua:
1451 2337 1509 2390 in
1554 2338 1756 2390 Alvaro

47 2411 144 2470 est,
176 2406 470 2460 licentiam
505 2408 874 2476 reperiemus.
928 2407 1040 2458 Nec
1071 2407 1213 2459 tanti
1265 2408 1535 2476 ponderis
1581 2413 1666 2460 est
1697 2412 1757 2460 ut

45 2493 148 2529 nos
179 2493 394 2545 urgere
418 2479 644 2544 debeat,
665 2483 956 2530 auctorem
987 2477 1224 2529 Indiculi
1248 2477 1394 2530 haud
1427 2478 1756 2530 meminisse

49 2548 282 2617 Eulogii
332 2548 457 2600 talis
501 2549 630 2613 viri,
689 2547 903 2617 quique
959 2548 1220 2600 eamdem
1271 2549 1409 2600 olim
1453 2554 1758 2602 navaverat

48 2633 324 2688 operam;
359 2634 484 2671 cum
529 2619 736 2687 poterit
767 2617 1059 2670 lndiculus
1103 2617 1194 2670 hic
1239 2617 1306 2670 ab
1340 2619 1542 2673 Alvaro
1586 2619 1756 2672 scribi

46 2695 363 2758 antequam
402 2690 670 2758 Eulogius
712 2689 1032 2742 Memoriale
1063 2705 1229 2741 suum
1279 2695 1587 2742 sanctorum
1618 2707 1753 2743 con-

47 2760 295 2812 fecisset.
362 2760 593 2814 Constat
650 2759 803 2811 enim
860 2759 1166 2811 formatum
1231 2760 1552 2812 lndiculum
1604 2777 1753 2812 anno

49 2832 171 2894 833'},
236 2829 324 2882 uti
371 2830 526 2900 prius
591 2829 930 2882 adnotatum
981 2829 1506 2900 fuitpMemorialis
1561 2836 1752 2884 autem

49 2900 287 2953 tertium
323 2899 520 2953 saltem
571 2900 777 2952 librum
811 2905 938 2969 post
986 2901 1108 2952 856.
1141 2899 1316 2953 Suum
1361 2907 1549 2953 autem
1603 2902 1754 2954 Indi-

50 2972 244 3023 culum
275 2971 531 3024 modeste
577 2973 843 3023 Alvarum
873 2971 1252 3039 suppressisse
1299 2978 1363 3022 ut
1395 2987 1497 3024 nec
1529 2972 1595 3024 ad
1647 2973 1756 3024 Eu-

51 3041 190 3109 logii
213 3041 480 3094 notitiam
513 3041 857 3110 perveniret,
883 3056 1001 3092 non
1027 3040 1384 3108 impossibile
1416 3047 1518 3094 est.

122 3118 192 3189 _At
239 3113 394 3202 quqd
423 3113 491 3190 de
521 3111 811 3202 Tole't‘anis
852 3111 1130 3189 episcopis
1173 3112 1371 3202 Bonito
1425 3119 1482 3165 et.
1523 3113 1753 3202 'Wistre-l-
1794 3149 1831 3202 Ο

57 3183 202 3234 miro
256 3182 600 3246 audivimus,
652 3182 960 3251 Higucram
1008 3182 1218 3250 ipsum,
1279 3188 1448 3252 atque
1489 3184 1631 3251 ejus,
1693 3189 1755 3236 ut
1794 3182 1834 3202 “

55 3253 246 3306 Alvari
305 3253 475 3306 verbo
528 3258 676 3316 utar,
734 3252 1074 3322 sequipedes
1127 3255 1429 3321 torquebat
1479 3257 1748 3318 maxime,

55 3328 168 3375 tam
201 3323 364 3376 utilis
401 3329 456 3376 et
484 3323 636 3376 docti
666 3322 925 3392 opusculi
969 3327 1260 3375 auctorem
1293 3323 1468 3376 alium
1511 3341 1542 3375 a
1589 3325 1750 3378 Tole-

55 3397 188 3446 tano
224 3394 402 3446 fuisse
433 3395 731 3463 episcopo;
763 3398 837 3458 et,
875 3393 1186 3446 dummodo
1230 3394 1360 3446 huic
1411 3400 1748 3460 assererent,

55 3464 444 3517 Wistremirus
473 3465 648 3516 fuerit
677 3480 746 3517 an
791 3464 1020 3516 Bonitas
1050 3465 1270 3533 pariter
1311 3464 1582 3519 habuere.
1628 3466 1752 3519 Mu—

53 3535 185 3585 tilus
216 3541 375 3587 certe
406 3535 693 3588 lndiculus
723 3535 790 3586 ad
832 3549 936 3586 nos
980 3534 1258 3602 pervenit,
1295 3551 1424 3588 cum
1461 3553 1570 3588 non
1619 3541 1752 3588 tan-

53 3609 173 3657 tum
233 3605 388 3657 illius
437 3605 616 3675 partis
665 3619 836 3674 quam
885 3605 1162 3657 habemus
1217 3606 1368 3672 linis,
1425 3607 1542 3659 imo
1601 3611 1752 3660 totus

53 3677 214 3739 alter,
284 3676 401 3728 sive
447 3675 729 3728 secundus
791 3675 951 3740 liber,
1010 3676 1382 3742 desideretur,
1437 3681 1500 3730 ut
1549 3692 1613 3729 ex
1663 3677 1752 3729 his

53 3752 310 3799 constat:
369 3765 394 3795 α
429 3747 490 3799 Et
520 3762 694 3814 quam
743 3746 866 3798 haec
900 3744 1232 3798 universalis
1285 3748 1356 3799 sit
1403 3752 1600 3800 nostra
1629 3763 1749 3800 cre-

55 3816 267 3868 dulitas
299 3817 361 3868 in
411 3817 661 3870 secundo
695 3817 866 3884 hujus
901 3821 1097 3887 operis
1139 3817 1281 3869 libro
1313 3818 1595 3887 majorum
1649 3819 1753 3871 tir-

55 3887 230 3939 mavit
279 3887 610 3940 auctoritas.
645 3908 672 3934 ››
725 3887 792 3939 Et
821 3886 957 3940 alibi
991 3903 1004 3939 :
1047 3907 1067 3933 ι
1105 3891 1177 3941 Ac
1210 3887 1268 3940 in
1329 3886 1578 3941 secundo
1610 3889 1752 3943 libro

55 3958 715 4029 doctorumrsententias
758 3973 1194 4029 congregemus,
1248 3964 1555 4029 nostraque
1615 3975 1753 4028 0pc-

56 4045 210 4081 rosas
237 4028 474 4082 fabellas
496 4029 781 4081 veracium
807 4029 1113 4081 stillatione
1145 4028 1470 4082 ﬁrmemus.
1492 4051 1512 4074 ι
1567 4033 1750 4096 Argu-

57 4105 320 4152 mentum
347 4100 559 4168 operis,
592 4099 847 4152 defensio
880 4099 1109 4152 illorum
1159 4099 1257 4168 qui
1303 4099 1580 4153 Corduba:
1631 4117 1752 4154 sese

58 4170 334 4239 martyrio
381 4185 501 4240 non
544 4169 847 4239 perquisiti
899 4169 1251 4235 obtulerunt,
1305 4186 1409 4239 pro
1459 4171 1666 4240 quibus
1699 4178 1755 4225 et

57 4240 331 4309 Eulogius
363 4239 712 4306 decertavit;
762 4240 890 4293 dein
927 4240 1358 4309 prophetiarum
1416 4239 1493 4294 de
1555 4242 1752 4294 Maho-

59 4316 208 4382 meto
261 4316 317 4382 et
349 4310 488 4382 ejus
515 4311 762 4382 nefanda
793 4310 995 4364 bteresi
1027 4311 1350 4380 explicatio.
1386 4311 1657 4382 Sequitur
1694 4313 1753 4365 in

59 4381 244 4434 codice
282 4381 659 4434 Cordubensi.

122 4452 406 4517 Confessio
472 4451 730 4519 ejusdem
796 4451 988 4505 Alvari
1046 4467 1174 4521 quae
1229 4451 1476 4522 incipit:
1538 4455 1756 4507 Emcelse

62 4521 221 4586 Deus,
289 4522 609 4590 ineffabilis,
680 4528 812 4585 etc.,
873 4523 941 4575 ad
1007 4521 1360 4592 exemplum’
1399 4522 1752 4590 Isidoriana',

63 4592 454 4646 demississimi
517 4609 583 4646 ac
653 4608 788 4644 vero
856 4592 1205 4662 pmnitentim
1259 4593 1467 4647 malleo
1533 4595 1759 4648 contriti

67 4664 235 4715 animi
266 4664 434 4733 signa
467 4663 778 4733 praeferens
809 4663 1291 4717 manifestissima.

127 4734 287 4786 Liber
319 4736 678 4802 epistolam-in
713 4751 724 4786 :
774 4750 1018 4802 quarum

127 4805 161 4854 Ι.
214 4805 562 4857 Inscribitur
610 4805 685 4857 ad
730 4807 1012 4868 Joannem,
1057 4805 1161 4858 Seu
1208 4806 1454 4858 Flavium
1501 4809 1760 4860 Joannem

65 4873 262 4927 Paulus
337 4876 605 4928 Alvarus.
661 4874 892 4928 Initium
961 4881 1087 4928 est:
1148 4875 1320 4943 Nosti,
1395 4876 1758 4934 dilectissime.

63 4944 299 5006 fomitem
330 4945 660 4999 dulcedinis.

127 5103 199 5169 (α)
257 5099 593 5169 Simplicius
664 5100 885 5154 encloca
933 5099 1047 5153 sive
1105 5101 1331 5166 engloca:
1387 5117 1416 5152 a
1474 5101 1666 5155 Graeco
1706 5107 1764 5154 et

71 5168 256 5223 Latino
299 5168 505 5239 ἐγλογὴ,
538 5172 748 5238 egloga,
789 5171 845 5224 id
881 5174 964 5224 est
993 5172 1327 5239 opusculum,
1380 5171 1610 5236 libellus,
1643 5173 1762 5240 cpi-

69 5242 212 5294 stola.
262 5240 449 5293 Graeci
486 5243 642 5293 enim
677 5244 733 5291 τὸ
763 5260 814 5310 7,
847 5257 1062 5308 gamma
1110 5241 1374 5294 similiter
1402 5241 1645 5295 etlerunt
1683 5249 1765 5294 at-

74 5326 168 5378 que
218 5311 452 5365 Hebraei
501 5314 558 5361 τὸ
607 5313 848 5376 3:,h1in,
901 5313 1063 5381 quasi
1115 5312 1441 5365 Latinorum
1485 5313 1692 5365 littera:
1730 5329 1762 5379 g

73 5381 342 5449 liquidum
389 5387 735 5452 praeponam
777 5399 829 5446 n,
865 5389 921 5435 et
963 5398 1028 5435 ex
1063 5388 1305 5451 utroque
1338 5383 1514 5435 veluti
1555 5383 1762 5451 duplex

75 5452 348 5504 couﬂetnr
374 5453 566 5505 littera
595 5468 685 5519 ng.
740 5453 822 5506 Ad
865 5455 1017 5505 hunc
1050 5453 1286 5505 modum
1318 5453 1474 5506 etferi
1508 5470 1539 5505 a
1571 5453 1767 5506 Gallae-

76 5521 142 5573 cis
168 5522 411 5575 observo
445 5522 751 5576 vernacula
780 5523 1013 5576 nomina
1039 5523 1095 5576 in
1130 5539 1196 5576 on
1227 5540 1238 5576 :
1274 5539 1503 5587 sermon,
1528 5527 1764 5588 oracion,

77 5595 388 5656 confession,
430 5601 562 5658 etc.,
597 5594 760 5661 quasi
793 5594 983 5648 dicant
1019 5609 1284 5659 sermong,
1317 5597 1592 5660 oraciong,
1637 5609 1766 5647 con-

78 5663 320 5730 fessiong.
360 5664 474 5733 Nec
517 5665 658 5733 alias
697 5664 846 5733 apud
885 5665 1106 5718 Graecos
1130 5664 1312 5717 facilis
1365 5670 1450 5717 est
1496 5664 1768 5733 transitus

81 5738 155 5781 τεῦ
185 5739 246 5799 Υ,
275 5749 381 5787 seu
411 5732 624 5803 ὑψίλου,
658 5733 718 5787 in
733 5732 791 5784 ’0
823 5750 1065 5803 parvum
1116 5734 1234 5787 sive
1262 5736 1518 5801 omicron,
1563 5738 1621 5786 ut
1665 5732 1766 5784 ἀπὸ

80 5809 156 5852 rei
184 5803 481 5873 ὲγιὶύσσω,
513 5807 735 5858 enclocae
764 5805 880 5858 sive
909 5803 1140 5870 englocz
1167 5804 1490 5858 descendat.

389 5892 685 5952 PATROL.
732 5890 958 5952 CXXI.

1458 371 1731 426 NOTI'I‘IA
1765 371 2154 426 IIISTORICA.

3461 380 3562 433 394

1940 501 2136 576 I[._Ad
2176 503 2452 569 Joannem,
2497 518 2668 576 quem
2709 501 2803 556 hic
2832 504 3081 573 primum
3122 511 3283 558 vocat
3331 508 3559 576 Spaltn-

1864 587 1992 626 sem.
2031 573 2263 624 Lemma
2296 588 2310 625 :
2344 575 2571 626 Aurelio
2608 575 2793 626 Flavio
2835 577 3031 628 Joanni
3052 578 3254 630 Paulus
3294 573 3558 633 Alvarus.

1867 644 2072 711 Incipit
2105 660 2116 695 :
2154 645 2423 696 Hactenus
2458 646 2750 696 amicorum
2771 659 2932 698 more.

1939 715 2030 787 Ill.
2084 714 2176 787 Est
2234 717 2455 787 Joannis
2517 715 2792 787 Spalensis
2849 732 2977 767 cum
3036 716 3138 768 hac
3199 717 3558 787 epigraphe:

1865 785 2086 837 Aurelio
2119 786 2302 837 Flavio
2336 785 2540 837 Alvaro
2571 785 2878 853 illustriquc
2916 789 3034 838 viro
3071 790 3284 840 minimi
3303 785 3560 844 iloannis

1863 857 2152 921 suggestio.
2213 855 2396 920 Vides,
2447 860 2511 907 ut
2550 856 2797 908 Joannes
2845 862 2900 908 et
2948 858 3182 908 Alvarus
3229 859 3469 912 invicem
3501 877 3559 914 se

1863 927 2152 978 Aurelium
2183 931 2239 977 et
2268 925 2542 990 Flavium,
2579 926 2810 978 honoris
2836 932 2896 978 ut
2929 927 3159 980 credere
3200 944 3443 996 pronum
3476 937 3562 984 est.

1863 1013 2051 1052 causa.
2086 1013 2196 1048 non
2230 997 2385 1065 quod
2415 996 2494 1048 ita
2533 997 2984 1065 appellarentur,
3021 1006 3236 1051 vocent.
3274 1000 3509 1053 Initium
3542 1017 3556 1054 :

1863 1067 1904 1120 Ο
1929 1082 2121 1133 magne
2139 1067 2372 1120 domine.

1932 1137 2018 1190 IV.
2056 1138 2144 1189 Ad
2190 1137 2431 1190 eumdem
2474 1139 2757 1190 Joannem.
2799 1136 2990 1190 Alvari
3049 1142 3131 1190 est
3178 1155 3308 1192 cum
3359 1140 3557 1194 iisdem

1861 1207 2214 1260 numinibus.
2293 1207 2600 1261 Exordium
2658 1209 2918 1277 corrupit
2972 1213 3240 1262 vetustas.
3313 1212 3371 1264 In
3431 1227 3559 1264 meo

1861 1279 2118 1348 cxeziiplo
2176 1278 2406 1347 legitur,
2458 1295 2570 1330 non
2623 1279 2886 1346 procula
2940 1295 3072 1331 vera
3116 1280 3357 1334 lectione
3391 1299 3402 1334 :
3438 1283 3558 1335 En-

1860 1350 2030 1414 clocte,
2077 1351 2321 1416 emperiae
2367 1355 2556 1402 vestra
2612 1355 2877 1402 sumentes
2929 1351 3224 1417 euphrasia
3266 1354 3368 1404 imo
3409 1368 3558 1405 cncr-

1859 1422 1962 1482 gia:
2015 1424 2380 1487 percurrentes
2429 1423 2685 1486 epitoma,
2739 1420 2988 1488 jucunda
3033 1423 3185 1483 facta
3231 1428 3308 1475 est
3351 1427 3556 1477 anima.

1861 1490 2066 1542 Libens
2111 1490 2393 1554 legerim:
2443 1491 2686 1554 Englocaz
2732 1493 3000 1558 empeirize
3050 1496 3239 1544 vestrae
3291 1501 3558 1548 sumentes

1859 1561 2228 1627 euphrasiam,
2263 1561 2370 1612 hoc
2402 1566 2508 1625 est,
2553 1560 2822 1626 dulci/tuae
2861 1562 3070 1627 peritiae
3118 1570 3304 1615 vestrae
3337 1579 3558 1616 sumen-

1861 1635 1935 1683 tes
1975 1630 2054 1697 (in
2089 1629 2371 1699 manibus)
2409 1632 2782 1697 eloquentiam.
2819 1632 3020 1701 Cra’cis
3051 1629 3323 1701 ἐγγλύσσω
3356 1641 3437 1687 est
3466 1639 3555 1688 in—

1858 1701 2075 1773 clulcoro
2099 1702 2218 1773 (a),
2250 1701 2589 1773 duccedincm
2630 1701 2816 1768 aﬂ‘ero,
2847 1699 3121 1773 ἐμπειρία’,⁷
3152 1707 3372 1770 peritia,
3416 1721 3561 1772 pru-

1793 1800 1832 1852 B
1862 1771 2068 1852 tientia.
2100 1759 2392 1852 lit'forsan
2427 1772 2514 1823 his
2544 1759 2722 1852 tribus
2754 1759 3334 1852 Gi'ze'canicze'liugum
3362 1759 3555 1852 verbis

1865 1843 2496 1914 exordiriﬂepistolam,
2557 1841 2960 1914 languescente
3020 1843 3137 1912 jam
3210 1841 3558 1914 eloquentia,

1866 1929 1980 1985 non
2014 1912 2275 1982 puditum
2309 1913 2435 1964 fuit.
2481 1913 2725 1982 Longior
2757 1919 2951 1966 autem
2984 1915 3108 1966 aliis
3139 1914 3257 1968 haec
3306 1912 3388 1968 est
3439 1917 3560 1985 epi-

1866 1984 2026 2036 stola.

1937 2054 1998 2105 V.
2041 2053 2153 2126 _Ad
2227 2053 2467 2106 eumdem
2537 2052 2802 2106 similiter
2861 2054 3152 2125 inscripta.
3217 2055 3555 2126 Inscripsit:

1865 2125 1988 2177 Post
2017 2123 2440 2192 disputationem
2471 2127 2768 2177 inscientia
2791 2131 3004 2179 nostras.

1934 2195 2021 2246 VI.
2058 2195 2155 2246 Est
2174 2196 2397 2247 Joannis
2428 2195 2502 2247 ad
2530 2196 2818 2260 Alvarum,
2853 2197 3016 2265 cujus
3054 2195 3174 2249 hinc
3219 2197 3554 2267 inscriptio:

1863 2265 2096 2329 Illustri,
2129 2267 2328 2318 eximio
2357 2267 2596 2334 celsoque
2632 2267 2852 2328 Alvaro,
2881 2269 3110 2321 Joannes
3139 2265 3413 2321 minimus
3440 2284 3558 2320 om-

1863 2337 2042 2400 nibus,
2071 2339 2129 2388 in
2157 2339 2362 2388 cunctis
2394 2343 2682 2390 cmtremus.

1938 2407 2051 2458 VII.
2085 2407 2282 2459 Alvari
2312 2407 2376 2457 ad
2417 2407 2807 2473 Speraindeum
2850 2407 3116 2472 abbatem,
3163 2423 3290 2460 cum
3339 2407 3448 2460 hoc
3475 2407 3551 2460 ti-

1865 2477 1985 2529 tulo
2019 2496 2028 2530 :
2065 2479 2285 2530 Domino
2315 2477 2661 2530 dilectissimo
2696 2482 2746 2529 et
2791 2479 2849 2528 in
2899 2479 3109 2532 Christo
3161 2479 3316 2531 Patri
3353 2479 3552 2546 Spera-

1864 2547 2019 2599 indeo
2051 2547 2257 2611 abbati,
2295 2548 2534 2600 Alrarus
2564 2548 2746 2600 cliens.
2781 2547 3062 2617 Initioque
3097 2549 3204 2600 isto
3239 2565 3251 2602 :
3296 2551 3558 2602 Przscius

1863 2624 1914 2670 et
1943 2620 2271 2686 omnipotens
2303 2620 2457 2682 Deus,
2487 2623 2594 2670 etc.
2646 2618 2897 2671 Diximus
2941 2619 2999 2670 in
3036 2620 3259 2685 Eulogio
3291 2620 3554 2688 quisnam

1864 2688 2249 2757 Speraindeus
2296 2689 2470 2740 abbas
2517 2688 2705 2753 fuerit,
2747 2694 3141 2759 quantumque
3182 2706 3248 2740 eo
3285 2690 3557 2758 magistro

1865 2764 1978 2811 tam
2011 2760 2248 2811 Alvarus
2279 2775 2448 2828 quam
2497 2759 2764 2827 Eulogius
2814 2765 3030 2829 martyr
3061 2760 3341 2816 Corduba:
3375 2762 3432 2812 in
3462 2761 3556 2829 ju-

1864 2834 2096 2882 ventute
2130 2830 2489 2896 profecerint.

1934 2900 2073 2953 VIII.
2111 2901 2406 2968 Responsio
2436 2899 2759 2967 Speraindei
2785 2900 2998 2953 abbatis
3033 2900 3235 2954 mutila
3265 2917 3394 2954 cum
3454 2900 3559 2953 hac

1864 2971 2287 3038 nuncupatione
2320 2987 2332 3022 :
2369 2971 2751 3023 Illustrissimo
2783 2972 2920 3022 mihi
2950 2971 3182 3038 domino,
3217 2988 3279 3025 ac
3334 2986 3556 3024 venera-

1865 3041 1983 3108 bili,
2004 3056 2094 3093 seu
2126 3040 2270 3094 omni
2298 3041 2577 3107 affectione
2609 3042 2814 3095 Christi
2845 3044 2899 3094 in
2930 3043 3196 3095 charitate
3230 3043 3558 3110 amplecten-

1863 3111 1950 3173 do,
2015 3112 2216 3177 inclyta
2271 3113 2476 3164 Alnaro
2544 3112 2893 3179 Speraindeo.
2955 3112 3187 3165 Initium
3261 3113 3555 3181 epistolae:

1867 3183 2010 3234 Dum
2039 3199 2070 3233 a
2111 3182 2575 3234 tribulationibus.
2627 3183 2702 3234 Dc
2737 3200 2803 3236 ea
2829 3183 2946 3252 jam
2988 3183 3239 3236 diximus
3263 3183 3322 3236 in
3353 3185 3552 3251 Spera-

1861 3252 2036 3305 indeo.

1931 3323 2012 3375 IX.
2059 3324 2252 3377 Alvari
2292 3324 2531 3377 Romano
2576 3323 2799 3385 medico,
2852 3339 2979 3376 cum
3041 3323 3146 3376 hac
3198 3323 3553 3394 epigraphe:

1860 3393 2208 3447 Serenissimo
2258 3396 2495 3447 omnium
2555 3394 2937 3446 catholicorum
2995 3393 3552 3449 domino’meo’Ro-

1859 3479 2017 3516 mano
2085 3465 2344 3517 Alvarus.
2403 3464 2708 3516 Exorditur
2739 3465 2862 3516 sic:
2921 3467 3269 3519 Anteriorum
3299 3480 3554 3518 meorum.

1860 3536 1920 3587 In
1955 3534 2058 3587 hac
2090 3534 2327 3603 epistola
2359 3534 2573 3586 mentio
2620 3534 3008 3586 Romanorum
3042 3536 3337 3599 Cordubae,
3372 3537 3556 3604 cujus-

1859 3606 2106 3673 demque
2134 3605 2426 3674 principis,
2465 3621 2682 3656 necnon
2717 3610 2771 3656 et
2803 3605 3074 3658 Servandi
3115 3607 3358 3659 comitis.

1929 3677 1986 3728 X.
2018 3676 2152 3728 Sine
2180 3674 2346 3727 titulo
2406 3681 2508 3739 est,
2543 3680 2600 3727 et
2638 3674 2860 3727 videtur
2898 3677 3109 3744 scripta
3155 3675 3380 3728 cuidam
3430 3675 3552 3744 epi-

1861 3761 2050 3813 scopo,
2106 3761 2276 3814 quem
2316 3749 2477 3797 vocat
2525 3746 2888 3812 apostolo-rum
2927 3748 3218 3811 vicarium,
3259 3753 3308 3798 et
3369 3759 3557 3799 rerum

1859 3819 2072 3884 opiﬁces
2098 3814 2304 3870 Christi
2332 3817 2670 3883 scquipedem
2700 3815 2800 3879 (ὁ).

1930 3887 2014 3939 XI.
2049 3887 2250 3938 Alvari
2295 3885 2464 3956 iSaulo
2510 3888 2772 3953 episcopo,
2841 3901 2968 3938 cum
3020 3885 3126 3938 hac
3191 3885 3550 3956 epigrapbe;

1859 3957 2214 4009 Sanctissimo
2270 3955 2484 4028 domino
2548 3970 2658 4008 meo
2718 3955 2881 4009 Saulo
2932 3958 3177 4028 episcopo
3230 3955 3423 4026 ’(Sauli
3479 3955 3550 4028 [ο]

1862 4028 2150 4096 Episcopi)
2182 4028 2342 4097 Pauli
2386 4027 2892 4097 Alvarigsuggcstio
2925 4027 3028 4096 (ά).
3078 4029 3211 4080 Post
3266 4027 3553 4097 acceptam

1861 4095 1926 4149 in
1957 4104 2209 4150 extremo
2236 4096 2364 4149 vitae
2405 4095 2657 4165 periculo
2690 4098 3127 4162 absolutionem,
3164 4101 3225 4150 ut
3267 4095 3413 4167 jure
3457 4098 3558 4151 de—

1861 4168 2003 4226 buit,
2057 4171 2174 4237 jam
2223 4167 2369 4219 liber
2399 4167 2737 4230 aegritudine
2791 4169 2860 4220 ad
2922 4167 3158 4221 Saulum
3225 4169 3557 4238 episcopum

1863 4238 2241 4310 absolvendus
2274 4239 2479 4310 iterum
2513 4254 2545 4289 a
2581 4239 2856 4310 censuris,
2897 4239 3085 4291 nescio
3121 4238 3349 4310 quibus,
3381 4256 3561 4292 cano-

1863 4309 1989 4361 nico
2018 4310 2130 4361 ritu
2162 4323 2264 4377 per
2294 4309 2442 4361 hanc
2472 4309 2714 4360 recurrit
2743 4310 3067 4377 epistolam.

1933 4380 2038 4432 XII.
2105 4381 2437 4447 Rcscriptum
2493 4379 2649 4450 Sauli
2702 4382 2942 4448 episcoyi
3002 4381 3228 4433 Alc-aro.
3305 4380 3560 4450 Incipit:

1863 4451 2034 4503 Multa
2063 4450 2217 4502 nobis
2250 4453 2423 4503 erant.
2461 4449 2670 4502 Abnuit
2702 4451 2994 4503 absolvere
3031 4451 3319 4515 Alvarum,
3360 4449 3557 4504 remit-

1867 4521 2047 4590 titque
2081 4536 2214 4573 eum
2247 4520 2315 4573 ad
2349 4536 2445 4571 eos
2475 4533 2508 4572 a
2539 4520 2746 4588 quibus
2801 4521 3196 4590 paenitentiam
3244 4521 3302 4572 in
3357 4521 3562 4574 morbo

1867 4597 2236 4660 susceperat:
2292 4591 2444 4660 quod
2485 4594 2656 4658 negat
2699 4600 2849 4643 recte
2894 4592 3103 4643 factum
3157 4597 3437 4659 praesente
3501 4592 3561 4644 in

1869 4661 2007 4714 urbe
2033 4661 2319 4730 episcopo,
2360 4661 2479 4713 sine
2509 4663 2630 4727 ejus
2694 4661 2941 4714 licentia.
2986 4663 3184 4729 Isuper
3221 4660 3564 4729 pseudoepi-

1869 4731 2025 4801 scopi
2082 4732 2376 4802 cujusdam
2436 4732 2691 4800 partibus
2766 4731 3068 4784 adhaesisse
3134 4730 3405 4784 Alvarum
3474 4732 3560 4783 iu-

1868 4803 2012 4855 nuit.

1938 4873 2076 4926 XIII.
2110 4873 2356 4940 Epistolu
2407 4872 2602 4924 Alvari
2629 4871 2791 4925 Saulo
2823 4873 3066 4939 episcopo
3115 4869 3341 4923 directa.
3387 4871 3563 4922 Exor-

1867 4943 2027 4997 dium
2059 4943 2206 4996 hoc:
2253 4943 2551 5010 Epistolam
2597 4957 2663 4994 ea:
2694 4943 2907 4993 nomine
2956 4947 3148 4994 vestro.
3211 4942 3569 5011 Improperat

1940 5099 2013 5169 (b)
2049 5101 2180 5153 Haec
2212 5113 2323 5150 non
2361 5098 2518 5150 Pauli
2560 5095 2751 5169 Alvari
2795 5103 2898 5169 est,
2936 5097 3029 5150 sed
3081 5100 3274 5152 incerti
3333 5101 3573 5167 episcopi

1870 5166 2046 5238 (sauu
2079 5170 2314 5222 fortasse
2359 5166 2761 5234 Cordubensis)
2806 5168 2877 5220 ad
2908 5170 3168 5222 incertum
3205 5166 3563 5238 itcm’cpisco

1869 5255 1998 5308 pum
2029 5239 2272 5300 directa.
2295 5239 2580 5308 Leguutur
2614 5238 2671 5288 in
2706 5252 2772 5288 ea
2800 5238 2988 5291 statim
3041 5239 3109 5292 ab
3154 5241 3320 5292 iuitio
3389 5241 3571 5293 nostri

1872 5310 2039 5362 verba
2067 5325 2078 5362 :
2131 5310 2208 5362 Et
2239 5308 2378 5372 ideo,
2412 5311 2486 5361 mi
2533 5308 2921 5362 sublimissimo
2962 5310 3174 5362 domino
3205 5312 3570 5379 apostolorum

1871 5382 2093 5438 vicaria,
2127 5383 2385 5450 atrorum
2412 5381 2618 5445 opiﬁcis
2651 5379 2868 5450 Christi
2900 5381 3210 5450 sequipedc,
3259 5388 3392 5442 etc.,
3442 5398 3570 5448 quae

1873 5450 2094 5503 fumum
2125 5448 2371 5518 aliquem
2397 5447 2734 5517 suspicionis
2766 5451 3032 5519 injiciuut
3055 5447 3306 5504 'fuerilne
3357 5452 3422 5504 ad
3461 5447 3574 5506 Ro—

1876 5535 2113 5592 manum
2151 5519 2475 5589 pontiﬁcem
2527 5519 2756 5588 scripta.
2811 5523 3001 5574 Exstat
3046 5523 3195 5592 apud
3254 5523 3573 5576 Florczium

1874 5595 2004 5643 tom.
2048 5590 2133 5654 XI,
2169 5605 2203 5641 a
2229 5605 2358 5658 pag.
2391 5592 2510 5642 l56.

1948 5663 2018 5732 (ε)Δ
2046 5660 2334 5732 Repetitio
2367 5660 2594 5713 videtur
2624 5661 2880 5732 ejusdem
2915 5662 3018 5716 rei.

1947 5729 2026 5800 (tl)
2053 5731 2375 5797 Suggressio
2407 5747 2521 5784 non
2553 5729 2705 5787 recte
2739 5733 2798 5786 in
2829 5733 3021 5786 codice
3052 5749 3197 5786 meo.

3181 5890 3258 5947 13
