  <div class='ocr_page' id='page_1' title='image "/cluster/home/n/w/nwhite01/storage/ocr_20150623/121/uva.x000827051/207.png"; bbox 0 0 3860 6262; ppageno 0'>
   <div class='ocr_carea' id='block_1_1' title="bbox 329 326 430 376">
    <p class='ocr_par' dir='ltr' id='par_1_1' title="bbox 329 326 430 376">
     <span class='ocr_line' id='line_1_1' title="bbox 329 326 430 376; baseline 0 0"><span class='ocrx_word' id='word_1_1' title='bbox 329 326 430 376; x_wconf 80' lang='lat'><strong>395</strong></span> 
     </span>
    </p>
   </div>
   <div class='ocr_carea' id='block_1_2' title="bbox 1228 323 3810 382">
    <p class='ocr_par' dir='ltr' id='par_1_2' title="bbox 1228 323 3810 382">
     <span class='ocr_line' id='line_1_2' title="bbox 1228 323 3810 382; baseline 0.001 -4"><span class='ocrx_word' id='word_1_2' title='bbox 1228 324 1546 380; x_wconf 80' lang='lat' dir='ltr'><strong>ALVARUS</strong></span> <span class='ocrx_word' id='word_1_3' title='bbox 1585 323 2092 380; x_wconf 84' lang='lat' dir='ltr'><strong>CORDUBENSIS.</strong></span> <span class='ocrx_word' id='word_1_4' title='bbox 2123 356 2190 363; x_wconf 96' lang='lat'><strong>—</strong></span> <span class='ocrx_word' id='word_1_5' title='bbox 2221 325 2492 381; x_wconf 82' lang='lat' dir='ltr'><strong>NOTITIA</strong></span> <span class='ocrx_word' id='word_1_6' title='bbox 2537 327 2924 382; x_wconf 81' lang='lat' dir='ltr'><strong>HISTORICA.</strong></span> <span class='ocrx_word' id='word_1_7' title='bbox 3731 331 3810 380; x_wconf 76' lang='lat'><strong>396</strong></span> 
     </span>
    </p>
   </div>
   <div class='ocr_carea' id='block_1_3' title="bbox 326 456 3808 530">
    <p class='ocr_par' dir='ltr' id='par_1_3' title="bbox 326 456 3808 530">
     <span class='ocr_line' id='line_1_3' title="bbox 326 456 3808 530; baseline 0.001 -19"><span class='ocrx_word' id='word_1_8' title='bbox 326 459 494 530; x_wconf 85' lang='lat' dir='ltr'><strong>Saulo</strong></span> <span class='ocrx_word' id='word_1_9' title='bbox 516 456 667 526; x_wconf 90' lang='lat' dir='ltr'><strong>quod</strong></span> <span class='ocrx_word' id='word_1_10' title='bbox 689 456 986 525; x_wconf 85' lang='lat' dir='ltr'><strong>cujusdam</strong></span> <span class='ocrx_word' id='word_1_11' title='bbox 1024 457 1380 524; x_wconf 85' lang='lat' dir='ltr'><strong>homunculi,</strong></span> <span class='ocrx_word' id='word_1_12' title='bbox 1413 458 1568 526; x_wconf 84' lang='lat' dir='ltr'><strong>pacis</strong></span> <span class='ocrx_word' id='word_1_13' title='bbox 1607 459 2021 526; x_wconf 85' lang='lat' dir='ltr'><strong>perturbatoris</strong></span> <span class='ocrx_word' id='word_1_14' title='bbox 2061 463 2098 514; x_wconf 76' lang='grc' dir='ltr'>Α</span> <span class='ocrx_word' id='word_1_15' title='bbox 2133 475 2199 513; x_wconf 90' lang='lat' dir='ltr'><strong>no</strong></span> <span class='ocrx_word' id='word_1_16' title='bbox 2234 462 2632 514; x_wconf 80' lang='lat' dir='ltr'><strong>Incarnationis</strong></span> <span class='ocrx_word' id='word_1_17' title='bbox 2655 464 2990 515; x_wconf 79' lang='lat' dir='ltr'><strong>Dom-ini859</strong></span> <span class='ocrx_word' id='word_1_18' title='bbox 3013 462 3109 515; x_wconf 85' lang='lat' dir='ltr'><strong>sub</strong></span> <span class='ocrx_word' id='word_1_19' title='bbox 3143 478 3265 530; x_wconf 81' lang='lat' dir='ltr'><strong>rege</strong></span> <span class='ocrx_word' id='word_1_20' title='bbox 3293 463 3614 528; x_wconf 74' lang='lat' dir='ltr'><strong>Mahomad,</strong></span> <span class='ocrx_word' id='word_1_21' title='bbox 3667 464 3747 514; x_wconf 68' lang='lat' dir='ltr'><strong>ilic</strong></span> <span class='ocrx_word' id='word_1_22' title='bbox 3789 481 3808 512; x_wconf 70' lang='grc' dir='ltr'><em>τ</em></span> 
     </span>
    </p>
   </div>
   <div class='ocr_carea' id='block_1_4' title="bbox 325 529 2018 599">
    <p class='ocr_par' dir='ltr' id='par_1_4' title="bbox 325 529 2018 599">
     <span class='ocr_line' id='line_1_4' title="bbox 325 529 2018 599; baseline 0.001 -17"><span class='ocrx_word' id='word_1_23' title='bbox 325 535 382 582; x_wconf 89' lang='lat' dir='ltr'><strong>et</strong></span> <span class='ocrx_word' id='word_1_24' title='bbox 426 529 706 582; x_wconf 70' lang='lat' dir='ltr'><strong>haeresum</strong></span> <span class='ocrx_word' id='word_1_25' title='bbox 751 530 952 599; x_wconf 78' lang='lat' dir='ltr'><strong>satoris</strong></span> <span class='ocrx_word' id='word_1_26' title='bbox 993 530 1362 597; x_wconf 85' lang='lat' dir='ltr'><strong>persuasione</strong></span> <span class='ocrx_word' id='word_1_27' title='bbox 1403 545 1466 582; x_wconf 87' lang='lat' dir='ltr'><strong>ac</strong></span> <span class='ocrx_word' id='word_1_28' title='bbox 1515 531 1720 596; x_wconf 82' lang='lat' dir='ltr'><strong>verbis,</strong></span> <span class='ocrx_word' id='word_1_29' title='bbox 1766 531 2018 599; x_wconf 87' lang='lat' dir='ltr'><strong>postula-</strong></span> 
     </span>
    </p>
   </div>
   <div class='ocr_carea' id='block_1_5' title="bbox 326 598 2018 669">
    <p class='ocr_par' dir='ltr' id='par_1_5' title="bbox 326 598 2018 669">
     <span class='ocr_line' id='line_1_5' title="bbox 326 598 2018 669; baseline 0.004 -21"><span class='ocrx_word' id='word_1_30' title='bbox 326 607 444 652; x_wconf 81' lang='lat' dir='ltr'><strong>tum</strong></span> <span class='ocrx_word' id='word_1_31' title='bbox 501 599 568 652; x_wconf 88' lang='lat' dir='ltr'><strong>ab</strong></span> <span class='ocrx_word' id='word_1_32' title='bbox 635 615 700 652; x_wconf 87' lang='lat' dir='ltr'><strong>eo</strong></span> <span class='ocrx_word' id='word_1_33' title='bbox 751 598 1126 652; x_wconf 78' lang='lat' dir='ltr'><strong>absolutionis</strong></span> <span class='ocrx_word' id='word_1_34' title='bbox 1191 600 1446 653; x_wconf 78' lang='lat' dir='ltr'><strong>cilicium</strong></span> <span class='ocrx_word' id='word_1_35' title='bbox 1513 598 1822 669; x_wconf 75' lang='lat' dir='ltr'><strong>negaverit.</strong></span> <span class='ocrx_word' id='word_1_36' title='bbox 1881 602 2018 654; x_wconf 85' lang='lat' dir='ltr'><strong>Item</strong></span> 
     </span>
    </p>
   </div>
   <div class='ocr_carea' id='block_1_6' title="bbox 323 669 2019 742">
    <p class='ocr_par' dir='ltr' id='par_1_6' title="bbox 323 669 2019 742">
     <span class='ocr_line' id='line_1_6' title="bbox 323 669 2019 742; baseline 0.002 -21"><span class='ocrx_word' id='word_1_37' title='bbox 323 670 480 742; x_wconf 82' lang='lat' dir='ltr'><strong>quod</strong></span> <span class='ocrx_word' id='word_1_38' title='bbox 538 671 598 722; x_wconf 91' lang='lat' dir='ltr'><strong>in</strong></span> <span class='ocrx_word' id='word_1_39' title='bbox 672 669 930 739; x_wconf 80' lang='lat' dir='ltr'><strong>pluribus</strong></span> <span class='ocrx_word' id='word_1_40' title='bbox 991 671 1108 722; x_wconf 89' lang='lat' dir='ltr'><strong>veri</strong></span> <span class='ocrx_word' id='word_1_41' title='bbox 1175 671 1273 723; x_wconf 88' lang='lat' dir='ltr'><strong>Dei</strong></span> <span class='ocrx_word' id='word_1_42' title='bbox 1341 670 1592 724; x_wconf 81' lang='lat' dir='ltr'><strong>ministri</strong></span> <span class='ocrx_word' id='word_1_43' title='bbox 1665 677 1853 742; x_wconf 89' lang='lat' dir='ltr'><strong>partes</strong></span> <span class='ocrx_word' id='word_1_44' title='bbox 1901 687 2019 724; x_wconf 92' lang='lat' dir='ltr'><strong>non</strong></span> 
     </span>
    </p>
   </div>
   <div class='ocr_carea' id='block_1_7' title="bbox 324 741 524 793">
    <p class='ocr_par' dir='ltr' id='par_1_7' title="bbox 324 741 524 793">
     <span class='ocr_line' id='line_1_7' title="bbox 324 741 524 793; baseline -0.01 0"><span class='ocrx_word' id='word_1_45' title='bbox 324 741 524 793; x_wconf 68' lang='lat' dir='ltr'><strong>egerit.</strong></span> 
     </span>
    </p>
   </div>
   <div class='ocr_carea' id='block_1_8' title="bbox 358 757 2020 876">
    <p class='ocr_par' dir='ltr' id='par_1_8' title="bbox 358 757 2020 876">
     <span class='ocr_line' id='line_1_8' title="bbox 358 757 2020 876; baseline 0.001 -12"><span class='ocrx_word' id='word_1_46' title='bbox 558 811 759 865; x_wconf 84' lang='lat' dir='ltr'><strong>Alrari</strong></span> <span class='ocrx_word' id='word_1_47' title='bbox 791 813 1182 876; x_wconf 86' lang='lat' dir='ltr'><strong>transg-ressori</strong></span> <span class='ocrx_word' id='word_1_48' title='bbox 1219 811 1443 864; x_wconf 80' lang='lat' dir='ltr'><strong>directa.</strong></span> <span class='ocrx_word' id='word_1_49' title='bbox 1481 811 1712 864; x_wconf 84' lang='lat' dir='ltr'><strong>Lemma</strong></span> <span class='ocrx_word' id='word_1_50' title='bbox 1750 817 1834 866; x_wconf 92' lang='lat' dir='ltr'><strong>est</strong></span> <span class='ocrx_word' id='word_1_51' title='bbox 1865 829 1879 865; x_wconf 91' lang='lat'><strong>:</strong></span> <span class='ocrx_word' id='word_1_52' title='bbox 1921 815 2020 866; x_wconf 83' lang='lat' dir='ltr'><strong>Di-</strong></span> 
     </span>
    </p>
   </div>
   <div class='ocr_carea' id='block_1_9' title="bbox 322 882 2015 952">
    <p class='ocr_par' dir='ltr' id='par_1_9' title="bbox 322 882 2015 952">
     <span class='ocr_line' id='line_1_9' title="bbox 322 882 2015 952; baseline 0.001 -18"><span class='ocrx_word' id='word_1_53' title='bbox 322 882 453 935; x_wconf 90' lang='lat' dir='ltr'><strong>lecto</strong></span> <span class='ocrx_word' id='word_1_54' title='bbox 483 883 620 934; x_wconf 89' lang='lat' dir='ltr'><strong>mihi</strong></span> <span class='ocrx_word' id='word_1_55' title='bbox 649 883 908 934; x_wconf 80' lang='lat' dir='ltr'><strong>Eleazaro</strong></span> <span class='ocrx_word' id='word_1_56' title='bbox 941 883 1200 935; x_wconf 83' lang='lat' dir='ltr'><strong>Alvarus.</strong></span> <span class='ocrx_word' id='word_1_57' title='bbox 1257 882 1604 950; x_wconf 88' lang='lat' dir='ltr'><strong>Principium</strong></span> <span class='ocrx_word' id='word_1_58' title='bbox 1642 901 1656 933; x_wconf 91' lang='lat'><strong>:</strong></span> <span class='ocrx_word' id='word_1_59' title='bbox 1687 882 1749 936; x_wconf 90' lang='lat' dir='ltr'><strong>In</strong></span> <span class='ocrx_word' id='word_1_60' title='bbox 1800 886 2015 952; x_wconf 83' lang='lat' dir='ltr'><strong>primis,</strong></span> 
     </span>
    </p>
   </div>
   <div class='ocr_carea' id='block_1_10' title="bbox 319 951 2019 1018">
    <p class='ocr_par' dir='ltr' id='par_1_10' title="bbox 319 951 2019 1018">
     <span class='ocr_line' id='line_1_10' title="bbox 319 951 2019 1018; baseline 0.001 -14"><span class='ocrx_word' id='word_1_61' title='bbox 319 955 396 1004; x_wconf 89' lang='lat' dir='ltr'><strong>mi</strong></span> <span class='ocrx_word' id='word_1_62' title='bbox 423 953 636 1005; x_wconf 79' lang='lat' dir='ltr'><strong>dilecte.</strong></span> <span class='ocrx_word' id='word_1_63' title='bbox 673 951 864 1006; x_wconf 84' lang='lat' dir='ltr'><strong>Gallus</strong></span> <span class='ocrx_word' id='word_1_64' title='bbox 916 953 1141 1004; x_wconf 81' lang='lat' dir='ltr'><strong>Eleazar</strong></span> <span class='ocrx_word' id='word_1_65' title='bbox 1169 953 1277 1006; x_wconf 82' lang='lat' dir='ltr'><strong>fuit</strong></span> <span class='ocrx_word' id='word_1_66' title='bbox 1321 952 1575 1018; x_wconf 89' lang='lat' dir='ltr'><strong>natione,</strong></span> <span class='ocrx_word' id='word_1_67' title='bbox 1611 955 1708 1006; x_wconf 82' lang='lat' dir='ltr'><strong>sed</strong></span> <span class='ocrx_word' id='word_1_68' title='bbox 1751 955 2019 1007; x_wconf 70' lang='lat' dir='ltr'><strong>Hebraeus</strong></span> 
     </span>
    </p>
   </div>
   <div class='ocr_carea' id='block_1_11' title="bbox 319 1022 2010 1094">
    <p class='ocr_par' dir='ltr' id='par_1_11' title="bbox 319 1022 2010 1094">
     <span class='ocr_line' id='line_1_11' title="bbox 319 1022 2010 1094; baseline 0.002 -19"><span class='ocrx_word' id='word_1_69' title='bbox 319 1023 433 1076; x_wconf 83' lang='lat' dir='ltr'><strong>ﬁde</strong></span> <span class='ocrx_word' id='word_1_70' title='bbox 466 1039 530 1075; x_wconf 84' lang='lat' dir='ltr'><strong>ex</strong></span> <span class='ocrx_word' id='word_1_71' title='bbox 571 1022 890 1075; x_wconf 85' lang='lat' dir='ltr'><strong>Christiano</strong></span> <span class='ocrx_word' id='word_1_72' title='bbox 927 1039 938 1074; x_wconf 93' lang='lat'><strong>:</strong></span> <span class='ocrx_word' id='word_1_73' title='bbox 984 1039 1159 1094; x_wconf 79' lang='lat' dir='ltr'><strong>quare</strong></span> <span class='ocrx_word' id='word_1_74' title='bbox 1217 1039 1345 1094; x_wconf 90' lang='lat' dir='ltr'><strong>eum</strong></span> <span class='ocrx_word' id='word_1_75' title='bbox 1392 1029 1864 1094; x_wconf 85' lang='lat' dir='ltr'><strong>transgressorem</strong></span> <span class='ocrx_word' id='word_1_76' title='bbox 1916 1041 2010 1094; x_wconf 83' lang='lat' dir='ltr'><strong>ap-</strong></span> 
     </span>
    </p>
   </div>
   <div class='ocr_carea' id='block_1_12' title="bbox 319 1092 2018 1166">
    <p class='ocr_par' dir='ltr' id='par_1_12' title="bbox 319 1092 2018 1166">
     <span class='ocr_line' id='line_1_12' title="bbox 319 1092 2018 1166; baseline 0.001 -20"><span class='ocrx_word' id='word_1_77' title='bbox 319 1095 802 1166; x_wconf 23' lang='lat' dir='ltr'><strong>pellattfl‘otaque</strong></span> <span class='ocrx_word' id='word_1_78' title='bbox 835 1098 920 1144; x_wconf 91' lang='lat' dir='ltr'><strong>est</strong></span> <span class='ocrx_word' id='word_1_79' title='bbox 968 1092 1040 1166; x_wconf 84' lang='lat' dir='ltr'><strong>de</strong></span> <span class='ocrx_word' id='word_1_80' title='bbox 1087 1092 1568 1166; x_wconf 84' lang='lat' dir='ltr'><strong>promissionibus</strong></span> <span class='ocrx_word' id='word_1_81' title='bbox 1609 1101 1666 1147; x_wconf 87' lang='lat' dir='ltr'><strong>et</strong></span> <span class='ocrx_word' id='word_1_82' title='bbox 1696 1092 2018 1166; x_wconf 84' lang='lat' dir='ltr'><strong>prophetiis</strong></span> 
     </span>
    </p>
   </div>
   <div class='ocr_carea' id='block_1_13' title="bbox 313 1164 1310 1232">
    <p class='ocr_par' dir='ltr' id='par_1_13' title="bbox 313 1164 1310 1232">
     <span class='ocr_line' id='line_1_13' title="bbox 313 1164 1310 1232; baseline 0 -16"><span class='ocrx_word' id='word_1_83' title='bbox 313 1165 436 1232; x_wconf 85' lang='lat' dir='ltr'><strong>jam</strong></span> <span class='ocrx_word' id='word_1_84' title='bbox 467 1164 792 1232; x_wconf 88' lang='lat' dir='ltr'><strong>adimpletis</strong></span> <span class='ocrx_word' id='word_1_85' title='bbox 823 1165 1047 1215; x_wconf 90' lang='lat' dir='ltr'><strong>venturi</strong></span> <span class='ocrx_word' id='word_1_86' title='bbox 1083 1165 1310 1216; x_wconf 68' lang='lat' dir='ltr'><strong>Messiie.</strong></span> 
     </span>
    </p>
   </div>
   <div class='ocr_carea' id='block_1_14' title="bbox 391 1235 2014 1302">
    <p class='ocr_par' dir='ltr' id='par_1_14' title="bbox 391 1235 2014 1302">
     <span class='ocr_line' id='line_1_14' title="bbox 391 1235 2014 1302; baseline 0.001 -15"><span class='ocrx_word' id='word_1_87' title='bbox 391 1235 493 1287; x_wconf 88' lang='lat' dir='ltr'><strong>XV.</strong></span> <span class='ocrx_word' id='word_1_88' title='bbox 545 1237 884 1302; x_wconf 75' lang='lat' dir='ltr'><strong>Rescriplum</strong></span> <span class='ocrx_word' id='word_1_89' title='bbox 941 1237 1357 1300; x_wconf 78' lang='lat' dir='ltr'><strong>transgressoris</strong></span> <span class='ocrx_word' id='word_1_90' title='bbox 1437 1236 1646 1288; x_wconf 84' lang='lat' dir='ltr'><strong>Alvaro</strong></span> <span class='ocrx_word' id='word_1_91' title='bbox 1729 1235 2014 1302; x_wconf 83' lang='lat' dir='ltr'><strong>directum,</strong></span> 
     </span>
    </p>
   </div>
   <div class='ocr_carea' id='block_1_15' title="bbox 319 1306 2014 1359">
    <p class='ocr_par' dir='ltr' id='par_1_15' title="bbox 319 1306 2014 1359">
     <span class='ocr_line' id='line_1_15' title="bbox 319 1306 2014 1359; baseline 0.001 -1"><span class='ocrx_word' id='word_1_92' title='bbox 319 1321 449 1358; x_wconf 92' lang='lat' dir='ltr'><strong>cum</strong></span> <span class='ocrx_word' id='word_1_93' title='bbox 482 1307 585 1358; x_wconf 89' lang='lat' dir='ltr'><strong>hac</strong></span> <span class='ocrx_word' id='word_1_94' title='bbox 615 1306 952 1357; x_wconf 77' lang='lat' dir='ltr'><strong>salutatione</strong></span> <span class='ocrx_word' id='word_1_95' title='bbox 983 1321 995 1358; x_wconf 92' lang='lat'><strong>:</strong></span> <span class='ocrx_word' id='word_1_96' title='bbox 1039 1307 1242 1358; x_wconf 86' lang='lat' dir='ltr'><strong>Dilecto</strong></span> <span class='ocrx_word' id='word_1_97' title='bbox 1275 1307 1411 1358; x_wconf 86' lang='lat' dir='ltr'><strong>mihi</strong></span> <span class='ocrx_word' id='word_1_98' title='bbox 1435 1306 1694 1358; x_wconf 76' lang='lat' dir='ltr'><strong>Eleazar.</strong></span> <span class='ocrx_word' id='word_1_99' title='bbox 1731 1306 1965 1359; x_wconf 90' lang='lat' dir='ltr'><strong>Initium</strong></span> <span class='ocrx_word' id='word_1_100' title='bbox 2001 1323 2014 1359; x_wconf 91' lang='lat'><strong>:</strong></span> 
     </span>
    </p>
   </div>
   <div class='ocr_carea' id='block_1_16' title="bbox 317 1375 2015 1445">
    <p class='ocr_par' dir='ltr' id='par_1_16' title="bbox 317 1375 2015 1445">
     <span class='ocr_line' id='line_1_16' title="bbox 317 1375 2015 1445; baseline 0 -17"><span class='ocrx_word' id='word_1_101' title='bbox 317 1376 605 1444; x_wconf 83' lang='lat' dir='ltr'><strong>Scripsisti</strong></span> <span class='ocrx_word' id='word_1_102' title='bbox 649 1377 802 1427; x_wconf 87' lang='lat' dir='ltr'><strong>mihi.</strong></span> <span class='ocrx_word' id='word_1_103' title='bbox 834 1375 1010 1442; x_wconf 87' lang='lat' dir='ltr'><strong>Hujus</strong></span> <span class='ocrx_word' id='word_1_104' title='bbox 1033 1381 1224 1428; x_wconf 89' lang='lat' dir='ltr'><strong>tamen</strong></span> <span class='ocrx_word' id='word_1_105' title='bbox 1255 1375 1630 1445; x_wconf 67' lang='lat' dir='ltr'><strong>paucissimos</strong></span> <span class='ocrx_word' id='word_1_106' title='bbox 1670 1391 1864 1428; x_wconf 86' lang='lat' dir='ltr'><strong>versus</strong></span> <span class='ocrx_word' id='word_1_107' title='bbox 1915 1394 2015 1428; x_wconf 91' lang='lat' dir='ltr'><strong>su-</strong></span> 
     </span>
    </p>
   </div>
   <div class='ocr_carea' id='block_1_17' title="bbox 316 1445 2016 1515">
    <p class='ocr_par' dir='ltr' id='par_1_17' title="bbox 316 1445 2016 1515">
     <span class='ocr_line' id='line_1_17' title="bbox 316 1445 2016 1515; baseline 0 -16"><span class='ocrx_word' id='word_1_108' title='bbox 316 1462 542 1515; x_wconf 87' lang='lat' dir='ltr'><strong>peresse</strong></span> <span class='ocrx_word' id='word_1_109' title='bbox 607 1446 739 1499; x_wconf 89' lang='lat' dir='ltr'><strong>fecit</strong></span> <span class='ocrx_word' id='word_1_110' title='bbox 812 1445 1049 1514; x_wconf 81' lang='lat' dir='ltr'><strong>alicujus</strong></span> <span class='ocrx_word' id='word_1_111' title='bbox 1111 1447 1296 1499; x_wconf 87' lang='lat' dir='ltr'><strong>l&#39;orsan</strong></span> <span class='ocrx_word' id='word_1_112' title='bbox 1359 1447 1580 1515; x_wconf 85' lang='lat' dir='ltr'><strong>religio,</strong></span> <span class='ocrx_word' id='word_1_113' title='bbox 1628 1447 2016 1512; x_wconf 74' lang='lat' dir='ltr'><strong>superstitioni</strong></span> 
     </span>
    </p>
   </div>
   <div class='ocr_carea' id='block_1_18' title="bbox 316 1516 2015 1586">
    <p class='ocr_par' dir='ltr' id='par_1_18' title="bbox 316 1516 2015 1586">
     <span class='ocr_line' id='line_1_18' title="bbox 316 1516 2015 1586; baseline 0.001 -17"><span class='ocrx_word' id='word_1_114' title='bbox 316 1519 599 1585; x_wconf 85' lang='lat' dir='ltr'><strong>proxima,</strong></span> <span class='ocrx_word' id='word_1_115' title='bbox 655 1531 724 1569; x_wconf 89' lang='lat' dir='ltr'><strong>ne</strong></span> <span class='ocrx_word' id='word_1_116' title='bbox 756 1516 939 1569; x_wconf 76' lang='lat' dir='ltr'><strong>Judaei</strong></span> <span class='ocrx_word' id='word_1_117' title='bbox 987 1517 1266 1586; x_wconf 87' lang='lat' dir='ltr'><strong>scriptum</strong></span> <span class='ocrx_word' id='word_1_118' title='bbox 1317 1517 1619 1580; x_wconf 80' lang='lat' dir='ltr'><strong>legeretur.</strong></span> <span class='ocrx_word' id='word_1_119' title='bbox 1682 1518 1822 1569; x_wconf 88' lang='lat' dir='ltr'><strong>Vere</strong></span> <span class='ocrx_word' id='word_1_120' title='bbox 1861 1519 2015 1570; x_wconf 89' lang='lat' dir='ltr'><strong>enim</strong></span> 
     </span>
    </p>
   </div>
   <div class='ocr_carea' id='block_1_19' title="bbox 316 1587 2011 1657">
    <p class='ocr_par' dir='ltr' id='par_1_19' title="bbox 316 1587 2011 1657">
     <span class='ocr_line' id='line_1_19' title="bbox 316 1587 2011 1657; baseline 0.001 -18"><span class='ocrx_word' id='word_1_121' title='bbox 316 1587 748 1657; x_wconf 89' lang='lat' dir='ltr'><strong>quatuordecim</strong></span> <span class='ocrx_word' id='word_1_122' title='bbox 787 1603 1000 1648; x_wconf 85' lang='lat' dir='ltr'><strong>versus,</strong></span> <span class='ocrx_word' id='word_1_123' title='bbox 1054 1587 1152 1656; x_wconf 90' lang='lat' dir='ltr'><strong>qui</strong></span> <span class='ocrx_word' id='word_1_124' title='bbox 1201 1589 1261 1639; x_wconf 93' lang='lat' dir='ltr'><strong>in</strong></span> <span class='ocrx_word' id='word_1_125' title='bbox 1317 1589 1544 1656; x_wconf 88' lang='lat' dir='ltr'><strong>pagina,</strong></span> <span class='ocrx_word' id='word_1_126' title='bbox 1603 1587 2011 1656; x_wconf 82' lang='lat' dir='ltr'><strong>sequebantur,</strong></span> 
     </span>
    </p>
   </div>
   <div class='ocr_carea' id='block_1_20' title="bbox 315 1657 2014 1726">
    <p class='ocr_par' dir='ltr' id='par_1_20' title="bbox 315 1657 2014 1726">
     <span class='ocr_line' id='line_1_20' title="bbox 315 1657 2014 1726; baseline 0.001 -16"><span class='ocrx_word' id='word_1_127' title='bbox 315 1659 644 1711; x_wconf 83' lang='lat' dir='ltr'><strong>cancellavit</strong></span> <span class='ocrx_word' id='word_1_128' title='bbox 675 1673 962 1726; x_wconf 75' lang='lat' dir='ltr'><strong>possessor</strong></span> <span class='ocrx_word' id='word_1_129' title='bbox 994 1658 1139 1718; x_wconf 85' lang='lat' dir='ltr'><strong>libri,</strong></span> <span class='ocrx_word' id='word_1_130' title='bbox 1175 1657 1493 1726; x_wconf 88' lang='lat' dir='ltr'><strong>foliumque</strong></span> <span class='ocrx_word' id='word_1_131' title='bbox 1544 1657 1832 1726; x_wconf 89' lang='lat' dir='ltr'><strong>integrum</strong></span> <span class='ocrx_word' id='word_1_132' title='bbox 1881 1659 2014 1711; x_wconf 85' lang='lat' dir='ltr'><strong>sub-</strong></span> 
     </span>
    </p>
   </div>
   <div class='ocr_carea' id='block_1_21' title="bbox 315 1728 2014 1798">
    <p class='ocr_par' dir='ltr' id='par_1_21' title="bbox 315 1728 2014 1798">
     <span class='ocr_line' id='line_1_21' title="bbox 315 1728 2014 1798; baseline 0.001 -18"><span class='ocrx_word' id='word_1_133' title='bbox 315 1745 558 1798; x_wconf 83' lang='lat' dir='ltr'><strong>sequens</strong></span> <span class='ocrx_word' id='word_1_134' title='bbox 586 1728 862 1791; x_wconf 82' lang='lat' dir='ltr'><strong>exsecuit;</strong></span> <span class='ocrx_word' id='word_1_135' title='bbox 916 1728 1263 1796; x_wconf 87' lang='lat' dir='ltr'><strong>tandemque</strong></span> <span class='ocrx_word' id='word_1_136' title='bbox 1298 1735 1542 1796; x_wconf 85' lang='lat' dir='ltr'><strong>quatuor</strong></span> <span class='ocrx_word' id='word_1_137' title='bbox 1583 1729 1708 1780; x_wconf 89' lang='lat' dir='ltr'><strong>aliis</strong></span> <span class='ocrx_word' id='word_1_138' title='bbox 1757 1729 2014 1782; x_wconf 86' lang='lat' dir='ltr'><strong>versibus</strong></span> 
     </span>
    </p>
   </div>
   <div class='ocr_carea' id='block_1_22' title="bbox 316 1798 2014 1868">
    <p class='ocr_par' dir='ltr' id='par_1_22' title="bbox 316 1798 2014 1868">
     <span class='ocr_line' id='line_1_22' title="bbox 316 1798 2014 1868; baseline 0 -16"><span class='ocrx_word' id='word_1_139' title='bbox 316 1801 614 1868; x_wconf 83' lang='lat' dir='ltr'><strong>epistolam</strong></span> <span class='ocrx_word' id='word_1_140' title='bbox 693 1798 1114 1850; x_wconf 84' lang='lat' dir='ltr'><strong>absolventibus</strong></span> <span class='ocrx_word' id='word_1_141' title='bbox 1184 1799 1476 1867; x_wconf 83' lang='lat' dir='ltr'><strong>paginam,</strong></span> <span class='ocrx_word' id='word_1_142' title='bbox 1549 1815 1677 1868; x_wconf 65' lang='lat' dir='ltr'><strong>quae</strong></span> <span class='ocrx_word' id='word_1_143' title='bbox 1743 1800 2014 1853; x_wconf 90' lang='lat' dir='ltr'><strong>volumen</strong></span> 
     </span>
    </p>
   </div>
   <div class='ocr_carea' id='block_1_23' title="bbox 315 1869 1059 1926">
    <p class='ocr_par' dir='ltr' id='par_1_23' title="bbox 315 1869 1059 1926">
     <span class='ocr_line' id='line_1_23' title="bbox 315 1869 1059 1926; baseline -0.004 -3"><span class='ocrx_word' id='word_1_144' title='bbox 315 1869 706 1926; x_wconf 85' lang='lat' dir='ltr'><strong>continuabat.</strong></span> <span class='ocrx_word' id='word_1_145' title='bbox 746 1869 1059 1920; x_wconf 86' lang='lat' dir='ltr'><strong>mulctavit.</strong></span> 
     </span>
    </p>
   </div>
   <div class='ocr_carea' id='block_1_24' title="bbox 385 1938 2014 1994">
    <p class='ocr_par' dir='ltr' id='par_1_24' title="bbox 385 1938 2014 1994">
     <span class='ocr_line' id='line_1_24' title="bbox 385 1938 2014 1994; baseline 0.001 -1"><span class='ocrx_word' id='word_1_146' title='bbox 385 1941 516 1993; x_wconf 80' lang='lat' dir='ltr'><strong>XVI.</strong></span> <span class='ocrx_word' id='word_1_147' title='bbox 551 1941 750 1992; x_wconf 80' lang='lat' dir='ltr'><strong>Alvari</strong></span> <span class='ocrx_word' id='word_1_148' title='bbox 791 1939 898 1990; x_wconf 87' lang='lat' dir='ltr'><strong>alia</strong></span> <span class='ocrx_word' id='word_1_149' title='bbox 929 1940 1189 1992; x_wconf 83' lang='lat' dir='ltr'><strong>Eleazaro</strong></span> <span class='ocrx_word' id='word_1_150' title='bbox 1219 1938 1442 1991; x_wconf 87' lang='lat' dir='ltr'><strong>directa.</strong></span> <span class='ocrx_word' id='word_1_151' title='bbox 1491 1940 1700 1993; x_wconf 81' lang='lat' dir='ltr'><strong>Dilecto</strong></span> <span class='ocrx_word' id='word_1_152' title='bbox 1751 1941 2014 1994; x_wconf 80' lang='lat' dir='ltr'><strong>Eleazaro</strong></span> 
     </span>
    </p>
   </div>
   <div class='ocr_carea' id='block_1_25' title="bbox 313 2008 2014 2076">
    <p class='ocr_par' dir='ltr' id='par_1_25' title="bbox 313 2008 2014 2076">
     <span class='ocr_line' id='line_1_25' title="bbox 313 2008 2014 2076; baseline 0.001 -13"><span class='ocrx_word' id='word_1_153' title='bbox 313 2011 569 2064; x_wconf 86' lang='lat' dir='ltr'><strong>Alvarus.</strong></span> <span class='ocrx_word' id='word_1_154' title='bbox 611 2009 774 2062; x_wconf 88' lang='lat' dir='ltr'><strong>Initio</strong></span> <span class='ocrx_word' id='word_1_155' title='bbox 807 2008 951 2062; x_wconf 89' lang='lat' dir='ltr'><strong>isto:</strong></span> <span class='ocrx_word' id='word_1_156' title='bbox 987 2011 1363 2076; x_wconf 83' lang='lat' dir='ltr'><strong>Responsionis</strong></span> <span class='ocrx_word' id='word_1_157' title='bbox 1401 2015 1522 2063; x_wconf 62' lang='lat' dir='ltr'><strong>tum.</strong></span> <span class='ocrx_word' id='word_1_158' title='bbox 1571 2011 1840 2063; x_wconf 82' lang='lat' dir='ltr'><strong>Retundit</strong></span> <span class='ocrx_word' id='word_1_159' title='bbox 1893 2012 2014 2064; x_wconf 78' lang='lat' dir='ltr'><strong>hth</strong></span> 
     </span>
    </p>
   </div>
   <div class='ocr_carea' id='block_1_26' title="bbox 312 2079 2014 2151">
    <p class='ocr_par' dir='ltr' id='par_1_26' title="bbox 312 2079 2014 2151">
     <span class='ocr_line' id='line_1_26' title="bbox 312 2079 2014 2151; baseline 0.001 -18"><span class='ocrx_word' id='word_1_160' title='bbox 312 2081 564 2133; x_wconf 82' lang='lat' dir='ltr'><strong>Eteazari</strong></span> <span class='ocrx_word' id='word_1_161' title='bbox 615 2096 716 2148; x_wconf 89' lang='lat' dir='ltr'><strong>pro</strong></span> <span class='ocrx_word' id='word_1_162' title='bbox 765 2079 1078 2149; x_wconf 79' lang='lat' dir='ltr'><strong>Synagogae</strong></span> <span class='ocrx_word' id='word_1_163' title='bbox 1125 2081 1414 2134; x_wconf 87' lang='lat' dir='ltr'><strong>erroribus</strong></span> <span class='ocrx_word' id='word_1_164' title='bbox 1465 2087 1820 2151; x_wconf 88' lang='lat' dir='ltr'><strong>argumenta.</strong></span> <span class='ocrx_word' id='word_1_165' title='bbox 1871 2081 2014 2135; x_wconf 88' lang='lat' dir='ltr'><strong>Scri-</strong></span> 
     </span>
    </p>
   </div>
   <div class='ocr_carea' id='block_1_27' title="bbox 311 2151 864 2220">
    <p class='ocr_par' dir='ltr' id='par_1_27' title="bbox 311 2151 864 2220">
     <span class='ocr_line' id='line_1_27' title="bbox 311 2151 864 2220; baseline -0.005 -16"><span class='ocrx_word' id='word_1_166' title='bbox 311 2158 406 2220; x_wconf 89' lang='lat' dir='ltr'><strong>pta</strong></span> <span class='ocrx_word' id='word_1_167' title='bbox 434 2151 542 2203; x_wconf 88' lang='lat' dir='ltr'><strong>fuit</strong></span> <span class='ocrx_word' id='word_1_168' title='bbox 568 2166 717 2202; x_wconf 87' lang='lat' dir='ltr'><strong>anno</strong></span> <span class='ocrx_word' id='word_1_169' title='bbox 745 2151 864 2203; x_wconf 74' lang='grc'><strong>840.</strong></span> 
     </span>
    </p>
   </div>
   <div class='ocr_carea' id='block_1_28' title="bbox 383 2221 2011 2290">
    <p class='ocr_par' dir='ltr' id='par_1_28' title="bbox 383 2221 2011 2290">
     <span class='ocr_line' id='line_1_28' title="bbox 383 2221 2011 2290; baseline 0.001 -16"><span class='ocrx_word' id='word_1_170' title='bbox 383 2223 564 2274; x_wconf 79' lang='lat' dir='ltr'><strong>XVIII.</strong></span> <span class='ocrx_word' id='word_1_171' title='bbox 629 2222 968 2288; x_wconf 81' lang='lat' dir='ltr'><strong>Fragmenta</strong></span> <span class='ocrx_word' id='word_1_172' title='bbox 1026 2221 1140 2273; x_wconf 89' lang='lat' dir='ltr'><strong>duo</strong></span> <span class='ocrx_word' id='word_1_173' title='bbox 1203 2221 1460 2290; x_wconf 69' lang='lat' dir='ltr'><strong>epistolie</strong></span> <span class='ocrx_word' id='word_1_174' title='bbox 1518 2221 1755 2274; x_wconf 88' lang='lat' dir='ltr'><strong>alterius</strong></span> <span class='ocrx_word' id='word_1_175' title='bbox 1802 2222 2011 2276; x_wconf 83' lang='lat' dir='ltr'><strong>Alvaro</strong></span> 
     </span>
    </p>
   </div>
   <div class='ocr_carea' id='block_1_29' title="bbox 311 2291 2014 2362">
    <p class='ocr_par' dir='ltr' id='par_1_29' title="bbox 311 2291 2014 2362">
     <span class='ocr_line' id='line_1_29' title="bbox 311 2291 2014 2362; baseline 0.001 -18"><span class='ocrx_word' id='word_1_176' title='bbox 311 2293 571 2361; x_wconf 84' lang='lat' dir='ltr'><strong>opposita</strong></span> <span class='ocrx_word' id='word_1_177' title='bbox 603 2291 672 2343; x_wconf 89' lang='lat' dir='ltr'><strong>ab</strong></span> <span class='ocrx_word' id='word_1_178' title='bbox 706 2293 908 2344; x_wconf 82' lang='lat' dir='ltr'><strong>eodem</strong></span> <span class='ocrx_word' id='word_1_179' title='bbox 948 2292 1208 2344; x_wconf 82' lang='lat' dir='ltr'><strong>Eleazaro</strong></span> <span class='ocrx_word' id='word_1_180' title='bbox 1255 2311 1268 2356; x_wconf 85' lang='lat'><strong>;</strong></span> <span class='ocrx_word' id='word_1_181' title='bbox 1299 2307 1428 2344; x_wconf 90' lang='lat' dir='ltr'><strong>cum</strong></span> <span class='ocrx_word' id='word_1_182' title='bbox 1482 2309 1547 2344; x_wconf 88' lang='lat' dir='ltr'><strong>ea</strong></span> <span class='ocrx_word' id='word_1_183' title='bbox 1577 2309 1706 2362; x_wconf 67' lang='lat' dir='ltr'><strong>qua:</strong></span> <span class='ocrx_word' id='word_1_184' title='bbox 1735 2293 1868 2345; x_wconf 90' lang='lat' dir='ltr'><strong>inde</strong></span> <span class='ocrx_word' id='word_1_185' title='bbox 1914 2309 2014 2362; x_wconf 88' lang='lat' dir='ltr'><strong>po—</strong></span> 
     </span>
    </p>
   </div>
   <div class='ocr_carea' id='block_1_30' title="bbox 311 2361 2011 2429">
    <p class='ocr_par' dir='ltr' id='par_1_30' title="bbox 311 2361 2011 2429">
     <span class='ocr_line' id='line_1_30' title="bbox 311 2361 2011 2429; baseline 0.001 -15"><span class='ocrx_word' id='word_1_186' title='bbox 311 2367 420 2415; x_wconf 86' lang='lat' dir='ltr'><strong>tuit</strong></span> <span class='ocrx_word' id='word_1_187' title='bbox 483 2363 606 2415; x_wconf 90' lang='lat' dir='ltr'><strong>sine</strong></span> <span class='ocrx_word' id='word_1_188' title='bbox 666 2361 964 2429; x_wconf 61' lang='lat' dir='ltr'><strong>disiiendio</strong></span> <span class='ocrx_word' id='word_1_189' title='bbox 1019 2363 1264 2414; x_wconf 86' lang='lat' dir='ltr'><strong>aliarum</strong></span> <span class='ocrx_word' id='word_1_190' title='bbox 1325 2362 1536 2426; x_wconf 82' lang='lat' dir='ltr'><strong>Alvari,</strong></span> <span class='ocrx_word' id='word_1_191' title='bbox 1594 2361 1868 2416; x_wconf 78' lang='lat' dir='ltr'><strong>similiter</strong></span> <span class='ocrx_word' id='word_1_192' title='bbox 1914 2361 2011 2416; x_wconf 81' lang='lat' dir='ltr'><strong>hic</strong></span> 
     </span>
    </p>
   </div>
   <div class='ocr_carea' id='block_1_31' title="bbox 313 2431 1518 2501">
    <p class='ocr_par' dir='ltr' id='par_1_31' title="bbox 313 2431 1518 2501">
     <span class='ocr_line' id='line_1_31' title="bbox 313 2431 1518 2501; baseline 0 -16"><span class='ocrx_word' id='word_1_193' title='bbox 313 2433 588 2485; x_wconf 88' lang='lat' dir='ltr'><strong>oblivioni</strong></span> <span class='ocrx_word' id='word_1_194' title='bbox 616 2431 1011 2485; x_wconf 71' lang='lat' dir='ltr'><strong>sacrificaverit</strong></span> <span class='ocrx_word' id='word_1_195' title='bbox 1043 2433 1173 2485; x_wconf 88' lang='lat' dir='ltr'><strong>libri</strong></span> <span class='ocrx_word' id='word_1_196' title='bbox 1207 2449 1518 2501; x_wconf 82' lang='lat' dir='ltr'><strong>possessor.</strong></span> 
     </span>
    </p>
   </div>
   <div class='ocr_carea' id='block_1_32' title="bbox 382 2503 2010 2569">
    <p class='ocr_par' dir='ltr' id='par_1_32' title="bbox 382 2503 2010 2569">
     <span class='ocr_line' id='line_1_32' title="bbox 382 2503 2010 2569; baseline -0.001 -12"><span class='ocrx_word' id='word_1_197' title='bbox 382 2504 570 2557; x_wconf 81' lang='lat' dir='ltr'>XVIII.</span> <span class='ocrx_word' id='word_1_198' title='bbox 629 2504 822 2555; x_wconf 82' lang='lat' dir='ltr'><strong>Alvari</strong></span> <span class='ocrx_word' id='word_1_199' title='bbox 876 2505 990 2556; x_wconf 89' lang='lat' dir='ltr'><strong>alia</strong></span> <span class='ocrx_word' id='word_1_200' title='bbox 1039 2507 1431 2569; x_wconf 85' lang='lat' dir='ltr'><strong>transgressori</strong></span> <span class='ocrx_word' id='word_1_201' title='bbox 1489 2505 1715 2556; x_wconf 81' lang='lat' dir='ltr'><strong>directa.</strong></span> <span class='ocrx_word' id='word_1_202' title='bbox 1769 2503 2010 2556; x_wconf 79' lang='lat' dir='ltr'><strong>Exordi-</strong></span> 
     </span>
    </p>
   </div>
   <div class='ocr_carea' id='block_1_33' title="bbox 313 2573 2008 2638">
    <p class='ocr_par' dir='ltr' id='par_1_33' title="bbox 313 2573 2008 2638">
     <span class='ocr_line' id='line_1_33' title="bbox 313 2573 2008 2638; baseline 0 -12"><span class='ocrx_word' id='word_1_203' title='bbox 313 2579 453 2626; x_wconf 89' lang='lat' dir='ltr'><strong>tur:</strong></span> <span class='ocrx_word' id='word_1_204' title='bbox 488 2575 794 2638; x_wconf 78' lang='lat' dir='ltr'><strong>Confectum</strong></span> <span class='ocrx_word' id='word_1_205' title='bbox 840 2573 1136 2626; x_wconf 85' lang='lat' dir='ltr'><strong>mendacio.</strong></span> <span class='ocrx_word' id='word_1_206' title='bbox 1178 2576 1340 2626; x_wconf 86' lang='lat' dir='ltr'><strong>Lectu</strong></span> <span class='ocrx_word' id='word_1_207' title='bbox 1393 2575 1588 2626; x_wconf 85' lang='lat' dir='ltr'><strong>omnia</strong></span> <span class='ocrx_word' id='word_1_208' title='bbox 1633 2575 1692 2626; x_wconf 91' lang='lat' dir='ltr'><strong>in</strong></span> <span class='ocrx_word' id='word_1_209' title='bbox 1737 2591 1797 2626; x_wconf 86' lang='lat' dir='ltr'><strong>re</strong></span> <span class='ocrx_word' id='word_1_210' title='bbox 1847 2573 2008 2629; x_wconf 87' lang='lat' dir='ltr'><strong>Chri-</strong></span> 
     </span>
    </p>
   </div>
   <div class='ocr_carea' id='block_1_34' title="bbox 312 2644 2010 2715">
    <p class='ocr_par' dir='ltr' id='par_1_34' title="bbox 312 2644 2010 2715">
     <span class='ocr_line' id='line_1_34' title="bbox 312 2644 2010 2715; baseline 0 -19"><span class='ocrx_word' id='word_1_211' title='bbox 312 2644 508 2696; x_wconf 70' lang='lat' dir='ltr'><strong>stianae</strong></span> <span class='ocrx_word' id='word_1_212' title='bbox 541 2644 792 2696; x_wconf 87' lang='lat' dir='ltr'><strong>veritatis</strong></span> <span class='ocrx_word' id='word_1_213' title='bbox 813 2645 1084 2697; x_wconf 87' lang='lat' dir='ltr'><strong>adversus</strong></span> <span class='ocrx_word' id='word_1_214' title='bbox 1103 2645 1400 2715; x_wconf 88' lang='lat' dir='ltr'><strong>pertidiam</strong></span> <span class='ocrx_word' id='word_1_215' title='bbox 1434 2645 1759 2698; x_wconf 64' lang='lat' dir='ltr'><strong>Iudaeorum</strong></span> <span class='ocrx_word' id='word_1_216' title='bbox 1789 2644 2010 2715; x_wconf 86' lang='lat' dir='ltr'><strong>dignis-</strong></span> 
     </span>
    </p>
   </div>
   <div class='ocr_carea' id='block_1_35' title="bbox 311 2731 474 2767">
    <p class='ocr_par' dir='ltr' id='par_1_35' title="bbox 311 2731 474 2767">
     <span class='ocr_line' id='line_1_35' title="bbox 311 2731 474 2767; baseline -0.012 -1"><span class='ocrx_word' id='word_1_217' title='bbox 311 2731 474 2767; x_wconf 76' lang='lat' dir='ltr'><strong>Slnla.</strong></span> 
     </span>
    </p>
   </div>
   <div class='ocr_carea' id='block_1_36' title="bbox 378 2785 1728 2849">
    <p class='ocr_par' dir='ltr' id='par_1_36' title="bbox 378 2785 1728 2849">
     <span class='ocr_line' id='line_1_36' title="bbox 378 2785 1728 2849; baseline 0.001 -11"><span class='ocrx_word' id='word_1_218' title='bbox 378 2787 504 2838; x_wconf 78' lang='lat' dir='ltr'><strong>XIX.</strong></span> <span class='ocrx_word' id='word_1_219' title='bbox 543 2787 960 2849; x_wconf 84' lang='lat' dir='ltr'><strong>Transgressori</strong></span> <span class='ocrx_word' id='word_1_220' title='bbox 992 2786 1195 2838; x_wconf 76' lang='lat' dir='ltr'><strong>Alearo</strong></span> <span class='ocrx_word' id='word_1_221' title='bbox 1227 2786 1338 2838; x_wconf 84' lang='lat' dir='ltr'><strong>alia</strong></span> <span class='ocrx_word' id='word_1_222' title='bbox 1373 2785 1728 2839; x_wconf 84' lang='lat' dir='ltr'><strong>brevissima.</strong></span> 
     </span>
    </p>
   </div>
   <div class='ocr_carea' id='block_1_37' title="bbox 379 2856 1781 2924">
    <p class='ocr_par' dir='ltr' id='par_1_37' title="bbox 379 2856 1781 2924">
     <span class='ocr_line' id='line_1_37' title="bbox 379 2856 1781 2924; baseline 0 -16"><span class='ocrx_word' id='word_1_223' title='bbox 379 2857 480 2909; x_wconf 80' lang='lat' dir='ltr'><strong>XX.</strong></span> <span class='ocrx_word' id='word_1_224' title='bbox 517 2858 884 2923; x_wconf 83' lang='lat' dir='ltr'><strong>Reciprocatio</strong></span> <span class='ocrx_word' id='word_1_225' title='bbox 908 2856 1107 2908; x_wconf 87' lang='lat' dir='ltr'><strong>Alvari</strong></span> <span class='ocrx_word' id='word_1_226' title='bbox 1143 2860 1532 2924; x_wconf 79' lang='lat' dir='ltr'><strong>transqressori</strong></span> <span class='ocrx_word' id='word_1_227' title='bbox 1553 2857 1781 2910; x_wconf 82' lang='lat' dir='ltr'><strong>directa.</strong></span> 
     </span>
    </p>
   </div>
   <div class='ocr_carea' id='block_1_38' title="bbox 381 2926 2009 2996">
    <p class='ocr_par' dir='ltr' id='par_1_38' title="bbox 381 2926 2009 2996">
     <span class='ocr_line' id='line_1_38' title="bbox 381 2926 2009 2996; baseline 0.001 -18"><span class='ocrx_word' id='word_1_228' title='bbox 381 2929 522 2979; x_wconf 83' lang='lat' dir='ltr'><strong>Ante</strong></span> <span class='ocrx_word' id='word_1_229' title='bbox 553 2926 653 2978; x_wconf 90' lang='lat' dir='ltr'><strong>has</strong></span> <span class='ocrx_word' id='word_1_230' title='bbox 689 2927 954 2993; x_wconf 84' lang='lat' dir='ltr'><strong>epistolas</strong></span> <span class='ocrx_word' id='word_1_231' title='bbox 987 2926 1044 2978; x_wconf 91' lang='lat' dir='ltr'><strong>in</strong></span> <span class='ocrx_word' id='word_1_232' title='bbox 1077 2927 1268 2979; x_wconf 89' lang='lat' dir='ltr'><strong>codice</strong></span> <span class='ocrx_word' id='word_1_233' title='bbox 1299 2934 1490 2979; x_wconf 91' lang='lat' dir='ltr'><strong>nostro</strong></span> <span class='ocrx_word' id='word_1_234' title='bbox 1555 2929 1810 2980; x_wconf 89' lang='lat' dir='ltr'><strong>carmina</strong></span> <span class='ocrx_word' id='word_1_235' title='bbox 1855 2943 2009 2996; x_wconf 69' lang='lat' dir='ltr'><strong>quaa-</strong></span> 
     </span>
    </p>
   </div>
   <div class='ocr_carea' id='block_1_39' title="bbox 309 2996 2002 3066">
    <p class='ocr_par' dir='ltr' id='par_1_39' title="bbox 309 2996 2002 3066">
     <span class='ocr_line' id='line_1_39' title="bbox 309 2996 2002 3066; baseline 0.001 -17"><span class='ocrx_word' id='word_1_236' title='bbox 309 2996 440 3049; x_wconf 90' lang='lat' dir='ltr'><strong>dam</strong></span> <span class='ocrx_word' id='word_1_237' title='bbox 473 3002 606 3048; x_wconf 85' lang='lat' dir='ltr'><strong>sunt</strong></span> <span class='ocrx_word' id='word_1_238' title='bbox 636 3002 764 3064; x_wconf 85' lang='lat' dir='ltr'><strong>post</strong></span> <span class='ocrx_word' id='word_1_239' title='bbox 808 2997 954 3048; x_wconf 91' lang='lat' dir='ltr'><strong>hanc</strong></span> <span class='ocrx_word' id='word_1_240' title='bbox 1007 2997 1436 3066; x_wconf 87' lang='lat' dir='ltr'><strong>inscriptionem</strong></span> <span class='ocrx_word' id='word_1_241' title='bbox 1469 3014 1480 3050; x_wconf 92' lang='lat'><strong>:</strong></span> <span class='ocrx_word' id='word_1_242' title='bbox 1527 2999 1803 3066; x_wconf 86' lang='lat' dir='ltr'><strong>Incipiunt</strong></span> <span class='ocrx_word' id='word_1_243' title='bbox 1841 3000 2002 3051; x_wconf 77' lang='lat' dir='ltr'><strong>versi.</strong></span> 
     </span>
    </p>
   </div>
   <div class='ocr_carea' id='block_1_40' title="bbox 2128 531 3804 602">
    <p class='ocr_par' dir='ltr' id='par_1_40' title="bbox 2128 531 3804 602">
     <span class='ocr_line' id='line_1_40' title="bbox 2128 531 3804 602; baseline 0.002 -20"><span class='ocrx_word' id='word_1_244' title='bbox 2128 531 2258 602; x_wconf 81' lang='lat' dir='ltr'><strong>ldus</strong></span> <span class='ocrx_word' id='word_1_245' title='bbox 2289 534 2499 596; x_wconf 82' lang='lat' dir='ltr'><strong>Martii,</strong></span> <span class='ocrx_word' id='word_1_246' title='bbox 2531 549 2706 602; x_wconf 88' lang='lat' dir='ltr'><strong>quam</strong></span> <span class='ocrx_word' id='word_1_247' title='bbox 2737 550 2800 585; x_wconf 85' lang='lat' dir='ltr'><strong>ex</strong></span> <span class='ocrx_word' id='word_1_248' title='bbox 2830 533 3023 585; x_wconf 89' lang='lat' dir='ltr'><strong>codice</strong></span> <span class='ocrx_word' id='word_1_249' title='bbox 3070 549 3172 586; x_wconf 87' lang='lat' dir='ltr'><strong>ms.</strong></span> <span class='ocrx_word' id='word_1_250' title='bbox 3211 535 3464 587; x_wconf 75' lang='lat' dir='ltr'><strong>ecclesiae</strong></span> <span class='ocrx_word' id='word_1_251' title='bbox 3516 534 3804 598; x_wconf 79' lang='lat' dir='ltr'><strong>Ovetensis,</strong></span> 
     </span>
    </p>
   </div>
   <div class='ocr_carea' id='block_1_41' title="bbox 2129 601 3806 674">
    <p class='ocr_par' dir='ltr' id='par_1_41' title="bbox 2129 601 3806 674">
     <span class='ocr_line' id='line_1_41' title="bbox 2129 601 3806 674; baseline 0.002 -21"><span class='ocrx_word' id='word_1_252' title='bbox 2129 601 2234 654; x_wconf 88' lang='lat' dir='ltr'><strong>hoc</strong></span> <span class='ocrx_word' id='word_1_253' title='bbox 2265 603 2428 674; x_wconf 83' lang='lat' dir='ltr'><strong>titulo</strong></span> <span class='ocrx_word' id='word_1_254' title='bbox 2463 601 2773 672; x_wconf 82' lang='lat' dir='ltr'><strong>insignem,</strong></span> <span class='ocrx_word' id='word_1_255' title='bbox 2793 609 2846 655; x_wconf 90' lang='lat' dir='ltr'><strong>et</strong></span> <span class='ocrx_word' id='word_1_256' title='bbox 2867 605 3028 673; x_wconf 86' lang='lat' dir='ltr'><strong>quasi</strong></span> <span class='ocrx_word' id='word_1_257' title='bbox 3063 619 3300 673; x_wconf 86' lang='lat' dir='ltr'><strong>operum</strong></span> <span class='ocrx_word' id='word_1_258' title='bbox 3339 605 3571 674; x_wconf 84' lang='lat' dir='ltr'><strong>Eulogii</strong></span> <span class='ocrx_word' id='word_1_259' title='bbox 3601 605 3806 674; x_wconf 81' lang='lat' dir='ltr'><strong>prodro-</strong></span> 
     </span>
    </p>
   </div>
   <div class='ocr_carea' id='block_1_42' title="bbox 2129 673 3806 742">
    <p class='ocr_par' dir='ltr' id='par_1_42' title="bbox 2129 673 3806 742">
     <span class='ocr_line' id='line_1_42' title="bbox 2129 673 3806 742; baseline 0.001 -18"><span class='ocrx_word' id='word_1_260' title='bbox 2129 687 2308 734; x_wconf 89' lang='lat' dir='ltr'><strong>mum,</strong></span> <span class='ocrx_word' id='word_1_261' title='bbox 2343 673 2578 726; x_wconf 86' lang='lat' dir='ltr'><strong>Morales</strong></span> <span class='ocrx_word' id='word_1_262' title='bbox 2605 674 2805 740; x_wconf 88' lang='lat' dir='ltr'><strong>edidit,</strong></span> <span class='ocrx_word' id='word_1_263' title='bbox 2839 681 2896 726; x_wconf 90' lang='lat' dir='ltr'><strong>et</strong></span> <span class='ocrx_word' id='word_1_264' title='bbox 2926 678 3054 742; x_wconf 77' lang='lat' dir='ltr'><strong>post</strong></span> <span class='ocrx_word' id='word_1_265' title='bbox 3092 691 3220 727; x_wconf 92' lang='lat' dir='ltr'><strong>eum</strong></span> <span class='ocrx_word' id='word_1_266' title='bbox 3249 673 3508 729; x_wconf 27' lang='lat' dir='ltr'><strong>Schotus’</strong></span> <span class='ocrx_word' id='word_1_267' title='bbox 3533 673 3806 741; x_wconf 27' lang='lat' dir='ltr'><strong>in’His‘pa-</strong></span> 
     </span>
    </p>
   </div>
   <div class='ocr_carea' id='block_1_43' title="bbox 2126 743 3804 814">
    <p class='ocr_par' dir='ltr' id='par_1_43' title="bbox 2126 743 3804 814">
     <span class='ocr_line' id='line_1_43' title="bbox 2126 743 3804 814; baseline 0.002 -19"><span class='ocrx_word' id='word_1_268' title='bbox 2126 745 2231 796; x_wconf 67' lang='lat' dir='ltr'><strong>uiae</strong></span> <span class='ocrx_word' id='word_1_269' title='bbox 2260 743 2551 797; x_wconf 57' lang='lat' dir='ltr'><strong>illustrata</strong></span> <span class='ocrx_word' id='word_1_270' title='bbox 2596 750 2798 814; x_wconf 90' lang='lat' dir='ltr'><strong>quarto</strong></span> <span class='ocrx_word' id='word_1_271' title='bbox 2833 745 3144 812; x_wconf 86' lang='lat' dir='ltr'><strong>volumine,</strong></span> <span class='ocrx_word' id='word_1_272' title='bbox 3195 762 3325 798; x_wconf 88' lang='lat' dir='ltr'><strong>cum</strong></span> <span class='ocrx_word' id='word_1_273' title='bbox 3373 746 3532 798; x_wconf 90' lang='lat' dir='ltr'><strong>notis</strong></span> <span class='ocrx_word' id='word_1_274' title='bbox 3577 746 3804 814; x_wconf 80' lang='lat' dir='ltr'><strong>ejusdem</strong></span> 
     </span>
    </p>
   </div>
   <div class='ocr_carea' id='block_1_44' title="bbox 2129 815 2374 867">
    <p class='ocr_par' dir='ltr' id='par_1_44' title="bbox 2129 815 2374 867">
     <span class='ocr_line' id='line_1_44' title="bbox 2129 815 2374 867; baseline -0.004 0"><span class='ocrx_word' id='word_1_275' title='bbox 2129 815 2374 867; x_wconf 84' lang='lat' dir='ltr'><strong>Moralis.</strong></span> 
     </span>
    </p>
   </div>
   <div class='ocr_carea' id='block_1_45' title="bbox 2199 885 3806 955">
    <p class='ocr_par' dir='ltr' id='par_1_45' title="bbox 2199 885 3806 955">
     <span class='ocr_line' id='line_1_45' title="bbox 2199 885 3806 955; baseline -0.001 -17"><span class='ocrx_word' id='word_1_276' title='bbox 2199 886 2354 938; x_wconf 84' lang='lat' dir='ltr'><strong>Hanc</strong></span> <span class='ocrx_word' id='word_1_277' title='bbox 2407 889 2844 955; x_wconf 90' lang='lat' dir='ltr'><strong>consequuntur</strong></span> <span class='ocrx_word' id='word_1_278' title='bbox 2909 887 2969 938; x_wconf 91' lang='lat' dir='ltr'><strong>in</strong></span> <span class='ocrx_word' id='word_1_279' title='bbox 3033 885 3236 939; x_wconf 90' lang='lat' dir='ltr'><strong>eodem</strong></span> <span class='ocrx_word' id='word_1_280' title='bbox 3301 887 3496 940; x_wconf 89' lang='lat' dir='ltr'><strong>codice</strong></span> <span class='ocrx_word' id='word_1_281' title='bbox 3556 886 3806 940; x_wconf 85' lang='lat' dir='ltr'><strong>editioni-</strong></span> 
     </span>
    </p>
   </div>
   <div class='ocr_carea' id='block_1_46' title="bbox 2130 954 3176 1026">
    <p class='ocr_par' dir='ltr' id='par_1_46' title="bbox 2130 954 3176 1026">
     <span class='ocr_line' id='line_1_46' title="bbox 2130 954 3176 1026; baseline 0.004 -20"><span class='ocrx_word' id='word_1_282' title='bbox 2130 954 2254 1020; x_wconf 90' lang='lat' dir='ltr'><strong>bus,</strong></span> <span class='ocrx_word' id='word_1_283' title='bbox 2294 957 2537 1026; x_wconf 82' lang='lat' dir='ltr'><strong>Hymnus</strong></span> <span class='ocrx_word' id='word_1_284' title='bbox 2569 954 2627 1009; x_wconf 86' lang='lat' dir='ltr'><strong>in</strong></span> <span class='ocrx_word' id='word_1_285' title='bbox 2655 957 2798 1008; x_wconf 78' lang='lat' dir='ltr'><strong>diem</strong></span> <span class='ocrx_word' id='word_1_286' title='bbox 2819 957 2874 1010; x_wconf 89' lang='lat' dir='ltr'><strong>S.</strong></span> <span class='ocrx_word' id='word_1_287' title='bbox 2911 957 3137 1022; x_wconf 79' lang='lat' dir='ltr'><strong>Eulogii</strong></span> <span class='ocrx_word' id='word_1_288' title='bbox 3164 974 3176 1010; x_wconf 91' lang='lat'><strong>:</strong></span> 
     </span>
    </p>
   </div>
   <div class='ocr_carea' id='block_1_47' title="bbox 2623 1033 3176 1082">
    <p class='ocr_par' dir='ltr' id='par_1_47' title="bbox 2623 1033 3176 1082">
     <span class='ocr_line' id='line_1_47' title="bbox 2623 1033 3176 1082; baseline 0.004 -2"><span class='ocrx_word' id='word_1_289' title='bbox 2623 1033 2760 1081; x_wconf 86' lang='lat' dir='ltr'><strong>Almi</strong></span> <span class='ocrx_word' id='word_1_290' title='bbox 2781 1047 2924 1082; x_wconf 89' lang='lat' dir='ltr'><strong>nunc</strong></span> <span class='ocrx_word' id='word_1_291' title='bbox 2953 1035 3176 1082; x_wconf 88' lang='lat' dir='ltr'><strong>redeunt</strong></span> 
     </span>
    </p>
   </div>
   <div class='ocr_carea' id='block_1_48' title="bbox 2624 1095 3038 1158">
    <p class='ocr_par' dir='ltr' id='par_1_48' title="bbox 2624 1095 3038 1158">
     <span class='ocr_line' id='line_1_48' title="bbox 2624 1095 3038 1158; baseline 0.005 -16"><span class='ocrx_word' id='word_1_292' title='bbox 2624 1097 2774 1143; x_wconf 86' lang='lat' dir='ltr'><strong>Festa</strong></span> <span class='ocrx_word' id='word_1_293' title='bbox 2803 1095 3038 1158; x_wconf 79' lang='lat' dir='ltr'><strong>polil&#39;era.</strong></span> 
     </span>
    </p>
   </div>
   <div class='ocr_carea' id='block_1_49' title="bbox 2126 1165 3808 1235">
    <p class='ocr_par' dir='ltr' id='par_1_49' title="bbox 2126 1165 3808 1235">
     <span class='ocr_line' id='line_1_49' title="bbox 2126 1165 3808 1235; baseline 0 -18"><span class='ocrx_word' id='word_1_294' title='bbox 2126 1169 2296 1234; x_wconf 84' lang='lat' dir='ltr'><strong>atque</strong></span> <span class='ocrx_word' id='word_1_295' title='bbox 2349 1165 2486 1218; x_wconf 90' lang='lat' dir='ltr'><strong>item</strong></span> <span class='ocrx_word' id='word_1_296' title='bbox 2531 1165 2890 1235; x_wconf 86' lang='lat' dir='ltr'><strong>epitaphium</strong></span> <span class='ocrx_word' id='word_1_297' title='bbox 2936 1167 3211 1234; x_wconf 89' lang='lat' dir='ltr'><strong>ejusdem.</strong></span> <span class='ocrx_word' id='word_1_298' title='bbox 3261 1167 3462 1220; x_wconf 87' lang='lat' dir='ltr'><strong>Omnia</strong></span> <span class='ocrx_word' id='word_1_299' title='bbox 3527 1167 3671 1228; x_wconf 59' lang='lat' dir='ltr'><strong>hac,</strong></span> <span class='ocrx_word' id='word_1_300' title='bbox 3733 1181 3808 1217; x_wconf 78' lang='lat' dir='ltr'><strong>ex-</strong></span> 
     </span>
    </p>
   </div>
   <div class='ocr_carea' id='block_1_50' title="bbox 2125 1234 3804 1306">
    <p class='ocr_par' dir='ltr' id='par_1_50' title="bbox 2125 1234 3804 1306">
     <span class='ocr_line' id='line_1_50' title="bbox 2125 1234 3804 1306; baseline 0.001 -20"><span class='ocrx_word' id='word_1_301' title='bbox 2125 1243 2290 1304; x_wconf 91' lang='lat' dir='ltr'><strong>cepto</strong></span> <span class='ocrx_word' id='word_1_302' title='bbox 2318 1234 2604 1304; x_wconf 83' lang='lat' dir='ltr'><strong>postremo</strong></span> <span class='ocrx_word' id='word_1_303' title='bbox 2645 1234 2816 1289; x_wconf 88' lang='lat' dir='ltr'><strong>hocce</strong></span> <span class='ocrx_word' id='word_1_304' title='bbox 2849 1237 2978 1289; x_wconf 69' lang='lat' dir='ltr'><strong>vitae</strong></span> <span class='ocrx_word' id='word_1_305' title='bbox 3017 1237 3264 1306; x_wconf 84' lang='lat' dir='ltr'><strong>Eulogii,</strong></span> <span class='ocrx_word' id='word_1_306' title='bbox 3289 1238 3468 1290; x_wconf 89' lang='lat' dir='ltr'><strong>latent</strong></span> <span class='ocrx_word' id='word_1_307' title='bbox 3499 1237 3688 1290; x_wconf 87' lang='lat' dir='ltr'><strong>adhuc</strong></span> <span class='ocrx_word' id='word_1_308' title='bbox 3725 1239 3804 1298; x_wconf 69' lang='lat' dir='ltr'><strong>ta}.</strong></span> 
     </span>
    </p>
   </div>
   <div class='ocr_carea' id='block_1_51' title="bbox 2126 1306 3806 1377">
    <p class='ocr_par' dir='ltr' id='par_1_51' title="bbox 2126 1306 3806 1377">
     <span class='ocr_line' id='line_1_51' title="bbox 2126 1306 3806 1377; baseline 0 -20"><span class='ocrx_word' id='word_1_309' title='bbox 2126 1306 2319 1376; x_wconf 86' lang='lat' dir='ltr'><strong>Neque</strong></span> <span class='ocrx_word' id='word_1_310' title='bbox 2351 1307 2415 1359; x_wconf 92' lang='lat' dir='ltr'><strong>D.</strong></span> <span class='ocrx_word' id='word_1_311' title='bbox 2452 1307 2786 1359; x_wconf 79' lang='lat' dir='ltr'><strong>Laurentius</strong></span> <span class='ocrx_word' id='word_1_312' title='bbox 2817 1307 3190 1372; x_wconf 80' lang='lat' dir='ltr'><strong>Ramirezius,</strong></span> <span class='ocrx_word' id='word_1_313' title='bbox 3225 1323 3411 1377; x_wconf 87' lang='lat' dir='ltr'><strong>neque</strong></span> <span class='ocrx_word' id='word_1_314' title='bbox 3463 1308 3532 1360; x_wconf 92' lang='lat' dir='ltr'><strong>D.</strong></span> <span class='ocrx_word' id='word_1_315' title='bbox 3587 1309 3806 1360; x_wconf 80' lang='lat' dir='ltr'><strong>Thomas</strong></span> 
     </span>
    </p>
   </div>
   <div class='ocr_carea' id='block_1_52' title="bbox 2124 1377 3802 1448">
    <p class='ocr_par' dir='ltr' id='par_1_52' title="bbox 2124 1377 3802 1448">
     <span class='ocr_line' id='line_1_52' title="bbox 2124 1377 3802 1448; baseline 0 -20"><span class='ocrx_word' id='word_1_316' title='bbox 2124 1377 2409 1448; x_wconf 83' lang='lat' dir='ltr'><strong>&#39;l‘amaius,</strong></span> <span class='ocrx_word' id='word_1_317' title='bbox 2442 1384 2765 1430; x_wconf 88' lang='lat' dir='ltr'><strong>nostrarum</strong></span> <span class='ocrx_word' id='word_1_318' title='bbox 2825 1394 3018 1430; x_wconf 89' lang='lat' dir='ltr'><strong>rerum</strong></span> <span class='ocrx_word' id='word_1_319' title='bbox 3042 1378 3482 1448; x_wconf 85' lang='lat' dir='ltr'><strong>diligentissimi,</strong></span> <span class='ocrx_word' id='word_1_320' title='bbox 3541 1378 3646 1447; x_wconf 87' lang='lat' dir='ltr'><strong>qui</strong></span> <span class='ocrx_word' id='word_1_321' title='bbox 3691 1378 3802 1430; x_wconf 89' lang='lat' dir='ltr'><strong>olim</strong></span> 
     </span>
    </p>
   </div>
   <div class='ocr_carea' id='block_1_53' title="bbox 2125 1447 3802 1514">
    <p class='ocr_par' dir='ltr' id='par_1_53' title="bbox 2125 1447 3802 1514">
     <span class='ocr_line' id='line_1_53' title="bbox 2125 1447 3802 1514; baseline 0.001 -16"><span class='ocrx_word' id='word_1_322' title='bbox 2125 1447 2435 1500; x_wconf 88' lang='lat' dir='ltr'><strong>editionem</strong></span> <span class='ocrx_word' id='word_1_323' title='bbox 2489 1449 2747 1500; x_wconf 81' lang='lat' dir='ltr'><strong>meditati</strong></span> <span class='ocrx_word' id='word_1_324' title='bbox 2783 1453 2932 1514; x_wconf 90' lang='lat' dir='ltr'><strong>sunt,</strong></span> <span class='ocrx_word' id='word_1_325' title='bbox 2975 1447 3356 1502; x_wconf 27' lang='lat' dir='ltr'><strong>ﬁdem’suam</strong></span> <span class='ocrx_word' id='word_1_326' title='bbox 3411 1448 3802 1501; x_wconf 77' lang='lat' dir='ltr'><strong>liberaverunt.</strong></span> 
     </span>
    </p>
   </div>
   <div class='ocr_carea' id='block_1_54' title="bbox 2129 1519 3804 1589">
    <p class='ocr_par' dir='ltr' id='par_1_54' title="bbox 2129 1519 3804 1589">
     <span class='ocr_line' id='line_1_54' title="bbox 2129 1519 3804 1589; baseline 0 -19"><span class='ocrx_word' id='word_1_327' title='bbox 2129 1519 2290 1570; x_wconf 76' lang='lat' dir='ltr'><strong>Forte</strong></span> <span class='ocrx_word' id='word_1_328' title='bbox 2323 1534 2445 1583; x_wconf 89' lang='lat' dir='ltr'><strong>nos,</strong></span> <span class='ocrx_word' id='word_1_329' title='bbox 2471 1519 2516 1570; x_wconf 92' lang='lat' dir='ltr'><strong>si</strong></span> <span class='ocrx_word' id='word_1_330' title='bbox 2545 1519 2724 1571; x_wconf 90' lang='lat' dir='ltr'><strong>otium</strong></span> <span class='ocrx_word' id='word_1_331' title='bbox 2771 1525 3036 1589; x_wconf 88' lang='lat' dir='ltr'><strong>suppetat</strong></span> <span class='ocrx_word' id='word_1_332' title='bbox 3072 1520 3298 1572; x_wconf 89' lang='lat' dir='ltr'><strong>scholiis</strong></span> <span class='ocrx_word' id='word_1_333' title='bbox 3329 1520 3723 1582; x_wconf 80' lang='lat' dir='ltr'><strong>conﬁciendis,</strong></span> <span class='ocrx_word' id='word_1_334' title='bbox 3763 1519 3804 1571; x_wconf 89' lang='lat' dir='ltr'><strong>id</strong></span> 
     </span>
    </p>
   </div>
   <div class='ocr_carea' id='block_1_55' title="bbox 2127 1589 3387 1658">
    <p class='ocr_par' dir='ltr' id='par_1_55' title="bbox 2127 1589 3387 1658">
     <span class='ocr_line' id='line_1_55' title="bbox 2127 1589 3387 1658; baseline 0.002 -18"><span class='ocrx_word' id='word_1_335' title='bbox 2127 1589 2544 1657; x_wconf 63' lang='lat' dir='ltr'><strong>priestabimus.</strong></span> <span class='ocrx_word' id='word_1_336' title='bbox 2583 1590 2874 1642; x_wconf 87' lang='lat' dir='ltr'><strong>Tribuitur</strong></span> <span class='ocrx_word' id='word_1_337' title='bbox 2908 1606 3136 1658; x_wconf 89' lang='lat' dir='ltr'><strong>quoque</strong></span> <span class='ocrx_word' id='word_1_338' title='bbox 3163 1591 3387 1643; x_wconf 81' lang='lat' dir='ltr'><strong>Alvaro.</strong></span> 
     </span>
    </p>
   </div>
   <div class='ocr_carea' id='block_1_56' title="bbox 2197 1659 3804 1722">
    <p class='ocr_par' dir='ltr' id='par_1_56' title="bbox 2197 1659 3804 1722">
     <span class='ocr_line' id='line_1_56' title="bbox 2197 1659 3804 1722; baseline 0.001 -11"><span class='ocrx_word' id='word_1_339' title='bbox 2197 1660 2357 1712; x_wconf 86' lang='lat' dir='ltr'><strong>Liber</strong></span> <span class='ocrx_word' id='word_1_340' title='bbox 2387 1661 2768 1722; x_wconf 74' lang='lat' dir='ltr'><strong>scintillarum,</strong></span> <span class='ocrx_word' id='word_1_341' title='bbox 2803 1661 2860 1712; x_wconf 92' lang='lat' dir='ltr'><strong>in</strong></span> <span class='ocrx_word' id='word_1_342' title='bbox 2919 1661 3109 1713; x_wconf 88' lang='lat' dir='ltr'><strong>codice</strong></span> <span class='ocrx_word' id='word_1_343' title='bbox 3143 1662 3564 1714; x_wconf 88' lang='lat' dir='ltr'><strong>menbranaceo</strong></span> <span class='ocrx_word' id='word_1_344' title='bbox 3619 1659 3804 1713; x_wconf 88' lang='lat' dir='ltr'><strong>biblio-</strong></span> 
     </span>
    </p>
   </div>
   <div class='ocr_carea' id='block_1_57' title="bbox 2055 1728 3802 1810">
    <p class='ocr_par' dir='ltr' id='par_1_57' title="bbox 2055 1728 3802 1810">
     <span class='ocr_line' id='line_1_57' title="bbox 2055 1728 3802 1810; baseline 0.001 -30"><span class='ocrx_word' id='word_1_345' title='bbox 2055 1759 2094 1810; x_wconf 73' lang='grc' dir='ltr'><strong><em>Β</em></strong></span> <span class='ocrx_word' id='word_1_346' title='bbox 2123 1728 2302 1810; x_wconf 69' lang='lat' dir='ltr'><strong>thecas</strong></span> <span class='ocrx_word' id='word_1_347' title='bbox 2345 1732 2680 1810; x_wconf 73' lang='lat' dir='ltr'><strong>monasterii</strong></span> <span class='ocrx_word' id='word_1_348' title='bbox 2839 1731 3108 1810; x_wconf 41' lang='lat' dir='ltr'><strong>“Facundi</strong></span> <span class='ocrx_word' id='word_1_349' title='bbox 3156 1733 3439 1810; x_wconf 53' lang='lat' dir='ltr'><strong>(Eahggun</strong></span> <span class='ocrx_word' id='word_1_350' title='bbox 3485 1731 3695 1810; x_wconf 57' lang='lat' dir='ltr'><strong>vulgo)</strong></span> <span class='ocrx_word' id='word_1_351' title='bbox 3757 1731 3802 1810; x_wconf 79' lang='lat' dir='ltr'><strong>in</strong></span> 
     </span>
    </p>
   </div>
   <div class='ocr_carea' id='block_1_58' title="bbox 2127 1800 3802 1870">
    <p class='ocr_par' dir='ltr' id='par_1_58' title="bbox 2127 1800 3802 1870">
     <span class='ocr_line' id='line_1_58' title="bbox 2127 1800 3802 1870; baseline 0 -18"><span class='ocrx_word' id='word_1_352' title='bbox 2127 1800 2443 1869; x_wconf 82' lang='lat' dir='ltr'><strong>Hispania:</strong></span> <span class='ocrx_word' id='word_1_353' title='bbox 2499 1801 2596 1853; x_wconf 86' lang='lat' dir='ltr'><strong>ubi</strong></span> <span class='ocrx_word' id='word_1_354' title='bbox 2661 1806 2786 1869; x_wconf 81' lang='lat' dir='ltr'><strong>post</strong></span> <span class='ocrx_word' id='word_1_355' title='bbox 2838 1801 2890 1854; x_wconf 86' lang='lat' dir='ltr'><strong>S.</strong></span> <span class='ocrx_word' id='word_1_356' title='bbox 2957 1803 3210 1870; x_wconf 81' lang='lat' dir='ltr'><strong>Gregorii</strong></span> <span class='ocrx_word' id='word_1_357' title='bbox 3287 1805 3700 1869; x_wconf 63' lang='lat' dir='ltr'><strong>Expositione&quot;:</strong></span> <span class='ocrx_word' id='word_1_358' title='bbox 3757 1805 3802 1853; x_wconf 80' lang='lat' dir='ltr'><strong>in</strong></span> 
     </span>
    </p>
   </div>
   <div class='ocr_carea' id='block_1_59' title="bbox 2123 1871 3797 1941">
    <p class='ocr_par' dir='ltr' id='par_1_59' title="bbox 2123 1871 3797 1941">
     <span class='ocr_line' id='line_1_59' title="bbox 2123 1871 3797 1941; baseline 0.003 -18"><span class='ocrx_word' id='word_1_359' title='bbox 2123 1871 2448 1924; x_wconf 82' lang='lat' dir='ltr'><strong>Ezechielem</strong></span> <span class='ocrx_word' id='word_1_360' title='bbox 2501 1872 2591 1924; x_wconf 88' lang='lat' dir='ltr'><strong>hic</strong></span> <span class='ocrx_word' id='word_1_361' title='bbox 2647 1872 2788 1924; x_wconf 89' lang='lat' dir='ltr'><strong>liber</strong></span> <span class='ocrx_word' id='word_1_362' title='bbox 2833 1878 3012 1924; x_wconf 87' lang='lat' dir='ltr'><strong>exstat</strong></span> <span class='ocrx_word' id='word_1_363' title='bbox 3062 1888 3192 1924; x_wconf 91' lang='lat' dir='ltr'><strong>cum</strong></span> <span class='ocrx_word' id='word_1_364' title='bbox 3249 1873 3352 1925; x_wconf 90' lang='lat' dir='ltr'><strong>hac</strong></span> <span class='ocrx_word' id='word_1_365' title='bbox 3395 1874 3797 1941; x_wconf 78' lang='lat' dir='ltr'><strong>inscriptione:</strong></span> 
     </span>
    </p>
   </div>
   <div class='ocr_carea' id='block_1_60' title="bbox 2123 1941 3800 2010">
    <p class='ocr_par' dir='ltr' id='par_1_60' title="bbox 2123 1941 3800 2010">
     <span class='ocr_line' id='line_1_60' title="bbox 2123 1941 3800 2010; baseline 0.001 -17"><span class='ocrx_word' id='word_1_366' title='bbox 2123 1941 2183 1993; x_wconf 86' lang='lat' dir='ltr'><strong>In</strong></span> <span class='ocrx_word' id='word_1_367' title='bbox 2244 1943 2450 1996; x_wconf 79' lang='lat' dir='ltr'><strong>Christi</strong></span> <span class='ocrx_word' id='word_1_368' title='bbox 2493 1946 2721 2007; x_wconf 80' lang='lat' dir='ltr'><strong>nomine,</strong></span> <span class='ocrx_word' id='word_1_369' title='bbox 2772 1945 2967 2010; x_wconf 81' lang='lat' dir='ltr'><strong>incipit</strong></span> <span class='ocrx_word' id='word_1_370' title='bbox 3013 1943 3149 1995; x_wconf 87' lang='lat' dir='ltr'><strong>liber</strong></span> <span class='ocrx_word' id='word_1_371' title='bbox 3191 1944 3574 1997; x_wconf 84' lang='lat' dir='ltr'><strong>Scintillarum</strong></span> <span class='ocrx_word' id='word_1_372' title='bbox 3625 1945 3800 1995; x_wconf 75' lang='lat' dir='ltr'><strong>Alrari</strong></span> 
     </span>
    </p>
   </div>
   <div class='ocr_carea' id='block_1_61' title="bbox 2124 2011 3800 2066">
    <p class='ocr_par' dir='ltr' id='par_1_61' title="bbox 2124 2011 3800 2066">
     <span class='ocr_line' id='line_1_61' title="bbox 2124 2011 3800 2066; baseline -0.002 0"><span class='ocrx_word' id='word_1_373' title='bbox 2124 2011 2479 2066; x_wconf 82' lang='lat' dir='ltr'><strong>Cordubensis</strong></span> <span class='ocrx_word' id='word_1_374' title='bbox 2513 2015 2756 2066; x_wconf 84' lang='lat' dir='ltr'><strong>collectus</strong></span> <span class='ocrx_word' id='word_1_375' title='bbox 2788 2013 2853 2065; x_wconf 86' lang='lat' dir='ltr'><strong>de</strong></span> <span class='ocrx_word' id='word_1_376' title='bbox 2903 2016 3181 2066; x_wconf 75' lang='lat' dir='ltr'><strong>sententiis</strong></span> <span class='ocrx_word' id='word_1_377' title='bbox 3213 2021 3522 2066; x_wconf 88' lang='lat' dir='ltr'><strong>sanctorum</strong></span> <span class='ocrx_word' id='word_1_378' title='bbox 3575 2015 3800 2066; x_wconf 82' lang='lat' dir='ltr'><strong>Patrum.</strong></span> 
     </span>
    </p>
   </div>
   <div class='ocr_carea' id='block_1_62' title="bbox 2123 2083 3806 2153">
    <p class='ocr_par' dir='ltr' id='par_1_62' title="bbox 2123 2083 3806 2153">
     <span class='ocr_line' id='line_1_62' title="bbox 2123 2083 3806 2153; baseline -0.002 -17"><span class='ocrx_word' id='word_1_379' title='bbox 2123 2083 2372 2150; x_wconf 76' lang='lat' dir='ltr'><strong>Scriptus</strong></span> <span class='ocrx_word' id='word_1_380' title='bbox 2418 2083 2622 2136; x_wconf 81' lang='lat' dir='ltr'><strong>dicitur</strong></span> <span class='ocrx_word' id='word_1_381' title='bbox 2670 2100 2702 2134; x_wconf 84' lang='lat' dir='ltr'><strong>v</strong></span> <span class='ocrx_word' id='word_1_382' title='bbox 2738 2085 2860 2136; x_wconf 91' lang='lat' dir='ltr'><strong>Kal.</strong></span> <span class='ocrx_word' id='word_1_383' title='bbox 2911 2085 3159 2137; x_wconf 80' lang='lat' dir='ltr'><strong>Octobris</strong></span> <span class='ocrx_word' id='word_1_384' title='bbox 3203 2100 3314 2137; x_wconf 62' lang='lat' dir='ltr'><strong>mra</strong></span> <span class='ocrx_word' id='word_1_385' title='bbox 3361 2100 3590 2137; x_wconf 73' lang='lat' dir='ltr'><strong>MCCXIII.</strong></span> <span class='ocrx_word' id='word_1_386' title='bbox 3645 2085 3806 2153; x_wconf 78' lang='lat' dir='ltr'><strong>Opera</strong></span> 
     </span>
    </p>
   </div>
   <div class='ocr_carea' id='block_1_63' title="bbox 2122 2153 3804 2224">
    <p class='ocr_par' dir='ltr' id='par_1_63' title="bbox 2122 2153 3804 2224">
     <span class='ocr_line' id='line_1_63' title="bbox 2122 2153 3804 2224; baseline 0.001 -21"><span class='ocrx_word' id='word_1_387' title='bbox 2122 2153 2482 2222; x_wconf 85' lang='lat' dir='ltr'><strong>exscriptoris</strong></span> <span class='ocrx_word' id='word_1_388' title='bbox 2553 2153 2641 2206; x_wconf 89' lang='lat' dir='ltr'><strong>hic</strong></span> <span class='ocrx_word' id='word_1_389' title='bbox 2719 2155 3005 2219; x_wconf 86' lang='lat' dir='ltr'><strong>laudatur,</strong></span> <span class='ocrx_word' id='word_1_390' title='bbox 3066 2171 3180 2206; x_wconf 88' lang='lat' dir='ltr'><strong>non</strong></span> <span class='ocrx_word' id='word_1_391' title='bbox 3267 2163 3492 2224; x_wconf 81' lang='lat' dir='ltr'><strong>tempus</strong></span> <span class='ocrx_word' id='word_1_392' title='bbox 3549 2155 3804 2206; x_wconf 83' lang='lat' dir='ltr'><strong>auctoris.</strong></span> 
     </span>
    </p>
   </div>
   <div class='ocr_carea' id='block_1_64' title="bbox 2123 2224 3806 2294">
    <p class='ocr_par' dir='ltr' id='par_1_64' title="bbox 2123 2224 3806 2294">
     <span class='ocr_line' id='line_1_64' title="bbox 2123 2224 3806 2294; baseline 0.001 -20"><span class='ocrx_word' id='word_1_393' title='bbox 2123 2224 2390 2293; x_wconf 83' lang='lat' dir='ltr'><strong>Exempla</strong></span> <span class='ocrx_word' id='word_1_394' title='bbox 2424 2225 2535 2277; x_wconf 91' lang='lat' dir='ltr'><strong>duo</strong></span> <span class='ocrx_word' id='word_1_395' title='bbox 2567 2225 2674 2276; x_wconf 87' lang='lat' dir='ltr'><strong>alia</strong></span> <span class='ocrx_word' id='word_1_396' title='bbox 2706 2225 2959 2290; x_wconf 83' lang='lat' dir='ltr'><strong>Morales,</strong></span> <span class='ocrx_word' id='word_1_397' title='bbox 2994 2226 3092 2294; x_wconf 89' lang='lat' dir='ltr'><strong>qui</strong></span> <span class='ocrx_word' id='word_1_398' title='bbox 3125 2231 3180 2276; x_wconf 87' lang='lat' dir='ltr'><strong>et</strong></span> <span class='ocrx_word' id='word_1_399' title='bbox 3207 2227 3456 2294; x_wconf 89' lang='lat' dir='ltr'><strong>primum</strong></span> <span class='ocrx_word' id='word_1_400' title='bbox 3515 2225 3634 2277; x_wconf 89' lang='lat' dir='ltr'><strong>hoc</strong></span> <span class='ocrx_word' id='word_1_401' title='bbox 3665 2227 3806 2286; x_wconf 81' lang='lat' dir='ltr'><strong>vidit,</strong></span> 
     </span>
    </p>
   </div>
   <div class='ocr_carea' id='block_1_65' title="bbox 2122 2295 3806 2364">
    <p class='ocr_par' dir='ltr' id='par_1_65' title="bbox 2122 2295 3806 2364">
     <span class='ocr_line' id='line_1_65' title="bbox 2122 2295 3806 2364; baseline 0 -19"><span class='ocrx_word' id='word_1_402' title='bbox 2122 2295 2316 2347; x_wconf 86' lang='lat' dir='ltr'><strong>laudat</strong></span> <span class='ocrx_word' id='word_1_403' title='bbox 2347 2295 2406 2347; x_wconf 88' lang='lat' dir='ltr'><strong>in</strong></span> <span class='ocrx_word' id='word_1_404' title='bbox 2461 2295 2732 2348; x_wconf 88' lang='lat' dir='ltr'><strong>relatione</strong></span> <span class='ocrx_word' id='word_1_405' title='bbox 2774 2295 2956 2348; x_wconf 88' lang='lat' dir='ltr'><strong>adhuc</strong></span> <span class='ocrx_word' id='word_1_406' title='bbox 2997 2296 3208 2348; x_wconf 84' lang='lat' dir='ltr'><strong>inedita</strong></span> <span class='ocrx_word' id='word_1_407' title='bbox 3265 2313 3382 2348; x_wconf 68' lang='lat' dir='ltr'><strong>suae</strong></span> <span class='ocrx_word' id='word_1_408' title='bbox 3433 2295 3806 2364; x_wconf 80' lang='lat' dir='ltr'><strong>expeditionis</strong></span> 
     </span>
    </p>
   </div>
   <div class='ocr_carea' id='block_1_66' title="bbox 2119 2365 3806 2433">
    <p class='ocr_par' dir='ltr' id='par_1_66' title="bbox 2119 2365 3806 2433">
     <span class='ocr_line' id='line_1_66' title="bbox 2119 2365 3806 2433; baseline 0.001 -17"><span class='ocrx_word' id='word_1_409' title='bbox 2119 2365 2278 2433; x_wconf 86' lang='lat' dir='ltr'><strong>regio</strong></span> <span class='ocrx_word' id='word_1_410' title='bbox 2313 2370 2454 2418; x_wconf 88' lang='lat' dir='ltr'><strong>nutu</strong></span> <span class='ocrx_word' id='word_1_411' title='bbox 2495 2365 2562 2418; x_wconf 87' lang='lat' dir='ltr'><strong>ad</strong></span> <span class='ocrx_word' id='word_1_412' title='bbox 2613 2366 2891 2418; x_wconf 86' lang='lat' dir='ltr'><strong>visitanda</strong></span> <span class='ocrx_word' id='word_1_413' title='bbox 2939 2365 3218 2418; x_wconf 86' lang='lat' dir='ltr'><strong>tabularia</strong></span> <span class='ocrx_word' id='word_1_414' title='bbox 3247 2373 3304 2418; x_wconf 91' lang='lat' dir='ltr'><strong>et</strong></span> <span class='ocrx_word' id='word_1_415' title='bbox 3351 2367 3583 2419; x_wconf 87' lang='lat' dir='ltr'><strong>cemilia</strong></span> <span class='ocrx_word' id='word_1_416' title='bbox 3629 2367 3806 2420; x_wconf 66' lang='lat' dir='ltr'><strong>Gallae-</strong></span> 
     </span>
    </p>
   </div>
   <div class='ocr_carea' id='block_1_67' title="bbox 2119 2434 3804 2500">
    <p class='ocr_par' dir='ltr' id='par_1_67' title="bbox 2119 2434 3804 2500">
     <span class='ocr_line' id='line_1_67' title="bbox 2119 2434 3804 2500; baseline 0.001 -14"><span class='ocrx_word' id='word_1_417' title='bbox 2119 2434 2238 2500; x_wconf 63' lang='grc' dir='ltr'><strong>(βίω,</strong></span> <span class='ocrx_word' id='word_1_418' title='bbox 2311 2435 2692 2498; x_wconf 83' lang='lat' dir='ltr'><strong>Asturiaram,</strong></span> <span class='ocrx_word' id='word_1_419' title='bbox 2746 2442 2800 2488; x_wconf 89' lang='lat' dir='ltr'><strong>et</strong></span> <span class='ocrx_word' id='word_1_420' title='bbox 2860 2437 3114 2489; x_wconf 74' lang='lat' dir='ltr'><strong>Castaliae</strong></span> <span class='ocrx_word' id='word_1_421' title='bbox 3171 2437 3386 2488; x_wconf 82' lang='lat' dir='ltr'><strong>Veteris</strong></span> <span class='ocrx_word' id='word_1_422' title='bbox 3445 2437 3634 2496; x_wconf 57' lang='lat' dir='ltr'><strong>initaa,</strong></span> <span class='ocrx_word' id='word_1_423' title='bbox 3669 2439 3804 2488; x_wconf 87' lang='lat' dir='ltr'><strong>etin</strong></span> 
     </span>
    </p>
   </div>
   <div class='ocr_carea' id='block_1_68' title="bbox 2125 2505 3804 2576">
    <p class='ocr_par' dir='ltr' id='par_1_68' title="bbox 2125 2505 3804 2576">
     <span class='ocr_line' id='line_1_68' title="bbox 2125 2505 3804 2576; baseline 0.001 -20"><span class='ocrx_word' id='word_1_424' title='bbox 2125 2506 2368 2558; x_wconf 85' lang='lat' dir='ltr'><strong>Historia</strong></span> <span class='ocrx_word' id='word_1_425' title='bbox 2398 2505 2472 2574; x_wconf 85' lang='lat' dir='ltr'><strong>(b)</strong></span> <span class='ocrx_word' id='word_1_426' title='bbox 2518 2507 2774 2560; x_wconf 86' lang='lat' dir='ltr'><strong>Alterum</strong></span> <span class='ocrx_word' id='word_1_427' title='bbox 2823 2508 3148 2576; x_wconf 86' lang='lat' dir='ltr'><strong>exemplum</strong></span> <span class='ocrx_word' id='word_1_428' title='bbox 3199 2507 3412 2560; x_wconf 88' lang='lat' dir='ltr'><strong>servari</strong></span> <span class='ocrx_word' id='word_1_429' title='bbox 3444 2509 3525 2560; x_wconf 87' lang='lat' dir='ltr'><strong>ait</strong></span> <span class='ocrx_word' id='word_1_430' title='bbox 3569 2507 3804 2560; x_wconf 70' lang='lat' dir='ltr'><strong>Gothica:</strong></span> 
     </span>
    </p>
   </div>
   <div class='ocr_carea' id='block_1_69' title="bbox 2120 2576 3806 2646">
    <p class='ocr_par' dir='ltr' id='par_1_69' title="bbox 2120 2576 3806 2646">
     <span class='ocr_line' id='line_1_69' title="bbox 2120 2576 3806 2646; baseline 0.001 -20"><span class='ocrx_word' id='word_1_431' title='bbox 2120 2576 2414 2646; x_wconf 65' lang='lat' dir='ltr'><strong>scripturae</strong></span> <span class='ocrx_word' id='word_1_432' title='bbox 2443 2577 2900 2646; x_wconf 86' lang='lat' dir='ltr'><strong>antiquissimum</strong></span> <span class='ocrx_word' id='word_1_433' title='bbox 2937 2577 2996 2629; x_wconf 92' lang='lat' dir='ltr'><strong>in</strong></span> <span class='ocrx_word' id='word_1_434' title='bbox 3031 2577 3375 2630; x_wconf 85' lang='lat' dir='ltr'><strong>monasterio</strong></span> <span class='ocrx_word' id='word_1_435' title='bbox 3409 2578 3475 2630; x_wconf 85' lang='lat' dir='ltr'><strong>de</strong></span> <span class='ocrx_word' id='word_1_436' title='bbox 3505 2579 3564 2629; x_wconf 87' lang='lat' dir='ltr'><strong>la</strong></span> <span class='ocrx_word' id='word_1_437' title='bbox 3615 2579 3806 2646; x_wconf 75' lang='lat' dir='ltr'><strong>ESpina</strong></span> 
     </span>
    </p>
   </div>
   <div class='ocr_carea' id='block_1_70' title="bbox 2119 2645 3806 2716">
    <p class='ocr_par' dir='ltr' id='par_1_70' title="bbox 2119 2645 3806 2716">
     <span class='ocr_line' id='line_1_70' title="bbox 2119 2645 3806 2716; baseline 0.001 -19"><span class='ocrx_word' id='word_1_438' title='bbox 2119 2645 2506 2699; x_wconf 86' lang='lat' dir='ltr'><strong>Cistercieusis</strong></span> <span class='ocrx_word' id='word_1_439' title='bbox 2538 2645 2777 2710; x_wconf 76' lang='lat' dir='ltr'><strong>ordinis,</strong></span> <span class='ocrx_word' id='word_1_440' title='bbox 2803 2648 3005 2716; x_wconf 89' lang='lat' dir='ltr'><strong>quinto</strong></span> <span class='ocrx_word' id='word_1_441' title='bbox 3039 2647 3259 2700; x_wconf 89' lang='lat' dir='ltr'><strong>decimo</strong></span> <span class='ocrx_word' id='word_1_442' title='bbox 3286 2665 3317 2700; x_wconf 88' lang='lat' dir='ltr'><strong>a</strong></span> <span class='ocrx_word' id='word_1_443' title='bbox 3339 2649 3532 2701; x_wconf 87' lang='lat' dir='ltr'><strong>Pincia</strong></span> <span class='ocrx_word' id='word_1_444' title='bbox 3565 2645 3712 2700; x_wconf 84' lang='lat' dir='ltr'><strong>urbe</strong></span> <span class='ocrx_word' id='word_1_445' title='bbox 3743 2649 3806 2699; x_wconf 82' lang='lat' dir='ltr'><strong>la-</strong></span> 
     </span>
    </p>
   </div>
   <div class='ocr_carea' id='block_1_71' title="bbox 2117 2717 3806 2787">
    <p class='ocr_par' dir='ltr' id='par_1_71' title="bbox 2117 2717 3806 2787">
     <span class='ocr_line' id='line_1_71' title="bbox 2117 2717 3806 2787; baseline 0.001 -19"><span class='ocrx_word' id='word_1_446' title='bbox 2117 2717 2280 2787; x_wconf 88' lang='lat' dir='ltr'><strong>pide;</strong></span> <span class='ocrx_word' id='word_1_447' title='bbox 2343 2717 2586 2769; x_wconf 85' lang='lat' dir='ltr'><strong>alterum</strong></span> <span class='ocrx_word' id='word_1_448' title='bbox 2638 2717 2698 2770; x_wconf 90' lang='lat' dir='ltr'><strong>in</strong></span> <span class='ocrx_word' id='word_1_449' title='bbox 2756 2717 3130 2770; x_wconf 84' lang='lat' dir='ltr'><strong>Mindouiensi</strong></span> <span class='ocrx_word' id='word_1_450' title='bbox 3174 2718 3334 2772; x_wconf 83' lang='lat' dir='ltr'><strong>urbe.</strong></span> <span class='ocrx_word' id='word_1_451' title='bbox 3399 2719 3630 2771; x_wconf 87' lang='lat' dir='ltr'><strong>Editum</strong></span> <span class='ocrx_word' id='word_1_452' title='bbox 3680 2734 3806 2787; x_wconf 85' lang='lat' dir='ltr'><strong>opus</strong></span> 
     </span>
    </p>
   </div>
   <div class='ocr_carea' id='block_1_72' title="bbox 2117 2785 3676 2858">
    <p class='ocr_par' dir='ltr' id='par_1_72' title="bbox 2117 2785 3676 2858">
     <span class='ocr_line' id='line_1_72' title="bbox 2117 2785 3676 2858; baseline 0.003 -20"><span class='ocrx_word' id='word_1_453' title='bbox 2117 2785 2226 2838; x_wconf 90' lang='lat' dir='ltr'><strong>fuit</strong></span> <span class='ocrx_word' id='word_1_454' title='bbox 2251 2787 2477 2840; x_wconf 68' lang='lat' dir='ltr'><strong>Basileze</strong></span> <span class='ocrx_word' id='word_1_455' title='bbox 2511 2789 2725 2858; x_wconf 84' lang='lat' dir='ltr'><strong>absque</strong></span> <span class='ocrx_word' id='word_1_456' title='bbox 2749 2789 2997 2840; x_wconf 81' lang='lat' dir='ltr'><strong>auctoris</strong></span> <span class='ocrx_word' id='word_1_457' title='bbox 3021 2788 3248 2841; x_wconf 87' lang='lat' dir='ltr'><strong>nomine</strong></span> <span class='ocrx_word' id='word_1_458' title='bbox 3279 2789 3343 2856; x_wconf 88' lang='lat' dir='ltr'><strong>(c)</strong></span> <span class='ocrx_word' id='word_1_459' title='bbox 3397 2805 3676 2842; x_wconf 87' lang='lat' dir='ltr'><strong>anno.....</strong></span> 
     </span>
    </p>
   </div>
   <div class='ocr_carea' id='block_1_73' title="bbox 2189 2858 3806 2928">
    <p class='ocr_par' dir='ltr' id='par_1_73' title="bbox 2189 2858 3806 2928">
     <span class='ocr_line' id='line_1_73' title="bbox 2189 2858 3806 2928; baseline 0.001 -18"><span class='ocrx_word' id='word_1_460' title='bbox 2189 2858 2414 2910; x_wconf 84' lang='lat' dir='ltr'><strong>Periere</strong></span> <span class='ocrx_word' id='word_1_461' title='bbox 2470 2859 2600 2920; x_wconf 89' lang='lat' dir='ltr'><strong>alia,</strong></span> <span class='ocrx_word' id='word_1_462' title='bbox 2677 2858 2888 2912; x_wconf 91' lang='lat' dir='ltr'><strong>scilicet</strong></span> <span class='ocrx_word' id='word_1_463' title='bbox 2942 2859 3010 2912; x_wconf 91' lang='lat' dir='ltr'><strong>ad</strong></span> <span class='ocrx_word' id='word_1_464' title='bbox 3065 2861 3361 2928; x_wconf 83' lang='lat' dir='ltr'><strong>Eulogium</strong></span> <span class='ocrx_word' id='word_1_465' title='bbox 3419 2861 3654 2925; x_wconf 67' lang='lat' dir='ltr'><strong>litterae,</strong></span> <span class='ocrx_word' id='word_1_466' title='bbox 3719 2876 3806 2911; x_wconf 87' lang='lat' dir='ltr'><strong>seu</strong></span> 
     </span>
    </p>
   </div>
   <div class='ocr_carea' id='block_1_74' title="bbox 2117 2929 3806 2999">
    <p class='ocr_par' dir='ltr' id='par_1_74' title="bbox 2117 2929 3806 2999">
     <span class='ocr_line' id='line_1_74' title="bbox 2117 2929 3806 2999; baseline 0 -19"><span class='ocrx_word' id='word_1_467' title='bbox 2117 2943 2246 2980; x_wconf 89' lang='lat' dir='ltr'><strong>cum</strong></span> <span class='ocrx_word' id='word_1_468' title='bbox 2303 2944 2370 2980; x_wconf 91' lang='lat' dir='ltr'><strong>eo</strong></span> <span class='ocrx_word' id='word_1_469' title='bbox 2425 2929 2783 2982; x_wconf 89' lang='lat' dir='ltr'><strong>velitationes</strong></span> <span class='ocrx_word' id='word_1_470' title='bbox 2841 2929 3210 2992; x_wconf 71' lang='lat' dir='ltr'><strong>scholasticae,</strong></span> <span class='ocrx_word' id='word_1_471' title='bbox 3271 2947 3413 2999; x_wconf 90' lang='lat' dir='ltr'><strong>quas</strong></span> <span class='ocrx_word' id='word_1_472' title='bbox 3467 2936 3694 2992; x_wconf 88' lang='lat' dir='ltr'><strong>tamen,</strong></span> <span class='ocrx_word' id='word_1_473' title='bbox 3759 2937 3806 2980; x_wconf 84' lang='lat' dir='ltr'><strong>et</strong></span> 
     </span>
    </p>
   </div>
   <div class='ocr_carea' id='block_1_75' title="bbox 2115 2999 3804 3069">
    <p class='ocr_par' dir='ltr' id='par_1_75' title="bbox 2115 2999 3804 3069">
     <span class='ocr_line' id='line_1_75' title="bbox 2115 2999 3804 3069; baseline 0.001 -19"><span class='ocrx_word' id='word_1_474' title='bbox 2115 2999 2470 3068; x_wconf 83' lang='lat' dir='ltr'><strong>rhythmicos</strong></span> <span class='ocrx_word' id='word_1_475' title='bbox 2511 3016 2726 3063; x_wconf 73' lang='lat' dir='ltr'><strong>versus,</strong></span> <span class='ocrx_word' id='word_1_476' title='bbox 2758 3005 2938 3064; x_wconf 66' lang='lat' dir='ltr'><strong>aestas,</strong></span> <span class='ocrx_word' id='word_1_477' title='bbox 2985 3004 3048 3052; x_wconf 89' lang='lat' dir='ltr'><strong>ut</strong></span> <span class='ocrx_word' id='word_1_478' title='bbox 3089 3001 3212 3068; x_wconf 84' lang='lat' dir='ltr'><strong>jam</strong></span> <span class='ocrx_word' id='word_1_479' title='bbox 3262 3015 3326 3052; x_wconf 79' lang='lat' dir='ltr'><strong>ex</strong></span> <span class='ocrx_word' id='word_1_480' title='bbox 3361 3017 3428 3053; x_wconf 91' lang='lat' dir='ltr'><strong>eo</strong></span> <span class='ocrx_word' id='word_1_481' title='bbox 3486 3003 3804 3069; x_wconf 80' lang='lat' dir='ltr'><strong>posuimus,</strong></span> 
     </span>
    </p>
   </div>
   <div class='ocr_carea' id='block_1_76' title="bbox 308 3066 3702 3158">
    <p class='ocr_par' dir='ltr' id='par_1_76' title="bbox 308 3066 3702 3158">
     <span class='ocr_line' id='line_1_76' title="bbox 308 3066 3702 3158; baseline 0.002 -40"><span class='ocrx_word' id='word_1_482' title='bbox 308 3066 575 3158; x_wconf 44' lang='lat' dir='ltr'><strong>iequitur</strong></span> <span class='ocrx_word' id='word_1_483' title='bbox 637 3081 848 3158; x_wconf 71' lang='lat' dir='ltr'><strong>cur/neu</strong></span> <span class='ocrx_word' id='word_1_484' title='bbox 913 3067 1315 3158; x_wconf 36' lang='lat' dir='ltr'><strong>ﬁlomelaicum&#39;</strong></span> <span class='ocrx_word' id='word_1_485' title='bbox 1359 3071 1438 3158; x_wconf 41' lang='lat' dir='ltr'><strong>in!</strong></span> <span class='ocrx_word' id='word_1_486' title='bbox 1480 3069 2004 3158; x_wconf 42' lang='grc' dir='ltr'><strong>Ῑίἰειηνιριίιτιηιίιιιέέεηιἶ</strong></span> <span class='ocrx_word' id='word_1_487' title='bbox 2045 3104 2084 3158; x_wconf 79' lang='lat' dir='ltr'>C</span> <span class='ocrx_word' id='word_1_488' title='bbox 2114 3066 2266 3158; x_wconf 67' lang='lat' dir='ltr'><strong>muta</strong></span> <span class='ocrx_word' id='word_1_489' title='bbox 2284 3069 2554 3158; x_wconf 65' lang='lat' dir='ltr'><strong>abolenda</strong></span> <span class='ocrx_word' id='word_1_490' title='bbox 2583 3085 2647 3122; x_wconf 88' lang='lat' dir='ltr'><strong>ne</strong></span> <span class='ocrx_word' id='word_1_491' title='bbox 2664 3073 2722 3122; x_wconf 88' lang='lat' dir='ltr'><strong>in</strong></span> <span class='ocrx_word' id='word_1_492' title='bbox 2759 3075 2998 3158; x_wconf 65' lang='lat' dir='ltr'><strong>posteros</strong></span> <span class='ocrx_word' id='word_1_493' title='bbox 3031 3066 3385 3158; x_wconf 72' lang='lat' dir='ltr'><strong>remanerent,</strong></span> <span class='ocrx_word' id='word_1_494' title='bbox 3435 3066 3702 3124; x_wconf 74' lang='lat' dir='ltr'><strong>decrevit.</strong></span> 
     </span>
    </p>
   </div>
   <div class='ocr_carea' id='block_1_77' title="bbox 315 3137 2004 3204">
    <p class='ocr_par' dir='ltr' id='par_1_77' title="bbox 315 3137 2004 3204">
     <span class='ocr_line' id='line_1_77' title="bbox 315 3137 2004 3204; baseline 0.001 -15"><span class='ocrx_word' id='word_1_495' title='bbox 315 3139 574 3204; x_wconf 81' lang='lat' dir='ltr'><strong>Fragmen</strong></span> <span class='ocrx_word' id='word_1_496' title='bbox 627 3137 851 3188; x_wconf 80' lang='lat' dir='ltr'><strong>alterius</strong></span> <span class='ocrx_word' id='word_1_497' title='bbox 911 3140 1187 3190; x_wconf 80' lang='lat' dir='ltr'><strong>carminis.</strong></span> <span class='ocrx_word' id='word_1_498' title='bbox 1248 3139 1490 3190; x_wconf 81' lang='lat' dir='ltr'><strong>Disticha</strong></span> <span class='ocrx_word' id='word_1_499' title='bbox 1534 3139 1598 3190; x_wconf 86' lang='lat' dir='ltr'><strong>de</strong></span> <span class='ocrx_word' id='word_1_500' title='bbox 1646 3140 1807 3204; x_wconf 86' lang='lat' dir='ltr'><strong>gallo.</strong></span> <span class='ocrx_word' id='word_1_501' title='bbox 1852 3141 2004 3192; x_wconf 78' lang='lat' dir='ltr'><strong>Versi</strong></span> 
     </span>
    </p>
   </div>
   <div class='ocr_carea' id='block_1_78' title="bbox 311 3208 1995 3277">
    <p class='ocr_par' dir='ltr' id='par_1_78' title="bbox 311 3208 1995 3277">
     <span class='ocr_line' id='line_1_78' title="bbox 311 3208 1995 3277; baseline 0.003 -19"><span class='ocrx_word' id='word_1_502' title='bbox 311 3208 413 3276; x_wconf 88' lang='lat' dir='ltr'><strong>(ita</strong></span> <span class='ocrx_word' id='word_1_503' title='bbox 457 3223 682 3276; x_wconf 87' lang='lat' dir='ltr'><strong>semper</strong></span> <span class='ocrx_word' id='word_1_504' title='bbox 721 3211 1014 3272; x_wconf 84' lang='lat' dir='ltr'><strong>vocantur,</strong></span> <span class='ocrx_word' id='word_1_505' title='bbox 1040 3223 1152 3259; x_wconf 90' lang='lat' dir='ltr'><strong>non</strong></span> <span class='ocrx_word' id='word_1_506' title='bbox 1185 3211 1392 3274; x_wconf 80' lang='lat' dir='ltr'><strong>versus)</strong></span> <span class='ocrx_word' id='word_1_507' title='bbox 1446 3209 1624 3261; x_wconf 83' lang='lat' dir='ltr'><strong>laudis</strong></span> <span class='ocrx_word' id='word_1_508' title='bbox 1675 3212 1755 3262; x_wconf 79' lang='lat' dir='ltr'><strong>vel</strong></span> <span class='ocrx_word' id='word_1_509' title='bbox 1802 3212 1995 3277; x_wconf 83' lang='lat' dir='ltr'><strong>prec-is.</strong></span> 
     </span>
    </p>
   </div>
   <div class='ocr_carea' id='block_1_79' title="bbox 313 3277 2000 3345">
    <p class='ocr_par' dir='ltr' id='par_1_79' title="bbox 313 3277 2000 3345">
     <span class='ocr_line' id='line_1_79' title="bbox 313 3277 2000 3345; baseline 0.001 -15"><span class='ocrx_word' id='word_1_510' title='bbox 313 3279 470 3330; x_wconf 84' lang='lat' dir='ltr'><strong>Versi</strong></span> <span class='ocrx_word' id='word_1_511' title='bbox 539 3277 904 3344; x_wconf 63' lang='lat' dir='ltr'><strong>Epimenides,</strong></span> <span class='ocrx_word' id='word_1_512' title='bbox 961 3279 1304 3342; x_wconf 74' lang='lat' dir='ltr'><strong>aegritudinis</strong></span> <span class='ocrx_word' id='word_1_513' title='bbox 1366 3281 1618 3345; x_wconf 68' lang='lat' dir='ltr'><strong>praprite.</strong></span> <span class='ocrx_word' id='word_1_514' title='bbox 1683 3281 2000 3332; x_wconf 80' lang='lat' dir='ltr'><strong>Lomentum</strong></span> 
     </span>
    </p>
   </div>
   <div class='ocr_carea' id='block_1_80' title="bbox 305 3349 2003 3415">
    <p class='ocr_par' dir='ltr' id='par_1_80' title="bbox 305 3349 2003 3415">
     <span class='ocr_line' id='line_1_80' title="bbox 305 3349 2003 3415; baseline 0.001 -15"><span class='ocrx_word' id='word_1_515' title='bbox 305 3350 586 3400; x_wconf 79' lang='lat' dir='ltr'><strong>metricum</strong></span> <span class='ocrx_word' id='word_1_516' title='bbox 628 3351 931 3415; x_wconf 79' lang='lat' dir='ltr'><strong>proprium.</strong></span> <span class='ocrx_word' id='word_1_517' title='bbox 994 3349 1148 3401; x_wconf 81' lang='lat' dir='ltr'><strong>Versi</strong></span> <span class='ocrx_word' id='word_1_518' title='bbox 1199 3351 1254 3400; x_wconf 86' lang='lat' dir='ltr'><strong>in</strong></span> <span class='ocrx_word' id='word_1_519' title='bbox 1322 3349 1640 3402; x_wconf 79' lang='lat' dir='ltr'><strong>bibliotheca</strong></span> <span class='ocrx_word' id='word_1_520' title='bbox 1695 3351 2003 3412; x_wconf 80' lang='lat' dir='ltr'><strong>Leovigildi</strong></span> 
     </span>
    </p>
   </div>
   <div class='ocr_carea' id='block_1_81' title="bbox 305 3419 1998 3474">
    <p class='ocr_par' dir='ltr' id='par_1_81' title="bbox 305 3419 1998 3474">
     <span class='ocr_line' id='line_1_81' title="bbox 305 3419 1998 3474; baseline 0.002 -4"><span class='ocrx_word' id='word_1_521' title='bbox 305 3419 378 3471; x_wconf 86' lang='lat' dir='ltr'><strong>In</strong></span> <span class='ocrx_word' id='word_1_522' title='bbox 411 3424 582 3472; x_wconf 87' lang='lat' dir='ltr'><strong>crucis</strong></span> <span class='ocrx_word' id='word_1_523' title='bbox 609 3419 839 3471; x_wconf 83' lang='lat' dir='ltr'><strong>laudem.</strong></span> <span class='ocrx_word' id='word_1_524' title='bbox 882 3419 1037 3472; x_wconf 83' lang='lat' dir='ltr'><strong>Versi</strong></span> <span class='ocrx_word' id='word_1_525' title='bbox 1091 3419 1292 3471; x_wconf 84' lang='lat' dir='ltr'><strong>heroici</strong></span> <span class='ocrx_word' id='word_1_526' title='bbox 1331 3421 1388 3471; x_wconf 86' lang='lat' dir='ltr'><strong>in</strong></span> <span class='ocrx_word' id='word_1_527' title='bbox 1429 3420 1642 3472; x_wconf 81' lang='lat' dir='ltr'><strong>laudem</strong></span> <span class='ocrx_word' id='word_1_528' title='bbox 1693 3421 1760 3472; x_wconf 88' lang='grc' dir='ltr'><strong>Β.</strong></span> <span class='ocrx_word' id='word_1_529' title='bbox 1809 3423 1998 3474; x_wconf 85' lang='lat' dir='ltr'><strong>Hiero-</strong></span> 
     </span>
    </p>
   </div>
   <div class='ocr_carea' id='block_1_82' title="bbox 303 3489 1998 3558">
    <p class='ocr_par' dir='ltr' id='par_1_82' title="bbox 303 3489 1998 3558">
     <span class='ocr_line' id='line_1_82' title="bbox 303 3489 1998 3558; baseline 0.002 -18"><span class='ocrx_word' id='word_1_530' title='bbox 303 3493 476 3558; x_wconf 77' lang='lat' dir='ltr'><strong>nymi.</strong></span> <span class='ocrx_word' id='word_1_531' title='bbox 511 3489 715 3542; x_wconf 90' lang='lat' dir='ltr'><strong>Omnia</strong></span> <span class='ocrx_word' id='word_1_532' title='bbox 761 3489 880 3541; x_wconf 70' lang='lat' dir='ltr'><strong>haec</strong></span> <span class='ocrx_word' id='word_1_533' title='bbox 925 3489 980 3540; x_wconf 90' lang='lat' dir='ltr'><strong>in</strong></span> <span class='ocrx_word' id='word_1_534' title='bbox 1032 3489 1344 3558; x_wconf 88' lang='lat' dir='ltr'><strong>exemplari</strong></span> <span class='ocrx_word' id='word_1_535' title='bbox 1383 3495 1574 3542; x_wconf 87' lang='lat' dir='ltr'><strong>nostro</strong></span> <span class='ocrx_word' id='word_1_536' title='bbox 1607 3495 1663 3543; x_wconf 88' lang='lat' dir='ltr'><strong>et</strong></span> <span class='ocrx_word' id='word_1_537' title='bbox 1707 3493 1765 3543; x_wconf 93' lang='lat' dir='ltr'><strong>in</strong></span> <span class='ocrx_word' id='word_1_538' title='bbox 1806 3491 1998 3544; x_wconf 90' lang='lat' dir='ltr'><strong>codice</strong></span> 
     </span>
    </p>
   </div>
   <div class='ocr_carea' id='block_1_83' title="bbox 305 3560 1998 3630">
    <p class='ocr_par' dir='ltr' id='par_1_83' title="bbox 305 3560 1998 3630">
     <span class='ocr_line' id='line_1_83' title="bbox 305 3560 1998 3630; baseline 0 -16"><span class='ocrx_word' id='word_1_539' title='bbox 305 3560 676 3614; x_wconf 85' lang='lat' dir='ltr'><strong>Cordubensi.</strong></span> <span class='ocrx_word' id='word_1_540' title='bbox 715 3560 996 3613; x_wconf 64' lang='lat' dir='ltr'><strong>Praeterea</strong></span> <span class='ocrx_word' id='word_1_541' title='bbox 1038 3561 1264 3630; x_wconf 88' lang='lat' dir='ltr'><strong>scripsit</strong></span> <span class='ocrx_word' id='word_1_542' title='bbox 1303 3562 1540 3614; x_wconf 90' lang='lat' dir='ltr'><strong>Alvarus</strong></span> <span class='ocrx_word' id='word_1_543' title='bbox 1573 3562 1650 3612; x_wconf 90' lang='lat' dir='ltr'><strong>uti</strong></span> <span class='ocrx_word' id='word_1_544' title='bbox 1679 3562 1794 3629; x_wconf 82' lang='lat' dir='ltr'><strong>jam</strong></span> <span class='ocrx_word' id='word_1_545' title='bbox 1850 3561 1998 3614; x_wconf 85' lang='lat' dir='ltr'><strong>vidi-</strong></span> 
     </span>
    </p>
   </div>
   <div class='ocr_carea' id='block_1_84' title="bbox 303 3632 854 3698">
    <p class='ocr_par' dir='ltr' id='par_1_84' title="bbox 303 3632 854 3698">
     <span class='ocr_line' id='line_1_84' title="bbox 303 3632 854 3698; baseline -0.002 -14"><span class='ocrx_word' id='word_1_546' title='bbox 303 3647 430 3684; x_wconf 89' lang='lat' dir='ltr'><strong>mus</strong></span> <span class='ocrx_word' id='word_1_547' title='bbox 460 3632 536 3698; x_wconf 85' lang='lat' dir='ltr'><strong>(in</strong></span> <span class='ocrx_word' id='word_1_548' title='bbox 559 3632 808 3698; x_wconf 86' lang='lat' dir='ltr'><strong>EulogiO)</strong></span> <span class='ocrx_word' id='word_1_549' title='bbox 841 3647 854 3683; x_wconf 89' lang='lat'><strong>:</strong></span> 
     </span>
    </p>
   </div>
   <div class='ocr_carea' id='block_1_85' title="bbox 379 3702 2000 3769">
    <p class='ocr_par' dir='ltr' id='par_1_85' title="bbox 379 3702 2000 3769">
     <span class='ocr_line' id='line_1_85' title="bbox 379 3702 2000 3769; baseline -0.001 -14"><span class='ocrx_word' id='word_1_550' title='bbox 379 3704 559 3755; x_wconf 87' lang='lat' dir='ltr'><strong>Vitam</strong></span> <span class='ocrx_word' id='word_1_551' title='bbox 617 3703 697 3754; x_wconf 74' lang='lat' dir='ltr'><strong>vel</strong></span> <span class='ocrx_word' id='word_1_552' title='bbox 752 3703 1058 3754; x_wconf 82' lang='lat' dir='ltr'><strong>Passioncm</strong></span> <span class='ocrx_word' id='word_1_553' title='bbox 1108 3702 1406 3755; x_wconf 83' lang='lat' dir='ltr'><strong>beatissimi</strong></span> <span class='ocrx_word' id='word_1_554' title='bbox 1463 3704 1728 3769; x_wconf 82' lang='lat' dir='ltr'><strong>martyris</strong></span> <span class='ocrx_word' id='word_1_555' title='bbox 1779 3703 2000 3768; x_wconf 87' lang='lat' dir='ltr'><strong>Eulogii</strong></span> 
     </span>
    </p>
   </div>
   <div class='ocr_carea' id='block_1_86' title="bbox 299 3772 1998 3842">
    <p class='ocr_par' dir='ltr' id='par_1_86' title="bbox 299 3772 1998 3842">
     <span class='ocr_line' id='line_1_86' title="bbox 299 3772 1998 3842; baseline 0.001 -17"><span class='ocrx_word' id='word_1_556' title='bbox 299 3774 599 3841; x_wconf 70' lang='lat' dir='ltr'><strong>presbyteri</strong></span> <span class='ocrx_word' id='word_1_557' title='bbox 626 3777 674 3825; x_wconf 86' lang='lat' dir='ltr'><strong>et</strong></span> <span class='ocrx_word' id='word_1_558' title='bbox 705 3772 956 3838; x_wconf 81' lang='lat' dir='ltr'><strong>doctoris,</strong></span> <span class='ocrx_word' id='word_1_559' title='bbox 991 3774 1086 3840; x_wconf 85' lang='lat' dir='ltr'><strong>qui</strong></span> <span class='ocrx_word' id='word_1_560' title='bbox 1113 3789 1309 3842; x_wconf 81' lang='lat' dir='ltr'><strong>passus</strong></span> <span class='ocrx_word' id='word_1_561' title='bbox 1328 3779 1406 3828; x_wconf 86' lang='lat' dir='ltr'><strong>est</strong></span> <span class='ocrx_word' id='word_1_562' title='bbox 1433 3789 1546 3826; x_wconf 70' lang='lat' dir='ltr'><strong>aera</strong></span> <span class='ocrx_word' id='word_1_563' title='bbox 1567 3789 1862 3841; x_wconf 82' lang='lat' dir='ltr'><strong>ncccxcvu,</strong></span> <span class='ocrx_word' id='word_1_564' title='bbox 1903 3789 1998 3826; x_wconf 91' lang='lat' dir='ltr'><strong>an-</strong></span> 
     </span>
    </p>
   </div>
   <div class='ocr_carea' id='block_1_87' title="bbox 371 3895 1993 3965">
    <p class='ocr_par' dir='ltr' id='par_1_87' title="bbox 371 3895 1993 3965">
     <span class='ocr_line' id='line_1_87' title="bbox 371 3895 1993 3965; baseline 0.001 -17"><span class='ocrx_word' id='word_1_565' title='bbox 371 3895 445 3965; x_wconf 88' lang='lat' dir='ltr'><strong>(a)</strong></span> <span class='ocrx_word' id='word_1_566' title='bbox 503 3897 794 3950; x_wconf 86' lang='lat' dir='ltr'><strong>Habentur</strong></span> <span class='ocrx_word' id='word_1_567' title='bbox 851 3896 970 3949; x_wconf 74' lang='lat' dir='ltr'><strong>haec</strong></span> <span class='ocrx_word' id='word_1_568' title='bbox 1029 3896 1222 3948; x_wconf 88' lang='lat' dir='ltr'><strong>omnia</strong></span> <span class='ocrx_word' id='word_1_569' title='bbox 1271 3895 1424 3965; x_wconf 88' lang='lat' dir='ltr'><strong>apud</strong></span> <span class='ocrx_word' id='word_1_570' title='bbox 1483 3895 1798 3949; x_wconf 89' lang='lat' dir='ltr'><strong>Florezium</strong></span> <span class='ocrx_word' id='word_1_571' title='bbox 1853 3901 1993 3950; x_wconf 90' lang='lat' dir='ltr'><strong>tom.</strong></span> 
     </span>
    </p>
   </div>
   <div class='ocr_carea' id='block_1_88' title="bbox 299 3967 1993 4036">
    <p class='ocr_par' dir='ltr' id='par_1_88' title="bbox 299 3967 1993 4036">
     <span class='ocr_line' id='line_1_88' title="bbox 299 3967 1993 4036; baseline 0.001 -17"><span class='ocrx_word' id='word_1_572' title='bbox 299 3967 381 4032; x_wconf 84' lang='lat' dir='ltr'><strong>XI,</strong></span> <span class='ocrx_word' id='word_1_573' title='bbox 426 3983 456 4019; x_wconf 90' lang='lat' dir='ltr'><strong>a</strong></span> <span class='ocrx_word' id='word_1_574' title='bbox 505 3983 633 4036; x_wconf 85' lang='lat' dir='ltr'><strong>pag.</strong></span> <span class='ocrx_word' id='word_1_575' title='bbox 691 3969 813 4031; x_wconf 72' lang='lat'><strong>275,</strong></span> <span class='ocrx_word' id='word_1_576' title='bbox 871 3967 1007 4032; x_wconf 89' lang='lat' dir='ltr'><strong>imo,</strong></span> <span class='ocrx_word' id='word_1_577' title='bbox 1042 3967 1152 4018; x_wconf 90' lang='lat' dir='ltr'><strong>nisi</strong></span> <span class='ocrx_word' id='word_1_578' title='bbox 1199 3967 1384 4027; x_wconf 86' lang='lat' dir='ltr'><strong>fallor,</strong></span> <span class='ocrx_word' id='word_1_579' title='bbox 1443 3967 1658 4036; x_wconf 91' lang='lat' dir='ltr'><strong>duplici</strong></span> <span class='ocrx_word' id='word_1_580' title='bbox 1707 3969 1993 4035; x_wconf 87' lang='lat' dir='ltr'><strong>poematio</strong></span> 
     </span>
    </p>
   </div>
   <div class='ocr_carea' id='block_1_89' title="bbox 301 4037 1995 4106">
    <p class='ocr_par' dir='ltr' id='par_1_89' title="bbox 301 4037 1995 4106">
     <span class='ocr_line' id='line_1_89' title="bbox 301 4037 1995 4106; baseline 0.002 -18"><span class='ocrx_word' id='word_1_581' title='bbox 301 4043 483 4102; x_wconf 78' lang='lat' dir='ltr'><strong>uncta,</strong></span> <span class='ocrx_word' id='word_1_582' title='bbox 515 4037 788 4088; x_wconf 87' lang='lat' dir='ltr'><strong>nimirum</strong></span> <span class='ocrx_word' id='word_1_583' title='bbox 819 4037 994 4089; x_wconf 87' lang='lat' dir='ltr'><strong>altero</strong></span> <span class='ocrx_word' id='word_1_584' title='bbox 1022 4053 1055 4088; x_wconf 87' lang='lat' dir='ltr'><strong>a</strong></span> <span class='ocrx_word' id='word_1_585' title='bbox 1085 4039 1268 4104; x_wconf 87' lang='lat' dir='ltr'><strong>capite</strong></span> <span class='ocrx_word' id='word_1_586' title='bbox 1309 4037 1532 4102; x_wconf 90' lang='lat' dir='ltr'><strong>mutilo,</strong></span> <span class='ocrx_word' id='word_1_587' title='bbox 1567 4040 1715 4106; x_wconf 90' lang='lat' dir='ltr'><strong>quod</strong></span> <span class='ocrx_word' id='word_1_588' title='bbox 1771 4037 1995 4091; x_wconf 89' lang='lat' dir='ltr'><strong>videtur</strong></span> 
     </span>
    </p>
   </div>
   <div class='ocr_carea' id='block_1_90' title="bbox 300 4107 1991 4176">
    <p class='ocr_par' dir='ltr' id='par_1_90' title="bbox 300 4107 1991 4176">
     <span class='ocr_line' id='line_1_90' title="bbox 300 4107 1991 4176; baseline 0.002 -18"><span class='ocrx_word' id='word_1_589' title='bbox 300 4123 418 4158; x_wconf 87' lang='lat' dir='ltr'><strong>esse</strong></span> <span class='ocrx_word' id='word_1_590' title='bbox 449 4108 518 4158; x_wconf 89' lang='lat' dir='ltr'><strong>de</strong></span> <span class='ocrx_word' id='word_1_591' title='bbox 549 4123 767 4175; x_wconf 80' lang='lat' dir='ltr'><strong>pavone</strong></span> <span class='ocrx_word' id='word_1_592' title='bbox 792 4107 1036 4175; x_wconf 87' lang='lat' dir='ltr'><strong>reliquas</strong></span> <span class='ocrx_word' id='word_1_593' title='bbox 1067 4123 1195 4159; x_wconf 83' lang='lat' dir='ltr'><strong>aves</strong></span> <span class='ocrx_word' id='word_1_594' title='bbox 1219 4113 1274 4159; x_wconf 92' lang='lat' dir='ltr'><strong>et</strong></span> <span class='ocrx_word' id='word_1_595' title='bbox 1301 4109 1586 4176; x_wconf 67' lang='lat' dir='ltr'><strong>praecipue</strong></span> <span class='ocrx_word' id='word_1_596' title='bbox 1620 4107 1991 4176; x_wconf 90' lang='lat' dir='ltr'><strong>philomelam</strong></span> 
     </span>
    </p>
   </div>
   <div class='ocr_carea' id='block_1_91' title="bbox 300 4176 1988 4246">
    <p class='ocr_par' dir='ltr' id='par_1_91' title="bbox 300 4176 1988 4246">
     <span class='ocr_line' id='line_1_91' title="bbox 300 4176 1988 4246; baseline 0.003 -20"><span class='ocrx_word' id='word_1_597' title='bbox 300 4177 544 4244; x_wconf 84' lang='lat' dir='ltr'><strong>superbe</strong></span> <span class='ocrx_word' id='word_1_598' title='bbox 591 4176 957 4242; x_wconf 73' lang='lat' dir='ltr'><strong>despiciente,</strong></span> <span class='ocrx_word' id='word_1_599' title='bbox 1014 4194 1044 4228; x_wconf 89' lang='lat' dir='ltr'><strong>a</strong></span> <span class='ocrx_word' id='word_1_600' title='bbox 1099 4193 1212 4246; x_wconf 86' lang='lat' dir='ltr'><strong>qua</strong></span> <span class='ocrx_word' id='word_1_601' title='bbox 1267 4183 1460 4231; x_wconf 86' lang='lat' dir='ltr'><strong>tamen</strong></span> <span class='ocrx_word' id='word_1_602' title='bbox 1493 4187 1662 4230; x_wconf 75' lang='lat' dir='ltr'><strong>cantu</strong></span> <span class='ocrx_word' id='word_1_603' title='bbox 1695 4178 1934 4231; x_wconf 87' lang='lat' dir='ltr'><strong>vincitur</strong></span> <span class='ocrx_word' id='word_1_604' title='bbox 1976 4196 1988 4232; x_wconf 89' lang='lat'><strong>:</strong></span> 
     </span>
    </p>
   </div>
   <div class='ocr_carea' id='block_1_92' title="bbox 299 4247 1992 4317">
    <p class='ocr_par' dir='ltr' id='par_1_92' title="bbox 299 4247 1992 4317">
     <span class='ocr_line' id='line_1_92' title="bbox 299 4247 1992 4317; baseline 0.003 -20"><span class='ocrx_word' id='word_1_605' title='bbox 299 4247 430 4310; x_wconf 87' lang='lat' dir='ltr'><strong>alio,</strong></span> <span class='ocrx_word' id='word_1_606' title='bbox 463 4247 520 4298; x_wconf 93' lang='lat' dir='ltr'><strong>in</strong></span> <span class='ocrx_word' id='word_1_607' title='bbox 553 4262 663 4314; x_wconf 87' lang='lat' dir='ltr'><strong>quo</strong></span> <span class='ocrx_word' id='word_1_608' title='bbox 699 4247 902 4317; x_wconf 78' lang='lat' dir='ltr'><strong>[lorum</strong></span> <span class='ocrx_word' id='word_1_609' title='bbox 938 4249 1150 4298; x_wconf 87' lang='lat' dir='ltr'><strong>colores</strong></span> <span class='ocrx_word' id='word_1_610' title='bbox 1183 4263 1312 4300; x_wconf 91' lang='lat' dir='ltr'><strong>cum</strong></span> <span class='ocrx_word' id='word_1_611' title='bbox 1357 4249 1680 4317; x_wconf 86' lang='lat' dir='ltr'><strong>lapillorum</strong></span> <span class='ocrx_word' id='word_1_612' title='bbox 1706 4250 1992 4302; x_wconf 90' lang='lat' dir='ltr'><strong>coloribus</strong></span> 
     </span>
    </p>
   </div>
   <div class='ocr_carea' id='block_1_93' title="bbox 296 4316 1992 4387">
    <p class='ocr_par' dir='ltr' id='par_1_93' title="bbox 296 4316 1992 4387">
     <span class='ocr_line' id='line_1_93' title="bbox 296 4316 1992 4387; baseline 0.002 -19"><span class='ocrx_word' id='word_1_613' title='bbox 296 4323 718 4387; x_wconf 86' lang='lat' dir='ltr'><strong>comparantur.</strong></span> <span class='ocrx_word' id='word_1_614' title='bbox 759 4316 992 4368; x_wconf 74' lang='lat' dir='ltr'><strong>Videtur</strong></span> <span class='ocrx_word' id='word_1_615' title='bbox 1031 4323 1222 4370; x_wconf 89' lang='lat' dir='ltr'><strong>autem</strong></span> <span class='ocrx_word' id='word_1_616' title='bbox 1267 4320 1328 4370; x_wconf 88' lang='lat' dir='ltr'><strong>in</strong></span> <span class='ocrx_word' id='word_1_617' title='bbox 1367 4316 1454 4370; x_wconf 76' lang='lat' dir='ltr'><strong>his</strong></span> <span class='ocrx_word' id='word_1_618' title='bbox 1487 4320 1786 4387; x_wconf 86' lang='lat' dir='ltr'><strong>poematiis</strong></span> <span class='ocrx_word' id='word_1_619' title='bbox 1831 4320 1992 4372; x_wconf 87' lang='lat' dir='ltr'><strong>Alva-</strong></span> 
     </span>
    </p>
   </div>
   <div class='ocr_carea' id='block_1_94' title="bbox 297 4386 1982 4458">
    <p class='ocr_par' dir='ltr' id='par_1_94' title="bbox 297 4386 1982 4458">
     <span class='ocr_line' id='line_1_94' title="bbox 297 4386 1982 4458; baseline 0.003 -21"><span class='ocrx_word' id='word_1_620' title='bbox 297 4402 416 4454; x_wconf 88' lang='lat' dir='ltr'><strong>rus,</strong></span> <span class='ocrx_word' id='word_1_621' title='bbox 445 4386 596 4455; x_wconf 90' lang='lat' dir='ltr'><strong>quod</strong></span> <span class='ocrx_word' id='word_1_622' title='bbox 629 4387 798 4455; x_wconf 81' lang='lat' dir='ltr'><strong>paulo</strong></span> <span class='ocrx_word' id='word_1_623' title='bbox 829 4391 960 4458; x_wconf 84' lang='lat' dir='ltr'><strong>ante</strong></span> <span class='ocrx_word' id='word_1_624' title='bbox 995 4387 1309 4452; x_wconf 88' lang='lat' dir='ltr'><strong>innuimus,</strong></span> <span class='ocrx_word' id='word_1_625' title='bbox 1357 4386 1636 4442; x_wconf 88' lang='lat' dir='ltr'><strong>Isidorum</strong></span> <span class='ocrx_word' id='word_1_626' title='bbox 1683 4391 1982 4458; x_wconf 84' lang='lat' dir='ltr'><strong>Hispalen-</strong></span> 
     </span>
    </p>
   </div>
   <div class='ocr_carea' id='block_1_95' title="bbox 2184 3140 3802 3210">
    <p class='ocr_par' dir='ltr' id='par_1_95' title="bbox 2184 3140 3802 3210">
     <span class='ocr_line' id='line_1_95' title="bbox 2184 3140 3802 3210; baseline 0.001 -18"><span class='ocrx_word' id='word_1_627' title='bbox 2184 3140 2560 3192; x_wconf 77' lang='lat' dir='ltr'><strong>.\&#39;leditabatur</strong></span> <span class='ocrx_word' id='word_1_628' title='bbox 2602 3156 2832 3210; x_wconf 88' lang='lat' dir='ltr'><strong>quoque</strong></span> <span class='ocrx_word' id='word_1_629' title='bbox 2873 3141 3140 3194; x_wconf 87' lang='lat' dir='ltr'><strong>adversus</strong></span> <span class='ocrx_word' id='word_1_630' title='bbox 3178 3141 3520 3193; x_wconf 85' lang='lat' dir='ltr'><strong>Alcoranum</strong></span> <span class='ocrx_word' id='word_1_631' title='bbox 3565 3158 3640 3194; x_wconf 81' lang='lat' dir='ltr'><strong>ex</strong></span> <span class='ocrx_word' id='word_1_632' title='bbox 3681 3157 3802 3210; x_wconf 86' lang='lat' dir='ltr'><strong>pro-</strong></span> 
     </span>
    </p>
   </div>
   <div class='ocr_carea' id='block_1_96' title="bbox 2111 3211 3802 3280">
    <p class='ocr_par' dir='ltr' id='par_1_96' title="bbox 2111 3211 3802 3280">
     <span class='ocr_line' id='line_1_96' title="bbox 2111 3211 3802 3280; baseline -0.001 -18"><span class='ocrx_word' id='word_1_633' title='bbox 2111 3211 2297 3279; x_wconf 89' lang='lat' dir='ltr'><strong>posito</strong></span> <span class='ocrx_word' id='word_1_634' title='bbox 2350 3211 2615 3274; x_wconf 88' lang='lat' dir='ltr'><strong>scribere,</strong></span> <span class='ocrx_word' id='word_1_635' title='bbox 2667 3217 2726 3264; x_wconf 89' lang='lat' dir='ltr'><strong>ut</strong></span> <span class='ocrx_word' id='word_1_636' title='bbox 2777 3227 2843 3263; x_wconf 80' lang='lat' dir='ltr'><strong>ex</strong></span> <span class='ocrx_word' id='word_1_637' title='bbox 2899 3211 2984 3264; x_wconf 86' lang='lat' dir='ltr'><strong>his</strong></span> <span class='ocrx_word' id='word_1_638' title='bbox 3043 3211 3286 3264; x_wconf 88' lang='lat' dir='ltr'><strong>Indiculi</strong></span> <span class='ocrx_word' id='word_1_639' title='bbox 3337 3212 3507 3264; x_wconf 91' lang='lat' dir='ltr'><strong>datur</strong></span> <span class='ocrx_word' id='word_1_640' title='bbox 3564 3213 3802 3280; x_wconf 81' lang='lat' dir='ltr'><strong>colligi:</strong></span> 
     </span>
    </p>
   </div>
   <div class='ocr_carea' id='block_1_97' title="bbox 2113 3281 3804 3350">
    <p class='ocr_par' dir='ltr' id='par_1_97' title="bbox 2113 3281 3804 3350">
     <span class='ocr_line' id='line_1_97' title="bbox 2113 3281 3804 3350; baseline 0.001 -20"><span class='ocrx_word' id='word_1_641' title='bbox 2113 3299 2138 3330; x_wconf 88' lang='grc'><strong>‹‹</strong></span> <span class='ocrx_word' id='word_1_642' title='bbox 2173 3281 2308 3344; x_wconf 63' lang='lat' dir='ltr'><strong>Quae</strong></span> <span class='ocrx_word' id='word_1_643' title='bbox 2358 3282 2552 3334; x_wconf 88' lang='lat' dir='ltr'><strong>omnia</strong></span> <span class='ocrx_word' id='word_1_644' title='bbox 2583 3282 2638 3332; x_wconf 90' lang='lat' dir='ltr'><strong>in</strong></span> <span class='ocrx_word' id='word_1_645' title='bbox 2673 3281 2784 3334; x_wconf 89' lang='lat' dir='ltr'><strong>alio</strong></span> <span class='ocrx_word' id='word_1_646' title='bbox 2811 3297 2980 3350; x_wconf 89' lang='lat' dir='ltr'><strong>opere</strong></span> <span class='ocrx_word' id='word_1_647' title='bbox 3013 3281 3362 3334; x_wconf 89' lang='lat' dir='ltr'><strong>enucleatius</strong></span> <span class='ocrx_word' id='word_1_648' title='bbox 3405 3287 3460 3334; x_wconf 89' lang='lat' dir='ltr'><strong>et</strong></span> <span class='ocrx_word' id='word_1_649' title='bbox 3520 3283 3804 3336; x_wconf 82' lang='lat' dir='ltr'><strong>Iimatiore</strong></span> 
     </span>
    </p>
   </div>
   <div class='ocr_carea' id='block_1_98' title="bbox 2109 3351 3800 3418">
    <p class='ocr_par' dir='ltr' id='par_1_98' title="bbox 2109 3351 3800 3418">
     <span class='ocr_line' id='line_1_98' title="bbox 2109 3351 3800 3418; baseline 0.001 -16"><span class='ocrx_word' id='word_1_650' title='bbox 2109 3351 2449 3418; x_wconf 88' lang='lat' dir='ltr'><strong>invectione,</strong></span> <span class='ocrx_word' id='word_1_651' title='bbox 2484 3351 2530 3404; x_wconf 91' lang='lat' dir='ltr'><strong>si</strong></span> <span class='ocrx_word' id='word_1_652' title='bbox 2567 3352 2714 3404; x_wconf 89' lang='lat' dir='ltr'><strong>Deus</strong></span> <span class='ocrx_word' id='word_1_653' title='bbox 2745 3351 2917 3405; x_wconf 86' lang='lat' dir='ltr'><strong>vitam</strong></span> <span class='ocrx_word' id='word_1_654' title='bbox 2961 3352 3320 3418; x_wconf 86' lang='lat' dir='ltr'><strong>concesserit,</strong></span> <span class='ocrx_word' id='word_1_655' title='bbox 3372 3352 3750 3406; x_wconf 85' lang='lat' dir='ltr'><strong>disseremus.</strong></span> <span class='ocrx_word' id='word_1_656' title='bbox 3781 3373 3800 3398; x_wconf 71' lang='grc' dir='ltr'><strong>ι</strong></span> 
     </span>
    </p>
   </div>
   <div class='ocr_carea' id='block_1_99' title="bbox 2110 3422 3802 3492">
    <p class='ocr_par' dir='ltr' id='par_1_99' title="bbox 2110 3422 3802 3492">
     <span class='ocr_line' id='line_1_99' title="bbox 2110 3422 3802 3492; baseline 0.002 -18"><span class='ocrx_word' id='word_1_657' title='bbox 2110 3422 2173 3474; x_wconf 90' lang='lat' dir='ltr'><strong>Et</strong></span> <span class='ocrx_word' id='word_1_658' title='bbox 2202 3427 2433 3490; x_wconf 87' lang='lat' dir='ltr'><strong>postea:</strong></span> <span class='ocrx_word' id='word_1_659' title='bbox 2461 3443 2488 3470; x_wconf 87' lang='grc'><strong>‹‹</strong></span> <span class='ocrx_word' id='word_1_660' title='bbox 2521 3423 2700 3475; x_wconf 86' lang='lat' dir='ltr'><strong>Pudet</strong></span> <span class='ocrx_word' id='word_1_661' title='bbox 2728 3438 2974 3492; x_wconf 88' lang='lat' dir='ltr'><strong>namque</strong></span> <span class='ocrx_word' id='word_1_662' title='bbox 2997 3423 3276 3474; x_wconf 83' lang='lat' dir='ltr'><strong>insaniam</strong></span> <span class='ocrx_word' id='word_1_663' title='bbox 3297 3423 3476 3492; x_wconf 90' lang='lat' dir='ltr'><strong>ipsius</strong></span> <span class='ocrx_word' id='word_1_664' title='bbox 3505 3423 3712 3476; x_wconf 88' lang='lat' dir='ltr'><strong>domui</strong></span> <span class='ocrx_word' id='word_1_665' title='bbox 3733 3423 3802 3492; x_wconf 62' lang='lat' dir='ltr'><strong>{ill</strong></span> 
     </span>
    </p>
   </div>
   <div class='ocr_carea' id='block_1_100' title="bbox 2109 3493 3804 3564">
    <p class='ocr_par' dir='ltr' id='par_1_100' title="bbox 2109 3493 3804 3564">
     <span class='ocr_line' id='line_1_100' title="bbox 2109 3493 3804 3564; baseline 0 -20"><span class='ocrx_word' id='word_1_666' title='bbox 2109 3493 2400 3564; x_wconf 85' lang='lat' dir='ltr'><strong>sigillatim</strong></span> <span class='ocrx_word' id='word_1_667' title='bbox 2441 3508 2750 3564; x_wconf 81' lang='lat' dir='ltr'><strong>exponere,</strong></span> <span class='ocrx_word' id='word_1_668' title='bbox 2796 3509 2900 3564; x_wconf 85' lang='lat' dir='ltr'><strong>nec</strong></span> <span class='ocrx_word' id='word_1_669' title='bbox 2941 3493 3168 3561; x_wconf 86' lang='lat' dir='ltr'><strong>expedit</strong></span> <span class='ocrx_word' id='word_1_670' title='bbox 3209 3493 3460 3546; x_wconf 86' lang='lat' dir='ltr'><strong>breviter</strong></span> <span class='ocrx_word' id='word_1_671' title='bbox 3509 3494 3713 3564; x_wconf 86' lang='lat' dir='ltr'><strong>aliqua</strong></span> <span class='ocrx_word' id='word_1_672' title='bbox 3749 3509 3804 3544; x_wconf 74' lang='lat' dir='ltr'><strong>ex</strong></span> 
     </span>
    </p>
   </div>
   <div class='ocr_carea' id='block_1_101' title="bbox 2107 3563 3804 3633">
    <p class='ocr_par' dir='ltr' id='par_1_101' title="bbox 2107 3563 3804 3633">
     <span class='ocr_line' id='line_1_101' title="bbox 2107 3563 3804 3633; baseline 0.001 -19"><span class='ocrx_word' id='word_1_673' title='bbox 2107 3563 2300 3614; x_wconf 87' lang='lat' dir='ltr'><strong>multis</strong></span> <span class='ocrx_word' id='word_1_674' title='bbox 2326 3563 2637 3616; x_wconf 80' lang='lat' dir='ltr'><strong>deridenda</strong></span> <span class='ocrx_word' id='word_1_675' title='bbox 2659 3563 2867 3631; x_wconf 81' lang='lat' dir='ltr'><strong>jaculis</strong></span> <span class='ocrx_word' id='word_1_676' title='bbox 2923 3564 3242 3633; x_wconf 89' lang='lat' dir='ltr'><strong>impetere;</strong></span> <span class='ocrx_word' id='word_1_677' title='bbox 3283 3579 3411 3616; x_wconf 92' lang='lat' dir='ltr'><strong>cum</strong></span> <span class='ocrx_word' id='word_1_678' title='bbox 3459 3563 3682 3617; x_wconf 78' lang='lat' dir='ltr'><strong>nostris</strong></span> <span class='ocrx_word' id='word_1_679' title='bbox 3731 3571 3804 3616; x_wconf 82' lang='lat' dir='ltr'><strong>te-</strong></span> 
     </span>
    </p>
   </div>
   <div class='ocr_carea' id='block_1_102' title="bbox 2106 3633 3802 3705">
    <p class='ocr_par' dir='ltr' id='par_1_102' title="bbox 2106 3633 3802 3705">
     <span class='ocr_line' id='line_1_102' title="bbox 2106 3633 3802 3705; baseline 0.001 -21"><span class='ocrx_word' id='word_1_680' title='bbox 2106 3639 2312 3685; x_wconf 82' lang='lat' dir='ltr'><strong>neatur</strong></span> <span class='ocrx_word' id='word_1_681' title='bbox 2343 3634 2402 3686; x_wconf 90' lang='lat' dir='ltr'><strong>in</strong></span> <span class='ocrx_word' id='word_1_682' title='bbox 2443 3633 2730 3687; x_wconf 85' lang='lat' dir='ltr'><strong>mentibus</strong></span> <span class='ocrx_word' id='word_1_683' title='bbox 2762 3639 2878 3687; x_wconf 90' lang='lat' dir='ltr'><strong>tota</strong></span> <span class='ocrx_word' id='word_1_684' title='bbox 2909 3635 3256 3704; x_wconf 85' lang='lat' dir='ltr'><strong>quandoque</strong></span> <span class='ocrx_word' id='word_1_685' title='bbox 3305 3635 3576 3688; x_wconf 82' lang='lat' dir='ltr'><strong>ﬁdelibus</strong></span> <span class='ocrx_word' id='word_1_686' title='bbox 3619 3636 3802 3705; x_wconf 81' lang='lat' dir='ltr'><strong>publi-</strong></span> 
     </span>
    </p>
   </div>
   <div class='ocr_carea' id='block_1_103' title="bbox 2106 3719 2308 3756">
    <p class='ocr_par' dir='ltr' id='par_1_103' title="bbox 2106 3719 2308 3756">
     <span class='ocr_line' id='line_1_103' title="bbox 2106 3719 2308 3756; baseline -0.025 -1"><span class='ocrx_word' id='word_1_687' title='bbox 2106 3719 2308 3756; x_wconf 81' lang='lat' dir='ltr'><strong>care.»</strong></span> 
     </span>
    </p>
   </div>
   <div class='ocr_carea' id='block_1_104' title="bbox 2177 3773 3802 3845">
    <p class='ocr_par' dir='ltr' id='par_1_104' title="bbox 2177 3773 3802 3845">
     <span class='ocr_line' id='line_1_104' title="bbox 2177 3773 3802 3845; baseline 0 -19"><span class='ocrx_word' id='word_1_688' title='bbox 2177 3775 2255 3827; x_wconf 86' lang='lat' dir='ltr'><strong>De</strong></span> <span class='ocrx_word' id='word_1_689' title='bbox 2303 3773 2496 3827; x_wconf 81' lang='lat' dir='ltr'><strong>Alvari</strong></span> <span class='ocrx_word' id='word_1_690' title='bbox 2550 3773 2706 3828; x_wconf 89' lang='lat' dir='ltr'><strong>obitu</strong></span> <span class='ocrx_word' id='word_1_691' title='bbox 2745 3773 2890 3827; x_wconf 88' lang='lat' dir='ltr'><strong>nihil</strong></span> <span class='ocrx_word' id='word_1_692' title='bbox 2947 3773 3226 3828; x_wconf 87' lang='lat' dir='ltr'><strong>habemus</strong></span> <span class='ocrx_word' id='word_1_693' title='bbox 3281 3777 3422 3828; x_wconf 89' lang='lat' dir='ltr'><strong>certi</strong></span> <span class='ocrx_word' id='word_1_694' title='bbox 3468 3773 3559 3845; x_wconf 78' lang='grc' dir='ltr'><strong>(θ).</strong></span> <span class='ocrx_word' id='word_1_695' title='bbox 3611 3776 3802 3845; x_wconf 77' lang='lat' dir='ltr'><strong>Neque</strong></span> 
     </span>
    </p>
   </div>
   <div class='ocr_carea' id='block_1_105' title="bbox 2105 3897 3802 3970">
    <p class='ocr_par' dir='ltr' id='par_1_105' title="bbox 2105 3897 3802 3970">
     <span class='ocr_line' id='line_1_105' title="bbox 2105 3897 3802 3970; baseline 0 -20"><span class='ocrx_word' id='word_1_696' title='bbox 2105 3902 2299 3970; x_wconf 83' lang='lat' dir='ltr'><strong>nostro</strong></span> <span class='ocrx_word' id='word_1_697' title='bbox 2317 3897 2841 3970; x_wconf 85' lang='lat' dir='ltr'><strong>memoratocodice</strong></span> <span class='ocrx_word' id='word_1_698' title='bbox 2865 3902 3286 3960; x_wconf 84' lang='lat' dir='ltr'><strong>contentorum,</strong></span> <span class='ocrx_word' id='word_1_699' title='bbox 3311 3915 3440 3968; x_wconf 65' lang='lat' dir='ltr'><strong>quin</strong></span> <span class='ocrx_word' id='word_1_700' title='bbox 3467 3903 3670 3952; x_wconf 87' lang='lat' dir='ltr'><strong>tamen</strong></span> <span class='ocrx_word' id='word_1_701' title='bbox 3691 3899 3802 3970; x_wconf 87' lang='lat' dir='ltr'><strong>ipse</strong></span> 
     </span>
    </p>
   </div>
   <div class='ocr_carea' id='block_1_106' title="bbox 2107 3969 3800 4037">
    <p class='ocr_par' dir='ltr' id='par_1_106' title="bbox 2107 3969 3800 4037">
     <span class='ocr_line' id='line_1_106' title="bbox 2107 3969 3800 4037; baseline 0.001 -17"><span class='ocrx_word' id='word_1_702' title='bbox 2107 3969 2279 4021; x_wconf 88' lang='lat' dir='ltr'><strong>Paulo</strong></span> <span class='ocrx_word' id='word_1_703' title='bbox 2309 3969 2514 4022; x_wconf 83' lang='lat' dir='ltr'><strong>Alvaro</strong></span> <span class='ocrx_word' id='word_1_704' title='bbox 2560 3969 2866 4036; x_wconf 87' lang='lat' dir='ltr'><strong>ahjudicat.</strong></span> <span class='ocrx_word' id='word_1_705' title='bbox 2902 3971 2966 4022; x_wconf 90' lang='lat' dir='ltr'><strong>In</strong></span> <span class='ocrx_word' id='word_1_706' title='bbox 3011 3969 3099 4022; x_wconf 91' lang='lat' dir='ltr'><strong>his</strong></span> <span class='ocrx_word' id='word_1_707' title='bbox 3131 3969 3282 4037; x_wconf 90' lang='lat' dir='ltr'><strong>apud</strong></span> <span class='ocrx_word' id='word_1_708' title='bbox 3337 3969 3684 4036; x_wconf 86' lang='lat' dir='ltr'><strong>Florezium,</strong></span> <span class='ocrx_word' id='word_1_709' title='bbox 3751 3987 3800 4022; x_wconf 80' lang='grc' dir='ltr'><strong>τι.</strong></span> 
     </span>
    </p>
   </div>
   <div class='ocr_carea' id='block_1_107' title="bbox 2103 4039 3800 4108">
    <p class='ocr_par' dir='ltr' id='par_1_107' title="bbox 2103 4039 3800 4108">
     <span class='ocr_line' id='line_1_107' title="bbox 2103 4039 3800 4108; baseline 0.002 -18"><span class='ocrx_word' id='word_1_710' title='bbox 2103 4041 2189 4104; x_wconf 82' lang='lat'><strong>69,</strong></span> <span class='ocrx_word' id='word_1_711' title='bbox 2236 4045 2439 4108; x_wconf 89' lang='lat' dir='ltr'><strong>quarto</strong></span> <span class='ocrx_word' id='word_1_712' title='bbox 2489 4039 2610 4091; x_wconf 90' lang='lat' dir='ltr'><strong>loco</strong></span> <span class='ocrx_word' id='word_1_713' title='bbox 2649 4045 3046 4094; x_wconf 88' lang='lat' dir='ltr'><strong>memoratur:</strong></span> <span class='ocrx_word' id='word_1_714' title='bbox 3102 4041 3264 4094; x_wconf 86' lang='lat' dir='ltr'><strong>Liber</strong></span> <span class='ocrx_word' id='word_1_715' title='bbox 3309 4039 3374 4094; x_wconf 87' lang='lat' dir='ltr'><strong>de</strong></span> <span class='ocrx_word' id='word_1_716' title='bbox 3427 4042 3800 4107; x_wconf 78' lang='lat' dir='ltr'><strong>Genealogiis,</strong></span> 
     </span>
    </p>
   </div>
   <div class='ocr_carea' id='block_1_108' title="bbox 2102 4109 3798 4180">
    <p class='ocr_par' dir='ltr' id='par_1_108' title="bbox 2102 4109 3798 4180">
     <span class='ocr_line' id='line_1_108' title="bbox 2102 4109 3798 4180; baseline 0.004 -20"><span class='ocrx_word' id='word_1_717' title='bbox 2102 4109 2426 4178; x_wconf 88' lang='lat' dir='ltr'><strong>incipiens:</strong></span> <span class='ocrx_word' id='word_1_718' title='bbox 2491 4113 2609 4164; x_wconf 89' lang='lat' dir='ltr'><strong>Duo</strong></span> <span class='ocrx_word' id='word_1_719' title='bbox 2656 4115 2781 4164; x_wconf 88' lang='lat' dir='ltr'><strong>sunt</strong></span> <span class='ocrx_word' id='word_1_720' title='bbox 2835 4109 3049 4175; x_wconf 83' lang='lat' dir='ltr'><strong>Adam;</strong></span> <span class='ocrx_word' id='word_1_721' title='bbox 3099 4126 3238 4164; x_wconf 89' lang='lat' dir='ltr'><strong>unus</strong></span> <span class='ocrx_word' id='word_1_722' title='bbox 3296 4115 3374 4164; x_wconf 88' lang='lat' dir='ltr'><strong>est</strong></span> <span class='ocrx_word' id='word_1_723' title='bbox 3417 4113 3798 4180; x_wconf 79' lang='lat' dir='ltr'><strong>prototapsus.</strong></span> 
     </span>
    </p>
   </div>
   <div class='ocr_carea' id='block_1_109' title="bbox 2101 4180 3804 4251">
    <p class='ocr_par' dir='ltr' id='par_1_109' title="bbox 2101 4180 3804 4251">
     <span class='ocr_line' id='line_1_109' title="bbox 2101 4180 3804 4251; baseline 0.001 -19"><span class='ocrx_word' id='word_1_724' title='bbox 2101 4181 2242 4233; x_wconf 88' lang='lat' dir='ltr'><strong>alius</strong></span> <span class='ocrx_word' id='word_1_725' title='bbox 2279 4185 2358 4233; x_wconf 85' lang='lat' dir='ltr'><strong>est</strong></span> <span class='ocrx_word' id='word_1_726' title='bbox 2393 4180 2657 4234; x_wconf 88' lang='lat' dir='ltr'><strong>secundus</strong></span> <span class='ocrx_word' id='word_1_727' title='bbox 2689 4181 2868 4234; x_wconf 87' lang='lat' dir='ltr'><strong>Adam</strong></span> <span class='ocrx_word' id='word_1_728' title='bbox 2905 4181 3156 4234; x_wconf 78' lang='lat' dir='ltr'><strong>Christus</strong></span> <span class='ocrx_word' id='word_1_729' title='bbox 3191 4198 3202 4234; x_wconf 91' lang='lat'><strong>:</strong></span> <span class='ocrx_word' id='word_1_730' title='bbox 3239 4181 3388 4251; x_wconf 87' lang='lat' dir='ltr'><strong>quod</strong></span> <span class='ocrx_word' id='word_1_731' title='bbox 3423 4197 3548 4246; x_wconf 90' lang='lat' dir='ltr'><strong>nos,</strong></span> <span class='ocrx_word' id='word_1_732' title='bbox 3587 4191 3690 4234; x_wconf 87' lang='lat' dir='ltr'><strong>aut</strong></span> <span class='ocrx_word' id='word_1_733' title='bbox 3727 4184 3804 4234; x_wconf 84' lang='lat' dir='ltr'><strong>af-</strong></span> 
     </span>
    </p>
   </div>
   <div class='ocr_carea' id='block_1_110' title="bbox 2101 4251 3800 4320">
    <p class='ocr_par' dir='ltr' id='par_1_110' title="bbox 2101 4251 3800 4320">
     <span class='ocr_line' id='line_1_110' title="bbox 2101 4251 3800 4320; baseline 0.001 -17"><span class='ocrx_word' id='word_1_734' title='bbox 2101 4251 2213 4303; x_wconf 86' lang='lat' dir='ltr'><strong>ﬁne</strong></span> <span class='ocrx_word' id='word_1_735' title='bbox 2240 4251 2412 4316; x_wconf 90' lang='lat' dir='ltr'><strong>aliud,</strong></span> <span class='ocrx_word' id='word_1_736' title='bbox 2444 4267 2574 4304; x_wconf 90' lang='lat' dir='ltr'><strong>cum</strong></span> <span class='ocrx_word' id='word_1_737' title='bbox 2597 4251 2665 4304; x_wconf 91' lang='lat' dir='ltr'><strong>de</strong></span> <span class='ocrx_word' id='word_1_738' title='bbox 2687 4251 2898 4304; x_wconf 89' lang='lat' dir='ltr'><strong>Isidoro</strong></span> <span class='ocrx_word' id='word_1_739' title='bbox 2923 4251 3240 4320; x_wconf 86' lang='lat' dir='ltr'><strong>Ilispalensi</strong></span> <span class='ocrx_word' id='word_1_740' title='bbox 3285 4267 3610 4319; x_wconf 81' lang='lat' dir='ltr'><strong>ageremus.</strong></span> <span class='ocrx_word' id='word_1_741' title='bbox 3651 4253 3800 4306; x_wconf 82' lang='lat' dir='ltr'><strong>inter</strong></span> 
     </span>
    </p>
   </div>
   <div class='ocr_carea' id='block_1_111' title="bbox 2103 4321 3802 4392">
    <p class='ocr_par' dir='ltr' id='par_1_111' title="bbox 2103 4321 3802 4392">
     <span class='ocr_line' id='line_1_111' title="bbox 2103 4321 3802 4392; baseline 0.002 -20"><span class='ocrx_word' id='word_1_742' title='bbox 2103 4321 2226 4390; x_wconf 84' lang='lat' dir='ltr'><strong>ejus</strong></span> <span class='ocrx_word' id='word_1_743' title='bbox 2257 4337 2430 4391; x_wconf 88' lang='lat' dir='ltr'><strong>opera</strong></span> <span class='ocrx_word' id='word_1_744' title='bbox 2461 4322 2778 4388; x_wconf 89' lang='lat' dir='ltr'><strong>retulimus,</strong></span> <span class='ocrx_word' id='word_1_745' title='bbox 2819 4321 2962 4374; x_wconf 91' lang='lat' dir='ltr'><strong>nihil</strong></span> <span class='ocrx_word' id='word_1_746' title='bbox 2995 4328 3190 4375; x_wconf 89' lang='lat' dir='ltr'><strong>tamen</strong></span> <span class='ocrx_word' id='word_1_747' title='bbox 3241 4323 3382 4375; x_wconf 90' lang='lat' dir='ltr'><strong>certi</strong></span> <span class='ocrx_word' id='word_1_748' title='bbox 3425 4322 3496 4375; x_wconf 92' lang='lat' dir='ltr'><strong>de</strong></span> <span class='ocrx_word' id='word_1_749' title='bbox 3531 4325 3662 4392; x_wconf 88' lang='lat' dir='ltr'><strong>ejus</strong></span> <span class='ocrx_word' id='word_1_750' title='bbox 3709 4341 3802 4376; x_wconf 83' lang='lat' dir='ltr'><strong>au-</strong></span> 
     </span>
    </p>
   </div>
   <div class='ocr_carea' id='block_1_112' title="bbox 2099 4393 3797 4462">
    <p class='ocr_par' dir='ltr' id='par_1_112' title="bbox 2099 4393 3797 4462">
     <span class='ocr_line' id='line_1_112' title="bbox 2099 4393 3797 4462; baseline 0.001 -18"><span class='ocrx_word' id='word_1_751' title='bbox 2099 4399 2255 4444; x_wconf 90' lang='lat' dir='ltr'><strong>ctore</strong></span> <span class='ocrx_word' id='word_1_752' title='bbox 2321 4397 2651 4445; x_wconf 87' lang='lat' dir='ltr'><strong>statuentes.</strong></span> <span class='ocrx_word' id='word_1_753' title='bbox 2711 4393 2773 4444; x_wconf 87' lang='lat' dir='ltr'><strong>In</strong></span> <span class='ocrx_word' id='word_1_754' title='bbox 2828 4393 3137 4445; x_wconf 85' lang='lat' dir='ltr'><strong>Galliarum</strong></span> <span class='ocrx_word' id='word_1_755' title='bbox 3193 4393 3344 4462; x_wconf 88' lang='lat' dir='ltr'><strong>regis</strong></span> <span class='ocrx_word' id='word_1_756' title='bbox 3419 4394 3797 4452; x_wconf 78' lang='lat' dir='ltr'><strong>Bibliotheca.</strong></span> 
     </span>
    </p>
   </div>
   <div class='ocr_carea' id='block_1_113' title="bbox 296 4455 3798 4530">
    <p class='ocr_par' dir='ltr' id='par_1_113' title="bbox 296 4455 3798 4530">
     <span class='ocr_line' id='line_1_113' title="bbox 296 4455 3798 4530; baseline 0.002 -22"><span class='ocrx_word' id='word_1_757' title='bbox 296 4464 620 4530; x_wconf 72' lang='lat' dir='ltr'><strong>sematque</strong></span> <span class='ocrx_word' id='word_1_758' title='bbox 671 4455 988 4530; x_wconf 78' lang='lat' dir='ltr'><strong>Eugenium</strong></span> <span class='ocrx_word' id='word_1_759' title='bbox 1038 4458 1614 4530; x_wconf 15' lang='lat' dir='ltr'><strong>Toletanumiimitari</strong></span> <span class='ocrx_word' id='word_1_760' title='bbox 1675 4455 1976 4524; x_wconf 82' lang='lat' dir='ltr'><strong>studuisse,</strong></span> <span class='ocrx_word' id='word_1_761' title='bbox 2025 4467 2240 4530; x_wconf 82' lang='lat' dir='ltr'><strong>npart.</strong></span> <span class='ocrx_word' id='word_1_762' title='bbox 2304 4478 2383 4524; x_wconf 85' lang='grc' dir='ltr'><strong>ιιι,</strong></span> <span class='ocrx_word' id='word_1_763' title='bbox 2437 4465 2564 4526; x_wconf 75' lang='grc'><strong>281,</strong></span> <span class='ocrx_word' id='word_1_764' title='bbox 2637 4463 2761 4516; x_wconf 90' lang='lat' dir='ltr'><strong>cod.</strong></span> <span class='ocrx_word' id='word_1_765' title='bbox 2823 4463 2962 4516; x_wconf 63' lang='grc'><strong>2444</strong></span> <span class='ocrx_word' id='word_1_766' title='bbox 3019 4455 3448 4516; x_wconf 59' lang='grc' dir='ltr'><strong>ηυῐειῐιιτνὴυηο</strong></span> <span class='ocrx_word' id='word_1_767' title='bbox 3497 4465 3798 4519; x_wconf 82' lang='lat' dir='ltr'><strong>Scintilla-</strong></span> 
     </span>
    </p>
   </div>
   <div class='ocr_carea' id='block_1_114' title="bbox 295 4527 1983 4599">
    <p class='ocr_par' dir='ltr' id='par_1_114' title="bbox 295 4527 1983 4599">
     <span class='ocr_line' id='line_1_114' title="bbox 295 4527 1983 4599; baseline 0.002 -19"><span class='ocrx_word' id='word_1_768' title='bbox 295 4533 358 4580; x_wconf 87' lang='lat' dir='ltr'><strong>ut</strong></span> <span class='ocrx_word' id='word_1_769' title='bbox 402 4527 584 4597; x_wconf 89' lang='lat' dir='ltr'><strong>liquet</strong></span> <span class='ocrx_word' id='word_1_770' title='bbox 630 4544 696 4599; x_wconf 85' lang='lat' dir='ltr'><strong>ex</strong></span> <span class='ocrx_word' id='word_1_771' title='bbox 753 4527 1016 4599; x_wconf 87' lang='lat' dir='ltr'><strong>aflinibus</strong></span> <span class='ocrx_word' id='word_1_772' title='bbox 1074 4544 1270 4580; x_wconf 79' lang='lat' dir='ltr'><strong>eorum</strong></span> <span class='ocrx_word' id='word_1_773' title='bbox 1315 4529 1553 4581; x_wconf 88' lang='lat' dir='ltr'><strong>rubricis</strong></span> <span class='ocrx_word' id='word_1_774' title='bbox 1602 4535 1770 4599; x_wconf 80' lang='lat' dir='ltr'><strong>atque</strong></span> <span class='ocrx_word' id='word_1_775' title='bbox 1815 4547 1983 4599; x_wconf 86' lang='lat' dir='ltr'><strong>argu-</strong></span> 
     </span>
    </p>
   </div>
   <div class='ocr_carea' id='block_1_115' title="bbox 293 4598 1981 4666">
    <p class='ocr_par' dir='ltr' id='par_1_115' title="bbox 293 4598 1981 4666">
     <span class='ocr_line' id='line_1_115' title="bbox 293 4598 1981 4666; baseline 0.002 -16"><span class='ocrx_word' id='word_1_776' title='bbox 293 4604 507 4651; x_wconf 88' lang='lat' dir='ltr'><strong>mento.</strong></span> <span class='ocrx_word' id='word_1_777' title='bbox 546 4602 622 4651; x_wconf 85' lang='lat' dir='ltr'><strong>Ac</strong></span> <span class='ocrx_word' id='word_1_778' title='bbox 666 4598 734 4651; x_wconf 86' lang='lat' dir='ltr'><strong>de</strong></span> <span class='ocrx_word' id='word_1_779' title='bbox 789 4598 1207 4666; x_wconf 72' lang='lat' dir='ltr'><strong>Epigrammata</strong></span> <span class='ocrx_word' id='word_1_780' title='bbox 1249 4601 1312 4652; x_wconf 88' lang='lat' dir='ltr'><strong>In</strong></span> <span class='ocrx_word' id='word_1_781' title='bbox 1361 4598 1745 4653; x_wconf 81' lang='lat' dir='ltr'><strong>Bibliothecam</strong></span> <span class='ocrx_word' id='word_1_782' title='bbox 1794 4598 1981 4654; x_wconf 25' lang='lat' dir='ltr'><strong>Leo’vi-</strong></span> 
     </span>
    </p>
   </div>
   <div class='ocr_carea' id='block_1_116' title="bbox 291 4668 1980 4738">
    <p class='ocr_par' dir='ltr' id='par_1_116' title="bbox 291 4668 1980 4738">
     <span class='ocr_line' id='line_1_116' title="bbox 291 4668 1980 4738; baseline 0.004 -19"><span class='ocrx_word' id='word_1_783' title='bbox 291 4668 452 4734; x_wconf 85' lang='lat' dir='ltr'><strong>gildi,</strong></span> <span class='ocrx_word' id='word_1_784' title='bbox 505 4669 673 4738; x_wconf 86' lang='lat' dir='ltr'><strong>paulo</strong></span> <span class='ocrx_word' id='word_1_785' title='bbox 731 4675 861 4721; x_wconf 89' lang='lat' dir='ltr'><strong>ante</strong></span> <span class='ocrx_word' id='word_1_786' title='bbox 916 4669 1180 4734; x_wconf 87' lang='lat' dir='ltr'><strong>diximus,</strong></span> <span class='ocrx_word' id='word_1_787' title='bbox 1235 4669 1433 4722; x_wconf 91' lang='lat' dir='ltr'><strong>eodem</strong></span> <span class='ocrx_word' id='word_1_788' title='bbox 1487 4671 1651 4722; x_wconf 89' lang='lat' dir='ltr'><strong>initio</strong></span> <span class='ocrx_word' id='word_1_789' title='bbox 1710 4669 1980 4725; x_wconf 89' lang='lat' dir='ltr'><strong>nimirum</strong></span> 
     </span>
    </p>
   </div>
   <div class='ocr_carea' id='block_1_117' title="bbox 290 4739 1978 4808">
    <p class='ocr_par' dir='ltr' id='par_1_117' title="bbox 290 4739 1978 4808">
     <span class='ocr_line' id='line_1_117' title="bbox 290 4739 1978 4808; baseline 0.002 -16"><span class='ocrx_word' id='word_1_790' title='bbox 290 4739 426 4793; x_wconf 89' lang='lat' dir='ltr'><strong>Sunt</strong></span> <span class='ocrx_word' id='word_1_791' title='bbox 458 4741 544 4792; x_wconf 91' lang='lat' dir='ltr'><strong>hic</strong></span> <span class='ocrx_word' id='word_1_792' title='bbox 571 4743 734 4808; x_wconf 75' lang='lat' dir='ltr'><strong>plura</strong></span> <span class='ocrx_word' id='word_1_793' title='bbox 760 4755 938 4802; x_wconf 88' lang='lat' dir='ltr'><strong>sacra,</strong></span> <span class='ocrx_word' id='word_1_794' title='bbox 968 4745 1096 4804; x_wconf 90' lang='lat' dir='ltr'><strong>etc.,</strong></span> <span class='ocrx_word' id='word_1_795' title='bbox 1133 4739 1246 4808; x_wconf 87' lang='lat' dir='ltr'><strong>legi</strong></span> <span class='ocrx_word' id='word_1_796' title='bbox 1279 4740 1334 4790; x_wconf 90' lang='lat' dir='ltr'><strong>in</strong></span> <span class='ocrx_word' id='word_1_797' title='bbox 1376 4740 1723 4793; x_wconf 83' lang='lat' dir='ltr'><strong>Bibliotheca</strong></span> <span class='ocrx_word' id='word_1_798' title='bbox 1755 4741 1978 4796; x_wconf 84' lang='lat' dir='ltr'><strong>Isidori.</strong></span> 
     </span>
    </p>
   </div>
   <div class='ocr_carea' id='block_1_118' title="bbox 289 4809 1982 4872">
    <p class='ocr_par' dir='ltr' id='par_1_118' title="bbox 289 4809 1982 4872">
     <span class='ocr_line' id='line_1_118' title="bbox 289 4809 1982 4872; baseline 0.002 -10"><span class='ocrx_word' id='word_1_799' title='bbox 289 4811 564 4863; x_wconf 84' lang='lat' dir='ltr'><strong>Addimus</strong></span> <span class='ocrx_word' id='word_1_800' title='bbox 623 4827 772 4863; x_wconf 90' lang='lat' dir='ltr'><strong>nunc</strong></span> <span class='ocrx_word' id='word_1_801' title='bbox 813 4811 1126 4863; x_wconf 86' lang='lat' dir='ltr'><strong>Lamentum</strong></span> <span class='ocrx_word' id='word_1_802' title='bbox 1184 4809 1484 4872; x_wconf 81' lang='lat' dir='ltr'><strong>metricum,</strong></span> <span class='ocrx_word' id='word_1_803' title='bbox 1530 4811 1621 4862; x_wconf 89' lang='lat' dir='ltr'><strong>cui</strong></span> <span class='ocrx_word' id='word_1_804' title='bbox 1672 4811 1856 4863; x_wconf 83' lang='lat' dir='ltr'><strong>simile</strong></span> <span class='ocrx_word' id='word_1_805' title='bbox 1897 4819 1982 4866; x_wconf 85' lang='lat' dir='ltr'><strong>est</strong></span> 
     </span>
    </p>
   </div>
   <div class='ocr_carea' id='block_1_119' title="bbox 291 4881 1976 4948">
    <p class='ocr_par' dir='ltr' id='par_1_119' title="bbox 291 4881 1976 4948">
     <span class='ocr_line' id='line_1_119' title="bbox 291 4881 1976 4948; baseline 0.003 -18"><span class='ocrx_word' id='word_1_806' title='bbox 291 4881 492 4933; x_wconf 89' lang='lat' dir='ltr'><strong>Isidori</strong></span> <span class='ocrx_word' id='word_1_807' title='bbox 555 4883 864 4934; x_wconf 81' lang='lat' dir='ltr'><strong>Lomentum</strong></span> <span class='ocrx_word' id='word_1_808' title='bbox 935 4881 1264 4947; x_wconf 60' lang='lat' dir='ltr'><strong>paenitentia</strong></span> <span class='ocrx_word' id='word_1_809' title='bbox 1323 4881 1749 4948; x_wconf 85' lang='lat' dir='ltr'><strong>rhythmicum:</strong></span> <span class='ocrx_word' id='word_1_810' title='bbox 1799 4883 1976 4948; x_wconf 79' lang='lat' dir='ltr'><strong>Audi,</strong></span> 
     </span>
    </p>
   </div>
   <div class='ocr_carea' id='block_1_120' title="bbox 289 4950 1979 5018">
    <p class='ocr_par' dir='ltr' id='par_1_120' title="bbox 289 4950 1979 5018">
     <span class='ocr_line' id='line_1_120' title="bbox 289 4950 1979 5018; baseline 0.001 -14"><span class='ocrx_word' id='word_1_811' title='bbox 289 4950 516 5010; x_wconf 87' lang='lat' dir='ltr'><strong>Christe,</strong></span> <span class='ocrx_word' id='word_1_812' title='bbox 595 4955 799 5004; x_wconf 77' lang='lat' dir='ltr'><strong>tristem</strong></span> <span class='ocrx_word' id='word_1_813' title='bbox 876 4955 1074 5016; x_wconf 76' lang='lat' dir='ltr'><strong>fletum.</strong></span> <span class='ocrx_word' id='word_1_814' title='bbox 1149 4953 1210 5003; x_wconf 89' lang='lat' dir='ltr'><strong>In</strong></span> <span class='ocrx_word' id='word_1_815' title='bbox 1275 4951 1734 5018; x_wconf 80' lang='lat' dir='ltr'><strong>Ephemcridibus</strong></span> <span class='ocrx_word' id='word_1_816' title='bbox 1801 4959 1979 5006; x_wconf 85' lang='lat' dir='ltr'><strong>autem</strong></span> 
     </span>
    </p>
   </div>
   <div class='ocr_carea' id='block_1_121' title="bbox 285 5021 1977 5089">
    <p class='ocr_par' dir='ltr' id='par_1_121' title="bbox 285 5021 1977 5089">
     <span class='ocr_line' id='line_1_121' title="bbox 285 5021 1977 5089; baseline 0.004 -18"><span class='ocrx_word' id='word_1_817' title='bbox 285 5022 630 5086; x_wconf 65' lang='lat' dir='ltr'><strong>mgritudinis</strong></span> <span class='ocrx_word' id='word_1_818' title='bbox 661 5023 898 5088; x_wconf 69' lang='lat' dir='ltr'><strong>propria:</strong></span> <span class='ocrx_word' id='word_1_819' title='bbox 929 5023 1153 5073; x_wconf 87' lang='lat' dir='ltr'><strong>videtur</strong></span> <span class='ocrx_word' id='word_1_820' title='bbox 1181 5022 1416 5088; x_wconf 85' lang='lat' dir='ltr'><strong>Eugenii</strong></span> <span class='ocrx_word' id='word_1_821' title='bbox 1447 5023 1699 5074; x_wconf 83' lang='lat' dir='ltr'><strong>Toletani</strong></span> <span class='ocrx_word' id='word_1_822' title='bbox 1725 5021 1977 5089; x_wconf 84' lang='lat' dir='ltr'><strong>ejusdem</strong></span> 
     </span>
    </p>
   </div>
   <div class='ocr_carea' id='block_1_122' title="bbox 285 5089 1978 5160">
    <p class='ocr_par' dir='ltr' id='par_1_122' title="bbox 285 5089 1978 5160">
     <span class='ocr_line' id='line_1_122' title="bbox 285 5089 1978 5160; baseline 0.003 -18"><span class='ocrx_word' id='word_1_823' title='bbox 285 5089 401 5143; x_wconf 85' lang='lat' dir='ltr'><strong>fere</strong></span> <span class='ocrx_word' id='word_1_824' title='bbox 435 5091 756 5160; x_wconf 79' lang='lat' dir='ltr'><strong>argumenti</strong></span> <span class='ocrx_word' id='word_1_825' title='bbox 798 5091 1024 5144; x_wconf 90' lang='lat' dir='ltr'><strong>titulum</strong></span> <span class='ocrx_word' id='word_1_826' title='bbox 1070 5107 1167 5144; x_wconf 78' lang='lat' dir='ltr'><strong>seu</strong></span> <span class='ocrx_word' id='word_1_827' title='bbox 1203 5093 1601 5156; x_wconf 86' lang='lat' dir='ltr'><strong>Querimoniam</strong></span> <span class='ocrx_word' id='word_1_828' title='bbox 1630 5093 1978 5160; x_wconf 65' lang='lat' dir='ltr'><strong>wgritudinis</strong></span> 
     </span>
    </p>
   </div>
   <div class='ocr_carea' id='block_1_123' title="bbox 281 5162 1976 5244">
    <p class='ocr_par' dir='ltr' id='par_1_123' title="bbox 281 5162 1976 5244">
     <span class='ocr_line' id='line_1_123' title="bbox 281 5162 1976 5244; baseline 0.002 -30"><span class='ocrx_word' id='word_1_829' title='bbox 281 5165 540 5244; x_wconf 46' lang='lat' dir='ltr'><strong>propria}.</strong></span> <span class='ocrx_word' id='word_1_830' title='bbox 578 5163 785 5228; x_wconf 86' lang='lat' dir='ltr'><strong>pressis</strong></span> <span class='ocrx_word' id='word_1_831' title='bbox 839 5162 1090 5244; x_wconf 43' lang='lat' dir='ltr'><strong>uestigiis</strong></span> <span class='ocrx_word' id='word_1_832' title='bbox 1155 5169 1451 5244; x_wconf 43' lang='lat' dir='ltr'><strong>secutum‘;</strong></span> <span class='ocrx_word' id='word_1_833' title='bbox 1500 5169 1695 5244; x_wconf 54' lang='lat' dir='ltr'><strong>atque</strong></span> <span class='ocrx_word' id='word_1_834' title='bbox 1729 5164 1866 5216; x_wconf 89' lang='lat' dir='ltr'><strong>item</strong></span> <span class='ocrx_word' id='word_1_835' title='bbox 1915 5165 1976 5218; x_wconf 90' lang='lat' dir='ltr'><strong>in</strong></span> 
     </span>
    </p>
   </div>
   <div class='ocr_carea' id='block_1_124' title="bbox 283 5231 1972 5302">
    <p class='ocr_par' dir='ltr' id='par_1_124' title="bbox 283 5231 1972 5302">
     <span class='ocr_line' id='line_1_124' title="bbox 283 5231 1972 5302; baseline 0.002 -18"><span class='ocrx_word' id='word_1_836' title='bbox 283 5232 675 5296; x_wconf 81' lang='lat' dir='ltr'><strong>Philomelaico,</strong></span> <span class='ocrx_word' id='word_1_837' title='bbox 707 5231 860 5302; x_wconf 89' lang='lat' dir='ltr'><strong>quod</strong></span> <span class='ocrx_word' id='word_1_838' title='bbox 893 5233 1042 5302; x_wconf 78' lang='grc' dir='ltr'><strong>ορηά</strong></span> <span class='ocrx_word' id='word_1_839' title='bbox 1084 5237 1390 5302; x_wconf 89' lang='lat' dir='ltr'><strong>utrumque</strong></span> <span class='ocrx_word' id='word_1_840' title='bbox 1423 5235 1530 5286; x_wconf 89' lang='lat' dir='ltr'><strong>hoc</strong></span> <span class='ocrx_word' id='word_1_841' title='bbox 1571 5231 1736 5287; x_wconf 81' lang='lat' dir='ltr'><strong>initio</strong></span> <span class='ocrx_word' id='word_1_842' title='bbox 1769 5238 1856 5287; x_wconf 91' lang='lat' dir='ltr'><strong>ter</strong></span> <span class='ocrx_word' id='word_1_843' title='bbox 1885 5251 1972 5288; x_wconf 87' lang='lat' dir='ltr'><strong>re-</strong></span> 
     </span>
    </p>
   </div>
   <div class='ocr_carea' id='block_1_125' title="bbox 281 5303 1545 5371">
    <p class='ocr_par' dir='ltr' id='par_1_125' title="bbox 281 5303 1545 5371">
     <span class='ocr_line' id='line_1_125' title="bbox 281 5303 1545 5371; baseline 0.002 -16"><span class='ocrx_word' id='word_1_844' title='bbox 281 5303 460 5370; x_wconf 90' lang='lat' dir='ltr'><strong>petito</strong></span> <span class='ocrx_word' id='word_1_845' title='bbox 485 5303 690 5371; x_wconf 83' lang='lat' dir='ltr'><strong>legitur</strong></span> <span class='ocrx_word' id='word_1_846' title='bbox 731 5320 742 5356; x_wconf 94' lang='lat'><strong>:</strong></span> <span class='ocrx_word' id='word_1_847' title='bbox 781 5305 917 5368; x_wconf 78' lang='lat' dir='ltr'><strong>Var,</strong></span> <span class='ocrx_word' id='word_1_848' title='bbox 956 5304 1271 5370; x_wconf 83' lang='lat' dir='ltr'><strong>Philomela,</strong></span> <span class='ocrx_word' id='word_1_849' title='bbox 1303 5310 1418 5368; x_wconf 87' lang='lat' dir='ltr'><strong>tua,</strong></span> <span class='ocrx_word' id='word_1_850' title='bbox 1449 5310 1545 5358; x_wconf 84' lang='lat' dir='ltr'><strong>etc.</strong></span> 
     </span>
    </p>
   </div>
   <div class='ocr_carea' id='block_1_126' title="bbox 353 5373 957 5442">
    <p class='ocr_par' dir='ltr' id='par_1_126' title="bbox 353 5373 957 5442">
     <span class='ocr_line' id='line_1_126' title="bbox 353 5373 957 5442; baseline -0.002 -17"><span class='ocrx_word' id='word_1_851' title='bbox 353 5375 426 5442; x_wconf 83' lang='lat' dir='ltr'><strong>(b)</strong></span> <span class='ocrx_word' id='word_1_852' title='bbox 467 5373 580 5426; x_wconf 86' lang='lat' dir='ltr'><strong>Lib.</strong></span> <span class='ocrx_word' id='word_1_853' title='bbox 607 5390 716 5434; x_wconf 84' lang='lat' dir='ltr'><strong>xiv,</strong></span> <span class='ocrx_word' id='word_1_854' title='bbox 750 5389 870 5442; x_wconf 84' lang='lat' dir='ltr'><strong>cap.</strong></span> <span class='ocrx_word' id='word_1_855' title='bbox 906 5377 957 5426; x_wconf 87' lang='lat'><strong>3.</strong></span> 
     </span>
    </p>
   </div>
   <div class='ocr_carea' id='block_1_127' title="bbox 352 5443 1974 5514">
    <p class='ocr_par' dir='ltr' id='par_1_127' title="bbox 352 5443 1974 5514">
     <span class='ocr_line' id='line_1_127' title="bbox 352 5443 1974 5514; baseline 0.002 -17"><span class='ocrx_word' id='word_1_856' title='bbox 352 5443 588 5514; x_wconf 13' lang='lat' dir='ltr'><strong>(c)rBini</strong></span> <span class='ocrx_word' id='word_1_857' title='bbox 651 5449 874 5498; x_wconf 85' lang='lat' dir='ltr'><strong>exstant</strong></span> <span class='ocrx_word' id='word_1_858' title='bbox 907 5444 966 5496; x_wconf 89' lang='lat' dir='ltr'><strong>in</strong></span> <span class='ocrx_word' id='word_1_859' title='bbox 1026 5444 1180 5514; x_wconf 83' lang='lat' dir='ltr'><strong>regia</strong></span> <span class='ocrx_word' id='word_1_860' title='bbox 1244 5444 1554 5498; x_wconf 84' lang='lat' dir='ltr'><strong>Matritensi</strong></span> <span class='ocrx_word' id='word_1_861' title='bbox 1629 5445 1974 5500; x_wconf 88' lang='lat' dir='ltr'><strong>bibliotheca</strong></span> 
     </span>
    </p>
   </div>
   <div class='ocr_carea' id='block_1_128' title="bbox 279 5513 1970 5585">
    <p class='ocr_par' dir='ltr' id='par_1_128' title="bbox 279 5513 1970 5585">
     <span class='ocr_line' id='line_1_128' title="bbox 279 5513 1970 5585; baseline 0.002 -19"><span class='ocrx_word' id='word_1_862' title='bbox 279 5513 440 5567; x_wconf 89' lang='lat' dir='ltr'><strong>Pauli</strong></span> <span class='ocrx_word' id='word_1_863' title='bbox 477 5516 666 5568; x_wconf 85' lang='lat' dir='ltr'><strong>Alvari</strong></span> <span class='ocrx_word' id='word_1_864' title='bbox 694 5514 1074 5569; x_wconf 88' lang='lat' dir='ltr'><strong>Scintillarum</strong></span> <span class='ocrx_word' id='word_1_865' title='bbox 1102 5513 1347 5582; x_wconf 84' lang='lat' dir='ltr'><strong>codices,</strong></span> <span class='ocrx_word' id='word_1_866' title='bbox 1395 5532 1640 5585; x_wconf 89' lang='lat' dir='ltr'><strong>quorum</strong></span> <span class='ocrx_word' id='word_1_867' title='bbox 1689 5519 1833 5570; x_wconf 87' lang='lat' dir='ltr'><strong>alter</strong></span> <span class='ocrx_word' id='word_1_868' title='bbox 1864 5518 1970 5571; x_wconf 85' lang='lat' dir='ltr'><strong>Go-</strong></span> 
     </span>
    </p>
   </div>
   <div class='ocr_carea' id='block_1_129' title="bbox 277 5585 1967 5656">
    <p class='ocr_par' dir='ltr' id='par_1_129' title="bbox 277 5585 1967 5656">
     <span class='ocr_line' id='line_1_129' title="bbox 277 5585 1967 5656; baseline 0.002 -20"><span class='ocrx_word' id='word_1_869' title='bbox 277 5585 464 5638; x_wconf 86' lang='lat' dir='ltr'><strong>thicus</strong></span> <span class='ocrx_word' id='word_1_870' title='bbox 514 5590 597 5638; x_wconf 88' lang='lat' dir='ltr'><strong>est</strong></span> <span class='ocrx_word' id='word_1_871' title='bbox 644 5587 981 5656; x_wconf 79' lang='lat' dir='ltr'><strong>videturque</strong></span> <span class='ocrx_word' id='word_1_872' title='bbox 1031 5588 1265 5638; x_wconf 85' lang='lat' dir='ltr'><strong>ineunte</strong></span> <span class='ocrx_word' id='word_1_873' title='bbox 1324 5588 1530 5639; x_wconf 66' lang='lat' dir='ltr'><strong>sarculo</strong></span> <span class='ocrx_word' id='word_1_874' title='bbox 1587 5603 1639 5640; x_wconf 78' lang='lat' dir='ltr'><strong>xx</strong></span> <span class='ocrx_word' id='word_1_875' title='bbox 1688 5593 1967 5652; x_wconf 80' lang='lat' dir='ltr'><strong>exaratus,</strong></span> 
     </span>
    </p>
   </div>
   <div class='ocr_carea' id='block_1_130' title="bbox 278 5657 1972 5711">
    <p class='ocr_par' dir='ltr' id='par_1_130' title="bbox 278 5657 1972 5711">
     <span class='ocr_line' id='line_1_130' title="bbox 278 5657 1972 5711; baseline 0.001 -3"><span class='ocrx_word' id='word_1_876' title='bbox 278 5657 422 5710; x_wconf 89' lang='lat' dir='ltr'><strong>alter</strong></span> <span class='ocrx_word' id='word_1_877' title='bbox 459 5657 641 5710; x_wconf 87' lang='lat' dir='ltr'><strong>tribus</strong></span> <span class='ocrx_word' id='word_1_878' title='bbox 711 5657 1018 5710; x_wconf 87' lang='lat' dir='ltr'><strong>minimum</strong></span> <span class='ocrx_word' id='word_1_879' title='bbox 1071 5657 1291 5710; x_wconf 70' lang='lat' dir='ltr'><strong>saeculis</strong></span> <span class='ocrx_word' id='word_1_880' title='bbox 1347 5657 1642 5710; x_wconf 87' lang='lat' dir='ltr'><strong>recentior.</strong></span> <span class='ocrx_word' id='word_1_881' title='bbox 1715 5659 1972 5711; x_wconf 87' lang='lat' dir='ltr'><strong>Meminit</strong></span> 
     </span>
    </p>
   </div>
   <div class='ocr_carea' id='block_1_131' title="bbox 275 5727 1970 5807">
    <p class='ocr_par' dir='ltr' id='par_1_131' title="bbox 275 5727 1970 5807">
     <span class='ocr_line' id='line_1_131' title="bbox 275 5727 1970 5807; baseline 0.001 -28"><span class='ocrx_word' id='word_1_882' title='bbox 275 5727 572 5807; x_wconf 67' lang='lat' dir='ltr'><strong>utriusque</strong></span> <span class='ocrx_word' id='word_1_883' title='bbox 603 5728 884 5807; x_wconf 75' lang='lat' dir='ltr'><strong>Florezius</strong></span> <span class='ocrx_word' id='word_1_884' title='bbox 901 5731 1040 5807; x_wconf 81' lang='lat' dir='ltr'><strong>tom.</strong></span> <span class='ocrx_word' id='word_1_885' title='bbox 1065 5729 1152 5807; x_wconf 78' lang='lat' dir='ltr'><strong>XI,</strong></span> <span class='ocrx_word' id='word_1_886' title='bbox 1187 5727 1592 5807; x_wconf 42' lang='lat' dir='ltr'><strong>pag.h-’ir7,.a‘n.</strong></span> <span class='ocrx_word' id='word_1_887' title='bbox 1619 5729 1686 5807; x_wconf 86' lang='lat'><strong>6_8</strong></span> <span class='ocrx_word' id='word_1_888' title='bbox 1719 5743 1835 5807; x_wconf 81' lang='lat' dir='ltr'><strong>nec_</strong></span> <span class='ocrx_word' id='word_1_889' title='bbox 1853 5743 1970 5781; x_wconf 88' lang='lat' dir='ltr'><strong>non</strong></span> 
     </span>
    </p>
   </div>
   <div class='ocr_carea' id='block_1_132' title="bbox 274 5796 1970 5870">
    <p class='ocr_par' dir='ltr' id='par_1_132' title="bbox 274 5796 1970 5870">
     <span class='ocr_line' id='line_1_132' title="bbox 274 5796 1970 5870; baseline 0 -20"><span class='ocrx_word' id='word_1_890' title='bbox 274 5796 516 5852; x_wconf 84' lang='lat' dir='ltr'><strong>aliorum</strong></span> <span class='ocrx_word' id='word_1_891' title='bbox 548 5801 954 5870; x_wconf 89' lang='lat' dir='ltr'><strong>opusculorum</strong></span> <span class='ocrx_word' id='word_1_892' title='bbox 985 5797 1045 5851; x_wconf 92' lang='lat' dir='ltr'><strong>in</strong></span> <span class='ocrx_word' id='word_1_893' title='bbox 1073 5796 1286 5852; x_wconf 90' lang='lat' dir='ltr'><strong>celebri</strong></span> <span class='ocrx_word' id='word_1_894' title='bbox 1317 5796 1670 5852; x_wconf 86' lang='lat' dir='ltr'><strong>Cordubensi</strong></span> <span class='ocrx_word' id='word_1_895' title='bbox 1698 5797 1910 5868; x_wconf 60' lang='lat' dir='ltr'><strong>sepius</strong></span> <span class='ocrx_word' id='word_1_896' title='bbox 1937 5815 1970 5851; x_wconf 84' lang='lat' dir='ltr'><strong>a</strong></span> 
     </span>
    </p>
   </div>
   <div class='ocr_carea' id='block_1_133' title="bbox 2091 4533 3800 4588">
    <p class='ocr_par' dir='ltr' id='par_1_133' title="bbox 2091 4533 3800 4588">
     <span class='ocr_line' id='line_1_133' title="bbox 2091 4533 3800 4588; baseline 0.002 -4"><span class='ocrx_word' id='word_1_897' title='bbox 2091 4547 2212 4585; x_wconf 85' lang='lat' dir='ltr'><strong>rum</strong></span> <span class='ocrx_word' id='word_1_898' title='bbox 2245 4533 2401 4585; x_wconf 91' lang='lat' dir='ltr'><strong>Pauli</strong></span> <span class='ocrx_word' id='word_1_899' title='bbox 2437 4533 2627 4586; x_wconf 84' lang='lat' dir='ltr'><strong>Alvari</strong></span> <span class='ocrx_word' id='word_1_900' title='bbox 2667 4538 2969 4586; x_wconf 87' lang='lat' dir='ltr'><strong>tractatum</strong></span> <span class='ocrx_word' id='word_1_901' title='bbox 3011 4533 3070 4586; x_wconf 91' lang='lat' dir='ltr'><strong>in</strong></span> <span class='ocrx_word' id='word_1_902' title='bbox 3115 4534 3240 4586; x_wconf 91' lang='lat' dir='ltr'><strong>aliis</strong></span> <span class='ocrx_word' id='word_1_903' title='bbox 3279 4534 3568 4587; x_wconf 90' lang='lat' dir='ltr'><strong>codicibus</strong></span> <span class='ocrx_word' id='word_1_904' title='bbox 3621 4536 3800 4588; x_wconf 77' lang='lat' dir='ltr'><strong>Vene-</strong></span> 
     </span>
    </p>
   </div>
   <div class='ocr_carea' id='block_1_134' title="bbox 2093 4602 3794 4674">
    <p class='ocr_par' dir='ltr' id='par_1_134' title="bbox 2093 4602 3794 4674">
     <span class='ocr_line' id='line_1_134' title="bbox 2093 4602 3794 4674; baseline 0.001 -20"><span class='ocrx_word' id='word_1_905' title='bbox 2093 4603 2256 4655; x_wconf 86' lang='lat' dir='ltr'><strong>rabili</strong></span> <span class='ocrx_word' id='word_1_906' title='bbox 2293 4603 2455 4656; x_wconf 69' lang='lat' dir='ltr'><strong>Bedze</strong></span> <span class='ocrx_word' id='word_1_907' title='bbox 2491 4602 2680 4656; x_wconf 83' lang='lat' dir='ltr'><strong>tribui.</strong></span> <span class='ocrx_word' id='word_1_908' title='bbox 2715 4605 2776 4656; x_wconf 92' lang='lat' dir='ltr'><strong>In</strong></span> <span class='ocrx_word' id='word_1_909' title='bbox 2805 4605 3061 4670; x_wconf 82' lang='lat' dir='ltr'><strong>Alnensi,</strong></span> <span class='ocrx_word' id='word_1_910' title='bbox 3097 4605 3259 4656; x_wconf 86' lang='lat' dir='ltr'><strong>classi</strong></span> <span class='ocrx_word' id='word_1_911' title='bbox 3293 4621 3364 4666; x_wconf 83' lang='lat' dir='ltr'><strong>1v,</strong></span> <span class='ocrx_word' id='word_1_912' title='bbox 3411 4605 3600 4658; x_wconf 86' lang='lat' dir='ltr'><strong>decur.</strong></span> <span class='ocrx_word' id='word_1_913' title='bbox 3635 4608 3692 4669; x_wconf 83' lang='lat'><strong>6,</strong></span> <span class='ocrx_word' id='word_1_914' title='bbox 3741 4623 3794 4674; x_wconf 91' lang='lat' dir='ltr'><strong>p.</strong></span> 
     </span>
    </p>
   </div>
   <div class='ocr_carea' id='block_1_135' title="bbox 2093 4675 3799 4743">
    <p class='ocr_par' dir='ltr' id='par_1_135' title="bbox 2093 4675 3799 4743">
     <span class='ocr_line' id='line_1_135' title="bbox 2093 4675 3799 4743; baseline 0.002 -18"><span class='ocrx_word' id='word_1_915' title='bbox 2093 4675 2218 4738; x_wconf 76' lang='grc'><strong>245,</strong></span> <span class='ocrx_word' id='word_1_916' title='bbox 2281 4690 2312 4725; x_wconf 89' lang='lat' dir='ltr'><strong>a</strong></span> <span class='ocrx_word' id='word_1_917' title='bbox 2364 4675 2708 4743; x_wconf 87' lang='lat' dir='ltr'><strong>Bousquiero</strong></span> <span class='ocrx_word' id='word_1_918' title='bbox 2765 4675 3037 4726; x_wconf 88' lang='lat' dir='ltr'><strong>tribuitur</strong></span> <span class='ocrx_word' id='word_1_919' title='bbox 3085 4675 3286 4727; x_wconf 85' lang='lat' dir='ltr'><strong>Joanni</strong></span> <span class='ocrx_word' id='word_1_920' title='bbox 3351 4675 3672 4728; x_wconf 80' lang='lat' dir='ltr'><strong>Defensori.</strong></span> <span class='ocrx_word' id='word_1_921' title='bbox 3737 4677 3799 4728; x_wconf 88' lang='lat' dir='ltr'><strong>In</strong></span> 
     </span>
    </p>
   </div>
   <div class='ocr_carea' id='block_1_136' title="bbox 2095 4743 3796 4810">
    <p class='ocr_par' dir='ltr' id='par_1_136' title="bbox 2095 4743 3796 4810">
     <span class='ocr_line' id='line_1_136' title="bbox 2095 4743 3796 4810; baseline 0.002 -16"><span class='ocrx_word' id='word_1_922' title='bbox 2095 4743 2420 4810; x_wconf 85' lang='lat' dir='ltr'><strong>Bodleiana,</strong></span> <span class='ocrx_word' id='word_1_923' title='bbox 2458 4746 2618 4796; x_wconf 86' lang='lat' dir='ltr'><strong>class.</strong></span> <span class='ocrx_word' id='word_1_924' title='bbox 2661 4761 2732 4808; x_wconf 82' lang='lat' dir='ltr'><strong>iv,</strong></span> <span class='ocrx_word' id='word_1_925' title='bbox 2766 4745 2926 4798; x_wconf 92' lang='lat' dir='ltr'><strong>codd.</strong></span> <span class='ocrx_word' id='word_1_926' title='bbox 2973 4747 3108 4799; x_wconf 88' lang='lat' dir='ltr'><strong>I383</strong></span> <span class='ocrx_word' id='word_1_927' title='bbox 3139 4751 3195 4798; x_wconf 86' lang='lat' dir='ltr'><strong>et</strong></span> <span class='ocrx_word' id='word_1_928' title='bbox 3231 4749 3386 4808; x_wconf 87' lang='lat' dir='ltr'>I393,</span> <span class='ocrx_word' id='word_1_929' title='bbox 3431 4747 3796 4799; x_wconf 84' lang='lat' dir='ltr'><strong>Cassiodoro.</strong></span> 
     </span>
    </p>
   </div>
   <div class='ocr_carea' id='block_1_137' title="bbox 2093 4815 3798 4883">
    <p class='ocr_par' dir='ltr' id='par_1_137' title="bbox 2093 4815 3798 4883">
     <span class='ocr_line' id='line_1_137' title="bbox 2093 4815 3798 4883; baseline 0.003 -17"><span class='ocrx_word' id='word_1_930' title='bbox 2093 4815 2152 4866; x_wconf 91' lang='lat' dir='ltr'><strong>In</strong></span> <span class='ocrx_word' id='word_1_931' title='bbox 2185 4815 2564 4868; x_wconf 86' lang='lat' dir='ltr'><strong>Escurialcnsi</strong></span> <span class='ocrx_word' id='word_1_932' title='bbox 2597 4815 3086 4883; x_wconf 80' lang='lat' dir='ltr'><strong>Etymologiarum</strong></span> <span class='ocrx_word' id='word_1_933' title='bbox 3109 4817 3289 4869; x_wconf 88' lang='lat' dir='ltr'><strong>sancti</strong></span> <span class='ocrx_word' id='word_1_934' title='bbox 3319 4817 3543 4870; x_wconf 84' lang='lat' dir='ltr'><strong>Isidorii</strong></span> <span class='ocrx_word' id='word_1_935' title='bbox 3575 4817 3798 4872; x_wconf 84' lang='lat' dir='ltr'><strong>codice.</strong></span> 
     </span>
    </p>
   </div>
   <div class='ocr_carea' id='block_1_138' title="bbox 2090 4885 3796 4955">
    <p class='ocr_par' dir='ltr' id='par_1_138' title="bbox 2090 4885 3796 4955">
     <span class='ocr_line' id='line_1_138' title="bbox 2090 4885 3796 4955; baseline 0.002 -19"><span class='ocrx_word' id='word_1_936' title='bbox 2090 4885 2316 4950; x_wconf 67' lang='lat' dir='ltr'><strong>saeculo,</strong></span> <span class='ocrx_word' id='word_1_937' title='bbox 2351 4891 2413 4938; x_wconf 88' lang='lat' dir='ltr'><strong>ut</strong></span> <span class='ocrx_word' id='word_1_938' title='bbox 2445 4886 2686 4946; x_wconf 89' lang='lat' dir='ltr'><strong>videtur,</strong></span> <span class='ocrx_word' id='word_1_939' title='bbox 2732 4901 2786 4937; x_wconf 80' lang='lat' dir='ltr'><strong>xi</strong></span> <span class='ocrx_word' id='word_1_940' title='bbox 2814 4892 3066 4950; x_wconf 85' lang='lat' dir='ltr'><strong>exarato,</strong></span> <span class='ocrx_word' id='word_1_941' title='bbox 3098 4887 3403 4952; x_wconf 79' lang='lat' dir='ltr'><strong>digramm.</strong></span> <span class='ocrx_word' id='word_1_942' title='bbox 3452 4893 3510 4940; x_wconf 90' lang='lat' dir='ltr'><strong>et</strong></span> <span class='ocrx_word' id='word_1_943' title='bbox 3549 4889 3698 4955; x_wconf 90' lang='lat' dir='ltr'><strong>plut,</strong></span> <span class='ocrx_word' id='word_1_944' title='bbox 3757 4904 3796 4950; x_wconf 83' lang='grc' dir='ltr'><strong>ι,</strong></span> 
     </span>
    </p>
   </div>
   <div class='ocr_carea' id='block_1_139' title="bbox 2089 4955 3794 5024">
    <p class='ocr_par' dir='ltr' id='par_1_139' title="bbox 2089 4955 3794 5024">
     <span class='ocr_line' id='line_1_139' title="bbox 2089 4955 3794 5024; baseline 0.002 -18"><span class='ocrx_word' id='word_1_945' title='bbox 2089 4971 2146 5006; x_wconf 85' lang='grc' dir='ltr'><strong>ιι.</strong></span> <span class='ocrx_word' id='word_1_946' title='bbox 2187 4957 2270 5018; x_wconf 73' lang='grc'><strong>14,</strong></span> <span class='ocrx_word' id='word_1_947' title='bbox 2303 4971 2416 5024; x_wconf 92' lang='lat' dir='ltr'><strong>quo</strong></span> <span class='ocrx_word' id='word_1_948' title='bbox 2454 4957 2614 5008; x_wconf 89' lang='lat' dir='ltr'><strong>Ioco:</strong></span> <span class='ocrx_word' id='word_1_949' title='bbox 2649 4958 2722 5008; x_wconf 90' lang='lat' dir='ltr'><strong>De</strong></span> <span class='ocrx_word' id='word_1_950' title='bbox 2760 4955 2968 5021; x_wconf 81' lang='lat' dir='ltr'><strong>angelis</strong></span> <span class='ocrx_word' id='word_1_951' title='bbox 3003 4957 3058 5008; x_wconf 90' lang='lat' dir='ltr'><strong>in</strong></span> <span class='ocrx_word' id='word_1_952' title='bbox 3107 4957 3312 5009; x_wconf 92' lang='lat' dir='ltr'><strong>Isidori</strong></span> <span class='ocrx_word' id='word_1_953' title='bbox 3343 4963 3520 5020; x_wconf 76' lang='lat' dir='ltr'><strong>textu,</strong></span> <span class='ocrx_word' id='word_1_954' title='bbox 3565 4957 3664 5010; x_wconf 88' lang='lat' dir='ltr'><strong>lib.</strong></span> <span class='ocrx_word' id='word_1_955' title='bbox 3715 4973 3794 5010; x_wconf 81' lang='lat' dir='ltr'><strong>vu</strong></span> 
     </span>
    </p>
   </div>
   <div class='ocr_carea' id='block_1_140' title="bbox 2087 5025 3798 5093">
    <p class='ocr_par' dir='ltr' id='par_1_140' title="bbox 2087 5025 3798 5093">
     <span class='ocr_line' id='line_1_140' title="bbox 2087 5025 3798 5093; baseline 0.004 -17"><span class='ocrx_word' id='word_1_956' title='bbox 2087 5025 2337 5090; x_wconf 78' lang='lat' dir='ltr'><strong>legitur:</strong></span> <span class='ocrx_word' id='word_1_957' title='bbox 2373 5028 2575 5081; x_wconf 80' lang='lat' dir='ltr'><strong>Narem</strong></span> <span class='ocrx_word' id='word_1_958' title='bbox 2621 5041 2732 5079; x_wconf 82' lang='lat' dir='ltr'><strong>esse</strong></span> <span class='ocrx_word' id='word_1_959' title='bbox 2783 5026 2998 5079; x_wconf 85' lang='lat' dir='ltr'><strong>ordines</strong></span> <span class='ocrx_word' id='word_1_960' title='bbox 3053 5028 3365 5093; x_wconf 85' lang='lat' dir='ltr'><strong>angelorum</strong></span> <span class='ocrx_word' id='word_1_961' title='bbox 3413 5043 3581 5080; x_wconf 58' lang='lat' dir='ltr'><strong>saera</strong></span> <span class='ocrx_word' id='word_1_962' title='bbox 3641 5028 3798 5082; x_wconf 82' lang='lat' dir='ltr'><strong>Scri-</strong></span> 
     </span>
    </p>
   </div>
   <div class='ocr_carea' id='block_1_141' title="bbox 2087 5096 3792 5164">
    <p class='ocr_par' dir='ltr' id='par_1_141' title="bbox 2087 5096 3792 5164">
     <span class='ocr_line' id='line_1_141' title="bbox 2087 5096 3792 5164; baseline 0.002 -17"><span class='ocrx_word' id='word_1_963' title='bbox 2087 5099 2222 5148; x_wconf 63' lang='lat' dir='ltr'><strong>turz</strong></span> <span class='ocrx_word' id='word_1_964' title='bbox 2253 5099 2520 5150; x_wconf 83' lang='lat' dir='ltr'><strong>testantur</strong></span> <span class='ocrx_word' id='word_1_965' title='bbox 2553 5113 2564 5150; x_wconf 94' lang='lat'><strong>:</strong></span> <span class='ocrx_word' id='word_1_966' title='bbox 2607 5096 2666 5148; x_wconf 92' lang='lat' dir='ltr'><strong>in</strong></span> <span class='ocrx_word' id='word_1_967' title='bbox 2699 5097 2956 5164; x_wconf 82' lang='lat' dir='ltr'><strong>margine</strong></span> <span class='ocrx_word' id='word_1_968' title='bbox 2993 5103 3186 5149; x_wconf 87' lang='lat' dir='ltr'><strong>autem</strong></span> <span class='ocrx_word' id='word_1_969' title='bbox 3225 5099 3466 5150; x_wconf 88' lang='lat' dir='ltr'><strong>habetur</strong></span> <span class='ocrx_word' id='word_1_970' title='bbox 3497 5099 3620 5151; x_wconf 64' lang='lat' dir='ltr'><strong>haec</strong></span> <span class='ocrx_word' id='word_1_971' title='bbox 3651 5105 3792 5151; x_wconf 89' lang='lat' dir='ltr'><strong>nota</strong></span> 
     </span>
    </p>
   </div>
   <div class='ocr_carea' id='block_1_142' title="bbox 2085 5167 3788 5235">
    <p class='ocr_par' dir='ltr' id='par_1_142' title="bbox 2085 5167 3788 5235">
     <span class='ocr_line' id='line_1_142' title="bbox 2085 5167 3788 5235; baseline 0.002 -18"><span class='ocrx_word' id='word_1_972' title='bbox 2085 5167 2325 5235; x_wconf 88' lang='lat' dir='ltr'><strong>antiqua</strong></span> <span class='ocrx_word' id='word_1_973' title='bbox 2363 5183 2540 5220; x_wconf 87' lang='lat' dir='ltr'><strong>manu</strong></span> <span class='ocrx_word' id='word_1_974' title='bbox 2580 5171 2634 5220; x_wconf 92' lang='lat' dir='ltr'><strong>et</strong></span> <span class='ocrx_word' id='word_1_975' title='bbox 2687 5167 2906 5220; x_wconf 86' lang='lat' dir='ltr'><strong>Gothici</strong></span> <span class='ocrx_word' id='word_1_976' title='bbox 2937 5168 3155 5235; x_wconf 86' lang='lat' dir='ltr'><strong>saporis</strong></span> <span class='ocrx_word' id='word_1_977' title='bbox 3189 5184 3200 5220; x_wconf 95' lang='lat'><strong>:</strong></span> <span class='ocrx_word' id='word_1_978' title='bbox 3237 5169 3575 5223; x_wconf 71' lang='lat' dir='ltr'><strong>ALV’AHUS.</strong></span> <span class='ocrx_word' id='word_1_979' title='bbox 3624 5171 3788 5222; x_wconf 72' lang='lat' dir='ltr'><strong>Nun-</strong></span> 
     </span>
    </p>
   </div>
   <div class='ocr_carea' id='block_1_143' title="bbox 2085 5239 3792 5306">
    <p class='ocr_par' dir='ltr' id='par_1_143' title="bbox 2085 5239 3792 5306">
     <span class='ocr_line' id='line_1_143' title="bbox 2085 5239 3792 5306; baseline 0.002 -18"><span class='ocrx_word' id='word_1_980' title='bbox 2085 5251 2248 5304; x_wconf 89' lang='lat' dir='ltr'><strong>quam</strong></span> <span class='ocrx_word' id='word_1_981' title='bbox 2297 5239 2488 5304; x_wconf 85' lang='lat' dir='ltr'><strong>legisse</strong></span> <span class='ocrx_word' id='word_1_982' title='bbox 2527 5254 2608 5290; x_wconf 89' lang='lat' dir='ltr'><strong>me</strong></span> <span class='ocrx_word' id='word_1_983' title='bbox 2661 5240 2718 5289; x_wconf 89' lang='lat' dir='ltr'><strong>in</strong></span> <span class='ocrx_word' id='word_1_984' title='bbox 2785 5239 2931 5290; x_wconf 87' lang='lat' dir='ltr'><strong>nullo</strong></span> <span class='ocrx_word' id='word_1_985' title='bbox 2979 5241 3284 5291; x_wconf 77' lang='lat' dir='ltr'><strong>aulicorum</strong></span> <span class='ocrx_word' id='word_1_986' title='bbox 3327 5239 3538 5292; x_wconf 86' lang='lat' dir='ltr'><strong>doctore</strong></span> <span class='ocrx_word' id='word_1_987' title='bbox 3593 5241 3792 5306; x_wconf 81' lang='lat' dir='ltr'><strong>recolo,</strong></span> 
     </span>
    </p>
   </div>
   <div class='ocr_carea' id='block_1_144' title="bbox 2081 5309 3796 5376">
    <p class='ocr_par' dir='ltr' id='par_1_144' title="bbox 2081 5309 3796 5376">
     <span class='ocr_line' id='line_1_144' title="bbox 2081 5309 3796 5376; baseline 0.002 -17"><span class='ocrx_word' id='word_1_988' title='bbox 2081 5323 2266 5360; x_wconf 75' lang='lat' dir='ltr'><strong>novem</strong></span> <span class='ocrx_word' id='word_1_989' title='bbox 2294 5309 2508 5361; x_wconf 84' lang='lat' dir='ltr'><strong>ordines</strong></span> <span class='ocrx_word' id='word_1_990' title='bbox 2535 5309 2866 5374; x_wconf 85' lang='lat' dir='ltr'><strong>angelorum,</strong></span> <span class='ocrx_word' id='word_1_991' title='bbox 2907 5310 3018 5361; x_wconf 86' lang='lat' dir='ltr'><strong>nisi</strong></span> <span class='ocrx_word' id='word_1_992' title='bbox 3046 5311 3104 5361; x_wconf 89' lang='lat' dir='ltr'><strong>in</strong></span> <span class='ocrx_word' id='word_1_993' title='bbox 3135 5315 3318 5362; x_wconf 86' lang='lat' dir='ltr'><strong>sancto</strong></span> <span class='ocrx_word' id='word_1_994' title='bbox 3351 5312 3633 5376; x_wconf 79' lang='lat' dir='ltr'><strong>Gregorio,</strong></span> <span class='ocrx_word' id='word_1_995' title='bbox 3667 5315 3718 5362; x_wconf 84' lang='lat' dir='ltr'><strong>et</strong></span> <span class='ocrx_word' id='word_1_996' title='bbox 3759 5325 3796 5362; x_wconf 90' lang='lat' dir='ltr'><strong>a</strong></span> 
     </span>
    </p>
   </div>
   <div class='ocr_carea' id='block_1_145' title="bbox 2083 5377 3794 5447">
    <p class='ocr_par' dir='ltr' id='par_1_145' title="bbox 2083 5377 3794 5447">
     <span class='ocr_line' id='line_1_145' title="bbox 2083 5377 3794 5447; baseline 0.003 -18"><span class='ocrx_word' id='word_1_997' title='bbox 2083 5377 2274 5431; x_wconf 88' lang='lat' dir='ltr'><strong>domno</strong></span> <span class='ocrx_word' id='word_1_998' title='bbox 2305 5380 2531 5437; x_wconf 78' lang='lat' dir='ltr'><strong>Isidoro,</strong></span> <span class='ocrx_word' id='word_1_999' title='bbox 2567 5395 2694 5447; x_wconf 62' lang='lat' dir='ltr'><strong>quin</strong></span> <span class='ocrx_word' id='word_1_1000' title='bbox 2741 5379 2930 5431; x_wconf 85' lang='lat' dir='ltr'><strong>forsan</strong></span> <span class='ocrx_word' id='word_1_1001' title='bbox 2957 5395 3021 5431; x_wconf 89' lang='lat' dir='ltr'><strong>ex</strong></span> <span class='ocrx_word' id='word_1_1002' title='bbox 3063 5379 3266 5432; x_wconf 82' lang='lat' dir='ltr'><strong>Alvaro</strong></span> <span class='ocrx_word' id='word_1_1003' title='bbox 3305 5385 3503 5433; x_wconf 87' lang='lat' dir='ltr'><strong>nostro</strong></span> <span class='ocrx_word' id='word_1_1004' title='bbox 3555 5381 3794 5434; x_wconf 80' lang='lat' dir='ltr'><strong>descen-</strong></span> 
     </span>
    </p>
   </div>
   <div class='ocr_carea' id='block_1_146' title="bbox 2083 5447 3790 5520">
    <p class='ocr_par' dir='ltr' id='par_1_146' title="bbox 2083 5447 3790 5520">
     <span class='ocr_line' id='line_1_146' title="bbox 2083 5447 3790 5520; baseline 0.002 -20"><span class='ocrx_word' id='word_1_1005' title='bbox 2083 5447 2183 5500; x_wconf 90' lang='lat' dir='ltr'><strong>dit.</strong></span> <span class='ocrx_word' id='word_1_1006' title='bbox 2223 5449 2288 5501; x_wconf 90' lang='lat' dir='ltr'><strong>Et</strong></span> <span class='ocrx_word' id='word_1_1007' title='bbox 2322 5449 2737 5520; x_wconf 67' lang='lat' dir='ltr'><strong>observandum</strong></span> <span class='ocrx_word' id='word_1_1008' title='bbox 2776 5449 2834 5501; x_wconf 93' lang='lat' dir='ltr'><strong>in</strong></span> <span class='ocrx_word' id='word_1_1009' title='bbox 2874 5465 2940 5502; x_wconf 90' lang='lat' dir='ltr'><strong>ea</strong></span> <span class='ocrx_word' id='word_1_1010' title='bbox 2971 5450 3307 5520; x_wconf 87' lang='lat' dir='ltr'><strong>Gregorium</strong></span> <span class='ocrx_word' id='word_1_1011' title='bbox 3345 5454 3541 5517; x_wconf 86' lang='lat' dir='ltr'><strong>sancti,</strong></span> <span class='ocrx_word' id='word_1_1012' title='bbox 3611 5450 3790 5504; x_wconf 86' lang='lat' dir='ltr'><strong>Isido-</strong></span> 
     </span>
    </p>
   </div>
   <div class='ocr_carea' id='block_1_147' title="bbox 2081 5519 3111 5575">
    <p class='ocr_par' dir='ltr' id='par_1_147' title="bbox 2081 5519 3111 5575">
     <span class='ocr_line' id='line_1_147' title="bbox 2081 5519 3111 5575; baseline 0.006 -7"><span class='ocrx_word' id='word_1_1013' title='bbox 2081 5533 2208 5570; x_wconf 90' lang='lat' dir='ltr'><strong>rum</strong></span> <span class='ocrx_word' id='word_1_1014' title='bbox 2237 5535 2368 5572; x_wconf 83' lang='lat' dir='ltr'><strong>vero</strong></span> <span class='ocrx_word' id='word_1_1015' title='bbox 2403 5519 2588 5572; x_wconf 81' lang='lat' dir='ltr'><strong>domui</strong></span> <span class='ocrx_word' id='word_1_1016' title='bbox 2609 5520 2773 5572; x_wconf 89' lang='lat' dir='ltr'><strong>titulo</strong></span> <span class='ocrx_word' id='word_1_1017' title='bbox 2802 5519 3111 5575; x_wconf 22' lang='lat' dir='ltr'><strong>honestari’.</strong></span> 
     </span>
    </p>
   </div>
   <div class='ocr_carea' id='block_1_148' title="bbox 2154 5589 3788 5662">
    <p class='ocr_par' dir='ltr' id='par_1_148' title="bbox 2154 5589 3788 5662">
     <span class='ocr_line' id='line_1_148' title="bbox 2154 5589 3788 5662; baseline 0.001 -21"><span class='ocrx_word' id='word_1_1018' title='bbox 2154 5589 2230 5662; x_wconf 15' lang='grc' dir='ltr'><strong>(ἀν)</strong></span> <span class='ocrx_word' id='word_1_1019' title='bbox 2282 5591 2364 5643; x_wconf 90' lang='lat' dir='ltr'><strong>Ita</strong></span> <span class='ocrx_word' id='word_1_1020' title='bbox 2419 5606 2522 5662; x_wconf 87' lang='lat' dir='ltr'><strong>pro</strong></span> <span class='ocrx_word' id='word_1_1021' title='bbox 2571 5590 2779 5662; x_wconf 84' lang='lat' dir='ltr'><strong>domus,</strong></span> <span class='ocrx_word' id='word_1_1022' title='bbox 2832 5589 2901 5643; x_wconf 89' lang='lat' dir='ltr'><strong>de</strong></span> <span class='ocrx_word' id='word_1_1023' title='bbox 2961 5607 3076 5660; x_wconf 87' lang='lat' dir='ltr'><strong>qua</strong></span> <span class='ocrx_word' id='word_1_1024' title='bbox 3135 5607 3308 5661; x_wconf 88' lang='lat' dir='ltr'><strong>supra</strong></span> <span class='ocrx_word' id='word_1_1025' title='bbox 3366 5597 3582 5662; x_wconf 85' lang='lat' dir='ltr'><strong>egerat,</strong></span> <span class='ocrx_word' id='word_1_1026' title='bbox 3647 5591 3788 5646; x_wconf 87' lang='lat' dir='ltr'><strong>idoli</strong></span> 
     </span>
    </p>
   </div>
   <div class='ocr_carea' id='block_1_149' title="bbox 2080 5659 2703 5729">
    <p class='ocr_par' dir='ltr' id='par_1_149' title="bbox 2080 5659 2703 5729">
     <span class='ocr_line' id='line_1_149' title="bbox 2080 5659 2703 5729; baseline 0.005 -17"><span class='ocrx_word' id='word_1_1027' title='bbox 2080 5659 2351 5713; x_wconf 88' lang='lat' dir='ltr'><strong>nimirum</strong></span> <span class='ocrx_word' id='word_1_1028' title='bbox 2387 5661 2703 5729; x_wconf 87' lang='lat' dir='ltr'><strong>cujusdam.</strong></span> 
     </span>
    </p>
   </div>
   <div class='ocr_carea' id='block_1_150' title="bbox 2149 5729 3780 5801">
    <p class='ocr_par' dir='ltr' id='par_1_150' title="bbox 2149 5729 3780 5801">
     <span class='ocr_line' id='line_1_150' title="bbox 2149 5729 3780 5801; baseline 0.002 -19"><span class='ocrx_word' id='word_1_1029' title='bbox 2149 5729 2217 5801; x_wconf 89' lang='lat' dir='ltr'><strong>(e_)</strong></span> <span class='ocrx_word' id='word_1_1030' title='bbox 2247 5731 2327 5801; x_wconf 77' lang='lat' dir='ltr'><strong>Cl.</strong></span> <span class='ocrx_word' id='word_1_1031' title='bbox 2367 5731 2672 5798; x_wconf 88' lang='lat' dir='ltr'><strong>Florezius,</strong></span> <span class='ocrx_word' id='word_1_1032' title='bbox 2703 5737 2741 5783; x_wconf 88' lang='lat' dir='ltr'><strong>t.</strong></span> <span class='ocrx_word' id='word_1_1033' title='bbox 2789 5730 2878 5790; x_wconf 84' lang='grc' dir='ltr'><strong>Χῐ.</strong></span> <span class='ocrx_word' id='word_1_1034' title='bbox 2934 5747 3064 5801; x_wconf 88' lang='lat' dir='ltr'><strong>pag.</strong></span> <span class='ocrx_word' id='word_1_1035' title='bbox 3097 5733 3184 5794; x_wconf 87' lang='lat'><strong>30,</strong></span> <span class='ocrx_word' id='word_1_1036' title='bbox 3223 5748 3280 5785; x_wconf 84' lang='grc' dir='ltr'><strong>ιι.</strong></span> <span class='ocrx_word' id='word_1_1037' title='bbox 3317 5735 3409 5799; x_wconf 83' lang='grc'><strong>33,</strong></span> <span class='ocrx_word' id='word_1_1038' title='bbox 3457 5733 3530 5788; x_wconf 86' lang='lat' dir='ltr'><strong>ad</strong></span> <span class='ocrx_word' id='word_1_1039' title='bbox 3566 5749 3780 5788; x_wconf 82' lang='lat' dir='ltr'><strong>annum</strong></span> 
     </span>
    </p>
   </div>
   <div class='ocr_carea' id='block_1_151' title="bbox 2079 5798 3784 5874">
    <p class='ocr_par' dir='ltr' id='par_1_151' title="bbox 2079 5798 3784 5874">
     <span class='ocr_line' id='line_1_151' title="bbox 2079 5798 3784 5874; baseline 0.004 -22"><span class='ocrx_word' id='word_1_1040' title='bbox 2079 5798 2290 5853; x_wconf 88' lang='lat' dir='ltr'><strong>Christi</strong></span> <span class='ocrx_word' id='word_1_1041' title='bbox 2321 5803 2444 5864; x_wconf 89' lang='lat' dir='ltr'><strong>86l,</strong></span> <span class='ocrx_word' id='word_1_1042' title='bbox 2475 5805 2569 5853; x_wconf 88' lang='lat' dir='ltr'><strong>aut</strong></span> <span class='ocrx_word' id='word_1_1043' title='bbox 2602 5801 2751 5854; x_wconf 88' lang='lat' dir='ltr'><strong>circa</strong></span> <span class='ocrx_word' id='word_1_1044' title='bbox 2781 5801 2838 5854; x_wconf 91' lang='lat' dir='ltr'><strong>id</strong></span> <span class='ocrx_word' id='word_1_1045' title='bbox 2867 5798 3091 5874; x_wconf 71' lang='lat' dir='ltr'><strong>tempus</strong></span> <span class='ocrx_word' id='word_1_1046' title='bbox 3112 5801 3301 5856; x_wconf 86' lang='lat' dir='ltr'><strong>Alvari</strong></span> <span class='ocrx_word' id='word_1_1047' title='bbox 3333 5798 3554 5858; x_wconf 87' lang='lat' dir='ltr'><strong>exitum</strong></span> <span class='ocrx_word' id='word_1_1048' title='bbox 3583 5806 3784 5866; x_wconf 72' lang='lat' dir='ltr'><strong>refert,</strong></span> 
     </span>
    </p>
   </div>
  </div>
