3860 6262
14 336 94 383 :97

13 469 154 521 -nim
213 469 306 522 vel
367 468 640 522 titivilitio
703 469 936 538 quidem
991 469 1268 522 aestimari
1327 470 1494 523 debet

14 539 642 608 uendo-Luitprandus
677 539 886 592 dixerit
911 538 990 609 (α)
1035 541 1242 592 obiisse
1274 541 1551 594 Cordubae
1573 538 1713 593 ‘san-

13 618 154 662 :tum
213 612 400 662 virum
448 610 751 679 patricium
798 613 1067 664 Alvarum
1123 617 1324 680 quarto
1366 612 1456 663 die
1505 612 1716 664 mensis

13 683 131 734 ﬂaii
163 697 283 733 arra
332 697 498 744 cum,
538 681 744 734 Christi
787 698 917 734 vero
960 684 1082 734 869.
1117 682 1495 744 Quantumvis
1549 683 1597 733 ei
1631 688 1712 732 te-

14 767 160 804 nere
211 752 456 805 credens
503 753 748 805 Joannes
814 752 1098 813 Tamaius,
1153 752 1550 821 Martyrologio
1615 753 1715 805 l-li-

13 839 186 890 epano
220 824 326 874 hac
357 823 446 874 die
487 824 570 875 uti
619 828 880 875 sanctum
924 824 1220 875 invexerit.
1257 824 1383 876 Hinc
1423 828 1554 875 sunt
1603 825 1713 875 Τυ-

20 901 213 944 etauee
267 893 636 961 apotheoses;
681 909 810 946 nam
857 897 911 945 et
955 909 1137 963 nuper
1186 893 1367 946 dictus
1407 893 1714 962 Luitpran-

14 965 113 1016 lus
161 964 260 1033 (ὁ),
303 969 361 1016 et
406 968 716 1033 symmysta
757 964 879 1032 ejus
917 964 1175 1016 Julianus
1219 963 1308 1032 (ο),
1357 969 1613 1016 sanctum
1660 967 1717 1016 et

13 1034 330 1086 :anctitatis
377 1034 652 1101 opinione
694 1034 970 1088 Cordubae
996 1035 1297 1087 florentem
1336 1051 1431 1087 ore
1464 1035 1714 1087 rotundo

13 1105 325 1173 ippellant.
386 1105 755 1157 Oscitantiam
815 1107 1092 1158 Joannem
1146 1105 1361 1158 Tamaii
1419 1121 1716 1174 nunquam

13 1178 145 1226 tatis
205 1175 478 1227 demirari
519 1192 767 1244 possem,
831 1177 927 1244 qui
980 1191 1110 1228 cum
1159 1175 1220 1228 in
1265 1175 1453 1245 elogio
1489 1176 1718 1229 dixisset

13 1247 70 1298 le
105 1247 336 1310 Alvarn,
375 1246 566 1303 fuisse.
601 1251 663 1296 ut
693 1246 925 1316 quidam
958 1248 1217 1313 credunt,
1273 1247 1451 1300 sancti
1493 1246 1716 1314 Eulogii

13 1319 244 1369 ’ratrem
281 1333 294 1369 :
323 1317 460 1370 inde
494 1317 552 1369 in
583 1318 749 1378 notis,
784 1333 881 1368 seu
923 1317 1061 1369 actis
1092 1316 1234 1384 ejus,
1277 1319 1428 1371 hunc
1456 1323 1713 1370 nostrum

13 1388 362 1440 :onfundere
405 1403 517 1440 non
571 1387 852 1440 dubitavit
899 1403 1028 1440 cum
1068 1390 1289 1454 Alvaro,
1332 1388 1551 1458 Eulogii
1601 1389 1712 1441 fra-

14 1474 112 1522 re,
144 1459 247 1528 qui
288 1474 404 1511 una
445 1474 573 1512 cum
623 1459 802 1511 altero
839 1459 1136 1528 utriusque
1178 1458 1354 1511 fratre
1395 1459 1611 1512 Isidoro
1655 1459 1715 1512 in

14 1529 319 1582 Sermania
369 1530 716 1599 peregrinati
761 1534 938 1581 sunt:
983 1529 1051 1581 de
1084 1529 1290 1599 quibus
1335 1530 1605 1598 Eulogius
1656 1531 1713 1582 in

13 1600 252 1667 epistola
287 1601 353 1652 ad
391 1599 788 1653 Wiliesindum
819 1599 1336 1670 Pampilonensem,
1367 1601 1514 1653 utin
1553 1601 1710 1653 Eulo-

13 1675 103 1724 zio
139 1671 411 1723 diximus.

14 1733 30 1740 ”
73 1744 278 1794 Cmcus
307 1742 520 1810 “utique
568 1745 651 1792 est
691 1741 789 1810 qui
842 1756 957 1793 non
1009 1740 1162 1794 videt
1207 1741 1474 1810 Alvarum
1525 1741 1710 1810 ipsum

13 1813 176 1864 lateri
209 1829 271 1865 se
303 1829 416 1864 non
451 1812 568 1864 ullo
607 1811 901 1880 sanguinis
933 1813 1028 1864 sed
1073 1828 1186 1864 uno
1225 1811 1627 1865 familiaritatis
1659 1819 1714 1864 et

13 1890 228 1936 muttire
292 1882 723 1936 consuetudinis
779 1883 1004 1935 vinculo
1072 1883 1372 1951 Eulogium
1449 1883 1713 1934 habuisse

13 1954 116 2004 sibi
180 1955 517 2005 obnoxium.
567 1954 890 2006 Clarissime
931 1952 988 2005 in
1046 1953 1219 2007 Vita:
1275 1975 1301 2001 ‹‹
1335 1956 1380 2006 Α
1441 1953 1714 2023 primaevo

14 2025 413 2076 adolescentiae
473 2025 608 2076 flore
651 2023 940 2076 charitatis
995 2023 1295 2077 dulcedine
1348 2030 1402 2077 et
1463 2025 1713 2094 Scriptu-

13 2110 207 2146 rarum
263 2110 478 2158 amore,
552 2110 666 2147 uno
713 2095 934 2146 vinculo
988 2094 1252 2147 concordi
1302 2094 1498 2147 innexi
1545 2093 1718 2162 hujus

13 2167 165 2231 vitas,
205 2171 338 2228 etc.,
389 2164 653 2217 duximus
695 2163 920 2234 jugum,
959 2187 979 2210 υ
1027 2165 1088 2217 Et
1136 2165 1303 2228 infra,
1357 2181 1484 2217 cum
1542 2165 1717 2217 dixis-

13 2244 95 2288 set
151 2236 519 2289 consuevisse
580 2236 882 2304 Eulogium
940 2235 1159 2287 abbatis
1212 2235 1545 2304 Speraindei
1607 2236 1718 2287 fre-

14 2312 298 2375 quentare
332 2307 562 2358 domum
606 2321 618 2357 :
660 2326 686 2352 ‹‹
715 2305 794 2357 lbi
827 2321 976 2367 eum,
1008 2305 1216 2375 inquit,
1241 2306 1505 2374 primitus
1529 2305 1716 2358 videre

14 2379 225 2441 merui,
257 2378 336 2429 ibi
368 2378 493 2445 ejus
522 2375 785 2428 amicitiae
827 2376 978 2428 dulci
1009 2377 1235 2443 inhazsi,
1274 2377 1356 2429 ibi
1398 2376 1478 2428 illi
1515 2376 1720 2428 indivi-

14 2449 124 2500 dua
153 2463 286 2500 sum
318 2463 496 2499 nexus
543 2446 862 2499 dulcedine.
901 2467 929 2495 »
967 2447 1029 2498 Et
1063 2462 1189 2516 qua?
1231 2451 1566 2516 sequuntur.
1605 2448 1718 2498 Pu-

17 2525 175 2570 tasne
226 2533 538 2587 germanos
580 2519 805 2587 fratres
843 2517 922 2569 sic
978 2518 1228 2586 potuisse
1294 2518 1435 2570 forte
1492 2517 1719 2570 fortuna

20 2586 264 2642 invicem
321 2588 427 2641 sibi
487 2593 650 2640 notos
687 2586 850 2640 fieri?
899 2587 1010 2640 Sed
1058 2603 1249 2640 nonne
1308 2588 1429 2657 ipse
1483 2589 1718 2640 Alvarus

18 2659 503 2727 peregrinationis
545 2657 809 2710 meminit
859 2657 1102 2710 fratrum
1159 2659 1428 2726 Eulogii?
1465 2679 1492 2706 ‹‹
1528 2658 1636 2711 Nec
1667 2659 1717 2710 ei

19 2729 244 2782 suffecit
297 2730 643 2781 monasteria
681 2728 881 2797 patrias
933 2745 1072 2796 suae,
1117 2729 1218 2796 ait,
1271 2729 1537 2791 invisere,
1580 2729 1716 2798 quin

22 2802 210 2870 potius
258 2800 834 2870 orcasionel‘ratrum
887 2815 1168 2870 suorum,
1197 2799 1296 2868 qui
1345 2799 1482 2868 ipsis
1522 2799 1719 2852 diebus

23 2869 76 2923 in
148 2870 404 2924 Francia;
469 2869 677 2922 finibus
733 2870 1093 2935 exsulabant,
1156 2869 1511 2938 indemptam
1572 2869 1718 2922 viam

23 2941 286 3012 arripuit.
323 2961 351 2990 »
409 2942 537 2994 Haec
594 2940 654 2992 in
700 2941 989 2994 Tamaium
1053 2956 1166 2993 non
1217 2941 1340 2994 sine
1396 2940 1529 3005 bile,
1591 2956 1719 2994 cum

91 3085 518 3153 (atAnno859.

93 3155 162 3222 tib)
203 3161 374 3208 Anno
400 3155 522 3214 84-6,
559 3169 614 3206 n.
648 3155 770 3207 290.

1153 335 1402 389 ALVARI
1446 332 1921 390 CORDUBENSIS
1963 336 2356 392 CONFESSIO.

3415 345 3518 400 398

1553 471 1700 540 quod
1743 476 1784 529 Α
1813 470 1948 550 actis
1979 472 2188 552 _Alvari
2245 473 2640 552 eolo'plionem
2694 475 2789 552 ab-
2833 493 2899 530 eo
2968 477 3121 552 hunc
3187 480 3519 552 impositum

1829 542 2156 621 mirabundi
2189 544 2256 621 ad
2293 542 2548 621 animum
2575 547 2970 621 advertimus:
3003 573 3021 621 ᾳ
3063 551 3246 604 Unum
3271 542 3521 621 iiotabis,

1828 614 1992 690 quod
2021 614 2163 690 licet
2214 614 2413 666 fratres
2471 622 2740 690 vocentur
2795 619 2943 671 beati
2999 620 3219 690 Eulogii
3279 614 3518 677 Alvarus

1827 690 1884 735 et
1928 683 2173 735 Isidorus
2207 701 2218 736 :
2265 701 2379 736 non
2424 687 2610 738 carnis
2651 703 2821 752 nexu,
2854 691 2948 742 sed
2992 683 3352 746 conttibernii
3394 695 3520 748 vin-

1827 752 1954 828 culo
2000 753 2177 828 fuere.
2220 777 2240 801 ι
2303 755 2892 828 ἑυόἰοὶυῐηίιιοωὶῑιίδ
2945 764 3362 828 nugacitatibus
3419 766 3520 818 de-

1825 822 1954 877 diti!
2020 826 2120 893 qui
2179 841 2306 902 vere
2373 828 2544 902 semel
2610 827 2668 902 in
2732 845 2826 902 eas
2874 822 3162 902 angustias
3234 835 3517 902 detrusus,

1827 910 2007 969 unum
2061 896 2451 969 eumdemque
2504 898 2572 950 de
2621 899 2846 952 duobus
2899 896 3114 953 Alvaris
3157 896 3516 969 conﬁciendi,

1826 965 2021 1038 videns
2053 967 2194 1018 forte
2229 968 2521 1035 superiora
2566 984 2693 1038 quae
2729 970 3081 1023 laudavimus
3123 974 3315 1026 Alvari
3348 965 3523 1029 nostri

1828 1037 1986 1112 Pauli
2018 1051 2147 1089 cum
2179 1038 2414 1112 Eulogio
2448 1040 2733 1112 amicitiae,
2785 1057 2900 1093 non
2932 1042 3129 1110 utique
3171 1047 3520 1112 consangui-

1827 1107 2040 1181 nitatis,
2093 1108 2466 1181 testimonia:
2502 1110 2731 1164 fratrem
2788 1127 2915 1164 vere
2959 1107 3297 1181 germanum
3353 1107 3521 1169 Eulo-

1935 1179 2177 1230 alterum
2208 1179 2474 1253 Alvarum
2503 1181 2788 1247 abdicare,
2823 1187 2875 1235 et
2912 1199 2943 1234 a
2965 1177 3316 1253 cognatione
3361 1187 3517 1239 illius

1827 1248 2032 1316 ejict-re
2065 1265 2178 1300 non
2211 1249 2506 1303 dubitavit.

1899 1318 2120 1391 Eulogii
2159 1325 2348 1373 autem
2389 1321 2510 1374 hare
2550 1337 2678 1391 quae
2718 1321 3072 1391 subjicimus,
3121 1324 3397 1378 vindicias
3435 1342 3522 1378 se-

1827 1389 2099 1462 cundum,
2135 1392 2454 1462 naturalem
2502 1389 2836 1462 utriusque,
2873 1400 2930 1446 et
2973 1395 3173 1448 Isidori
3223 1402 3277 1448 et
3335 1397 3523 1449 Alvari

1827 1476 1955 1513 cum
2008 1461 2242 1584 ΕΠΙοὲἰο
2291 1461 2975 1518 ἷτθῐρνιιίιδὶθωίόρεετηὶ
3022 1467 3392 1535 przestabunt.
3461 1470 3524 1521 In

1827 1530 2062 1584 enistola
2113 1547 2143 1582 a
2232 1533 2642 1584 Wiliesindum.
2690 1535 2745 1584 in
2785 1552 2897 1584 una
2938 1536 3007 1584 de
3059 1553 3255 1584 eorum
3308 1537 3367 1584 in
3418 1539 3521 1584 Tn-

1826 1530 2062 1599 epistola
2103 1530 2180 1603 ad
2232 1533 2643 1593 Wiliesindum.
2690 1535 2745 1585 in
2785 1552 2897 1603 qua
2938 1530 3255 1590 de'eorum
3308 1537 3369 1589 in
3418 1539 3521 1590 To-

1827 1602 2652 1675 gataa_Galliz£-pat‘tesarrepto
2687 1602 2889 1658 itinere
2923 1606 3040 1675 agit
3074 1623 3084 1660 :
3125 1631 3142 1654 ιι
3185 1609 3338 1660 Adeo
3373 1614 3433 1660 ut
3463 1609 3522 1661 in

1827 1672 2026 1747 exsilio
2069 1688 2214 1747 meo,
2264 1673 2470 1742 inquit,
2513 1672 2654 1747 nihil
2696 1683 2910 1747 praeter
2945 1672 3310 1731 alfectuosam
3354 1695 3521 1747 pere—

1757 1758 1794 1810 B
1827 1743 2125 1817 grinorum
2159 1744 2423 1817 fratrum,
2457 1750 2512 1797 et
2556 1744 2844 1817 destitutae
2893 1746 3122 1801 familiae
3155 1743 3521 1817 praesentiam

1823 1815 2188 1882 suspirarem.
2225 1835 2250 1861 ››
2312 1815 2617 1882 Cujusnani
2679 1816 2957 1870 familias?
3016 1815 3274 1872 Ostendit
3326 1819 3520 1871 infra:

1826 1885 2234 1958 g-lgituncum
2279 1887 2572 1954 proprium
2626 1887 2868 1940 revisere
2911 1904 3129 1954 arvum,
3166 1889 3275 1958 piae
3323 1889 3524 1942 matris

1823 1955 2130 2020 Elisabetb,
2161 1971 2258 2008 seu
2290 1972 2552 2008 sororum
2583 1972 2816 2010 suarum
2864 1959 3071 2011 Nicolm
3103 1955 3522 2024 et'Anullonis,

1817 2025 2180 2100 juniorisque
2212 2025 2400 2078 fratris
2441 2027 2653 2100 Joseph
2697 2034 2926 2100 urgeret
2964 2030 3198 2082 allectus
3230 2047 3241 2083 :
3278 2031 3430 2100 cogis
3463 2039 3527 2083 ut

1822 2095 2007 2148 adhuc
2059 2111 2407 2162 remaneam,
2455 2095 2752 2150 nec’siuis
2772 2095 2952 2152 'abire
3002 2095 3374 2166 maerentem;
3420 2102 3518 2154 sed

1827 2172 2066 2240 utroque
2109 2167 2342 2219 vulnere
2376 2184 2705 2240 percussum
2751 2185 2848 2222 cor
2897 2186 3086 2223 meum
3130 2176 3190 2223 tu
3233 2171 3354 2240 jam
3401 2188 3523 2224 me-

1827 2236 1948 2308 deri
2004 2252 2118 2308 non
2155 2242 2422 2308 poteras,
2474 2239 2564 2291 cui
2611 2244 2665 2291 et
2717 2242 3103 2308 peregrinatio
3156 2236 3422 2308 fratrum,
3472 2247 3530 2295 et

1825 2307 2097 2360 desolatio
2133 2307 2572 2362 domesticorum
2627 2307 3028 2379 quOtidianum
3067 2311 3385 2364 offerebant
3436 2314 3521 2364 la-

1829 2385 2106 2430 mentum.
2143 2399 2169 2425 n
2239 2384 2310 2432 At
2370 2381 2738 2448 quantumvis
2803 2381 3002 2434 demus
3061 2385 3262 2447 fratres
3328 2384 3397 2436 ab
3458 2398 3524 2435 eo

1830 2453 2139 2520 utrumque
2203 2449 2480 2519 appellari
2549 2451 2800 2520 potuisse
2861 2452 3150 2505 charitatis
3212 2453 3519 2513 obnexum.

1830 2518 1910 2570 uti
1938 2525 2150 2591 patrem
2198 2518 2297 2572 aut
2325 2518 2565 2574 matrem'
2586 2537 2917 2591 sororesque,
2960 2540 3062 2576 nec
3093 2523 3280 2576 minus
3310 2526 3518 2588 fratres

1827 2605 1977 2658 saepe
2043 2590 2204 2664 alios,
2263 2591 2658 2664 hocAtantum
2720 2590 2997 2664 respectu,
3049 2594 3318 2664 Eulogius
3371 2595 3526 2647 idem

1828 2661 2351 2734 vocasse__legitu_r:
2395 2661 2515 2714 haec
2555 2661 2838 2734 excusatio
2881 2665 2949 2716 ad
2983 2666 3156 2718 alium
3196 2661 3323 2717 Vnon
3353 2665 3525 2734 perti-

1828 2735 1946 2805 net,
1992 2731 2206 2805 scilicet
2249 2731 2541 2805 Alvarum,
2583 2733 2688 2805 qui
2742 2735 2812 2787 de
2871 2736 3106 2805 Eulogio
3168 2731 3408 2805 loquens
3467 2735 3524 2787 in

1829 2802 1953 2874 ejus
2029 2801 2322 2874 Vitatuti
2381 2802 2503 2871 jam
2562 2801 2830 2870 diximus,
2887 2801 3091 2871 fratres
3147 2801 3368 2874 Eulogii
3430 2805 3527 2858 Isi-

1829 2871 2032 2924 dorum
2063 2877 2120 2925 et
2151 2872 2416 2926 Alvarum
2449 2874 2661 2944 inepte,
2695 2876 2804 2928 nisi
2825 2891 3130 2944 germanos
3162 2871 3522 2946 appellasset.

1899 3083 1970 3151 (ο)
2003 3083 2068 3136 In
2099 3084 2383 3150 Chronic.,
2414 3101 2570 3139 num.
2604 3087 2727 3140 433.

548 3441 1380 3598 ALVARI
1489 3436 3015 3606 CORDUBENSIS

1465 3677 2105 3783 OPERA

263 3850 345 3910 In
391 3849 582 3910 lucem
623 3851 885 3929 primum
926 3848 1087 3909 edita
1132 3867 1209 3908 ex
1249 3848 1447 3908 codice
1497 3848 1744 3940 Gothico
1782 3849 1953 3938 almae
2002 3849 2290 3910 Ecclesia:
2343 3851 2760 3926 Corduvensz's,
2816 3853 2890 3913 ab
2942 3854 3292 3933 octingentis

1560 3938 1732 3988 annis
1761 3938 2001 4008 scripto.

1158 4061 1348 4125 (Apud.
1388 4061 1606 4120 Florez.,
1641 4061 1906 4124 Hispanias
1941 4075 2102 4110 sacrae
2133 4065 2259 4111 tom.
2292 4062 2399 4122 XI.)

1569 4322 2022 4394 INCIPIT

577 4497 1829 4648 CONFESSIO
1983 4504 2988 4650 ALVARI“.

107 4838 321 4891 Excelse
359 4837 538 4904 Deus,
571 4834 894 4900 inetfabilis,
922 4834 1243 4902 invisibilis,
1281 4852 1313 4889 a
1344 4853 1457 4906 quo
1491 4837 1728 4901 bonum,
1773 4838 1812 4893 C
1844 4837 1942 4906 qui
1973 4837 2280 4908 corporalis
2323 4840 2348 4880 ιτ
2405 4855 2518 4892 non
2584 4857 2663 4905 es,
2716 4845 2770 4893 et
2830 4858 2931 4911 per
2983 4840 3540 4912 incircumscriptam

51 4928 95 4976 et
120 4942 213 4995 per
259 4941 442 4996 quem
472 4923 538 4976 ﬁt
568 4923 951 4993 quodcunque
991 4924 1168 4977 claret
1199 4924 1523 4991 honestum,
1561 4940 1733 4994 quem

52 5022 196 5060 nemo
228 5008 413 5078 digne
442 5020 646 5075 rogare
676 5005 844 5070 valet,
876 5011 933 5057 et
960 5021 1133 5075 quem
1157 5006 1344 5058 omnis
1367 5022 1574 5072 sermo,
1609 5006 1739 5059 licet

57 5093 284 5167 indigne,
319 5110 533 5164 rogare
562 5092 764 5159 audet;
794 5093 914 5146 sine
947 5110 1060 5164 quo
1093 5093 1236 5146 nihil
1274 5100 1378 5159 est,
1429 5099 1485 5146 et
1525 5094 1738 5163 absque

57 5199 146 5252 quo
173 5186 448 5255 impietas
483 5181 671 5235 omnis
701 5181 952 5251 procedit
990 5199 1002 5235 :
1055 5183 1221 5249 Deus,
1257 5184 1357 5253 qui
1395 5182 1516 5236 sine
1553 5182 1738 5252 quali-

60 5277 148 5325 tate
176 5290 232 5327 es
260 5275 484 5338 bonus,
517 5271 638 5324 sine
670 5272 984 5340 quantitate
1016 5286 1278 5340 magnus,
1306 5272 1427 5324 sine
1450 5272 1561 5324 situ
1590 5282 1738 5340 prte-

63 5375 181 5428 sens,
237 5363 364 5416 sine
410 5359 698 5413 effusione
757 5360 955 5412 forma
1009 5359 1222 5429 ubique
1265 5359 1550 5413 diffusus:
1598 5361 1741 5412 Deus

89 5520 262 5641 0:i‘Per
313 5521 343 5572 ὁ
387 5532 514 5571 non
566 5531 722 5586 perv
753 5531 965 5569 nomen
1015 5516 1204 5570 Alvari
1251 5517 1518 5570 scribitur
1547 5515 1604 5568 in
1638 5515 1742 5569 hoc

148 5605 243 5641 tce.

65 5602 222 5643 εοαιοε
233 5633 243 5642 .

1846 4926 2218 4981 substantiam
2251 4925 2464 4995 ubique
2507 4942 2584 4980 es.
2630 4928 2736 4991 Qui
2765 4945 2990 4982 sursum
3025 4929 3323 4984 residendo
3371 4933 3538 5002 segis,

1845 5013 2111 5067 deorsum
2153 5013 2496 5067 continendo
2537 5015 2684 5077 ades,
2743 5023 2897 5071 extra
2955 5018 3291 5083 circumdas,
3344 5019 3493 5072 infra
3525 5029 3542 5052 ε

1847 5106 1902 5154 et
1948 5102 2140 5154 omnia
2192 5105 2542 5170 penetrans:
2603 5104 2750 5157 Deus
2799 5105 2896 5174 qui
2947 5108 3095 5160 mala
3149 5107 3342 5160 omnia
3397 5109 3540 5174 odis,

1848 5204 2027 5258 eaque
2058 5189 2275 5241 occulto
2309 5189 2562 5256 consilio,
2600 5192 2797 5261 utique
2829 5193 3006 5262 justo,
3038 5195 3381 5265 plerumque
3411 5213 3540 5266 per-

1849 5276 2068 5329 mittis:
2099 5277 2246 5329 Deus
2286 5277 2381 5347 qui
2423 5277 2570 5331 sicut
2613 5281 2847 5347 malum,
2883 5283 3034 5350 quod
3069 5283 3211 5336 nihil
3260 5288 3364 5350 est,
3399 5285 3542 5348 odis,

1850 5363 1924 5416 ita
1955 5363 2192 5429 bonum,
2232 5365 2385 5434 quod
2427 5365 2640 5436 aliquid
2691 5373 2795 5433 est,
2839 5383 3016 5423 amas.
3061 5372 3166 5434 Qui
3219 5388 3329 5424 non
3383 5377 3548 5424 natu-

1925 5521 1950 5561 ιν
1979 5520 2074 5572 Ms.
2086 5560 2099 5583 ,
2135 5522 2482 5589 corporalem.

1925 5599 1944 5621 ε
1972 5590 2131 5654 Infra
2163 5607 2268 5659 pro
2300 5594 2447 5646 intra
2478 5593 2808 5662 frequenter
2839 5596 2989 5664 apud
3019 5602 3256 5650 veteres.
