3860 6262
343 352 445 403 399

1718 346 1972 399 ALVARI
2014 342 2493 399 CORDUBENSIS
3742 345 3803 394 iit"

340 502 463 539 ram
494 484 647 549 mali,
677 498 805 554 quas
834 482 989 535 nulla
1021 487 1125 545 est,
1158 481 1257 534 sed
1288 496 1384 532 eos
1416 479 1515 549 qui
1560 480 1775 532 malum
1810 480 2027 533 faciunt
2065 484 2108 533 Α
2139 480 2275 533 inde
2307 491 2599 549 peccantes
2630 479 2817 548 punis.
2858 478 3012 532 Unde
3049 495 3215 532 verus
3246 495 3327 543 es,
3384 480 3515 533 inde
3549 480 3798 533 mendaces

340 576 619 629 damnas:
657 574 804 627 Deus
853 571 951 641 qui
995 574 1199 624 cuncta
1238 568 1450 638 pietate
1492 568 1661 639 regis,
1708 569 1805 622 sed
1849 584 2041 638 pecca-

340 669 463 718 tum
514 663 762 714 inultum
815 674 1110 729 nunquam
1163 657 1451 711 dimittis:
1488 658 1633 711 Deus
1677 658 1777 727 qui
1826 657 2038 726 partim

341 750 531 821 operis
558 751 639 803 tui
666 749 983 802 aeternitate
1017 747 1358 811 consolidas,
1390 747 1550 799 nullo
1584 747 1787 799 merito
1815 761 2035 815 praece-

340 841 542 905 dente;
606 838 816 908 partim
867 838 1022 906 juste
1082 835 1423 888 mortalitate
1481 834 1815 904 corrumpis,
1877 835 2036 887 nullo

340 933 571 999 peccato
598 930 923 997 patescente
961 941 972 977 :
1011 925 1154 978 Deus
1187 923 1284 993 qui
1327 927 1646 976 creaturam
1675 922 1831 975 illam
1866 938 2039 992 quam

342 1020 587 1088 primam
646 1014 921 1085 dignitate
967 1015 1082 1082 {seu
1133 1011 1469 1066 fortitudine
1529 1012 1609 1063 vel
1660 1012 1863 1064 decore
1918 1027 2039 1063 esse

338 1105 593 1171 voluisti,
621 1104 760 1157 vitio
794 1119 893 1155 suo
925 1106 1249 1171 corruptam
1291 1099 1362 1152 ad
1407 1099 1679 1152 inferiora
1729 1099 2034 1167 dilapsam.

338 1200 405 1247 ut
435 1198 581 1247 esset
630 1192 781 1263 quod
825 1196 1014 1245 creata
1054 1194 1138 1242 est
1176 1188 1401 1257 justitia
1440 1187 1703 1256 exigente
1750 1187 1988 1240 noluisti
2023 1204 2035 1240 :

343 1284 491 1335 Deus
543 1281 641 1350 qui
700 1279 843 1331 sicut
896 1279 1052 1331 nulla
1111 1281 1367 1329 exstante
1415 1276 1666 1328 bonitate
1715 1275 2038 1329 humanum

339 1386 519 1440 genus
549 1367 770 1434 creasti,
804 1366 881 1419 ita
928 1365 1085 1418 nullo
1130 1364 1489 1434 praecedente
1538 1363 1745 1417 merito
1794 1380 1898 1416 nos
1937 1380 2036 1417 ra-

338 1460 494 1512 tione
542 1456 814 1510 creaturis
875 1455 1001 1507 aliis
1050 1453 1390 1523 praetulisti:
1448 1453 1596 1506 Deus
1642 1452 1741 1522 qui
1793 1468 2037 1505 massam

337 1544 648 1618 perditioni
686 1544 939 1597 deditam
977 1543 1133 1610 juste
1179 1541 1436 1610 perimis,
1490 1547 1543 1593 et
1583 1556 1827 1593 massam
1874 1542 2038 1611 regni

337 1633 786 1689 misericorditer
824 1632 941 1684 sola
981 1630 1235 1683 bonitate
1271 1646 1386 1699 qua
1427 1629 1615 1682 affluis
1649 1628 1811 1697 eligis
1844 1670 1856 1681 .
1892 1630 2038 1682 Deus

340 1724 440 1795 qui
480 1723 613 1776 Adae
654 1720 990 1791 progeniem
1036 1720 1156 1771 sola
1205 1718 1458 1771 bonitate
1506 1733 1571 1769 ex
1616 1723 1774 1786 parte
1824 1722 2040 1771 restau-

2148 569 2518 622 condemnas.
2571 568 2725 622 Unde
2762 568 2913 620 mitis
2958 584 3037 633 es,
3074 568 3205 621 inde
3256 569 3536 636 superbos
3582 569 3801 621 detestas.

2155 657 2312 711 Unde
2359 656 2680 712 misericors
2711 673 2786 718 es,
2832 657 2963 709 inde
2997 673 3115 709 non
3142 661 3226 709 tot
3260 664 3324 710 ut
3360 658 3387 698 ἀ
3432 658 3721 727 desquiris.
3746 660 3801 711 Tu
3838 656 3839 723 ἓ

2151 748 2221 800 ab
2271 746 2434 799 initio
2497 751 2816 799 creaturam
2872 746 3148 815 singulari
3219 745 3609 798 misericordia
3663 746 3795 803 foves,

2149 833 2445 905 potentiali
2492 834 2699 887 virtute
2732 833 2902 902 regis,
2952 832 3228 887 ineffabili
3270 834 3509 887 consdio
3551 834 3633 885 vel
3682 840 3800 902 pole-

2151 928 2293 977 state
2338 923 2611 993 disponis.
2666 924 2813 975 Deus
2866 922 2965 992 qui
3018 924 3397 975 contritorum
3439 939 3552 975 non
3605 923 3801 991 despicis

2149 1028 2363 1082 preces,
2398 1028 2502 1065 nec
2542 1011 2972 1081 deprecantium
3003 1016 3056 1063 te
3099 1026 3231 1063 vero
3263 1011 3434 1064 corde
3466 1009 3682 1079 spernis
3716 1010 3803 1061 cla-

2150 1118 2357 1155 mores.
2413 1100 2521 1165 Qui
2568 1100 2801 1170 frigidas
2833 1105 3054 1153 mentes
3086 1098 3217 1167 igne
3266 1099 3350 1152 tui
3385 1100 3598 1152 amoris
3652 1098 3805 1151 incen-

2148 1190 2256 1255 dis,
2289 1195 2346 1243 et
2372 1190 2603 1243 initium
2636 1190 2769 1243 boni
2806 1189 2997 1259 operis
3025 1189 3368 1258 plerumque
3402 1188 3564 1241 nobis
3597 1188 3806 1240 nesciae.

2148 1279 2298 1332 tibus
2330 1278 2673 1348 quibusdam
2702 1277 3093 1330 occasionibus
3126 1276 3359 1328 formas.
3394 1278 3441 1329 A
3472 1292 3585 1344 quo
3617 1275 3806 1328 initium

2148 1372 2234 1419 est
2264 1366 2560 1431 virtutum,
2596 1382 2629 1418 a
2669 1381 2780 1435 quo
2810 1370 3205 1435 augmentum,
3236 1380 3267 1416 a
3300 1379 3416 1433 quo
3448 1370 3503 1416 et
3543 1379 3645 1432 per
3672 1379 3806 1432 quem

2147 1454 2420 1523 perfectio
2460 1460 2543 1507 est
2580 1454 2929 1506 inchoatum.
2964 1453 3069 1516 Qui
3117 1452 3276 1505 lassis
3325 1453 3595 1505 roborem
3642 1452 3807 1503 tribuis

2149 1544 2447 1613 operandi,
2484 1542 2852 1612 operantibus
2879 1541 3255 1594 intentionem
3296 1541 3682 1594 accommodas
3713 1558 3807 1610 per-

2148 1632 2396 1691 ﬁciendi.
2452 1631 2814 1701 torpentibus
2864 1636 3057 1683 votum
3108 1629 3322 1699 ingeris
3362 1630 3684 1682 inchoandi.
3732 1630 3809 1691 Qui

2151 1726 2394 1775 mortem
2427 1720 2737 1791 peccatoris
2773 1735 3066 1789 nunquam
3096 1719 3400 1779 desideras,
3432 1718 3532 1771 sed
3568 1717 3635 1771 ad
3671 1719 3809 1769 vitam

340 1829 452 1876 ras,
488 1815 543 1865 et
573 1826 699 1863 eam
731 1814 952 1877 partem
990 1823 1161 1876 quam
1194 1806 1381 1875 perire
1421 1805 1562 1858 sinis
1593 1806 1664 1857 ob
1694 1805 1986 1874 parentale
2017 1814 2041 1838 ³
2081 1788 2120 1841 Β
2152 1808 2552 1877 delinquentes
2584 1823 2809 1876 semper
2842 1805 3135 1858 verissime
3167 1821 3347 1858 vocas.

344 1901 546 1953 vitium
592 1899 745 1967 juste
792 1897 1182 1949 condemnas:
1238 1896 1386 1947 Deus
1434 1894 1535 1964 qui
1589 1894 1724 1963 ipsis
1778 1894 2039 1948 notitiam

346 1987 548 2043 dedisti
581 1985 713 2039 ﬁdei
754 2000 895 2054 quos
934 1983 1245 2036 credituros
1280 1985 1406 2034 ante
1444 1981 1644 2033 mundi
1676 1980 1905 2033 initium
1937 1997 2040 2034 no-

344 2079 416 2130 sti
448 2094 461 2130 :
496 2077 644 2129 Deus
675 2074 773 2144 qui
810 2073 941 2125 licet
970 2072 1147 2124 multa
1180 2070 1418 2131 occulta,
1457 2074 1648 2121 tamen
1673 2070 1826 2137 juste
1856 2069 2040 2122 fecisti

344 2182 471 2236 qua:
502 2165 647 2217 facta
680 2167 812 2215 sunt
842 2161 1037 2214 omnia
1070 2176 1081 2212 :
1128 2161 1275 2212 Deus
1318 2158 1439 2211 sine
1472 2157 1633 2226 cujus
1666 2162 1805 2210 nutu
1847 2159 2039 2210 nullus

344 2268 528 2305 sermo
587 2249 874 2320 procedit;
932 2252 988 2299 et
1034 2251 1229 2299 contra
1286 2261 1455 2315 quem
1517 2245 1861 2314 plerumque
1918 2244 2039 2314 ipse

342 2356 529 2393 sermo
563 2339 726 2392 datus
756 2352 924 2406 agere
970 2333 1265 2403 praesumit
1301 2347 1311 2387 :
1349 2334 1497 2385 Deus
1530 2347 1700 2401 quem
1732 2347 1901 2384 nemo
1933 2347 2039 2383 ne-

342 2429 467 2494 scit,
510 2433 565 2481 et
609 2442 781 2497 quem
823 2425 1012 2478 nullus
1055 2425 1244 2492 plene,
1298 2426 1359 2474 ut
1406 2438 1463 2474 es
1509 2422 1653 2490 ipse,
1704 2420 2037 2490 cognoscit:

342 2519 485 2571 Deus
514 2516 674 2585 cujus
704 2513 1039 2581 magnitudo
1069 2509 1689 2579 incomprehensibilis,
1720 2511 1880 2577 cujus
1912 2509 2036 2577 glo-

339 2607 428 2659 ria
458 2603 897 2667 inaestimabilis,
929 2600 1089 2668 cujus
1114 2598 1293 2665 jussio
1327 2597 1708 2666 fortis,:cujus
1737 2596 2036 2666 dispositio

335 2694 511 2764 justa,
546 2689 937 2761 cujusjudicia
976 2704 1125 2753 vera,
1150 2687 1312 2755 cujus
1342 2686 1647 2739 clementia
1670 2702 1842 2754 super
1862 2701 2037 2753 opera

341 2796 443 2834 sua
484 2784 761 2835 extenta:
810 2777 957 2830 Deus
1006 2791 1176 2845 quem
1223 2790 1391 2827 nemo
1435 2773 1542 2825 nisi
1597 2773 1763 2826 corde
1809 2772 2037 2841 attingit

338 2873 645 2937 purgatus;
682 2882 854 2935 quem
887 2864 1077 2917 nullus
1112 2862 1222 2914 nisi
1262 2861 1531 2930 operibus
1573 2860 1792 2913 invenit
1820 2860 2036 2930 proba-

339 2960 449 3019 tus,
480 2955 571 3008 cui
602 2955 791 3007 nullus
819 2953 1070 3006 adhaeret
1100 2950 1209 3003 nisi
1238 2954 1428 3003 mente
1459 2955 1516 3002 et
1540 2965 1778 3018 corpore
1811 2953 2029 3002 castus:

340 3045 403 3096 In
429 3045 563 3113 {quo
607 3040 880 3110 iniquitas
935 3054 1050 3091 non
1088 3043 1192 3099 est,
1242 3038 1302 3089 iu
1352 3053 1463 3106 quo
1512 3053 1737 3089 summa
1765 3039 1789 3079 Ι)
1826 3042 1928 3101 est,
1972 3036 2030 3088 in

340 3147 453 3200 quo
485 3128 786 3182 clementia
822 3142 1027 3195 magna
1057 3130 1141 3177 est
1177 3142 1188 3177 :
1233 3127 1379 3178 Deus
1412 3126 1508 3195 qui
1541 3132 1741 3178 auctor
1771 3141 1828 3177 es
1860 3124 2030 3177 lumi-

338 3220 451 3287 nis,
506 3217 710 3271 ﬂuvius
760 3215 1019 3284 pietatis;
1070 3214 1251 3267 dulcis
1299 3230 1357 3266 es
1402 3219 1455 3266 te
1501 3214 1668 3266 ﬁrmo
1719 3214 1884 3267 corde
1915 3229 2031 3267 cre-

339 3307 583 3363 denti":
636 3321 914 3357 caecorum
963 3303 1183 3369 oculus,
1233 3302 1505 3354 debilium
1564 3303 1808 3367 animus,
1869 3302 2026 3354 inﬁr-

337 3398 620 3450 mantium
669 3392 965 3446 verissima
1013 3392 1196 3455 salus;
1251 3406 1352 3458 pes
1403 3390 1772 3455 claudorum;
1832 3390 2029 3458 lingua

337 3490 651 3549 mutorum,
710 3480 982 3536 fortitudo
1032 3478 1295 3532 omnium
1356 3478 1718 3530 saeculorum.
1769 3479 1851 3530 Tu
1898 3478 2027 3530 vita:

334 3576 443 3629 via.
509 3575 591 3627 Tu
639 3570 837 3625 salutis
888 3569 1016 3622 vita.
1068 3568 1151 3621 Tu
1199 3566 1457 3619 omnium
1518 3571 1569 3618 te
1609 3565 2029 3635 postulantium

336 3662 704 3718 invictissima
749 3661 966 3713 dextra.
998 3658 1082 3710 Tu
1121 3655 1333 3709 divitia:
1382 3670 1722 3724 pauperum.
1768 3656 1848 3708 Tu
1892 3669 2027 3706 con-

334 3753 535 3808 solatio
570 3749 989 3804 tribulantium.
1042 3747 1119 3799 Tu
1172 3748 1395 3798 erector
1434 3744 1761 3796 humilium.
1806 3744 1887 3796 Tu
1937 3743 2030 3795 de-

333 3845 575 3896 structor
604 3837 1021 3893 extollentium.
1062 3837 1107 3887 A
1141 3838 1195 3887 te
1237 3833 1655 3887 incrementum
1692 3831 1897 3901 accipit
1926 3831 2027 3900 jn-

333 3937 483 3995 stus;
534 3945 637 3999 per
672 3933 729 3980 te
769 3925 1154 3978 sanctiﬁcatur
1199 3922 1511 3991 perfectus;
1556 3938 1583 3973 a
1628 3925 1681 3972 te
1724 3923 2030 3973 coronatur

329 4022 389 4072 in
454 4020 605 4071 bono
672 4031 844 4084 opere
919 4016 1346 4065 eonsumnatus.
1427 4010 1504 4062 'l‘u
1576 4009 1700 4062 odis
1760 4009 2023 4077 liniquos,

331 4107 567 4159 damnas
610 4103 873 4172 injustos.
910 4099 1106 4168 dejicis
1137 4098 1341 4161 elatos;
1378 4096 1679 4149 confundis
1718 4097 2023 4165 superbos;

331 4194 431 4247 das
491 4189 904 4261 poenitentibns
956 4186 1203 4249 veniam,
1254 4191 1482 4254 peccato
1532 4185 1771 4237 mortuis
1829 4184 2023 4251 vitam,

332 4298 435 4334 nec
466 4280 716 4348 abnegas
750 4283 800 4328 te
827 4275 1159 4344 rogantibus
1191 4273 1642 4326 misericordiam
1670 4278 2020 4326 consuetam.

334 4371 445 4423 Nec
511 4372 835 4437 peccatores
908 4361 1173 4431 despicis,
1239 4362 1336 4414 sed
1389 4361 1593 4413 delicta
1658 4361 2018 4413 condemnas.

335 4458 459 4509 Non
508 4455 631 4508 odis
679 4457 992 4523 peccantes,
1040 4450 1135 4503 sed
1180 4455 1410 4518 peccata
1456 4450 1716 4503 detestas.
1769 4450 1892 4502 Non
1925 4450 2024 4501 lio-

331 4544 567 4601 minem,
638 4540 733 4595 sed
815 4541 1024 4591 scelera
1109 4537 1443 4590 insectando
1521 4538 1833 4590 consumis.
1901 4538 2023 4590 Non

328 4638 667 4691 creaturam,
745 4628 840 4681 sed
900 4627 1129 4695 culpam
1184 4626 1478 4693 exstirpas,
1543 4625 1816 4694 iniquitas
1870 4626 2023 4678 enim

329 4727 525 4773 nostra
576 4717 857 4787 justitiam
910 4720 1064 4767 tuam
1109 4713 1473 4766 commendat
1532 4716 1704 4781 (Rom.
1775 4730 1853 4780 ιιι,
1908 4714 1958 4779 ES)
2008 4730 2020 4766 :

329 4810 554 4863 Scelera
611 4813 806 4860 nostra
860 4808 916 4856 te
968 4806 1186 4872 justum
1254 4802 1566 4855 afﬁrmant.
1635 4804 1772 4853 Act-.1
1831 4808 2022 4854 nostra

328 4897 631 4951 sceleribus
666 4895 841 4964 digna
878 4893 1112 4963 justitim
1153 4896 1260 4943 tuae
1292 4895 1378 4942 est
1414 4890 1858 4954 documentum;
1890 4890 2022 4959 quia

330 4987 483 5040 unde
504 4986 690 5055 justus
733 5000 811 5047 es,
855 4981 989 5034 inde
1030 4980 1275 5049 injustos
1305 4978 1447 5031 odis.
1499 4978 1653 5031 [inde
1685 4985 1910 5030 sanctus
1940 4994 2017 5043 es,

397 5136 421 5159 ι
447 5127 542 5179 Ms.
555 5165 568 5189 ,
609 5123 961 5193 parentalem.

397 5200 422 5239 ι)
447 5196 672 5265 Aliquid
706 5195 882 5247 deest.

396 5275 416 5299 °
449 5260 571 5329 Ms;
636 5266 789 5318 dulce
847 5279 899 5317 es
970 5268 1020 5316 te
1080 5264 1234 5329 ﬁrmo
1300 5261 1455 5314 corde
1511 5260 1804 5325 credentis;
1864 5274 2020 5314 cxco-

323 5354 446 5391 rum
475 5338 669 5390 oculos.

396 5409 423 5450 ιι
455 5408 511 5461 F.
545 5423 651 5459 non
686 5410 873 5459 totum.

396 5487 417 5512 °
447 5479 484 5531 E
514 5478 550 5531 i.
585 5482 782 5531 sancte.

400 5547 420 5584 ί
452 5550 769 5607 Comessum,
828 5562 925 5599 seu
976 5561 1281 5607 comessmn,
1346 5543 1615 5613 supinum
1664 5541 1880 5594 auctori
1935 5542 2016 5592 fa-

2221 1899 2274 1948 2.
2312 1896 2539 1959 Adesto,
2585 1895 2777 1947 adesto
2819 1893 3056 1962 pauperi
3108 1899 3285 1962 pater.
3336 1892 3554 1946 Assiste
3596 1893 3744 1953 fesso,
3782 1908 3803 1941 ο

2154 1984 2487 2037 Emmanuel
2526 1984 2707 2052 :juba
2748 1982 3082 2048 contritum,
3126 1981 3371 2049 Spiritus
3419 1988 3654 2034 sancte:
3686 1982 3805 2047 erige

2149 2073 2453 2142 dejectum.
2488 2074 2719 2126 Creator
2743 2072 2895 2139 juste
2930 2088 2945 2123 :
2981 2085 3117 2122 sana
3147 2074 3453 2138 aegrotum,
3484 2071 3612 2122 Jesu
3647 2071 3803 2122 bone:

2149 2161 2312 2213 visita
2372 2162 2756 2229 languentem,
2821 2159 3104 2210 Paraclete
3153 2158 3346 2209 alme:
3409 2158 3621 2227 largire
3674 2159 3807 2215 vires,

2113 2272 2119 2277 ν
2151 2249 2276 2317 agie
2308 2259 2329 2283 θ
2381 2251 2526 2302 Deus
2559 2263 2572 2300 :
2617 2247 2806 2316 przrbe
2856 2245 3144 2308 virtutem,
3193 2260 3225 2297 o
3260 2244 3355 2297 lux
3402 2246 3685 2298 Nazarene
3716 2262 3725 2297 :
3751 2262 3810 2296 se

2149 2337 2263 2391 lida
2296 2353 2613 2391 comessum
2645 2334 2682 2400 ί,
2732 2336 2948 2387 donum
2980 2338 3039 2386 tu
3094 2332 3305 2395 Patris;
3354 2338 3528 2402 atque
3578 2333 3809 2385 vitiorum

2149 2426 2402 2478 dominio
2435 2439 2844 2494 usquequaque
2890 2437 3236 2491 possessum,
3284 2426 3338 2472 tu
3383 2421 3633 2474 Trinitas
3676 2423 3809 2480 Deus,

2151 2514 2251 2567 tibi
2282 2514 2442 2567 efﬁce
2473 2529 2698 2565 servum
2732 2512 3022 2564 devotum.
3056 2510 3201 2563 Satis
3249 2515 3351 2573 est,
3384 2511 3652 2577 Domine,
3690 2509 3807 2579 quod

2147 2602 2441 2672 hucusque
2486 2601 2774 2654 diabolum
2827 2597 3087 2651 militavit
3119 2611 3194 2652 εξ
3253 2599 3404 2667 quod
3460 2599 3647 2652 hostis
3693 2599 3811 2650 orbis

2147 2690 2440 2743 servitium
2504 2693 2702 2759 sponte
2745 2686 3025 2757 implevi:
3095 2686 3247 2756 quod
3310 2687 3549 2740 inimico
3608 2688 3811 2740 famula-

2146 2784 2269 2832 tum
2301 2777 2619 2848 iniquitatis
2650 2792 2821 2845 opere
2852 2774 3105 2844 prmbui;
3132 2775 3284 2844 quod
3318 2775 3620 2828 insidianti
3651 2770 3811 2827 miliiL

2146 2868 2463 2937 obsequens
2501 2865 2612 2929 fui;
2648 2864 2798 2934 quod
2831 2865 3072 2917 latentes
3104 2863 3339 2916 insidias
3370 2863 3495 2932 ejus
3528 2864 3658 2916 licet
3686 2864 3812 2915 intel-

2145 2955 2385 3024 ligerem
2420 2970 2533 3006 non
2567 2952 2841 3016 devitavi;
2904 2951 3056 3021 quod
3095 2960 3288 3004 contra
3338 2967 3427 3003 me
3475 2952 3602 3019 ipse
3637 2950 3811 3004 inscius

2144 3044 2264 3111 ejus
2300 3043 2412 3095 tela
2453 3041 2700 3110 portavi,
2732 3040 2903 3093 etiam
2935 3056 3024 3092 me
3072 3039 3196 3108 ipso
3234 3039 3316 3091 illi
3360 3040 3526 3108 quasi
3559 3056 3624 3092 ex
3655 3040 3809 3093 debito

2139 3131 2397 3200 bajulum
2425 3130 2550 3193 feci,
2586 3129 2720 3199 quia
2750 3128 2872 3197 ejus
2921 3144 3080 3180 arma
3128 3128 3281 3181 unde
3334 3143 3424 3181 me
3455 3132 3645 3182 totum
3672 3129 3808 3181 elisit.

2137 3220 2195 3272 in
2223 3234 2310 3271 me
2342 3219 2614 3271 hactenus
2645 3216 2806 3286 quasi
2832 3216 2893 3268 in
2918 3222 3041 3268 teca
3070 3216 3376 3269 recondere
3409 3233 3705 3288 nunquam
3727 3233 3809 3269 ces—

2140 3309 2276 3361 savi.
2309 3298 2561 3375 Sed'jam
2594 3306 2691 3359 diu
2721 3311 2825 3371 est,
2862 3305 3117 3369 Domine,
3150 3305 3303 3374 quod
3353 3306 3678 3359 dominium
3716 3308 3809 3374 ejus

2138 3414 2172 3450 a
2204 3413 2291 3449 me
2338 3396 2571 3465 rejicere
2605 3395 2814 3461 malui;
2842 3394 2994 3464 quod
3044 3394 3246 3447 merito
3281 3395 3549 3464 exigente
3592 3412 3705 3448 non
3734 3411 3806 3446 va-

2138 3485 2241 3549 lui,
2271 3484 2404 3554 quia
2436 3484 2597 3554 quasi
2630 3499 2693 3536 ex
2721 3487 2996 3553 potestate
3018 3482 3268 3535 vindicat
3295 3482 3621 3547 subditum,
3642 3499 3808 3553 quem-

2138 3593 2169 3627 a
2200 3575 2507 3627 nativitatis
2552 3574 2563 3606 ί
2612 3572 2842 3625 exordio
2894 3572 3018 3624 diro
3072 3570 3300 3623 vinculo
3352 3572 3541 3624 tenuit
3584 3578 3806 3642 captum.

2138 3663 2206 3715 Et
2242 3678 2413 3732 quem
2463 3665 2621 3714 tanto
2661 3666 2920 3729 tempore
2977 3674 3080 3711 suo
3128 3659 3258 3727 jure
3306 3658 3623 3712 vindicavit
3666 3660 3810 3728 capti-

2137 3767 2290 3817 vum,
2326 3766 2479 3803 nunc
2510 3749 2888 3819 respirantem
2924 3747 3066 3816 jugo
3100 3762 3199 3799 suo
3230 3751 3473 3799 retentat
3507 3749 3675 3802 valde
3705 3764 3811 3818 per-

2138 3840 2399 3909 plexum;
2439 3854 2728 3908 quemque
2762 3836 2867 3890 sibi
2901 3851 3197 3906 nunquam
3243 3835 3633 3905 deprehendit
3662 3854 3809 3906 repu-

2138 3934 2430 3998 gnantem,
2466 3942 2615 3979 nunc
2646 3926 2857 3979 catenis
2885 3924 3287 3977 insolubilibus
3319 3925 3457 3993 ligat
3483 3933 3807 3995 gementem.

2140 4016 2396 4083 Domine,
2431 4016 2577 4069 Deus
2604 4014 2696 4083 pie
2728 4019 2780 4067 et
2814 4013 3156 4077 misericors,
3195 4014 3415 4082 respice
3455 4031 3636 4084 super
3666 4032 3811 4085 opera

2136 4113 2252 4173 tua,
2303 4111 2360 4158 et
2417 4105 2514 4157 illo
2564 4104 2788 4174 pietatis
2832 4101 3026 4170 vigore
3077 4118 3191 4170 quo
3256 4101 3572 4170 prodigum
3634 4102 3811 4170 recipis

2135 4195 2341 4260 ﬁlium,
2372 4209 2462 4246 me
2496 4207 2721 4262 quoque
2754 4194 2991 4259 protege
3015 4189 3309 4256 miserum,
3342 4190 3477 4260 quia
3502 4207 3680 4259 opera
3705 4206 3807 4243 ma-

2134 4300 2314 4338 nuum
2347 4288 2577 4335 tuarum
2607 4280 2663 4332 in
2690 4278 3012 4333 dominium
3059 4277 3409 4347 iniquissimi
3450 4278 3636 4332 hostis
3668 4280 3810 4332 relin-

2067 4384 2107 4436 ι)
2135 4386 2312 4440 quere
2344 4370 2423 4422 fas
2452 4367 2465 4408 ί
2500 4374 2583 4420 est
2614 4369 2729 4421 ullo
2763 4367 2962 4433 modo;
3001 4372 3062 4419 ut
3095 4382 3129 4419 a
3158 4373 3207 4419 te
3250 4367 3530 4429 conditus,
3571 4370 3679 4421 sim
3709 4369 3805 4421 dia-

2135 4460 2250 4512 boli
2285 4472 2513 4525 servus;
2553 4463 2611 4510 ut
2650 4462 2759 4509 ate
2790 4462 3030 4520 creatus,
3080 4455 3188 4508 sim
3231 4457 3520 4524 prmdonis
3574 4457 3806 4528 pascue"

2135 4548 2327 4613 locus;
2377 4550 2443 4599 ut
2472 4547 2540 4599 ab
2594 4545 2811 4616 optimo
2865 4544 3101 4598 Domino
3154 4548 3208 4596 et
3248 4561 3280 4596 a
3328 4545 3422 4614 pio
3470 4547 3638 4599 Patre
3667 4546 3808 4598 bonis

2134 4635 2325 4688 multis
2359 4635 2587 4695 ditatus,
2630 4633 2845 4686 crudeli
2875 4638 2932 4685 et
2973 4632 3233 4685 horribili
3288 4633 3507 4702 ethiopi
3547 4636 3557 4667 ¹
3593 4635 3808 4687 exislam

2132 4723 2410 4776 addictus.
2496 4724 2647 4776 Hane
2704 4721 3150 4785 inclementiam,
3232 4721 3378 4775 hanc
3439 4724 3808 4783 voracitatem,

2133 4813 2278 4865 hanc
2308 4811 2703 4865 crudelitatem
2736 4825 2839 4878 ego
2874 4808 3013 4860 mihi
3045 4814 3283 4861 caecatns
3313 4825 3343 4860 a
3378 4810 3608 4863 diabolo
3650 4827 3810 4880 spon—

2130 4906 2296 4954 tanea
2330 4904 2520 4952 mente
2552 4898 2719 4966 elegi.
2761 4897 2877 4965 Ego
2926 4896 3239 4966 equuleum
3272 4896 3423 4948 hunc
3455 4898 3647 4951 dirum
3686 4894 3811 4949 milii

2130 4988 2357 5055 invexi;
2392 5003 2497 5057 ego
2528 4986 2783 5057 gladium
2808 4985 3024 5054 gutturi
3049 5001 3175 5037 meo
3198 4984 3492 5049 immersi;
3520 5002 3627 5055 ego
3657 4984 3810 5038 morti

2130 5130 2353 5184 miliare
2399 5147 2411 5183 :
2485 5130 2635 5183 idem
2694 5147 2758 5183 ac
2807 5130 3183 5183 dilaceratum.
3226 5130 3579 5184 Glossarium
3629 5128 3809 5197 Cangii

2130 5202 2398 5255 editionis
2423 5203 2525 5254 PP.
2561 5203 2766 5269 Congr.
2811 5201 2865 5254 S.
2903 5200 3097 5253 Mauri.

2201 5285 2230 5341 ς
2258 5274 2403 5341 Lege
2433 5272 2650 5325 diabolo
2680 5272 2934 5325 militavi.

2200 5339 2224 5375 ¹¹
2252 5339 2373 5404 Μεξ,
2410 5359 2506 5396 me.

2203 5412 2212 5445 ⁵
2254 5414 2368 5477 Ms,
2398 5430 2431 5466 a
2458 5414 2765 5466 nativitatc.

2195 5507 2208 5548 ι
2252 5484 2371 5536 lmo
2408 5499 2420 5536 :
2454 5485 2544 5548 fas
2575 5499 2682 5537 non
2710 5488 2806 5537 est.

2204 5556 2227 5586 κ
2258 5556 2295 5607 l.
2332 5571 2383 5620 e,
2413 5557 2622 5622 pascui.

2203 5627 2211 5656 '
2244 5625 2362 5689 M5,,
2396 5627 2595 5691 eziopo.
