3860 6262
40 336 118 385 iul

1569 327 1701 381 (ZON
1713 327 1967 382 FESSIU.

3420 327 3523 378 402

39 470 202 519 totum
236 478 324 514 me
357 462 478 531 ipse
510 460 796 526 commisi,
834 466 893 513 ut
923 460 1341 530 possessionem
1376 468 1553 523 tuam,
1592 460 1717 513 tibi-
1753 462 1794 514 Α
1826 476 1893 513 ex
1919 459 2083 514 nobis
2117 460 2398 513 dimersus
2421 460 2556 513 satis
2586 466 2739 514 errat
2759 478 2879 514 sese
2912 477 3027 514 non
3054 466 3255 530 sponte
3286 461 3521 529 iterum,

42 569 138 623 que
165 550 409 604 debitam
467 548 598 615 soli,
649 547 899 619 pessimo
952 548 1365 601 committerem
1423 548 1617 603 hosti:
1654 553 1715 601 ut

39 650 167 694 rusa
240 644 337 691 tuo
406 638 642 691 domino
714 638 1011 691 conditum
1078 637 1343 690 horribili
1392 638 1713 690 addicerem

40 729 194 801 pesti;
233 743 483 797 eumque
523 727 796 797 eligerem
831 725 1153 790 dominum,
1185 742 1354 795 quem
1402 726 1550 795 patri
1586 742 1711 779 meo

39 833 283 873 noveram
317 816 641 869 inimicum.
676 820 879 869 Actum
929 820 1013 867 est
1051 815 1204 867 enim
1238 814 1297 867 in
1330 831 1438 880 me,
1474 815 1711 867 Domine

42 910 189 972 Deus,
218 904 372 976 quod
402 905 460 957 in
492 906 848 974 protoplasto
873 907 896 946 ὃ
918 904 1135 973 pridem
1166 903 1406 973 legimus
1438 909 1660 972 gestum
1696 920 1708 957 :

40 994 229 1047 etenim
268 993 414 1045 sicut
447 993 543 1045 ille
582 998 680 1045 tuo
711 992 861 1045 dono
892 991 1234 1044 immortalis
1288 996 1532 1054 creatus,
1576 1008 1709 1059 pro-

38 1083 147 1151 prio
176 1080 306 1133 vitio
356 1081 415 1133 in
462 1086 710 1133 mortem
758 1084 938 1131 exstat
982 1095 1082 1149 per
1114 1078 1432 1132 interdictae
1481 1080 1589 1133 sibi
1621 1097 1710 1132 ar-

40 1171 172 1224 boris
202 1186 364 1223 esum
392 1169 711 1233 dimersus;
747 1169 824 1221 ita
853 1173 909 1221 et
943 1185 1046 1235 ego
1077 1168 1299 1221 lavacro
1333 1168 1516 1221 vitalis
1547 1186 1709 1238 aquae

34 1262 135 1325 jam
168 1258 396 1323 tinctus,
434 1264 491 1311 et
529 1257 980 1327 regenerationis
1031 1258 1179 1309 unde
1212 1274 1240 1309 a
1289 1257 1567 1327 paternali
1609 1258 1707 1310 de-

38 1348 151 1399 licto
181 1346 514 1410 mundatus,
565 1362 666 1399 seu
696 1352 795 1400 tuo
824 1346 1055 1399 rositluo
1086 1361 1285 1398 cruore
1354 1346 1706 1415 redemptus,

39 1452 124 1503 per
159 1434 611 1489 inobedientiam
658 1435 1059 1488 mandatorum
1102 1438 1334 1487 tuorum
1391 1435 1448 1487 in
1509 1435 1707 1487 mortis

42 1524 337 1577 deﬂendam
372 1526 598 1577 ruinam
628 1523 863 1589 deveni;
892 1528 949 1576 et
994 1524 1241 1592 qualiter
1282 1523 1414 1576 inde
1447 1523 1709 1591 egrediar

40 1629 136 1665 non
165 1612 321 1665 valeo
353 1612 635 1679 invenire,
669 1612 804 1682 quia
834 1617 887 1664 te
939 1611 1247 1663 Dominum
1302 1612 1501 1676 Deum,
1534 1626 1708 1680 quem

42 1717 240 1769 rogare,
271 1707 329 1755 et
360 1701 522 1770 cujus
556 1705 838 1770 praecepta
891 1699 1132 1769 implere
1165 1699 1355 1765 debui,
1406 1715 1508 1769 per
1546 1697 1710 1752 devia

1824 549 1920 602 sed
1970 548 2145 601 invite
2190 565 2222 601 a
2273 553 2324 601 te
2374 553 2532 618 putat
2581 549 2932 603 solvendum.
2989 551 3130 604 Nam
3170 551 3343 603 semel
3394 556 3520 605 ate

1823 636 2153 691 hominibus
2201 637 2409 690 librum
2460 638 2656 689 datum
2710 638 3010 691 arbitrium
3066 655 3179 691 non
3229 640 3395 693 debet
3436 657 3521 694 re-

1823 726 2010 779 vocari
2061 725 2121 778 in
2150 725 2375 778 irritum
2414 741 2426 778 :
2462 725 2647 795 utqui
2696 742 2752 777 se
2802 727 3022 795 proprii
3063 727 3282 780 arbitrii
3322 728 3517 797 subju-

1824 815 1989 884 gabat
2013 814 2263 879 servitio,
2294 820 2393 867 tuo
2436 814 2557 866 solo
2592 819 2939 867 restauretur
2967 814 3230 884 imperio.
3271 817 3423 869 Nosti
3460 817 3517 869 in

1823 904 1931 957 hoc
1962 902 2155 970 etiam,
2189 902 2426 955 Domine
2450 903 2616 969 Deus,
2647 900 2671 936 ιι
2695 908 2814 955 esto
2840 903 2950 955 mei
2986 920 2999 955 :
3032 920 3135 957 nec
3168 904 3267 957 tibi
3296 905 3517 958 foveam

1820 992 2058 1060 periculi
2110 991 2220 1043 mei
2268 991 2500 1044 celatus.
2560 993 2766 1043 Verum
2824 990 2961 1060 quia
3008 992 3229 1044 diversa
3275 998 3413 1056 arte,
3463 999 3520 1046 et

1818 1080 1975 1132 vario
2026 1078 2378 1149 deceptionis
2438 1078 2696 1145 articulo,
2760 1096 2851 1132 me
2911 1080 3178 1132 inimicus
3233 1081 3518 1134 volentem

1820 1168 2035 1235 ligavit,
2085 1168 2175 1220 cui
2218 1184 2335 1220 non
2394 1184 2577 1231 mens,
2629 1172 2692 1220 ut
2735 1167 2950 1233 debuit,
3002 1169 3361 1236 repugnavit,
3420 1171 3518 1223 sed

1819 1258 1972 1309 velut
2003 1256 2276 1309 obediens
2308 1271 2511 1308 manus
2544 1257 2817 1308 vinctura:
2860 1256 3043 1321 dedit;
3079 1256 3232 1321 inde,
3264 1256 3519 1325 piissime

1821 1345 1990 1411 Deus,
2020 1345 2349 1412 assistejam
2375 1344 2582 1396 misero
2607 1344 2928 1413 poenitenti,
2962 1350 3020 1397 at
3050 1350 3106 1397 et
3128 1360 3251 1397 sere
3282 1359 3384 1397 sua
3418 1344 3513 1396 de-

1818 1432 1950 1485 licta
1988 1433 2319 1501 plangenti;
2353 1437 2409 1485 et
2458 1432 2675 1485 redime
2725 1450 2877 1486 nunc
2904 1432 3077 1486 etiam
3118 1434 3442 1502 specialiter
3490 1450 3520 1484 a

1820 1520 1943 1574 diro
1967 1522 2259 1589 praedone,
2293 1537 2460 1590 quem
2489 1523 2608 1589 jam
2639 1522 2985 1590 generaliter
3011 1521 3196 1590 pretio
3220 1520 3518 1589 sanguinis

1819 1610 1902 1663 tui
1936 1610 2247 1663 redemisti.
2286 1609 2499 1675 Dicam,
2537 1611 2799 1677 Domine,
2823 1626 2859 1680 y
2890 1611 3043 1664 audi.
3080 1610 3272 1664 Prmbe
3306 1617 3363 1665 tu
3402 1610 3515 1663 vir-

1817 1701 1998 1750 tutem
2039 1698 2287 1762 dicendi,
2337 1704 2391 1751 et
2430 1715 2496 1751 ea
2537 1716 2664 1769 qua:
2698 1699 2891 1751 dixero
2936 1704 2998 1752 tu
3050 1698 3173 1770 ipse
3227 1704 3517 1769 acceptare

41 1758 333 1857 gradiendo
372 1758 512 1843 mihi
556 1758 766 1842 iratum
799 1788 925 1841 feci.
964 1758 1027 1841 ἐι
1069 1788 1201 1841 inde
1254 1758 1523 1857 est'q-uod
1574 1803 1705 1857 pro-
1748 1758 1787 1812 Β
1821 1786 2077 1855 dignare.
2112 1758 2414 1857 Nunquid‘
2446 1803 2511 1840 ea
2545 1758 2672 1857 quas
2707 1804 2795 1841 me
2829 1758 3094 1858 undique.
3111 1758 3381 1858 premunt
3428 1794 3515 1855 tu,

42 1879 304 1947 longatam
354 1877 743 1947 captivitatem
818 1876 1074 1931 sentiens
1120 1876 1310 1940 doleo,
1367 1876 1708 1945 nullumque

42 1966 394 2020 redimentem
464 1983 556 2020 me
614 1966 806 2018 adesse
877 1964 1203 2035 prmsentio.
1258 1963 1475 2017 Gaudet
1532 1963 1710 2016 hostis

45 2072 181 2107 meus
222 2056 378 2124 quod
428 2060 483 2107 te
530 2055 740 2107 iratum
788 2053 942 2107 videt
976 2070 987 2107 :
1020 2053 1286 2121 exsultat,
1344 2068 1472 2104 cum
1530 2067 1621 2105 me
1678 2068 1711 2105 a

45 2150 177 2195 tanto
209 2146 373 2197 Patre
405 2143 705 2214 expulsum
744 2142 917 2194 sentit
949 2158 961 2194 :
1001 2141 1294 2210 tripudiat,
1352 2156 1481 2193 cum
1512 2156 1601 2193 me
1633 2140 1711 2192 ita

46 2233 346 2285 destitutum
380 2231 695 2300 cognoscit.
737 2230 845 2283 Sed
880 2236 958 2296 tu,
986 2232 1153 2292 Deus,
1188 2229 1286 2299 qui
1320 2229 1711 2282 misericordia

47 2337 191 2389 super
217 2337 391 2390 opera
428 2325 528 2374 tua
559 2322 751 2389 largus
782 2325 1109 2389 praepotens
1131 2334 1210 2380 es,
1260 2317 1358 2388 qui
1398 2316 1711 2387 peccatoris

46 2426 141 2462 non
170 2414 429 2473 mortem,
462 2409 562 2462 sed
598 2408 979 2460 reversionem
1014 2406 1082 2459 ad
1118 2411 1169 2458 te
1202 2411 1331 2475 post
1362 2406 1584 2474 lapsum
1623 2406 1709 2457 in-

46 2498 198 2567 quiris
230 2498 441 2563 (Bacch.
485 2514 676 2563 xxxiii,
732 2496 837 2565 ll),
881 2495 981 2565 qui
1036 2495 1166 2563 plus
1218 2494 1489 2563 pietatem
1539 2509 1710 2563 quam

48 2586 296 2639 ultionem
343 2586 557 2655 diligis,
608 2602 711 2638 nec
754 2584 1058 2655 judicium,
1112 2583 1207 2635 sed
1258 2581 1711 2635 misericordiam

46 2674 383 2743 peccantibus
428 2673 685 2737 exhibes,
735 2674 929 2726 adesto
966 2672 1106 2725 mihi
1154 2671 1363 2725 misero
1408 2670 1708 2741 peccatori,

49 2770 93 2815 et
116 2779 239 2815 erue
276 2767 329 2815 te
360 2762 528 2815 corde
563 2762 808 2815 contrito
840 2766 1213 2832 quaerentem.
1250 2760 1403 2813 Mitte
1453 2758 1598 2812 mihi
1644 2758 1711 2811 de

50 2851 280 2921 supernis
312 2851 614 2916 auxilium,
662 2866 766 2919 per
795 2850 949 2919 quod
995 2850 1213 2902 valeam
1254 2848 1506 2901 hostium
1557 2863 1712 2899 meo-

51 2956 155 2991 rum
185 2939 412 3008 rejicere
439 2941 666 3009 jugum.
703 2939 933 3007 Repelle
975 2937 1296 2991 dominium
1326 2942 1660 2989 consuetum
1695 2951 1708 2987 :

54 3028 313 3097 disrumpe
352 3028 580 3081 vincula
609 3027 1086 3097 perplexionum;
1126 3030 1400 3091 restaura,
1450 3024 1711 3089 Domine,

55 3132 199 3183 opera
242 3122 351 3171 tua:
407 3116 661 3180 fabricae,
716 3121 772 3169 et
818 3115 1256 3169 similitudinem
1308 3120 1485 3180 tuum,
1539 3128 1713 3183 quam

54 3207 284 3259 inimicus
324 3205 551 3263 invasit.
598 3205 677 3258 mi
728 3205 986 3258 restitue.
1054 3204 1178 3256 Noli
1226 3218 1520 3272 spernere,
1567 3203 1715 3254 Deus

56 3310 205 3359 meus,
255 3311 424 3364 quem
470 3293 811 3347 mirabiliter
867 3293 1191 3357 condidisti,
1243 3306 1531 3361 quemque
1590 3289 1714 3342 sine

55 3384 441 3451 comparatione
505 3381 823 3435 mirabilius
870 3381 1186 3434 redemisti.
1243 3378 1445 3433 Fecisti
1496 3394 1585 3431 me
1654 3382 1716 3430 ut

56 3476 209 3523 rectus
235 3471 623 3541 conspicerem
647 3471 874 3535 cmlum,
910 3471 969 3522 in
1001 3486 1115 3540 quo
1147 3475 1204 3522 et
1237 3468 1377 3521 mihi
1408 3466 1714 3537 praemium

56 3560 361 3627 promiseras
410 3560 831 3627 indisruptum;
886 3559 985 3611 sed
1042 3558 1375 3628 iniquitates
1434 3572 1574 3609 meae
1629 3555 1714 3608 di-

58 3654 343 3701 merserunt
369 3664 458 3701 me
485 3648 699 3701 inferni
742 3647 1113 3715 profundum,
1156 3652 1212 3699 et
1259 3646 1450 3698 nullus
1490 3650 1577 3697 est
1616 3644 1715 3714 qui

57 3742 189 3789 eruat
209 3736 327 3805 jam
357 3737 672 3790 dimersum
719 3745 758 3787 ε.
795 3735 1063 3804 Nunquid
1104 3734 1279 3787 hostis
1307 3734 1411 3786 iste
1450 3739 1714 3786 versutus

58 3832 101 3876 et
121 3826 344 3878 callidus
378 3825 484 3879 tibi
516 3825 761 3878 Domino
796 3840 929 3876 vero
962 3824 1113 3877 valet
1139 3823 1382 3876 existere
1420 3822 1618 3875 obvius
1648 3819 1714 3874 δί)

58 3913 204 3966 Absit.
235 3914 424 3983 Neque
467 3914 563 3967 ille
594 3913 945 3977 subsisteret,
1005 3912 1115 3965 nisi
1169 3928 1200 3964 a
1255 3916 1309 3965 te
1369 3910 1713 3964 subsistendi

60 4005 231 4054 statum
269 4001 565 4070 acciperet.
605 3998 824 4071 [Quem]
852 4012 875 4041 ο
902 3999 1001 4070 qui
1034 4016 1066 4053 a
1112 4003 1166 4052 te
1200 4004 1422 4052 creatus
1462 3999 1519 4051 in
1577 3998 1712 4052 bea-

59 4088 265 4143 titudine
307 4090 434 4155 fuit,
466 4091 527 4142 in
574 4105 688 4158 qua
718 4093 867 4141 stare
899 4088 1164 4141 elationis
1196 4092 1419 4141 tumore
1450 4104 1568 4141 non
1616 4103 1714 4141 vo—

59 4176 160 4242 luit,
198 4195 228 4231 a
271 4184 327 4232 te
378 4178 549 4231 etiam
593 4176 762 4231 hodie
803 4178 1040 4246 regitur,
1096 4176 1226 4229 licet
1273 4176 1375 4230 tibi
1418 4176 1713 4229 adversare

60 4271 275 4319 conetur.
307 4266 449 4330 Quia
471 4266 784 4335 quodquod
813 4265 1106 4319 voluntate
1134 4265 1313 4334 impia
1343 4265 1402 4317 in
1434 4281 1538 4317 nos
1561 4280 1714 4317 exer-

1820 1874 2076 1940 Creator,
2115 1875 2387 1944 ignoras?
2433 1876 2703 1946 Nunquid
2754 1877 2905 1946 quod
2948 1893 3150 1947 rogare
3220 1876 3406 1947 cupio,
3451 1882 3511 1930 tu

1818 1967 1947 2015 ante
1996 1979 2113 2016 non
2148 1964 2341 2016 vides?
2392 1965 2659 2035 Nunquid
2708 1966 2953 2018 celatum
3003 1965 3108 2019 tibi
3154 1966 3368 2037 aliquid
3410 1972 3513 2033 est,

1819 2055 1951 2104 aute
1982 2068 2099 2104 non
2129 2052 2325 2105 omnia
2374 2052 2478 2105 tibi
2513 2053 2687 2106 etiam
2726 2053 2966 2107 obscura
2995 2054 3055 2107 in
3089 2055 3213 2109 luce
3252 2061 3385 2109 sunt
3424 2072 3516 2126 po-

1818 2140 1971 2193 sita?
2000 2141 2083 2193 Tu
2122 2145 2271 2193 certe
2303 2158 2361 2193 es
2394 2142 2494 2210 qui
2526 2142 2714 2196 cordis
2741 2144 2959 2196 occulta
2992 2143 3163 2210 vides,
3199 2144 3298 2214 qui
3348 2144 3517 2198 laten-

1817 2228 1896 2280 tia
1929 2228 2331 2297 prospiciendo
2353 2230 2669 2299 cognoscis,
2705 2230 2803 2300 qui
2853 2231 3227 2301 cogitationes
3281 2232 3518 2285 discutis

1819 2322 1988 2385 atque
2020 2316 2290 2369 ulciscis:
2342 2318 2441 2387 qui
2492 2319 2645 2372 enim
2680 2320 2943 2373 universa
2991 2320 3229 2374 consilio
3284 2322 3517 2374 salutari

1820 2405 2044 2469 creasti,
2096 2405 2364 2457 universo
2421 2406 2593 2459 etiam
2655 2410 3046 2476 cognoscendo
3099 2409 3358 2463 librasti:
3417 2410 3513 2463 sed

1820 2492 2234 2546 confessionem
2262 2494 2575 2563 peccatoris
2606 2500 2913 2565 exspectas.
2966 2497 3090 2548 Non
3127 2496 3515 2549 narrationem

1820 2581 2061 2651 indiges,
2096 2581 2194 2633 sed
2250 2581 2362 2634 oris
2402 2582 2816 2651 professionem
2864 2584 3125 2653 inquiris.
3156 2585 3267 2638 Nec
3293 2589 3515 2637 tantum

1821 2670 2034 2739 lingum
2098 2675 2379 2740 quantum
2438 2671 2623 2723 cordis
2678 2672 3063 2725 humilitatem
3132 2678 3412 2742 acceptas,
3462 2678 3520 2725 et

1822 2758 2171 2811 munditiam
2220 2775 2434 2823 veram,
2485 2776 2615 2813 cum
2656 2760 2730 2812 sis
2780 2760 3309 2829 incomparabiliter
3343 2776 3517 2813 mun-

1825 2847 1952 2911 dus,
2010 2862 2075 2900 ex
2135 2847 2302 2900 corde
2374 2864 2519 2917 puro
2570 2848 2979 2902 sanctiﬁcando
3037 2849 3318 2918 praelibas.
3379 2849 3517 2902 Ecce

1824 2935 1999 3003 enim,
2064 2935 2325 3002 Domine,
2373 2952 2519 3005 puro
2577 2937 2746 2989 corde
2796 2937 3001 2991 delicta
3047 2953 3174 2989 mea
3221 2937 3516 3002 conﬁteor,

1755 3052 1794 3105 ρ
1828 3025 1972 3079 sicut
2012 3030 2074 3078 tu
2110 3024 2229 3095 ipse
2270 3026 2564 3079 verissime
2609 3026 2781 3093 nosti,
2814 3032 2871 3080 et
2912 3026 2982 3080 ab
3023 3043 3219 3080 eorum
3253 3027 3522 3080 illecebra

1822 3130 1915 3167 me
1945 3118 2063 3167 tota
2085 3117 2274 3167 mente
2302 3115 2500 3184 icupio
2532 3115 2843 3181 retrahere,
2876 3115 2971 3168 sed
2992 3115 3351 3168 vinculorum
3367 3132 3515 3184 prte-

1824 3202 2045 3256 ditione
2072 3219 2381 3269 connexus,
2410 3204 2565 3272 quod
2608 3204 2900 3273 promitto,
2931 3220 3153 3273 nequeo
3181 3204 3516 3274 adimplere.

1825 3291 1984 3344 Unde
2014 3291 2097 3356 fit,
2128 3296 2193 3343 ut
2214 3292 2469 3361 quotidie
2501 3293 2612 3345 voti
2644 3292 2758 3346 mei
2797 3294 3198 3363 praavaricatos
3247 3293 3514 3357 existens,

1822 3378 1975 3432 unde
2010 3395 2100 3432 me
2132 3380 2303 3433 debui
2357 3381 2621 3450 lacrymis
2653 3382 2915 3452 irrigare,
2939 3382 3181 3452 jugique
3232 3382 3370 3435 ﬂetu
3427 3398 3519 3434 me

1820 3470 2005 3519 totum
2041 3467 2349 3532 mundare;
2394 3468 2525 3521 inde
2568 3470 2816 3538 amplius
2849 3470 3172 3523 sordidatus
3218 3469 3363 3522 nihil
3408 3469 3517 3522 nisi

1821 3560 2198 3624 augmentum
2262 3558 2603 3625 congemino
2658 3559 2860 3627 culpas.
2916 3558 3118 3628 Sicque
3150 3558 3303 3626 quod
3353 3573 3517 3610 meus

1821 3644 1908 3697 vel
1941 3644 2240 3712 paululum
2280 3661 2347 3697 ex
2379 3650 2476 3697 tuo
2515 3646 2666 3698 dono
2698 3647 2725 3679 ’ί
2756 3662 2957 3714 capere
2989 3663 3046 3698 se
3077 3645 3307 3714 gaudet,
3352 3645 3516 3698 iden-

1824 3731 2000 3785 tidem
2042 3732 2507 3801 supplantatione
2551 3734 2733 3786 hostis
2780 3736 2866 3786 vel
2916 3735 3161 3802 segnitia
3209 3733 3399 3786 cordis
3457 3750 3516 3786 se

1821 3820 2109 3890 privatum
2146 3835 2492 3889 magnopere
2520 3821 2716 3889 gemit,
2753 3825 2806 3874 et
2832 3821 2983 3874 unde
3016 3822 3123 3873 hoc
3154 3829 3517 3889 recuperaret

1824 3906 2009 3960 inesse
2050 3906 2158 3959 sibi
2192 3922 2304 3959 non
2344 3907 2531 3960 sentit.
2570 3907 2729 3975 Viget
2761 3907 2913 3961 enim
2946 3906 3005 3960 in
3052 3923 3142 3960 me
3177 3908 3517 3961 naturaliter

1821 4012 1855 4049 a
1897 4002 1951 4050 te
1999 3996 2277 4048 insertum
2336 3996 2532 4049 lumen
2583 3996 2852 4063 scientize,
2888 4012 2991 4066 per
3037 3996 3187 4066 quod
3226 4012 3354 4065 quae
3409 4012 3516 4066 ago

1820 4100 2081 4155 perpere,
2121 4085 2337 4137 malum
2368 4100 2481 4137 non
2514 4084 2706 4138 nescio
2739 4100 2878 4137 esse.
2913 4084 3074 4147 Quod
3113 4084 3125 4117 ¹
3158 4099 3247 4137 me
3306 4090 3362 4135 et
3394 4089 3516 4152 post

1822 4174 2180 4244 perationem
2222 4174 2485 4228 desiderii
2547 4175 2739 4227 dolore
2766 4174 2940 4227 afﬁcit
2992 4174 3167 4243 gravi.
3220 4172 3329 4226 Sed
3383 4172 3518 4243 quia

1823 4262 1960 4315 dum
2008 4263 2339 4332 poenitenda
2377 4263 2690 4327 committo,
2726 4267 2782 4316 et
2814 4263 3118 4315 commissa
3157 4278 3275 4315 non
3306 4261 3511 4327 deﬂeo,

60 4368 156 4406 cere
184 4358 358 4423 putat,
404 4353 508 4407 tibi
540 4360 596 4406 et
641 4354 701 4407 in
743 4354 852 4407 hoc
895 4353 1069 4406 etiam
1124 4353 1299 4406 invite
1334 4353 1545 4406 inscius
1592 4368 1709 4405 ser-
1751 4346 1793 4400 D
1822 4350 1943 4421 ipse
1976 4367 2066 4404 me
2103 4351 2325 4422 ingenti
2365 4350 2551 4405 afticio
2602 4351 2845 4419 damno;
2885 4351 3015 4405 inde
3067 4367 3171 4405 nec
3219 4366 3284 4404 ea
3322 4350 3515 4403 videre

61 4443 227 4495 viendo
271 4442 597 4507 concordat.
642 4442 829 4512 Ipsius
873 4443 1025 4495 enim
1059 4442 1411 4495 voluntatem
1453 4441 1662 4495 malam
1695 4440 1712 4474 τ

64 4538 137 4582 tua
160 4536 398 4601 potestas
441 4535 667 4584 coercet
690 4531 863 4601 justa.
900 4532 965 4585 Et
1011 4530 1149 4583 illud
1182 4530 1336 4594 quod
1374 4546 1490 4583 non
1519 4531 1711 4583 czecati

65 4616 282 4688 iniquum
313 4624 609 4690 putamus,
652 4618 872 4686 justum
933 4619 1277 4688 permissum
1324 4634 1357 4671 a
1404 4620 1558 4689 justo
1612 4620 1708 4672 Ju-

68 4705 156 4759 dice
203 4725 312 4762 non
366 4724 668 4778 negamus.
718 4708 882 4775 Apud
937 4713 993 4760 te
1034 4707 1186 4760 enim
1232 4722 1399 4759 suum
1450 4706 1710 4759 ordinem

66 4795 216 4849 omnia
240 4795 477 4856 habent,
524 4795 784 4865 nihilque
820 4794 1139 4848 inordinate
1190 4794 1250 4848 in
1300 4793 1579 4847 mundum
1623 4793 1709 4846 in-

66 4886 218 4938 currit.
254 4885 505 4955 ;Equum
539 4882 693 4938 enim
734 4890 836 4947 est,
874 4882 1134 4949 Domine,
1173 4888 1235 4936 ut
1276 4883 1376 4951 qui
1433 4899 1491 4935 se
1542 4900 1713 4952 spon-

66 4978 193 5025 tanee
236 4973 464 5027 diabolo
503 4985 533 5027 8
580 4972 961 5042 subjugarunt
1005 4971 1282 5038 dominio,
1329 4970 1537 5024 subditi
1580 4986 1711 5041 per-

68 5068 286 5116 maneant
306 5078 423 5133 quo
450 5060 754 5130 elegerunt
773 5060 1011 5113 arbitrio
1043 5060 1298 5131 proprio,
1329 5060 1587 5130 quisquis
1616 5061 1712 5114 ille

117 5194 135 5217 ⁸
166 5186 269 5253 Ms.,
303 5192 485 5240 utrus.

119 5258 136 5297 δ
166 5258 273 5322 Ms,
302 5264 463 5326 prato
494 5257 732 5324 plausto.

119 5336 131 5357 ε
167 5332 248 5381 Ms.
260 5371 272 5391 ,
303 5329 603 5381 diversum.

120 5396 139 5432 ἀ
169 5400 377 5465 Obvius,
412 5414 450 5466 ι,
487 5415 538 5451 e.
572 5397 909 5463 contrarius,
942 5397 1237 5453 adversus.

122 5473 140 5498 ⁸
170 5470 479 5534 Redundat,
507 5468 597 5521 vel
624 5468 735 5521 alia
763 5468 997 5523 desunt.

125 5538 137 5571 τ
167 5540 273 5603 Ms,
301 5542 558 5595 voluntas
591 5539 756 5592 mala.

126 5624 147 5663 ε
176 5613 459 5677 Diabolico,
489 5609 579 5664 vel
604 5609 827 5665 diaboli.

1820 4455 1913 4493 me
1967 4446 2259 4509 computo,
2294 4456 2422 4510 qua;
2451 4456 2569 4493 non
2615 4440 2958 4510 spernenda,
2990 4440 3086 4494 sed
3125 4438 3517 4509 amplectenda

1821 4544 1995 4599 opere
2028 4534 2083 4581 et
2113 4536 2299 4582 mente
2332 4530 2607 4583 hactenus
2633 4534 2819 4584 teneo.
2853 4530 2922 4582 Et
2949 4529 3010 4582 iu
3040 4529 3249 4598 quibus
3282 4542 3371 4579 me
3401 4541 3516 4579 non

1822 4618 2041 4682 nolens,
2072 4617 2188 4670 imo
2229 4619 2442 4685 volens,
2486 4619 2729 4685 involvo,
2762 4621 2889 4687 post
2928 4616 3329 4686 voluptabrum
3362 4613 3516 4666 faecis

1821 4705 1982 4758 valde
2014 4705 2261 4762 detesto.
2302 4708 2428 4775 Ipse
2464 4706 2605 4760 mihi
2644 4706 2801 4759 testis
2836 4705 3033 4770 existo,
3082 4702 3237 4773 quod
3282 4701 3516 4771 iniquus

1822 4809 2120 4863 nunquam
2180 4794 2585 4865 iniquitatibus
2638 4792 2951 4847 terminum
2998 4806 3184 4861 pono:
3238 4794 3408 4857 atque
3448 4804 3515 4841 eo

1822 4883 2006 4952 magis
2052 4884 2172 4936 sine
2222 4883 2387 4936 venia
2418 4892 2456 4917 ιιι
2496 4882 2702 4952 punire
2744 4896 2834 4935 me
2881 4880 2942 4933 in
2972 4880 3165 4932 futuro
3215 4878 3514 4943 condoleo,

1823 4972 1980 5042 quod
2039 4987 2153 5025 non
2199 4971 2431 5036 inscius,
2488 4970 2585 5022 sed
2644 4974 2706 5021 ut
2753 4968 2891 5021 scita
2950 4983 3042 5019 me
3098 4970 3283 5018 totum
3317 4964 3515 5035 abysso

1822 5060 2140 5130 praecipito.
2177 5059 2319 5123 Quid
2361 5059 2419 5111 in
2460 5057 2628 5111 tantis
2661 5056 2967 5110 sceleribus
3006 5054 3213 5124 agam?
3243 5053 3389 5118 Quid
3421 5055 3519 5107 tali

1894 5186 1919 5223 δ
1953 5189 2011 5243 F.
2076 5187 2398 5242 addendum
2451 5185 2585 5239 dum.
2645 5182 2881 5237 Videtur
2940 5186 2997 5237 et
3051 5180 3269 5251 aliquid
3322 5185 3519 5251 postea

1823 5259 2039 5313 deesse.

1896 5330 1908 5363 ί
1945 5330 2064 5395 Ms,
2096 5329 2238 5383 Nam
2271 5326 2425 5395 quid.

1892 5407 1905 5448 i
1948 5399 2071 5463 Ms.,
2104 5402 2210 5452 toto
2241 5400 2453 5451 mentis.

1899 5470 1926 5504 κ
1958 5470 2051 5535 u.,
2081 5468 2255 5522 domo.

1900 5541 1916 5574 ¹
1949 5539 2077 5607 Ms.,
2106 5538 2229 5604 Qui.

1897 5618 1937 5647 η
1971 5611 2093 5675 Ms.,
2124 5610 2357 5665 veniam.
