3860 6262
323 306 422 358 403
1687 299 1937 354 ALVARI
1979 298 2464 354 CORDUBENSIS
3734 295 3801 345 illi

323 434 506 502 plagze
534 432 1008 485 medicamentum
1035 432 1363 500 apponam?
1392 430 1551 492 Quod
1575 431 1808 499 hujusce
1842 447 1874 481 a
1904 429 2027 480 vul-
2063 428 2113 481 A
2142 428 2245 481 bus
2276 428 2428 480 enim
2453 427 2617 481 nobis
2644 427 2978 497 qualitatem
3013 428 3360 493 morborum,
3399 432 3464 479 tu
3516 426 3669 478 solus
3706 442 3803 494 ραις

322 522 446 574 neri
473 521 787 573 fomentum
819 519 1160 573 adhibeam?
1194 519 1363 571 Plane
1399 518 1616 585 nescio;
1650 517 1783 587 quia
1834 517 2025 587 ipsum
2136 528 2254 582 gas,
2290 515 2389 583 qui
2429 532 2485 567 es
2517 519 2714 569 auctor
2768 517 3160 569 membrorum
3196 534 3209 569 :
3261 521 3318 569 et
3367 514 3480 586 qui
3524 514 3806 569 animarum

323 610 475 679 quod
508 608 642 672 scio,
688 624 789 677 per
832 607 1365 677 przevaricationem
1399 607 1622 676 ignoro.
1676 606 1743 659 Et
1804 607 1911 659 hoc
1943 610 2026 658 est
2134 602 2327 655 ulcera
2358 602 2528 665 vides,
2563 605 2779 658 eisdem
2803 605 3045 675 speciale
3074 605 3400 658 fomentum
3438 605 3571 673 ipse
3622 619 3808 673 compo-

327 698 623 751 verissime
654 696 821 762 scire,
844 696 995 767 quod
1029 696 1482 748 estamarissime
1512 698 1667 747 tlere.
1718 695 1857 747 Nam
1896 710 2025 764 quae
2136 706 2253 743 nes.
2287 692 2381 744 Pie
2415 693 2562 745 Deus
2605 698 2660 746 et
2710 694 3053 758 misericors,
3099 695 3342 762 patiens.
3394 690 3741 761 longanimis
3770 708 3805 744 εξ

329 786 559 839 scienda
592 790 724 837 sunt
774 785 937 848 scire,
986 790 1040 836 et
1084 801 1149 836 ea
1202 800 1562 854 nequaquam
1617 800 1788 853 opere
1836 784 2026 836 adim—
2139 796 2312 850 super
2348 781 2596 833 malitias
2634 783 2932 835 hominum
2982 783 3137 836 valde
3171 782 3500 852 placabilis,
3557 797 3810 834 comesum

327 876 517 944 plere;
563 890 674 926 non
709 878 793 926 est
823 889 1021 925 vocare
1066 872 1378 937 scientiam,
1417 872 1512 925 sed
1557 878 1706 925 certe
1752 872 2027 925 fatuitatis
2139 885 2169 921 a
2199 869 2394 922 bestiis
2424 870 2602 939 erige,
2651 876 2705 924 et
2736 888 2765 923 a
2799 872 3113 925 latronibus
3156 872 3536 925 vulneratum
3594 870 3713 922 oleo
3742 871 3814 921 mi-

330 979 553 1033 magnae
584 961 955 1015 dementiam.
1012 961 1136 1015 Scio
1168 961 1341 1024 enim,
1392 960 1630 1013 Domine
1677 962 1839 1025 Deus,
1893 959 2029 1029 quia
2139 958 2465 1011 sericordize
2496 960 2639 1013 fove.
2702 960 3050 1014 Semirutum
3100 960 3335 1023 aedifica,
3381 966 3440 1013 et
3475 976 3761 1013 corrosum
3794 976 3815 1011 a

328 1068 547 1121 pronus
578 1067 636 1103 es
667 1051 736 1104 ad
777 1050 1251 1113 misericordiam,
1292 1056 1343 1101 et
1378 1048 1687 1117 peccatoris
1721 1065 1833 1101 non
1868 1048 2028 1117 cupis
2140 1046 2308 1099 tineis
2366 1048 2769 1101 vestimentum
2821 1049 3047 1103 sarcire.
3098 1049 3155 1104 Si
3209 1050 3361 1102 enim
3420 1049 3572 1102 fullo
3624 1048 3817 1100 sordida

334 1139 666 1193 vindictam.
704 1141 767 1192 Et
794 1140 932 1191 item
965 1137 1114 1203 novi,
1160 1137 1308 1208 quod
1341 1141 1670 1206 praepotens
1717 1153 1774 1189 es
1815 1137 1874 1189 in
1907 1153 2026 1189 ma-
2139 1135 2475 1189 vestimenta
2523 1137 2731 1190 iterum
2782 1154 2882 1207 per
2927 1154 3133 1208 aquam
3179 1138 3322 1193 valet
3374 1139 3435 1190 in
3472 1137 3681 1190 decore
3726 1136 3812 1203 pri-

325 1230 537 1299 jestate
568 1232 611 1293 b,
648 1231 703 1281 et
736 1232 796 1279 ut
842 1228 1005 1292 velle,
1049 1227 1128 1279 ita
1178 1225 1280 1278 tibi
1328 1226 1581 1293 subjacet
1629 1241 1812 1294 posse.
1861 1227 1925 1278 Et
1963 1241 2028 1277 ex
2140 1224 2288 1277 stino
2322 1225 2630 1279 reformare
2665 1243 2676 1279 :
2712 1232 2927 1296 quanto
2959 1227 3145 1296 potius
3177 1233 3255 1293 tu,
3292 1227 3504 1279 artifex
3550 1226 3697 1277 bone
3730 1225 3816 1275 sine

335 1318 504 1386 hujus
537 1316 615 1369 rei
646 1332 757 1387 qua
788 1322 842 1368 te
876 1332 1018 1368 noro
1042 1315 1099 1367 in
1134 1314 1402 1367 omnibus
1435 1315 1795 1384 praepollere,
1826 1318 2019 1367 utcun-
2141 1314 2594 1382 comparatione,
2632 1331 2722 1368 me
2754 1315 2799 1367 si
2843 1315 3087 1369 volueris
3131 1319 3291 1385 potes
3340 1314 3679 1368 mundare?
3724 1313 3815 1366 Scio

337 1422 448 1474 que
490 1404 698 1458 ﬁducia
744 1404 992 1457 nascitur
1028 1402 1189 1468 mihi,
1227 1402 1363 1473 quia
1403 1408 1755 1472 peccatorem
1806 1418 2031 1471 semper
2142 1401 2295 1454 enim
2331 1402 2465 1471 quia
2511 1419 2708 1456 omnes
2756 1404 2896 1456 velis
2941 1404 3125 1457 facere
3157 1403 3339 1457 salvos
3392 1406 3447 1467 (Ι
3481 1406 3624 1457 Tim.
3669 1404 3815 1468 11,4):

332 1494 644 1546 revocasti:
680 1493 774 1545 sed
820 1492 912 1544 ubi
942 1490 1226 1559 justitiam
1260 1494 1415 1543 tuam
1448 1490 1655 1559 cogito,
1694 1495 1749 1541 et
1789 1504 2029 1543 examen
2141 1490 2238 1543 sed
2266 1490 2398 1543 huic
2431 1496 2541 1544 tua:
2587 1493 2958 1546 sanctissima:
2990 1493 3270 1546 voluntati
3318 1493 3401 1546 illi
3444 1493 3555 1562 qui
3590 1498 3817 1561 pereunt.

326 1580 531 1651 judieii
564 1580 644 1633 tui
687 1586 878 1633 mente
909 1584 1213 1649 pertracto,
1248 1578 1401 1631 illico
1428 1583 1491 1631 ut
1538 1594 1664 1630 cera
1694 1577 2031 1647 liquefactus
2142 1595 2199 1631 se
2240 1580 2500 1648 praebent
2523 1580 2794 1651 indignos
2825 1599 2836 1634 :
2872 1582 3187 1635 secundum
3229 1598 3404 1651 opera
3452 1582 3617 1634 enim
3662 1586 3820 1632 nostra

333 1670 582 1723 tabesco.
613 1668 883 1738 Nunquid
911 1666 1138 1736 justitia
1162 1672 1261 1719 tua
1289 1665 1630 1735 injustitiam
1661 1666 1863 1735 probat
1894 1664 2028 1718 tua?
2070 1728 2107 1738 __
2143 1672 2240 1721 aut
2271 1668 2614 1721 devoramur
2657 1686 2688 1721 a
2729 1669 2913 1722 bestia
2939 1668 2987 1735 ἀ,
3018 1673 3117 1722 aut
3148 1669 3536 1723 detrudamur
3567 1668 3818 1737 gehenna.

334 1762 435 1810 aut
491 1756 697 1809 veritas
758 1760 855 1808 tua
911 1754 1211 1807 mendaces
1282 1754 1561 1807 coronat?
1616 1754 1881 1806 sanctitas
1931 1758 2029 1806 tua
2069 1728 2110 1782 Β
2144 1758 2279 1810 Ecce
2327 1758 2479 1810 enim
2529 1758 2741 1828 leprosi
2789 1758 2941 1810 illius
2974 1774 3169 1811 vocem
3209 1757 3520 1826 assumpsi,
3556 1757 3689 1827 quia
3739 1772 3817 1823 pe-

334 1844 561 1914 iniquos
593 1846 965 1897 remunerat?
993 1846 1055 1895 ut
1074 1858 1163 1894 me
1185 1841 1471 1911 iniquum,
1499 1841 1763 1911 impium,
1791 1847 1847 1895 et
1878 1857 2031 1894 men-
2137 1845 2248 1913 jori
2280 1850 2344 1898 ut
2374 1845 2469 1899 ille
2494 1862 2583 1899 me
2616 1847 2799 1900 sentio
2840 1846 3129 1900 addictum
3155 1847 3322 1915 pesti.
3359 1847 3501 1899 Dico
3546 1860 3778 1913 namque
3805 1859 3813 1894 :

334 1933 549 1995 dacem,
585 1932 937 2001 impunitum
970 1930 1207 1983 evadere
1240 1928 1511 1983 credam?
1542 1929 1720 1982 Absit.
1763 1930 1883 1983 Imo
1912 1930 2033 1982 sine
2145 1936 2205 1989 Si
2256 1936 2341 1987 vis
2391 1937 2625 2000 Domine,
2680 1940 2831 2003 potes
2884 1951 2963 1988 me
3004 1936 3273 1990 mundare
3318 1935 3549 2003 (Matth.
3603 1948 3712 1993 vni,
3762 1934 3812 1981 2.

339 2020 695 2074 dubitatione
735 2019 1060 2072 ﬁrmissime
1103 2018 1349 2082 credam,
1386 2034 1478 2070 me
1519 2018 1731 2070 similes
1763 2018 1876 2070 mei
1906 2018 2034 2071 odio
2110 2022 2245 2075 .Dic
2290 2022 2477 2085 verbo,
2533 2030 2589 2077 et
2647 2023 2888 2076 curabor
2936 2025 3005 2077 ab
3052 2024 3161 2077 isto
3201 2025 3398 2076 morbo
3448 2022 3687 2075 lethale.
3737 2020 3816 2071 Sed

336 2110 638 2173 detestare,
674 2110 759 2160 vel
793 2107 1085 2174 ulciscere,
1127 2122 1373 2159 summo.
1430 2107 1625 2176 Neque
1676 2106 1830 2159 enim
1875 2110 2037 2159 tene-
2145 2111 2407 2181 nunquid
2456 2112 2783 2165 abbreviata
2831 2118 2913 2165 est
2972 2128 3177 2165 manus
3233 2117 3331 2165 tua
3387 2117 3451 2165 ut
3502 2112 3717 2163 salvare
3749 2124 3817 2160 ue-

334 2198 455 2250 hra:
485 2195 959 2250 communitatem
990 2196 1262 2248 fruuntur
1299 2193 1489 2247 lucis:
1523 2210 1627 2248 nec
1664 2195 1813 2248 fetor
1859 2194 2036 2247 suavi-
2145 2201 2360 2269 queas?
2411 2206 2510 2254 aut
2559 2201 2711 2254 auris
2758 2207 2853 2254 tua
2902 2207 3209 2271 aggravata
3258 2206 3361 2265 est,
3407 2205 3474 2253 ut
3511 2215 3633 2252 non
3676 2213 3816 2249 exau-

340 2290 512 2340 tatem
543 2285 678 2338 boni
708 2284 857 2355 gerit
886 2284 1096 2337 odoris.
1137 2283 1300 2347 Quod
1342 2282 1390 2335 si
1418 2284 1579 2353 juxta
1622 2287 1675 2336 te
1723 2299 1892 2336 nemo
1936 2283 2034 2335 ha-
2147 2288 2314 2341 dias?
2343 2289 2519 2343 Absit.
2558 2290 2665 2343 Sed
2702 2290 3030 2359 iniquitates
3082 2306 3220 2343 mea:
3252 2288 3657 2358 multiplicatae
3695 2292 3814 2342 sunt,

336 2375 482 2428 bitat
513 2379 702 2427 mente
750 2374 1051 2443 malignus,
1085 2388 1188 2425 nec
1218 2372 1287 2425 ad
1324 2377 1377 2425 te
1407 2370 1699 2441 pertinget
1728 2370 1839 2423 nisi
1869 2371 2037 2425 corde
2147 2381 2203 2428 et
2263 2383 2494 2445 peccata
2550 2394 2678 2430 mea
2720 2384 3171 2447 aggravevarunt
3202 2394 3290 2431 me
3337 2377 3541 2430 nimis.
3581 2376 3684 2428 Per
3718 2389 3815 2442 qua

341 2470 397 2516 et
450 2479 688 2532 corpore
733 2467 980 2527 sanctus,
1014 2460 1151 2531 quid
1198 2461 1267 2513 de
1312 2476 1402 2512 me
1451 2459 1635 2513 dicam
1675 2475 1780 2529 ego
1822 2460 2037 2513 fetidis-
2150 2465 2322 2518 verba
2356 2481 2482 2518 mea
2512 2467 2764 2535 pondere
2796 2483 2897 2519 suo
2927 2482 3122 2535 pressa
3174 2482 3288 2519 non
3313 2466 3509 2518 valent.
3540 2464 3612 2516 ad
3640 2470 3691 2515 te
3720 2476 3819 2530 pcr-

343 2553 520 2604 simus
558 2552 771 2615 hircus,
811 2566 982 2620 quem
1028 2548 1333 2603 assiduitas
1362 2548 1560 2618 iniqua
1592 2554 1655 2601 ut
1709 2548 1954 2601 crudelis
1984 2553 2041 2601 et
2149 2569 2281 2619 gere
2342 2559 2498 2606 rectu
2547 2565 2584 2607 ε.
2642 2555 2735 2607 Dic
2781 2556 2924 2623 jam,
2981 2554 3238 2619 Domine,
3295 2555 3451 2617 Volo;
3498 2553 3646 2606 Dic:
3710 2551 3809 2602 Tolt

342 2639 622 2692 acerrima
652 2639 881 2692 domina
916 2638 982 2691 ad
1027 2637 1412 2707 perpetranda
1441 2636 1605 2707 quasi
1636 2636 1912 2689 violenter
1955 2641 2037 2690 at-

342 2729 519 2782 trahit
556 2728 812 2781 scelera?
843 2728 989 2791 Quid
1017 2728 1075 2780 in
1108 2732 1265 2780 tanta
1308 2725 1659 2778 infelicitatis
1694 2741 1834 2778 mem
1868 2726 2038 2779 mise-

343 2818 427 2871 ria
449 2818 755 2887 proferam,
782 2816 894 2869 nisi
934 2821 998 2869 ut
1029 2831 1226 2869 omnes
1258 2819 1475 2867 sanctos
1506 2813 1608 2866 tibi
1634 2814 1739 2866 soli
1764 2813 2037 2884 aperiam,

345 2909 445 2978 qui
478 2908 626 2961 nosti
661 2908 854 2961 omnia
885 2911 1192 2976 antequam
1219 2904 1393 2958 fiant?

2148 2642 2436 2707 grabatum
2465 2648 2637 2710 tuum,
2684 2648 2731 2696 ct
2761 2644 2979 2696 ambula
3010 2644 3181 2712 (.loan.
3226 2660 3276 2707 v,
3320 2644 3392 2705 8).
3449 2642 3554 2693 Dic
3594 2639 3816 2691 misero:

2158 2731 2324 2795 Vade,
2383 2735 2431 2783 et
2480 2733 2714 2799 amplius
2762 2733 2882 2798 jam
2926 2733 3037 2784 noli
3081 2746 3299 2798 peccare
3346 2731 3531 2798 (Joan.
3580 2745 3705 2791 vui,
3738 2730 3813 2787 ll.

2148 2819 2293 2881 Quia
2343 2825 2399 2872 et
2464 2820 2607 2872 cutis
2662 2820 2850 2873 lurida
2906 2819 3211 2888 pristinum
3262 2820 3513 2872 colorem
3574 2817 3592 2851 ί
3642 2814 3816 2882 recepit

2150 2907 2286 2960 dum
2321 2908 2461 2961 velle
2507 2916 2672 2961 tuum
2712 2909 2970 2962 audivit:
3019 2914 3075 2961 et
3119 2908 3462 2978 paralyticos
3514 2923 3649 2960 mox
3694 2903 3815 2974 pedi-

418 2999 468 3049 3.
503 2997 729 3061 Adesto,
764 2996 1003 3048 Domine
1036 2995 1104 3047 de
1136 2992 1548 3047 sublimissima
1578 2993 1703 3045 solii
1744 2992 1827 3045 tui
1886 2992 2040 3061 sedc,
2081 3027 2119 3081 Ο
2153 2996 2253 3049 bus
2283 2996 2616 3065 ambulavit,
2663 2998 2799 3050 dum
2847 3003 3145 3067 gravatum
3194 3002 3563 3066 peccatorum
3617 3006 3815 3047 suorum

348 3090 405 3137 et
428 3084 607 3137 libera
634 3100 723 3136 me
756 3084 826 3136 ab
850 3084 957 3136 isto
981 3082 1078 3153 qui
1111 3098 1201 3136 me
1250 3082 1503 3135 furatum
1548 3086 1706 3133 tenet
1735 3097 1883 3134 saevo
1917 3082 2040 3134 dra-

347 3187 489 3225 cone
522 3188 534 3225 :
580 3171 714 3240 quia
744 3175 809 3223 tu
840 3172 994 3223 solus
1044 3170 1252 3223 fortem
1288 3169 1494 3239 ligasti,
1539 3176 1596 3223 et
1626 3186 1758 3222 vasa
1797 3170 1917 3239 ejus
1947 3186 2044 3239 p0-

346 3265 534 3313 tenter
559 3258 849 3329 dirupisti,
881 3263 1050 3328 atque
1090 3274 1158 3311 ex
1194 3259 1466 3310 lateribus
1510 3258 1800 3328 aquilonis
1832 3259 2041 3329 saepius

349 3348 639 3401 civitatem
678 3352 927 3400 sanctam
977 3346 1082 3400 tibi
1114 3347 1255 3415 Regi
1301 3362 1508 3415 magno
1539 3346 1740 3399 fecisti.
1788 3347 2039 3415 .Edilica,

355 3437 611 3501 Domine,
644 3437 705 3489 in
727 3436 895 3489 corde
925 3452 1050 3489 meo
1074 3452 1279 3489 urnam
1313 3436 1557 3488 candore
1582 3435 1710 3488 vitae
1740 3436 2040 3501 nitentem,

349 3532 402 3580 et
430 3541 617 3579 arcam
649 3526 709 3579 in
740 3541 853 3595 qua
892 3530 947 3578 tu
986 3524 1241 3594 digneris
1268 3526 1598 3595 perenniter
1647 3525 1901 3579 habitare
1935 3542 1947 3578 :
1984 3528 2044 3579 in

350 3615 702 3685 quajugiter
733 3614 874 3683 legis
906 3619 1017 3667 tute
1050 3614 1251 3667 notitia
1274 3613 1480 3682 vigeat,
1519 3618 1573 3666 et
1603 3630 1635 3665 a
1663 3618 1738 3681 te,
1767 3614 1866 3683 qui
1913 3630 2045 3667 vera

348 3705 438 3757 via
468 3720 548 3770 es,
583 3720 879 3774 nunquam
912 3704 972 3756 in
1004 3703 1167 3758 devia
1210 3719 1370 3756 mens
1409 3702 1531 3772 ipsa
1560 3719 1664 3772 per
1693 3702 1936 3773 abrupta
1965 3702 2047 3755 in-

350 3793 530 3847 cedat.
585 3795 880 3855 Restaura,
923 3792 1176 3855 Domine,
1224 3792 1449 3845 ruinam
1490 3792 1746 3860 corporis
1797 3794 1930 3853 mei,
1992 3796 2048 3844 et

350 3883 559 3935 mentis
601 3898 743 3935 mea:
791 3882 1048 3951 vigorem
1099 3882 1444 3950 redintegra,
1497 3885 1553 3933 et
1600 3880 2047 3933 innumerabiles

353 3972 581 4025 dolores
630 3987 773 4040 quos
814 3971 1011 4039 lingua
1065 3984 1333 4022 enarrare
1384 3984 1501 4021 non
1551 3968 1716 4033 valet,
1758 3969 2047 4022 antidotus

352 4059 454 4111 illa
485 4063 584 4111 tua
607 4058 847 4111 coalestis
873 4058 941 4110 de
971 4057 1280 4109 visceribus
1322 4057 1515 4109 demat
1544 4076 1559 4109 :
1605 4073 1734 4109 nam
1776 4057 1821 4109 si
1845 4064 2047 4111 cuncta

353 4146 413 4198 in
455 4160 585 4213 quae
629 4154 648 4178 °
699 4145 916 4213 prorui,
962 4146 1048 4198 vel
1096 4146 1367 4199 hactenus
1411 4146 1591 4215 jaceo,
1645 4146 1833 4198 minus
1873 4163 2049 4216 parva

354 4234 575 4287 edicere
630 4233 793 4302 quasi
858 4233 1249 4287 enumerando
1305 4233 1561 4294 voluero,
1633 4238 1695 4286 ut
1760 4238 1813 4286 te
1877 4236 2046 4297 nosti,

2151 3101 2183 3137 a
2226 3091 2281 3137 te
2321 3098 2348 3138 ε
2396 3086 2694 3139 dimissum
2741 3086 3051 3157 cognovit:
3105 3092 3159 3138 et
3195 3085 3452 3139 adultera
3503 3100 3635 3137 mox
3678 3083 3813 3135 illaesa

2152 3173 2326 3225 evasit
2355 3174 2563 3241 (Ibid),
2607 3174 2745 3227 dum
2790 3180 2845 3226 et
2903 3173 3193 3244 prmterita
3238 3178 3291 3226 et
3353 3173 3661 3242 sequentia
3715 3184 3813 3237 pec-

2152 3265 2275 3312 cata
2316 3276 2347 3312 a
2390 3266 2443 3313 te
2483 3260 2590 3312 sibi
2628 3261 2863 3313 dimissa
2905 3262 3179 3331 percepit.
3236 3262 3508 3331 Nunquid
3565 3264 3651 3312 est
3696 3254 3811 3309 aliud

2150 3349 2263 3415 noli
2288 3364 2509 3417 peccare
2560 3347 2583 3382 ¹ι
2614 3350 2880 3418 deinceps,
2936 3351 3044 3403 nisi
3096 3350 3332 3403 ulterius
3384 3366 3501 3402 non
3551 3344 3812 3419 peccabis?

2155 3438 2222 3489 Et
2270 3437 2406 3507 quid
2452 3443 2536 3490 est
2561 3439 2754 3492 aliud:
2814 3440 2955 3492 Tolle
2983 3441 3272 3506 grabatum
3306 3444 3474 3502 tuum,
3513 3445 3567 3491 et
3604 3434 3811 3488 ambula:

2154 3525 2284 3591 nisi,
2319 3526 2489 3593 rejice
2519 3532 2811 3594 peccatum
2857 3532 3043 3591 tuum,
3081 3534 3137 3580 et
3187 3544 3289 3596 per
3321 3531 3652 3579 sanctorum
3705 3519 3811 3591 pede

2154 3615 2287 3665 trita
2319 3614 2584 3685 deinceps
2624 3615 2821 3668 incede
2856 3616 3128 3684 vestigia?
3175 3615 3387 3668 Dixisse
3445 3615 3605 3667 enim
3665 3615 3812 3664 tuum.

2156 3702 2395 3755 Domine
2438 3705 2588 3767 Jesu,
2624 3703 2821 3757 fecisse
2868 3710 2969 3758 est.
3010 3705 3052 3757 Ο
3105 3704 3325 3757 felicem
3376 3718 3487 3767 me,
3544 3702 3591 3755 si
3648 3701 3811 3753 harum

2155 3790 2406 3859 aliquam
2444 3808 2636 3844 vocem
2688 3794 2897 3862 pectori
2936 3809 3063 3845 meo
3093 3810 3126 3845 a
3172 3799 3224 3845 te
3259 3793 3560 3845 insonaret
3600 3788 3764 3843 infuse
3790 3793 3811 3833 ί.

2156 3878 2313 3930 Tunc
2345 3878 2463 3946 jam
2497 3880 2678 3945 laetus,
2708 3886 2844 3933 tunc
2882 3881 3001 3950 jam
3034 3896 3285 3945 securus,
3318 3885 3454 3933 tunc
3478 3880 3601 3948 jam
3635 3893 3697 3930 ex
3726 3875 3812 3942 jus-

2156 3964 2313 4018 sione
2347 3967 2570 4019 Domini
2602 3968 2711 4020 mei
2746 3969 3077 4033 mundatus,
3111 3968 3396 4022 crederem
3431 3984 3525 4019 me
3570 3980 3686 4020 esse
3714 3969 3814 4013 tuus

2158 4054 2523 4107 ﬁdelissimus
2567 4072 2778 4115 servus.
2827 4057 2962 4126 quia
3016 4073 3119 4109 nec
3151 4056 3221 4109 ad
3272 4072 3361 4109 me
3402 4056 3539 4108 talia
3587 4056 3813 4108 insonare

2158 4142 2404 4211 fecisses,
2438 4144 2549 4197 nisi
2582 4162 2671 4197 me
2696 4146 2813 4215 jam
2849 4146 3190 4198 mundatum
3224 4145 3443 4214 tibique
3489 4142 3813 4197 obedientem

2158 4232 2471 4302 praescires,
2504 4233 2619 4286 imo
2646 4233 2945 4287 atenebris
2974 4234 3334 4287 educendum
3367 4231 3426 4284 in
3459 4248 3595 4285 vero
3639 4225 3815 4282 lumine

354 4322 528 4374 finem
595 4336 891 4389 nunquam
961 4336 1121 4373 meus
1169 4320 1407 4390 accipiet
1461 4337 1667 4374 sermo.
1731 4323 2047 4376 Debueram
2088 4326 2132 4378 D
2162 4324 2473 4389 coaptares.
2514 4322 2653 4388 Fiat,
2690 4322 2944 4387 Domine,
2980 4321 3373 4375 misericordia
3402 4324 3503 4372 tua
3533 4332 3701 4387 super
3729 4327 3813 4365 me.

356 4411 511 4464 enim
543 4409 880 4479 singillatim
913 4409 1335 4478 inexplicabilia
1361 4410 1620 4479 digerere
1651 4409 1806 4475 vitia,
1860 4416 1915 4463 et
1945 4427 2050 4479 pro

356 4513 701 4568 unaquaque
743 4513 890 4550 nova
937 4496 1259 4567 specialiter
1304 4502 1357 4549 te
1413 4497 1718 4550 Dominum
1768 4499 2047 4569 flagitare,

357 4593 526 4657 atque
575 4592 772 4640 contra
821 4587 971 4656 ipsas
1020 4585 1427 4638 invalitudines
1482 4585 1821 4639 medicinam
1872 4592 2050 4652 tuam,

355 4681 520 4746 pater
544 4675 821 4745 piissime,
869 4674 1198 4744 implorare.
1234 4672 1343 4726 Sed
1392 4674 1654 4742 nunquid
1706 4679 1766 4727 ut
1800 4676 2052 4728 medicus

356 4764 437 4817 ita
466 4764 761 4833 passiones
800 4762 1056 4833 inspicis,
1109 4766 1165 4815 et
1194 4778 1308 4815 non
1352 4760 1532 4829 magis
1586 4766 1647 4813 ut
1691 4762 1923 4815 Creator
1968 4780 2051 4818 re-

358 4852 548 4906 media
574 4852 967 4906 laborantibus
1011 4851 1322 4904 clementer
1376 4848 1684 4919 impartis?
1749 4851 2053 4905 Nescienti-

427 5005 451 5029 ι
490 4997 613 5061 Ms.,
644 4995 806 5065 hujus
838 5011 968 5050 se...
1004 4995 1317 5049 adhibeant.

428 5069 451 5107 b
493 5068 614 5129 Ms.,
649 5072 968 5133 magestate.
1003 5066 1091 5119 Sic
1124 5066 1296 5119 etiam
1332 5065 1563 5136 Hispani
1600 5066 1904 5119 vernaculo
1943 5083 2053 5121 ser-

358 5151 530 5189 mone
560 5136 801 5189 dicimus
827 5138 1130 5205 mageslad.

428 5216 447 5239 ο
487 5208 606 5273 Ms,
639 5210 697 5261 in
729 5223 852 5277 quo.

427 5279 454 5319 d
477 5279 615 5351 ‘Ms.,
666 5278 984 5351 deferamur
1016 5296 1050 5333 a
1082 5280 1251 5335 bestia
1283 5298 1295 5335 :
1341 5281 1529 5335 littera
1566 5282 1616 5348 f,
1668 5296 1772 5351 pro
1803 5297 1856 5345 υ,
1908 5280 2054 5334 sicut

358 5348 638 5415 proﬂema
673 5365 685 5401 :
723 5349 1107 5418 adprofemus.

429 5430 451 5454 '
492 5421 533 5492 Ιῗ
574 5435 623 5472 e.
652 5422 917 5492 viarectu
948 5437 961 5474 :
995 5422 1104 5475 nisi
1143 5428 1287 5477 recta
1320 5423 1552 5476 latinius
1588 5423 1781 5492 legas:
1833 5438 1868 5475 a
1897 5422 2050 5475 enim

359 5492 415 5564 et
453 5491 577 5543 uin
633 5491 923 5564 codicibus
977 5508 1127 5562 saepe
1172 5493 1423 5547 Gothicis
1469 5491 1682 5564 absque
1735 5494 1851 5547 ullo
1882 5510 2046 5563 repe-

358 5560 585 5615 riuntur
617 5561 963 5616 discrimine.

2165 4412 2220 4460 et
2251 4408 2432 4477 dirige
2465 4409 2681 4462 vultum
2727 4415 2891 4462 tuum
2936 4409 2995 4462 in
3027 4408 3454 4462 illuminatione
3484 4406 3669 4460 cordis
3713 4398 3814 4453 mei.

2165 4496 2409 4550 Ostende
2453 4497 2597 4550 mihi
2643 4498 2845 4551 faciem
2894 4503 3073 4561 tuam,
3133 4502 3189 4550 et
3246 4497 3517 4549 miserere
3579 4492 3685 4548 mei
3726 4502 3813 4558 pr?

2165 4586 2434 4638 omnibus
2490 4586 2941 4639 misericordiam
2993 4584 3293 4655 indigenti.
3372 4585 3527 4649 Ecce,
3594 4578 3815 4637 Domine.

2166 4689 2278 4726 non
2320 4673 2503 4726 solum
2560 4675 2619 4727 in
2660 4691 2850 4744 opere,
2903 4690 3099 4727 verum
3149 4673 3320 4726 etiam
3366 4673 3425 4725 in
3482 4670 3811 4742 cogitationes

2165 4762 2325 4816 omni
2356 4763 2499 4816 hora
2546 4763 2772 4817 incido:
2808 4768 2862 4816 et
2911 4779 2977 4816 ex
3013 4762 3242 4832 quantis
3282 4761 3540 4830 partibus
3592 4775 3676 4813 me
3715 4767 3815 4807 con-

2165 4853 2436 4904 suanterl
2497 4853 2719 4922 sagittae
2748 4868 2854 4907 nec
2886 4867 3158 4934 'numero,
3203 4866 3305 4903 nec
3344 4849 3651 4920 perpendo.
3701 4846 3812 4899 Prae'

2235 4993 2251 5028 τ
2281 4995 2401 5061 Ms.,
2433 4998 2669 5066 pristino
2703 4996 2889 5049 colore.

2235 5080 2265 5119 ε
2298 5066 2417 5130 Ms.,
2450 5067 2524 5119 ad
2554 5071 2620 5119 te.

2233 5140 2254 5171 ¹³
2280 5138 2400 5203 Ms.,
2435 5140 2648 5191 Peccar.

2235 5207 2345 5261 iL.
2389 5201 2600 5276 aliqua
2646 5222 2863 5261 voces...
2926 5208 3202 5260 insonaret
3259 5206 3480 5271 infusae,
3528 5202 3617 5258 vel
3661 5201 3813 5265 aliqua

2160 5294 2334 5332 vom...
2366 5281 2572 5344 infusa.

2227 5351 2241 5392 Ι
2314 5351 2370 5403 [ι.
2400 5339 2767 5415 cbnsuantur;
2810 5364 2837 5401 e
2866 5364 2969 5417 pro
3002 5363 3065 5413 u;
3095 5346 3242 5399 sicut
3280 5346 3452 5416 paulo
3484 5344 3633 5399 infra
3668 5339 3812 5417 viden-

2164 5424 2244 5474 tcr
2287 5437 2389 5490 pro
2440 5421 2711 5473 videntur.
2754 5420 2895 5485 Quid
2940 5424 3131 5471 autem
3189 5422 3541 5481 consuantur,
3600 5416 3677 5469 vel
3718 5422 3810 5462 con-

2161 5496 2385 5545 suanter
2431 5492 2537 5545 sibi
2575 5492 2727 5552 velit,
2770 5491 2973 5543 melius
3005 5505 3074 5541 ex
3104 5493 3395 5554 contextu,
3427 5503 3601 5559 quam
3640 5501 3693 5538 ex
3736 5493 3807 5531 110'

2163 5568 2281 5615 stro
2313 5562 2493 5615 disces
2514 5562 2947 5615 commentario.
