3860 6262
94 253 208 306 403

1671 252 2073 310 CONFESSIO.

3527 257 3627 309 tuo

96 390 374 443 termitto
433 395 588 444 enim
641 408 708 444 ea
758 408 1063 446 numerare
1115 409 1240 463 qua:
1308 393 1504 462 gravia
1562 393 1812 445 animam
1851 387 2279 458 AScripturam
2319 395 2569 442 sanctam
2620 391 2848 458 plenam
2902 392 3382 445 medicaminibus
3430 393 3499 446 de
3528 398 3627 446 tua

94 482 323 529 suetaa
383 484 516 531 sunt
582 480 861 549 gehennae
908 480 1170 535 incendio
1218 498 1334 534 non
1387 482 1818 535 ﬁniendo'tra—

97 564 283 619 dere:
345 568 443 621 sed
494 584 562 620 ea
616 584 767 621 nunc
818 570 1128 638 proferam,
1188 587 1315 639 quas
1368 571 1509 623 levia
1553 571 1820 623 videntur

92 652 195 705 his
237 655 340 724 qui
374 672 441 708 ea
468 656 733 709 nesciunt
774 673 941 727 aequa
991 660 1150 711 lance
1180 675 1444 728 pensare.
1487 660 1627 712 Nam
1661 659 1706 711 si
1737 659 1816 711 le-

96 740 337 794 viorum
375 748 602 797 tantum
652 744 944 813 deplorem
978 745 1312 810 admissum,
1346 747 1663 815 quantitate
1695 762 1814 798 ma-

95 829 299 882 lorum
337 832 694 899 superabunt
728 838 957 885 statum.
994 835 1198 886 Verum
1228 834 1364 887 dum
1400 836 1575 887 oculis
1608 834 1817 888 mentis

98 932 255 970 mea:
288 924 343 971 te
386 924 525 971 teste
558 922 618 972 in
667 920 1073 989 memetipsum
1130 928 1376 987 reverto,
1412 922 1551 974 nihil
1599 922 1812 975 ibidem

96 1005 256 1071 leve,
292 1008 437 1059 nihil
475 1024 589 1061 non
641 1025 809 1076 grave
871 1026 990 1062 esse
1051 1010 1437 1079 deprehendo.
1482 1011 1621 1074 Quid
1660 1013 1811 1065 enim

97 1094 346 1161 gravior
380 1096 615 1149 libidine
644 1099 672 1149 ?
704 1097 839 1166 quid
884 1098 1178 1151 onerosior
1207 1098 1445 1151 fraude?
1494 1100 1629 1169 quid
1665 1116 1812 1168 pon-

96 1180 377 1235 derosior
430 1184 705 1252 jactantia
759 1200 902 1236 vana
932 1187 957 1227 b
1000 1184 1027 1251 ?
1064 1184 1201 1254 quid
1252 1188 1413 1254 pejus
1459 1185 1814 1239 homicidio?

95 1270 249 1338 quid
286 1272 503 1324 malum
535 1271 864 1325 testimonio
892 1273 1077 1326 falso?
1127 1273 1260 1342 quid
1293 1274 1547 1343 iniquius
1579 1274 1811 1327 misero-

100 1373 237 1409 rum
286 1360 518 1428 spolio?
560 1361 697 1429 quid
745 1361 1073 1414 scelestiusc
1122 1378 1294 1431 quam
1342 1363 1423 1415 rei
1457 1363 1697 1433 cognitas
1738 1364 1809 1415 ob

97 1445 523 1502 detrimentum
547 1449 795 1502 aliorum
824 1449 1056 1519 negatio
1080 1451 1108 1502 Ῥ
1148 1452 1209 1503 Et
1229 1456 1421 1503 tamen
1444 1452 1564 1503 luee
1593 1452 1807 1517 omnia,

102 1539 161 1586 et
196 1533 314 1587 alia
345 1552 473 1606 quae
522 1537 836 1590 defectione
866 1538 1143 1591 sermonis
1174 1539 1538 1608 promulgare
1570 1556 1685 1593 non
1712 1556 1805 1592 va-

98 1622 207 1687 lui,
256 1629 325 1676 ut
379 1631 438 1677 tu
496 1626 667 1690 nosti,
741 1626 841 1696 qui
889 1626 1368 1681 conscientiarum
1414 1644 1471 1679 es
1522 1628 1805 1698 cognitor,

100 1713 325 1780 partim
356 1730 547 1783 Opere,
583 1715 792 1785 partim
830 1717 1120 1769 voluntate
1160 1716 1393 1786 peregi;
1428 1716 1545 1770 imo
1588 1717 1805 1771 actibus

98 1800 401 1867 universa,
432 1818 560 1872 quee
594 1802 885 1872 implenda
912 1819 1016 1855 nec
1049 1820 1078 1855 a
1105 1804 1330 1857 diabolo
1364 1809 1544 1867 erant,
1575 1820 1680 1873 ego
1703 1805 1806 1857 ini-

102 1889 424 1957 quissimus
456 1891 781 1961 adimplevi.
814 1892 870 1945 Si
901 1892 1258 1956 libidinibus,
1292 1893 1376 1945 vel
1412 1892 1621 1945 misero
1663 1894 1801 1946 mihi

100 1976 385 2030 hactenus
444 1995 548 2049 per
593 1980 751 2033 varia
810 1980 1160 2033 illectionum
1220 1997 1430 2050 genera
1485 1981 1689 2034 milito.
1747 1982 1803 2035 Si

104 2066 425 2132 fraudibus,
468 2068 811 2121 conscientia
846 2070 965 2120 sola
995 2074 1137 2122 teste
1178 2085 1357 2138 usque
1387 2069 1556 2122 hodie
1590 2076 1653 2123 nt
1680 2086 1799 2123 cor-

104 2168 244 2220 pore
282 2154 363 2206 ita
388 2162 444 2207 et
490 2160 679 2207 mente
719 2155 996 2208 deservio.
1056 2156 1113 2209 Si
1167 2156 1562 2224 sanguinibus,
1596 2158 1803 2212 animae

104 2255 245 2292 meae
275 2258 394 2295 non
426 2258 529 2310 per
558 2242 791 2313 species,
826 2244 921 2296 sed
956 2244 1187 2313 proprie
1216 2244 1544 2298 interfector
1578 2245 1796 2299 assisto.

104 2328 159 2381 Si
194 2329 341 2382 falso
386 2330 737 2393 testimonio,
789 2348 939 2400 saepe
970 2333 1223 2401 perjurio
1279 2333 1667 2400 deserviendo,
1702 2352 1801 2388 us-

106 2433 215 2485 que
251 2419 323 2471 ad
357 2419 504 2471 hanc
543 2420 745 2472 horam
800 2421 1008 2490 linguae
1054 2437 1195 2474 meae
1238 2438 1533 2492 nunquam
1568 2423 1799 2477 modum

108 2507 363 2575 impono.
399 2508 455 2561 Si
490 2507 549 2560 in
599 2508 881 2576 superbiae
913 2510 1259 2577 tumiditate,
1314 2511 1537 2565 nullum
1574 2512 1710 2564 mihi
1740 2512 1799 2565 in

104 2596 206 2648 hac
232 2594 365 2647 tabe
405 2596 717 2649 secundum
751 2614 869 2651 esse
923 2614 1222 2668 cognosco.
1275 2599 1331 2652 Si
1372 2599 1603 2665 invidia,
1640 2602 1796 2653 omni

108 2688 400 2736 momento
458 2686 610 2737 velut
656 2685 773 2754 igni
833 2686 1197 2741 felicitatibus
1248 2688 1488 2741 fratrum
1539 2688 1798 2743 invidens

108 2772 296 2824 ardeo.
351 2771 408 2824 Si
458 2772 517 2825 in
567 2772 866 2843 injustitia,
914 2775 1057 2827 sicut
1100 2791 1282 2845 equus
1333 2776 1570 2829 infrenis
1626 2794 1798 2847 super

108 2860 465 2913 mendacium
519 2862 689 2914 miser
726 2863 965 2915 exsulto.
1029 2863 1086 2918 Si
1119 2863 1176 2916 in
1225 2881 1418 2917 rerum
1463 2866 1793 2935 cupiditate,

111 2965 169 3000 ex
204 2964 405 3001 earum
464 2950 729 3003 aviditate
755 2951 927 3004 etiam
978 2952 1035 3004 in
1067 2952 1284 3005 somnis
1318 2959 1542 3007 montes
1575 2972 1664 3007 me
1695 2972 1793 3007 au-
1835 2978 1878 3032 ο

111 3052 230 3089 reos
268 3037 585 3106 adipiscere
639 3039 824 3092 video.
880 3041 1141 3093 Extremo
1191 3041 1363 3094 etiam
1412 3042 1456 3094 si
1508 3044 1593 3097 vel
1625 3050 1795 3098 tenue

112 3126 248 3193 quod
288 3130 438 3178 recte
495 3126 838 3195 cogitavero,
891 3128 1081 3181 statim
1140 3145 1300 3182 vanae
1357 3130 1555 3200 gloriae
1618 3134 1794 3185 vermi

114 3213 353 3266 rodendo
383 3215 655 3267 contrado
681 3231 694 3267 :
732 3222 940 3284 praeter
989 3216 1131 3269 alias
1160 3218 1557 3286 perditionum
1585 3220 1794 3274 animas

114 3302 317 3368 species
347 3318 476 3371 qua:
503 3304 673 3355 corde
704 3303 1123 3374 concipiuntur,
1152 3322 1255 3359 nec
1284 3311 1348 3358 ut
1388 3313 1522 3360 sunt
1562 3309 1792 3377 pr0prie

111 3388 457 3457 digeruntur.
497 3392 634 3443 Nam
666 3396 719 3444 et
751 3392 810 3444 in
868 3392 988 3461 ipsa
1023 3400 1137 3445 tuae
1189 3410 1361 3446 sacrae
1406 3395 1667 3449 lectionis
1699 3397 1791 3450 hi-

114 3477 293 3540 storia,
348 3479 437 3531 vel
485 3479 737 3532 caelestia
789 3497 918 3550 qute
976 3482 1140 3534 nobis
1176 3483 1245 3535 ad
1292 3484 1535 3537 salutem
1583 3485 1791 3554 largire

115 3561 308 3614 Deiﬂca
329 3569 701 3627 sacramenta,
737 3580 864 3633 quas
892 3565 1111 3634 species
1143 3566 1567 3635 deceptionum,
1610 3586 1789 3638 quan-

113 3650 254 3719 tique
286 3651 475 3720 laquei
515 3652 847 3721 aperiantur
895 3654 1039 3707 mihi
1088 3654 1266 3708 inscio
1315 3656 1705 3724 perditionum
1741 3660 1788 3725 d,

114 3739 185 3790 vel
244 3745 473 3809 quanta:
520 3740 720 3794 formae
780 3741 1041 3795 oriantur
1092 3744 1349 3812 undique
1408 3745 1786 3813 illectionum,

115 3828 225 3896 quis
249 3829 614 3882 dinumerare
636 3829 664 3882 ?
697 3829 826 3899 quis
856 3831 1106 3883 elicere?
1148 3832 1274 3901 quis
1316 3836 1398 3886 tot
1435 3838 1736 3905 tantasque
1766 3849 1789 3878 ο

115 3915 287 3968 foveas
338 3917 521 3969 valeat
601 3918 1018 3988 promulgare?
1078 3934 1219 3989 quas
1273 3921 1409 3988 quia
1464 3922 1569 3975 tibi
1626 3928 1787 3977 notas

116 4016 226 4055 ecre
258 4001 275 4035 ί
302 4019 418 4055 non
474 4002 694 4069 dubito,
723 4004 853 4057 ideo
893 4010 948 4057 et
977 4022 1081 4074 pro
1138 4007 1416 4060 universis
1464 4025 1630 4077 parce
1668 4015 1789 4063 tan-

117 4095 225 4143 tum
267 4090 522 4159 piissime
554 4092 757 4145 clamo.
792 4094 931 4146 Nam
979 4094 1039 4146 in
1084 4096 1366 4147 sermonis
1396 4098 1786 4166 prolapsione,

118 4183 163 4228 et
200 4178 254 4229 in
286 4178 504 4233 ludicra
533 4180 1014 4245 confabulatione,
1048 4183 1294 4250 qualiter
1344 4201 1493 4254 saepe
1526 4190 1785 4255 proruet,

121 4271 163 4317 et
205 4265 697 4321 innumerabiliter
735 4284 826 4322 me
881 4269 1070 4339 ipsum
1123 4271 1394 4335 inticiam,
1454 4290 1559 4326 nec
1615 4291 1786 4328 sensu

120 4356 327 4420 sentire,
359 4362 573 4426 quanto
607 4358 787 4427 magis
822 4363 885 4409 ut
922 4374 1025 4427 per
1076 4358 1330 4429 linguam
1364 4362 1579 4415 valeam
1616 4380 1787 4416 enar-

122 4458 245 4496 rare.
279 4445 342 4497 ln
375 4444 499 4514 ipso
532 4446 687 4498 enim
718 4461 914 4515 gressu
948 4451 1005 4499 et
1029 4447 1364 4501 incessionis
1411 4450 1605 4504 habitu
1637 4468 1784 4522 saepe

122 4531 349 4585 concido.
384 4533 449 4585 Et
474 4533 574 4602 qui
603 4538 826 4586 tantum
884 4534 1078 4601 silens,
1111 4552 1215 4590 nec
1260 4538 1513 4606 cogitans
1552 4546 1782 4609 peccat;

124 4618 236 4687 quid
280 4620 538 4689 loquens,
571 4621 659 4674 vel
710 4626 979 4687 tractans,
1039 4624 1149 4677 nisi
1207 4624 1478 4679 delictum
1509 4628 1785 4698 centupli-

124 4708 235 4758 cat?
258 4708 393 4761 Cum
450 4708 603 4762 enim
654 4710 776 4778 ipsa
822 4710 1126 4777 medicina,
1186 4730 1296 4783 qua
1346 4720 1543 4769 nostra
1594 4718 1784 4770 ulcera

124 4808 278 4858 curas,
310 4796 451 4849 mihi
483 4798 737 4864 vulnera,
782 4814 899 4852 non
931 4799 1251 4855 fomentum
1284 4804 1565 4872 parturiat
1596 4822 1609 4870 ;
1645 4806 1783 4875 quid

125 4882 250 4935 aliud
280 4885 553 4953 aegritudo
588 4902 715 4939 mea
742 4903 915 4956 quam
955 4890 1217 4943 mortalis
1264 4890 1501 4945 dicenda
1549 4899 1651 4958 est,
1688 4894 1784 4947 ubi

123 4984 214 5023 non
241 4987 371 5025 cura
422 4974 662 5027 ccelestis
700 4975 949 5044 proficit,
997 4977 1091 5030 sed
1124 4978 1310 5042 magis
1350 4979 1641 5033 dolentem
1694 4998 1780 5035 oc-

126 5058 253 5112 cidit.
284 5062 360 5114 Tu
392 5062 570 5125 enim,
606 5062 852 5118 Domine
885 5066 1055 5131 Dens,
1084 5067 1155 5120 ad
1185 5067 1493 5121 utilitatem
1526 5076 1779 5124 nostram

180 5221 200 5244 ⁸
233 5215 346 5279 Ms,
384 5223 550 5271 sueto.

181 5286 199 5325 ἀ
232 5285 342 5350 Ms,
375 5286 662 5355 juctantiw
686 5306 856 5344 vanae.

181 5362 197 5384 ε
232 5356 342 5422 Με.,
382 5359 643 5412 celestius.

181 5423 202 5457 ἀ
236 5426 346 5492 Ms,
386 5444 484 5496 per
521 5429 834 5484 dictionum.

183 5502 199 5527 ε
233 5496 343 5563 115.,
386 5504 689 5568 tantusque.

1929 476 2406 529 excellentissima
2435 477 2618 544 gloria
2664 478 2925 530 vitalibus
2978 479 3156 531 succis
3207 480 3522 532 confectam
3554 482 3623 533 ad

1929 569 2139 616 terram
2174 580 2351 633 usque
2385 565 2627 617 delatam
2681 565 2906 618 dedisti.
2970 567 3073 619 Sed
3132 584 3237 636 ego
3275 568 3426 622 unde
3485 570 3624 621 alios

1927 667 2093 703 sanos
2132 652 2500 721 integerrime
2522 652 2659 719 vidi,
2689 653 2820 704 inde
2855 669 2941 705 me
2976 655 3287 708 sauciatum
3323 658 3621 710 tremendo

1926 741 2227 794 contabui:
2265 749 2319 794 et
2364 757 2478 793 non
2536 741 2876 793 medicinam
2928 742 3303 811 impotentem
3360 747 3616 815 probavi,

1926 828 2025 881 sed
2055 845 2145 881 me
2177 834 2453 898 aegrotum
2489 829 2993 883 irremediabiliter
3024 847 3136 883 non
3168 831 3313 885 bene
3360 835 3617 902 ploravi:

1925 919 2059 987 quia
2089 918 2135 969 si
2168 918 2515 970 sufficienter
2560 934 2649 970 me
2680 918 3059 988 lacrymarnm
3095 920 3320 972 fletibus
3352 924 3618 992 compul-

1924 1023 2113 1060 verem
2137 1020 2185 1071 ς,
2222 1007 2542 1060 fomentum
2588 1008 2818 1060 aliunde
2858 1024 3117 1077 quaerere
3150 1008 3269 1077 jam
3315 1026 3612 1064 cessarem.

1922 1111 2026 1149 nec
2070 1096 2202 1147 alibi
2240 1095 2555 1147 remedium
2590 1111 2908 1164 quaererem
2944 1097 3097 1164 quod
3151 1096 3207 1147 in
3244 1112 3333 1148 me
3366 1098 3483 1161 ipse
3516 1099 3616 1150 lia-

1923 1184 2135 1236 herem.
2174 1184 2282 1236 Sed
2316 1183 2576 1253 nunquid
2610 1183 2747 1236 flere
2780 1184 2968 1252 potuit
2999 1186 3216 1249 Petrus,
3250 1184 3358 1236 nisi
3392 1190 3449 1236 tu
3484 1201 3615 1238 eum

1920 1272 2231 1341 inspiceres
2286 1274 2436 1338 (Luc.
2495 1288 2626 1333 χχιι,
2680 1272 2788 1341 b'l),
2845 1273 3087 1326 Domine
3140 1274 3335 1326 Deus?
3390 1274 3612 1342 Aspice,

1922 1360 2181 1421 Domine,
2219 1366 2275 1413 et
2304 1376 2394 1413 me
2427 1361 2738 1413 haerentem
2773 1361 2830 1413 in
2862 1362 3129 1429 vepribus
3160 1362 3306 1425 vide,
3350 1366 3405 1414 et
3436 1361 3613 1429 respi-

1920 1447 2122 1500 ciendo
2154 1449 2377 1501 vincula
2408 1464 2533 1501 mea
2573 1449 2895 1517 disrumpe:
2944 1456 2999 1503 et
3031 1466 3158 1518 (piae.
3190 1450 3385 1519 lingua
3414 1450 3615 1518 nequit

1920 1535 2224 1603 attingere,
2250 1542 2310 1587 tu
2348 1537 2496 1589 Deus
2530 1552 2686 1588 meus
2719 1539 2882 1589 solita
2912 1539 3215 1591 clementia
3244 1539 3612 1592 emundando

1919 1625 2199 1677 concede:
2235 1624 2369 1694 quia
2400 1641 2465 1677 ea
2495 1640 2622 1694 quae
2672 1625 2834 1678 nobis
2866 1628 2934 1679 de
2965 1627 3107 1680 cmlo
3158 1626 3218 1679 in
3256 1628 3614 1680 testamentis

1921 1713 2032 1766 tuis
2064 1730 2167 1782 per
2198 1714 2506 1782 prophetas
2554 1713 2830 1776 detulisti,
2884 1729 2998 1766 non
3034 1730 3133 1783 per
3161 1730 3241 1779 se,
3282 1714 3381 1768 sed
3424 1730 3526 1782 per
3557 1720 3612 1767 te

1914 1806 2129 1854 norunt
2157 1817 2381 1854 curare.
2426 1802 2489 1853 Et
2520 1800 2628 1852 nisi
2659 1806 2742 1866 tu,
2777 1817 2808 1853 o
2862 1802 3097 1870 pissime
3135 1803 3299 1867 Deus,
3339 1802 3609 1867 adfueris,

1913 1889 2151 1960 ipsaque
2183 1889 2440 1942 antidota
2470 1904 2502 1940 a
2528 1892 2581 1941 te
2610 1889 2745 1941 olim
2776 1890 2985 1958 prolati
3008 1889 3187 1960 digito
3218 1890 3317 1944 illo
3351 1907 3465 1960 quo
3499 1892 3605 1944 daa-

1915 1978 2204 2031 moniacos
2235 1977 2443 2030 curasti
2487 1976 2818 2041 confeceris,
2851 1978 3155 2031 medellam
3195 1996 3310 2033 non
3343 1980 3611 2049 ingerunt

1914 2066 2194 2119 sanitatis.
2230 2066 2340 2119 Sed
2370 2064 2513 2117 sicut
2565 2070 2620 2118 te
2666 2072 2948 2133 praesente
2998 2066 3293 2120 salutifera
3342 2083 3463 2120 esse
3500 2083 3606 2119 no—

1911 2159 2165 2219 scuntur,
2228 2154 2306 2207 ita
2354 2153 2588 2206 absente
2650 2158 2714 2206 ut
2759 2154 3077 2223 perniciosa
3125 2155 3412 2208 vitantur:
3473 2156 3609 2225 quia

1912 2242 2036 2295 sine
2071 2248 2125 2295 te
2158 2242 2302 2294 nihil
2336 2241 2391 2295 in
2431 2241 2645 2294 mundo
2677 2242 2911 2309 bonum,
2944 2247 2999 2296 et
3036 2243 3249 2297 bonum
3298 2243 3512 2312 absque
3550 2248 3605 2296 te

1911 2346 2015 2383 nec
2045 2346 2147 2400 per
2179 2348 2236 2383 se
2283 2331 2517 2383 bonum.
2570 2330 2650 2382 Tu
2685 2347 2743 2383 es
2792 2332 2967 2396 enim,
3020 2348 3052 2383 ο
3095 2336 3283 2384 custos
3319 2332 3602 2397 omnium,

1909 2415 2112 2483 bonus,
2164 2421 2219 2470 et
2250 2435 2279 2469 a
2331 2423 2386 2470 te
2417 2416 2604 2469 omnis
2656 2418 2877 2471 bonitas
2937 2419 3154 2488 accepit
3200 2418 3450 2471 initium.
3498 2418 3603 2471 Sed

1911 2507 2157 2575 qualiter
2204 2505 2452 2560 cmlestia
2490 2504 2585 2557 illa
2621 2506 2862 2559 miriﬁca
2908 2512 3259 2559 sacramenta
3298 2506 3510 2575 absque
3550 2513 3602 2558 te

1908 2610 2032 2647 esse
2076 2596 2315 2648 dicenda
2364 2600 2495 2649 sunt
2514 2606 2558 2660 ιι,
2590 2594 2690 2649 ubi
2744 2600 2840 2647 tua
2890 2596 3021 2648 licet
3066 2611 3182 2648 non
3223 2600 3437 2665 quanta
3495 2600 3597 2659 est,

1912 2684 2010 2736 sed
2052 2690 2332 2753 quantum
2376 2685 2565 2737 audiri
2606 2701 2638 2736 a
2686 2684 3025 2737 mortalibus
3076 2690 3276 2753 potest,
3335 2684 3602 2752 majestas

1906 2771 2122 2841 digesta
2173 2774 2306 2825 est?
2376 2774 2531 2827 Unde
2604 2778 2755 2825 certe
2811 2777 2867 2825 et
2917 2772 3206 2825 verissime
3264 2778 3321 2825 et
3383 2773 3596 2841 plenis-

1906 2862 2048 2914 sime
2108 2877 2333 2914 necesse
2394 2867 2478 2915 est
2533 2862 2786 2924 credere,
2836 2866 2893 2913 te
2950 2860 3012 2913 in
3076 2860 3186 2913 illis
3256 2862 3598 2914 lectionibus

1908 2965 2048 3016 esse,
2088 2954 2143 3002 et
2172 2965 2274 3018 per
2316 2950 2468 3019 ipsas
2498 2966 2610 3002 non
2660 2949 2950 3018 indignos,
2983 2949 3077 3001 sed
3108 2948 3310 3018 dignos
3358 2955 3413 3002 te
3444 2965 3597 3002 sem-

1908 3054 2010 3107 per
2038 3037 2393 3090 curare:il|e
2433 3038 2587 3090 enim
2616 3053 2688 3089 ex
2738 3037 2876 3106 ipsis
2932 3037 3272 3090 lectionibus
3333 3053 3448 3089 non
3494 3054 3596 3089 cu~

1906 3131 2083 3187 ratur,
2120 3126 2219 3195 qui
2246 3126 2390 3178 fastu
2424 3126 2705 3195 superbire
2746 3141 2862 3178 non
2896 3125 3233 3191 obediendo,
3286 3125 3384 3178 sed
3417 3124 3597 3177 discu-

1904 3214 2097 3267 tiendo
2128 3214 2366 3279 incedit;
2422 3230 2595 3283 seque
2648 3230 2761 3266 non
2812 3218 2909 3266 tuo
2963 3214 3159 3267 subdit
3211 3214 3461 3283 eloquio,
3496 3214 3590 3266 sed

1905 3318 2007 3355 suo
2056 3302 2196 3355 illud
2254 3300 2413 3372 cupit
2468 3301 2667 3355 rimari
2726 3318 2792 3355 ex
2853 3318 3066 3367 sensu;
3124 3307 3181 3355 et
3247 3302 3381 3354 dum
3439 3302 3596 3370 cupit

1902 3390 2006 3443 tibi
2038 3391 2336 3460 superbire
2364 3392 2565 3454 elatus,
2599 3408 2632 3443 a
2662 3407 2719 3444 se
2750 3390 2874 3458 ipso
2905 3391 3134 3443 delusus
3166 3389 3272 3441 sibi
3313 3395 3595 3458 repugnat

1902 3478 2204 3545 adversus;
2234 3496 2297 3532 ac
2329 3496 2429 3548 per
2474 3480 2580 3532 hoc
2614 3479 2794 3549 magis
2848 3479 3044 3531 morbo
3074 3477 3310 3537 laborat,
3340 3494 3454 3546 quo
3487 3478 3596 3531 dis-

1901 3567 2212 3621 cutientem
2265 3584 2322 3620 se
2353 3568 2636 3620 discutere
2686 3572 2868 3636 putat.
2922 3568 3059 3617 Vere
3109 3565 3320 3631 miseri,
3354 3570 3411 3618 et
3441 3571 3593 3617 certa

1900 3655 2120 3709 ratione
2150 3656 2404 3708 infelices
2435 3656 2680 3720 dicendi,
2714 3656 2812 3725 qui
2858 3654 3086 3723 eloquia
3143 3654 3422 3707 Creatoris
3471 3669 3593 3706 esse

1899 3744 2185 3797 credimus
2231 3744 2429 3808 nostri,
2479 3750 2535 3797 et
2568 3761 2632 3797 ea
2678 3743 3093 3796 rationabiliter
3121 3742 3382 3811 cupimus
3421 3742 3592 3794 truti-

1900 3849 2037 3887 nare
2068 3850 2079 3886 :
2115 3833 2277 3902 quasi
2309 3833 2459 3885 aliud
2492 3833 2563 3886 sit
2610 3833 2668 3885 in
2718 3848 2910 3885 rerum
2962 3836 3164 3884 natura
3219 3830 3386 3896 ratio,
3418 3846 3589 3899 quam

1898 3928 1998 3976 tua
2031 3921 2336 3989 justissimi
2373 3922 2596 3989 jussio;
2636 3926 2733 3974 aut
2778 3922 2968 3991 ipsum
3012 3919 3389 3974 ratiocinandi
3429 3919 3587 3988 vigo-

1897 4026 2019 4063 rem
2073 4010 2306 4063 aliunde
2352 4010 2561 4063 hahere
2592 4010 2778 4079 potuit
2812 4012 3000 4073 homo,
3052 4010 3161 4062 nisi
3204 4015 3320 4062 ate
3358 4010 3589 4063 daretur

1898 4097 1950 4151 ei
1982 4098 2140 4150 nullo
2179 4099 2537 4165 prtecedente
2572 4098 2773 4150 merito
2812 4114 2934 4150 suo.
2987 4097 3144 4161 Quod
3176 4098 3223 4150 si
3252 4113 3382 4149 vere
3409 4097 3589 4150 ratio—

1898 4200 2030 4237 nem
2054 4190 2109 4237 et
2138 4201 2253 4238 non
2276 4191 2499 4254 partem
2533 4185 2935 4239 rationabilem
2965 4187 3104 4239 vitio
3130 4203 3233 4239 suo
3262 4191 3589 4256 corruptam

1826 4277 1868 4329 D
1896 4272 2149 4337 haberet,
2185 4290 2481 4343 nunquam
2513 4274 2570 4326 in
2604 4274 2772 4327 rebus
2800 4291 2829 4326 a
2876 4291 2978 4328 suo
3032 4276 3294 4328 Creatore
3323 4274 3590 4344 expositis

1898 4363 2179 4415 rationem
2212 4363 2557 4432 exquireret,
2582 4379 2614 4416 a
2644 4379 2758 4433 quo
2790 4363 3068 4416 rationem
3120 4364 3310 4433 ipsum
3344 4363 3451 4416 sibi
3483 4364 3587 4417 da-

1896 4456 2012 4505 tam
2044 4451 2367 4520 cognoscit:
2403 4468 2532 4505 vere
2581 4452 2734 4505 enim
2782 4452 2983 4522 ingens
3032 4451 3370 4521 desipientia
3400 4456 3587 4505 nostra

1896 4555 2069 4593 ausus
2100 4539 2113 4572 ί
2147 4555 2277 4592 suos
2308 4540 2378 4593 ad
2411 4540 2640 4594 scienda
2682 4540 2867 4594 tendit
2898 4540 3132 4593 illicita:
3164 4545 3220 4592 et
3261 4540 3398 4592 dum
3430 4541 3589 4610 cupit

1897 4630 2040 4681 scire
2080 4629 2230 4699 quod
2266 4629 2559 4682 sciendum
2608 4630 2934 4681 nullatenus
2975 4628 3127 4692 licet,
3179 4627 3431 4695 seipsum
3486 4644 3582 4680 co-

1896 4717 2153 4771 lundium
2211 4718 2471 4771 hostibus
2505 4718 2741 4787 praebet,
2787 4716 2923 4786 quia
2962 4715 3116 4784 quod
3147 4714 3199 4766 ei
3240 4714 3438 4768 datum
3468 4730 3500 4767 a
3532 4720 3587 4767 te

1898 4805 2038 4859 scire
2070 4822 2187 4858 non
2215 4804 2431 4869 habuit,
2462 4804 2661 4857 frivole
2714 4803 3060 4872 inquirendo
3105 4802 3403 4872 desquirit,
3432 4804 3584 4872 quod

1894 4893 2311 4947 rationabiliter
2340 4910 2372 4945 a
2397 4897 2452 4944 te
2487 4892 2547 4943 in
2574 4891 2891 4960 primordio
2923 4906 3037 4943 non
3071 4889 3306 4960 accepit.
3335 4890 3392 4943 Si
3431 4891 3587 4945 enim

1895 4984 2068 5038 homo
2098 4983 2348 5052 seipsum
2382 4983 2524 5034 bene
2546 4980 2949 5049 perpenderet,
2987 4984 3039 5032 et
3072 4979 3258 5049 seipso
3303 4980 3583 5035 rationem

1896 5086 2064 5140 quam
2100 5069 2340 5139 inquirit
2374 5068 2591 5122 utiliter
2621 5072 3015 5137 compensaret
3038 5084 3053 5134 ;
3080 5067 3352 5138 quoniam
3392 5069 3492 5140 qui
3518 5086 3585 5123 ea

1966 5226 1983 5260 τ
2014 5227 2136 5289 Ms.,
2174 5227 2229 5279 F.
2263 5242 2392 5281 esse.

1963 5320 1984 5353 ο
2010 5298 2067 5350 F.
2096 5298 2464 5363 compluerem.

1962 5381 1985 5414 ιι
2013 5368 2133 5431 Ms,
2164 5372 2260 5419 est.

1965 5437 2126 5502 ‘Ms.,
2159 5452 2337 5491 ausos.
