3860 6262
267 240 366 293 407

1631 239 1886 292 ΑΙΝΑΒΙ
1925 237 2409 294 CORDUBENSIS

2270 239 2409 292 NSlS
3702 234 3794 283 4ης

268 392 396 446 quae
446 374 593 428 infra
641 390 720 439 se,
763 376 847 427 vel
894 374 953 426 in
1008 390 1086 437 se,
1142 372 1401 442 quotidie
1456 378 1704 442 aguntur
1764 373 1958 437 nescit,
2000 374 2041 426 Α
2073 374 2339 426 omnibus
2376 373 2651 435 misereri,
2687 377 2743 426 et
2772 372 2944 424 etiam
2974 387 3085 424 non
3119 371 3478 424 merentibus
3514 370 3681 421 viam
3716 385 3795 419 sa-

268 465 438 517 stulte
472 462 701 517 Domini
732 462 817 515 sui
850 478 1023 531 opera
1072 462 1315 515 liberare
1339 471 1363 495 ⁸
1408 462 1584 531 cupit,
1639 462 1737 531 qui
1769 461 1856 515 sui
1886 462 1966 530 ig-

270 568 443 604 narus
498 551 780 620 perpetim
835 555 1045 603 manet.
1097 551 1163 602 Et
1214 567 1340 603 cum
1394 566 1498 602 nos
1548 550 1853 603 miserrimi
1906 550 1965 602 in

271 641 467 694 bestiis
500 638 1047 709 etquadrupedibus
1099 639 1422 691 voluntates
1455 643 1677 690 nostras
1726 638 1966 706 implea-

272 744 417 792 mus,
466 734 521 781 et
548 728 719 781 etiam
774 728 914 796 ipsis
946 726 1142 779 avibus
1191 733 1246 779 et
1279 727 1528 795 piscibus
1558 742 1624 779 ex
1675 731 1773 778 tuo
1812 727 1963 779 dono

271 816 643 885 imperemus,
679 820 733 867 et
765 815 972 883 partim
998 814 1055 867 in
1094 814 1304 877 cibum,
1338 814 1545 883 partim
1579 814 1639 867 iu
1668 814 1962 883 adjumen-

269 909 392 956 tum
423 906 445 944 ὃ
470 920 536 955 ex
570 902 706 971 ipsis
749 903 832 954 vel
883 902 1194 971 capiamus,
1229 902 1313 953 vel
1347 901 1692 966 occidamus,
1728 917 1830 953 nec
1862 917 1965 970 pro

268 992 377 1044 hoc
409 990 691 1044 rationem
728 991 839 1043 illis
884 1007 1026 1060 quos
1064 989 1381 1059 premimus
1431 990 1756 1054 reddamus,
1791 1007 1966 1060 quare

273 1080 380 1131 hoc
404 1079 662 1145 facimus,
691 1078 777 1132 vel
809 1078 1010 1130 curilli
1038 1083 1090 1130 et
1124 1077 1206 1129 illi
1238 1093 1348 1129 non
1377 1082 1506 1129 sunt
1542 1078 1748 1143 occisi;
1792 1094 1967 1148 quare

271 1169 366 1221 isti
400 1174 456 1222 et
486 1169 581 1221 isti
611 1174 745 1221 sunt
793 1168 861 1220 ad
909 1167 1307 1236 adjumentum
1338 1179 1359 1203 ε
1400 1167 1467 1219 ab
1517 1167 1797 1220 occisione
1848 1184 1966 1221 ser-

274 1257 385 1309 vati
426 1275 441 1322 ;
470 1256 749 1309 rationem
782 1254 973 1307 miseri
1008 1256 1287 1307 factorum
1332 1260 1563 1308 tuorum
1597 1256 1964 1325 inquirimus,

273 1344 371 1414 qui
402 1343 815 1397 rationabiliter
864 1343 1003 1413 quid
1036 1343 1106 1395 sit
1138 1359 1357 1413 sapere,
1409 1343 1520 1396 nisi
1562 1360 1666 1413 per
1696 1349 1748 1396 te
1781 1344 1962 1397 addis-

274 1448 399 1485 cere
422 1449 534 1485 11011
569 1448 889 1500 possumus.

342 1522 392 1573 4.
431 1520 701 1587 Nunquid
749 1536 781 1571 a
839 1519 1002 1571 nobis
1060 1519 1288 1588 praemii
1316 1518 1532 1588 aliquid
1580 1518 1866 1589 accepisti,
1908 1523 1970 1571 ut

273 1608 540 1659 creares?
568 1610 665 1659 aut
700 1606 964 1659 dedimus
990 1604 1097 1657 tibi
1149 1606 1397 1673 pretium
1439 1606 1627 1675 operis
1675 1605 1873 1671 nostri,
1912 1610 1969 1657 ut

273 1694 632 1748 redimeres‘?
682 1695 843 1747 Certe
898 1694 953 1746 in
985 1693 1311 1746 conditione
1356 1698 1548 1746 nostra
1612 1700 1792 1746 cessat
1846 1694 1969 1746 hmo

272 1784 529 1837 humana
570 1781 934 1835 fallacissima
986 1781 1153 1845 ratio,
1202 1781 1336 1851 quia
1388 1782 1633 1851 qualiter
1664 1798 1721 1834 se
1755 1782 1967 1835 factum

274 1871 449 1937 videt,
507 1886 652 1922 vana
704 1886 820 1921 non
891 1869 1041 1921 valet
1094 1885 1361 1921 enarrare
1411 1869 1814 1939 praesumptio:
1868 1869 1968 1938 qui

275 1959 429 2012 enim
460 1958 743 2011 rationem
768 1974 884 2010 sua:
914 1955 1257 2012 conditionis
1284 1958 1525 2027 ignoret,
1559 1958 1849 2028 quomodo
1884 1974 1967 2011 ra-

276 2049 492 2102 tionem
516 2047 759 2099 aliorum
783 2062 1023 2115 operum
1046 2052 1280 2099 tuorum
1305 2046 1597 2115 inquirere
1638 2047 1860 2099 tentat?
1883 2047 1969 2098 vel

275 2141 425 2190 certe
479 2135 630 2189 dicat
686 2151 841 2189 vanae
890 2134 1309 2188 ratiocinatoris
1358 2134 1664 2203 exquisitio
1715 2134 1971 2203 corporis

276 2224 631 2294 qualitatem,
659 2224 747 2276 vel
779 2223 1169 2276 membrorum
1201 2222 1599 2292 compaginem
1641 2221 1971 2275 harmonice

276 2312 383 2365 sibi
430 2312 676 2365 invicem
734 2312 1140 2376 cohaerentem,
1205 2326 1305 2362 seu
1365 2311 1552 2363 locum
1598 2309 1972 2363 habitationis

278 2399 484 2453 animae
516 2399 789 2469 proferat,
820 2405 876 2451 et
895 2398 1200 2467 originem,
1234 2397 1279 2449 si
1311 2402 1461 2450 certe
1489 2397 1636 2466 sapit
1667 2398 1788 2465 ejus
1819 2398 1970 2451 unde

277 2487 498 2553 existat,
532 2486 825 2555 inquirat:
853 2491 908 2539 et
938 2486 1016 2538 sic
1044 2491 1098 2538 te
1118 2501 1409 2537 summum
1440 2484 1657 2537 bonum
1693 2484 1972 2537 discutere

278 2582 492 2645 tuaque
540 2574 758 2642 judicia
786 2573 812 2609 ά
855 2575 1062 2627 audeat
1106 2589 1497 2641 compensare.
1532 2572 1668 2639 Scis,
1715 2572 1969 2638 Domine,

280 2670 343 2716 ut
374 2663 512 2734 quid
534 2663 641 2716 ista
675 2661 1043 2732 protulerim,
1078 2666 1132 2713 et
1158 2661 1293 2731 quia
1324 2660 1727 2729 memetipsum
1774 2659 1832 2712 in
1870 2660 1974 2712 hoc

280 2754 570 2806 destruere
599 2751 898 2805 voluerim.
945 2751 1067 2814 Nec:
1095 2750 1341 2803 aliorum
1370 2754 1538 2801 mstus
1568 2756 1589 2781 θ
1617 2764 1787 2817 quam
1820 2764 1975 2801 meos

280 2846 393 2894 ate
430 2842 690 2911 cognitos
736 2839 947 2911 aperiri
994 2854 1111 2892 non
1168 2838 1330 2907 quasi
1378 2837 1556 2889 inscio
1620 2836 1817 2903 malui,
1874 2838 1973 2889 sed

284 2930 445 2999 quasi
465 2929 748 2999 ptenitens
782 2927 1182 2980 obscuratione
1215 2925 1438 2978 narravi
1465 2941 1478 2989 ;
1524 2924 1658 2994 quia
1690 2925 1823 2978 licet
1844 2924 1975 2993 [hinc

286 3034 375 3069 me
436 3023 531 3070 tua
578 3017 714 3071 facit
772 3015 1158 3069 misericordia
1214 3014 1436 3067 utiliter
1488 3013 1653 3079 scire,
1685 3018 1876 3067 tamen
1908 3031 1976 3067 ex

282 3106 595 3175 improviso
632 3106 692 3158 in
736 3105 905 3158 rebus
952 3105 1097 3157 bene
1139 3104 1411 3173 expositis
1449 3103 1660 3155 iterum
1696 3103 1975 3156 dubitatio

284 3195 485 3258 oritur,
535 3199 591 3247 et
634 3199 799 3247 tuum
857 3192 1164 3245 tutamenti
1215 3191 1570 3245 obstaculum
1604 3191 1794 3260 ipsum
1820 3192 1971 3261 quod

283 3282 581 3334 sentiendo
613 3286 809 3334 contra
840 3297 995 3333 meos
1026 3296 1248 3333 errores
1278 3280 1520 3348 apposui
1552 3279 1809 3348 indigere
1840 3295 1976 3349 per-

285 3369 495 3440 pendo.
536 3370 681 3423 Doce
715 3386 871 3441 ergo,
924 3368 1182 3435 Domine,
1234 3374 1486 3421 mentem
1518 3366 1882 3431 intrinsecus,
1921 3373 1978 3421 et

283 3459 344 3513 in
386 3475 451 3512 ea
505 3475 629 3530 quae
685 3458 947 3513 docueris
992 3456 1369 3511 haesitationis
1427 3462 1490 3509 tu
1540 3456 1703 3508 deme
1733 3460 1905 3508 aest-us
1935 3455 1970 3508 τ.

287 3549 415 3602 Esto
446 3548 559 3602 dux
587 3548 811 3601 itineris
843 3548 1090 3611 servulo,
1127 3545 1214 3599 via
1269 3546 1428 3614 regia
1478 3561 1720 3598 erroneo
1778 3544 1974 3613 profu-

286 3653 381 3707 go,
432 3636 715 3691 medicina
764 3636 936 3690 variis
990 3634 1364 3705 languoribus
1403 3634 1617 3699 saucio,
1662 3634 1797 3703 quia
1828 3638 1891 3686 tu
1918 3649 1977 3686 es

284 3729 377 3778 lux
408 3726 665 3778 omnium
691 3726 1049 3791 saeculorum,
1081 3724 1321 3778 dulcedo
1350 3727 1700 3786 sanctorum,
1735 3722 1977 3775 ﬁrmitas

282 3814 669 3879 inﬁrmorum,
715 3814 933 3867 curatio
981 3814 1365 3882 leprosorum,
1416 3812 1530 3865 vita
1590 3817 1972 3876 mortuorum,

282 3903 556 3956 fortitudo
581 3903 892 3971 justorum,
945 3902 1305 3955 subditorum
1337 3900 1682 3969 exemplum,
1730 3899 1819 3952 via
1849 3915 1976 3952 rre—

281 3989 561 4056 dentium,
605 3990 882 4058 gaudium
916 3990 1271 4058 angelorum.
1325 3990 1432 4041 Per
1477 3993 1531 4040 te
1568 3987 1855 4057 principes
1886 4003 1973 4040 re-

282 4083 462 4147 gnant
502 4077 679 4144 (Prov.
738 4093 855 4143 viu,
896 4080 1000 4142 15).
1052 4077 1175 4130 Tibi
1218 4076 1406 4145 angeli
1436 4076 1735 4129 famulant.
1784 4077 1859 4130 Te
1892 4092 1976 4128 ar-

282 4165 548 4234 changeli
580 4164 863 4218 nuntiant.
901 4166 976 4218 Te
1020 4164 1260 4217 virtutes
1310 4165 1567 4218 adorant.
1623 4165 1698 4217 Te
1754 4164 1975 4218 Cheru-

280 4252 399 4306 bim
430 4268 490 4305 ac
525 4251 823 4320 Seraphim
855 4251 1178 4305 incessabili
1221 4268 1352 4306 voce
1383 4252 1618 4305 Trinum
1667 4251 1976 4305 Dominum

282 4341 456 4407 costis,
515 4340 846 4393 hominibus
889 4340 1175 4393 nuntiant.
1216 4342 1296 4393 Tu
1349 4340 1577 4410 requies
1624 4339 1974 4408 patriarcha-

282 4446 431 4484 rum.
468 4431 549 4484 Tu
592 4429 845 4484 laudatio
896 4418 1329 4500 prophetarum.
1361 4429 1441 4481 'l‘u
1492 4428 1792 4481 exsultatio
1822 4444 1971 4482 mar-

283 4524 493 4588 tyrum.
525 4520 608 4573 Tu
643 4519 887 4588 hymnus
934 4517 1241 4588 virginum.
1297 4518 1379 4571 Tu
1410 4517 1709 4586 praemium
1752 4516 1971 4570 confes-

278 4624 491 4663 sorum.
539 4609 621 4662 Tu
676 4624 803 4662 vere
850 4607 1159 4662 Sabbatum
1192 4618 1220 4659 ς
1255 4606 1596 4659 electorum:
1644 4604 1779 4674 quia
1807 4611 1968 4658 tuum

278 4698 363 4748 est
393 4699 450 4749 et
496 4695 557 4748 in
604 4699 659 4748 te
704 4710 951 4764 regnum
1006 4693 1301 4746 caelorum.
1352 4691 1594 4745 Domine
1652 4692 1816 4757 Deus,
1852 4692 1971 4761 pla-

278 4790 402 4837 ceat
421 4783 524 4837 tibi
556 4783 777 4853 eripere
808 4799 900 4837 me
931 4799 964 4836 a
991 4781 1362 4835 damnatione
1396 4778 1746 4850 iniquissimi
1771 4780 1970 4845 hostis,

277 4878 333 4925 et
362 4873 661 4926 restituere
694 4888 784 4925 me
815 4872 920 4925 sub
945 4872 1086 4941 jugo
1124 4875 1236 4923 tuze
1269 4868 1617 4923 suavissimae
1651 4870 1967 4937 potestatis.

276 4962 440 5025 Quod
472 4961 518 5014 si
575 4960 850 5030 iniquitas
882 4975 1008 5013 mea
1052 4958 1193 5012 mihi
1224 4958 1281 5011 in
1313 4959 1420 5011 hoc
1466 4958 1655 5026 ipsum
1691 4957 1968 5024 adversat,

274 5060 374 5103 tua
398 5050 558 5119 larga
588 5049 980 5102 misericordia
1012 5048 1195 5118 ipsam
1227 5063 1414 5101 meam
1461 5046 1821 5117 iniquitatem
1854 5048 1969 5101 dis-

273 5143 523 5209 rumpat.
575 5137 700 5191 Scio
749 5136 923 5204 enim,
959 5136 1221 5203 Domine,
1279 5137 1393 5190 scio
1449 5135 1584 5207 quia
1633 5140 1862 5207 paratus
1911 5153 1969 5190 es

341 5290 367 5315 ⁸
404 5281 526 5346 Ms,
567 5280 817 5333 liberare.

342 5354 390 5393 δε
430 5353 547 5412 Ms.,
570 5354 627 5404 in
655 5349 990 5420 adjumento.
1016 5350 1090 5404 ad
1111 5351 1501 5420 adjumentum.

340 5420 367 5457 δ
408 5424 530 5487 Ms,
565 5422 795 5475 indicia.

340 5493 385 5527 εί
425 5495 547 5559 Ms.,
580 5498 732 5547 estos.

2074 463 2207 516 lutis
2239 463 2440 515 solitus
2481 478 2538 515 es
2585 461 2869 515 tribuere:
2918 462 3015 513 sed
3062 461 3386 529 iniquitates
3459 473 3603 511 mese
3663 460 3796 510 sicut

2075 565 2206 604 onus
2262 566 2428 616 grave
2501 556 2746 617 gravata:
2790 553 2918 602 sunt
2965 564 3126 617 super
3201 564 3281 601 me
3342 548 3519 618 (Psal.
3593 562 3794 609 xxxvn,

2078 638 2150 704 5).
2217 639 2355 702 Quae
2418 639 2793 691 crassitudine.
2859 640 2887 679 ιι
2945 637 3033 689 sui
3096 636 3309 689 nubem
3375 640 3797 705 opposuerunt

2076 726 2232 779 intea
2296 731 2349 779 te
2408 731 2463 779 et
2520 741 2597 778 se.
2662 727 2770 778 Nec
2842 725 2985 776 valet
3042 725 3221 777 oratio
3286 724 3355 777 ad
3416 730 3626 789 tuum,
3697 723 3793 776 Do-

2077 814 2256 877 mine,
2287 813 2559 866 thronum
2598 812 2922 877 ascendere,
2958 828 3129 881 quem
3189 812 3415 881 pondus
3461 811 3793 881 caliginum

2078 906 2246 954 terra:
2284 902 2497 971 premit
2541 900 2839 953 inhaerere.
2894 901 3067 967 Mitte,
3115 901 3376 963 Domine,
3426 901 3663 953 scalam
3698 899 3797 951 mi-

2078 990 2399 1044 sericordiae
2454 995 2581 1055 tuae,
2637 994 2688 1041 et
2742 1004 2844 1058 per
2897 988 3147 1057 gradusi
3203 1005 3292 1041 me
3332 995 3659 1058 repentem
3722 988 3798 1040 fac

2077 1078 2181 1132 tibi
2210 1079 2536 1143 ascendere,
2593 1093 2767 1148 quem
2825 1077 3186 1131 imbecillitas
3229 1078 3442 1147 pedum
3498 1079 3569 1130 in
3608 1076 3800 1146 primo

2079 1167 2251 1221 etiam
2284 1168 2466 1235 gradu
2501 1182 2615 1219 non
2667 1166 2948 1235 permittit
2994 1171 3163 1219 stare.
3225 1167 3287 1218 Et
3345 1167 3444 1236 qui
3506 1171 3645 1219 toto
3678 1182 3796 1217 cor-

2078 1272 2215 1326 pore
2246 1262 2493 1308 tremorc
2552 1254 2895 1321 concutitur,
2964 1270 3066 1307 nec
3096 1253 3155 1306 in
3199 1270 3311 1307 uno
3362 1253 3702 1307 consistere
3738 1254 3798 1304 ab

2077 1343 2202 1413 ipso
2260 1344 2406 1396 fthO
2475 1346 2720 1395 tremore
2770 1342 3149 1411 permittitur,
3198 1346 3294 1393 tua
3338 1341 3559 1394 virtute
3620 1342 3797 1393 stabi-

2082 1432 2267 1484 liendo
2300 1430 2575 1483 firmetur.
2628 1431 2708 1483 Tu
2760 1430 2913 1482 enim
2971 1446 3047 1489 es,
3102 1428 3363 1495 Domine,
3415 1431 3519 1499 qui
3578 1432 3795 1482 scalam

2080 1520 2243 1573 nobis
2296 1535 2524 1573 crucem
2584 1524 2741 1572 tuam
2774 1518 3001 1583 dedisti,
3043 1534 3217 1588 quam
3265 1525 3323 1572 et
3362 1506 3548 1571 nobis
3587 1518 3796 1571 tollere

2080 1607 2438 1673 humeribus,
2501 1611 2556 1660 et
2599 1611 2652 1660 te
2704 1623 2941 1677 sequere
2991 1622 3135 1676 pura
3184 1612 3374 1660 mente
3400 1606 3662 1676 jussisti.
3718 1607 3797 1658 Tu

2081 1694 2234 1748 enim
2269 1711 2328 1748 es
2378 1696 2526 1748 scala
2575 1695 2948 1759 credentium,
2982 1696 3115 1764 quia
3162 1711 3262 1764 per
3292 1700 3344 1747 te
3377 1694 3793 1764 gradientibus

2077 1787 2130 1835 te
2158 1783 2350 1853 ipsum
2374 1784 2596 1852 praebes
2628 1783 2686 1836 in
2723 1782 3046 1851 praemium.
3103 1786 3206 1838 Per
3250 1784 3396 1836 hanc
3438 1785 3664 1836 scalam
3698 1785 3789 1835 Ju-

2082 1872 2181 1924 das
2212 1870 2524 1936 descendit,
2576 1875 2631 1923 et
2683 1872 2888 1924 Paulus
2927 1876 2980 1923 te
3014 1876 3247 1924 vocante
3306 1873 3373 1924 ad
3427 1876 3482 1923 te
3516 1870 3791 1940 superius

2081 1959 2420 2012 inuitentem
2452 1958 2723 2012 ascendit.
2755 1960 2860 2011 Per
2906 1959 3052 2011 hanc
3081 1959 3256 2012 Judaei
3290 1959 3359 2012 ad
3417 1970 3607 2012 terras
3643 1959 3789 2011 dila-

2080 2048 2164 2118 psi
2211 2054 2365 2113 sunt,
2415 2053 2470 2101 et
2514 2054 2711 2117 gentes
2759 2048 2825 2101 ad
2876 2048 3081 2101 ccelum
3133 2048 3413 2118 assumpti
3460 2055 3626 2101 sunt.
3690 2050 3793 2100 Per

2081 2137 2228 2190 hanc
2255 2137 2511 2206 quotidie
2546 2143 2890 2206 peccatores,
2929 2143 2983 2189 te
3025 2137 3280 2204 jubente,
3319 2137 3387 2190 ad
3437 2154 3703 2207 superna
3736 2154 3789 2188 se

2084 2224 2411 2278 mundaudo
2477 2224 2883 2277 conscendunt.
2959 2229 3013 2276 et
3070 2224 3140 2276 de
3197 2240 3299 2277 sua
3358 2230 3791 2293 praesumentes

2076 2313 2296 2383 justitia
2316 2314 2386 2367 ad
2420 2313 2641 2366 inferna
2674 2312 2976 2382 praecipitis
3017 2321 3313 2365 corruunt.
3368 2314 3477 2367 Fac
3529 2330 3652 2377 me,
3688 2314 3786 2365 Do-

2082 2403 2258 2466 mine,
2295 2407 2356 2455 ut
2388 2402 2533 2454 sicut
2562 2402 2672 2456 ﬁde
2714 2402 2884 2470 hujus
2923 2402 3086 2454 scalze.
3120 2403 3305 2455 merui
3339 2403 3634 2471 attingere
3664 2420 3789 2471 gra-

2083 2491 2209 2551 dus,
2235 2490 2312 2542 ita
2346 2506 2518 2557 opere
2552 2489 2793 2542 ﬁrmiter
2823 2490 2880 2542 in
2912 2489 3121 2543 eisdem
3160 2492 3374 2543 valeam
3396 2490 3630 2559 jugiter
3664 2507 3785 2559 per-

2084 2594 2336 2632 manere.
2370 2579 2446 2630 Tu
2491 2578 2643 2630 enim
2686 2595 2743 2630 es
2787 2578 2887 2647 qui
2935 2582 3232 2631 nutantem
3268 2579 3643 2644 corroboras,
3696 2576 3791 2646 qui

2083 2664 2296 2718 debiles
2329 2665 2539 2730 ﬁrmas,
2596 2664 2695 2733 qui
2741 2665 2916 2717 fortes
2964 2664 3300 2717 stabiliendo
3332 2680 3600 2717 coronas.
3642 2666 3789 2717 Nun-

2084 2753 2220 2822 quid
2250 2752 2457 2805 Paulus
2502 2758 2723 2821 poterat
2777 2758 2831 2805 te
2860 2752 3070 2818 videre,
3116 2752 3227 2803 nisi
3261 2756 3320 2803 tu
3354 2767 3486 2804 eum
3518 2756 3663 2803 ante
3705 2766 3791 2802 vo-

2085 2856 2238 2892 cares
2260 2842 2288 2893 ?
2316 2840 2403 2894 Sic
2447 2847 2503 2893 et
2534 2840 2842 2904 Abraham,
2894 2845 3055 2909 pater
3086 2840 3283 2909 utique
3314 2840 3607 2908 gentium,
3670 2839 3790 2890 sine

2084 2932 2183 2981 tua
2230 2930 2526 2982 vocatione
2570 2945 2685 2981 non
2738 2934 2821 2982 est
2851 2945 3142 2999 egressus:
3175 2929 3271 2981 sed
3325 2928 3468 2981 sicut
3492 2945 3523 2980 a
3558 2934 3619 2981 te
3654 2928 3789 2980 boni

2086 3017 2274 3086 operis
2315 3017 2557 3086 sumpsit
2608 3017 2862 3082 initium,
2905 3018 2981 3069 ita
3012 3022 3068 3070 et
3098 3017 3191 3069 ille
3250 3016 3613 3087 obsequendi
3644 3031 3789 3084 pra:—

2086 3104 2210 3158 buit
2256 3105 2566 3158 voluntatis
2614 3105 2975 3175 obsequium.
3030 3107 3139 3158 Nec
3186 3105 3342 3158 enim
3388 3110 3620 3174 poterat
3669 3104 3789 3157 ﬁeri

2086 3198 2147 3246 ut
2180 3210 2353 3263 quem
2384 3194 2498 3248 vita
2552 3199 2907 3247 mortuorum
2958 3193 3214 3259 vocabat,
3274 3210 3429 3246 mors
3464 3193 3681 3263 iniqua
3712 3199 3786 3244 te-

2085 3286 2282 3347 neret;
2344 3288 2401 3334 et
2455 3298 2628 3351 quem
2712 3283 2805 3334 lux
2872 3282 2996 3352 ipsa
3053 3282 3479 3335 illuminaverat
3527 3282 3787 3335 tenebrae

2088 3370 2391 3422 obscurum
2424 3369 2670 3424 retinere
2695 3387 2810 3423 non
2849 3370 3133 3424 valebant.
3164 3372 3309 3423 Voca
3362 3387 3476 3437 me,
3520 3370 3785 3431 Domine,

2086 3462 2141 3510 et
2187 3456 2360 3510 dicito
2411 3457 2591 3510 mihi:
2647 3460 2723 3511 Tu
2771 3473 2851 3511 me
2902 3473 3119 3525 sequere
3169 3460 3339 3525 (Joan.
3391 3474 3506 3521 ιιι,
3563 3462 3691 3522 19);
3738 3463 3787 3509 et

2086 3550 2389 3615 postquam
2424 3546 2728 3614 vocaveris,
2786 3552 2851 3601 ut
2906 3547 3168 3599 obediam
3228 3548 3349 3599 voci
3406 3551 3523 3598 tute.
3579 3552 3648 3599 tu
3682 3547 3785 3598 cle-

2088 3649 2249 3686 mens
2280 3633 2560 3703 inspirare
2606 3634 2843 3701 dignare
2862 3635 3032 3705 fcordi
3059 3651 3183 3687 meo
3208 3653 3224 3686 :
3272 3651 3611 3704 quanquam
3649 3636 3784 3688 nihil

2087 3721 2239 3774 aliud
2267 3722 2339 3774 sit
2365 3727 2461 3775 tua
2518 3723 2753 3788 vocatio,
2802 3723 2909 3775 nisi
2962 3740 3095 3776 vera
3144 3724 3447 3793 respectio.
3501 3724 3668 3777 Hanc
3697 3740 3786 3775 vo-

2087 3808 2369 3862 cationem
2415 3810 2668 3880 inquiro,
2703 3811 2847 3863 hanc
2885 3812 3299 3880 respectionem
3336 3811 3628 3876 desidero,
3678 3812 3783 3865 hu-

2080 3896 2400 3965 juscemodi
2450 3914 2648 3951 vocem
2700 3898 3013 3952 effectivam
3072 3900 3269 3952 audire
3332 3899 3571 3953 nimiter
3636 3900 3779 3952 sitio.

2085 3984 2192 4039 Sed
2239 3986 2503 4056 nunquid
2567 4003 2682 4039 non
2734 3988 2992 4040 vocasti?
3042 3988 3299 4058 nunquid
3339 4004 3457 4041 non
3507 3991 3579 4041 ad
3630 3993 3783 4042 tuam

2086 4074 2329 4145 gratiam
2352 4074 2600 4128 invitasti
2630 4075 2657 4128 ?
2679 4076 2941 4144 nunquid
2971 4092 3087 4128 non
3116 4076 3369 4145 quotidie
3390 4076 3557 4129 nobis
3586 4093 3783 4130 vocem

2085 4162 2397 4215 vocationis
2450 4168 2563 4215 tuas
2601 4163 2855 4216 misisti?
2898 4163 3013 4216 imo
3057 4163 3217 4216 omni
3257 4164 3426 4229 'hora,
3465 4166 3631 4219 omni
3676 4182 3785 4219 mo-

2016 4256 2280 4315 Dmento
2333 4267 2497 4303 vocas
2568 4256 2623 4304 et
2672 4251 2914 4305 clamas:
2974 4258 3031 4304 et
3074 4268 3193 4305 non
3242 4254 3426 4305 solum
3486 4270 3591 4323 per
3649 4271 3783 4324 pro-

2083 4339 2285 4408 phetas
2318 4344 2468 4404 tuos,
2512 4356 2711 4393 verum
2743 4340 2915 4393 etiam
2940 4356 3043 4409 per
3064 4347 3118 4394 te
3151 4340 3357 4411 ipsum,
3406 4348 3467 4394 ut
3493 4358 3595 4394 nos
3627 4344 3699 4396 ad
3735 4350 3784 4394 te

2083 4443 2334 4493 vocares,
2370 4427 2596 4480 venisti.
2632 4428 2767 4482 Inde
2799 4429 3055 4499 quotidie
3078 4445 3180 4498 pur
3204 4430 3575 4498 Evangelium
3622 4434 3782 4483 tuum

2084 4516 2245 4568 nobis
2296 4531 2412 4569 non
2468 4517 2821 4571 merentibus
2868 4518 3115 4572 clamas:
3167 4519 3275 4583 Qui
3317 4521 3437 4572 sitit
3486 4522 3699 4585 veniat,
3739 4526 3784 4571 et

2083 4604 2254 4668 bibat,
2303 4610 2352 4658 et
2403 4607 2500 4673 qui
2531 4606 2725 4659 biberit
2776 4622 2842 4660 ea:
2872 4622 3017 4675 aqua
3068 4623 3232 4674 quam
3263 4622 3355 4673 ego
3404 4607 3543 4661 dabo
3575 4610 3644 4673 εἰ,
3682 4624 3781 4661 non

2079 4694 2228 4745 sitiet
2288 4695 2483 4747 iterum
2534 4693 2706 4763 (Joan.
2758 4711 2830 4759 IV,
2870 4695 2940 4763 7).
3002 4695 3068 4747 Et
3118 4711 3273 4762 vere,
3310 4696 3571 4760 Domine,
3607 4697 3781 4767 quite

2078 4797 2213 4835 vero
2246 4782 2415 4835 corde
2472 4782 2610 4849 sitit,
2657 4783 2926 4837 haustum
2979 4784 3110 4837 vitae
3161 4800 3277 4836 non
3339 4784 3637 4837 morientis
3668 4792 3781 4837 ate

2079 4870 2333 4941 digniter
2395 4872 2596 4925 sumit:
2654 4888 2759 4925 nec
2817 4873 3127 4942 aliquando
3179 4872 3339 4926 sitire
3406 4874 3564 4926 novit
3621 4874 3777 4943 cujus

2076 4974 2240 5011 mens
2269 4958 2354 5011 tui
2398 4958 2569 5011 fontis
2617 4960 2885 5029 poculum
2930 4960 3140 5013 haurit.
3175 4960 3284 5014 Sed
3325 4976 3472 5030 aqua
3505 4966 3632 5027 tua,
3670 4963 3775 5015 Do-

2084 5047 2259 5113 mine,
2294 5047 2441 5101 sicut
2486 5064 2721 5117 peccare
2753 5049 3148 5103 desinentibus
3196 5048 3367 5102 vitam
3418 5056 3671 5118 prastat,
3704 5050 3775 5104 ita

2080 5134 2307 5189 adhunc
2365 5136 2739 5206 peccantibus
2791 5137 3006 5207 ignem,
3069 5154 3185 5192 non
3238 5137 3560 5191 satietatem
3610 5138 3772 5192 mini-

2149 5293 2178 5335 8
2218 5281 2340 5347 Ms.,
2368 5281 2645 5334 sabbatus.

2146 5353 2173 5392 ιι
2212 5351 2309 5403 Ms.
2322 5392 2335 5418 ,
2371 5354 2660 5405 castucine.

2151 5420 2165 5454 ⁸
2202 5421 2323 5487 Ms.,
2365 5422 2585 5489 grados.
