3860 6262
64 307 163 359 409

65 526 320 594 seipsum
353 542 469 578 non
503 525 821 594 refrigerat,
850 525 945 577 sed
978 524 1182 577 exurit.
1222 523 1455 586 Adesto,
1503 523 1764 589 Domine,

66 614 197 666 mihi
250 619 305 665 te
342 614 683 667 nescientem
725 612 885 665 sitire
910 622 935 645 ⁸
968 629 979 665 :
1027 618 1082 665 et
1118 613 1332 665 munda
1364 618 1423 664 ut
1460 613 1677 665 valeam
1711 616 1765 664 te

65 718 175 754 non
203 702 451 770 indigne
489 702 738 755 haurire.
780 704 912 754 Ecce
958 702 1105 754 Deus
1138 717 1299 753 meus
1330 700 1455 753 fons
1486 701 1587 753 iste
1615 705 1767 769 patet

60 791 310 843 omnibus
346 791 722 843 habitantibus
764 791 1075 843 Jerusalem
1116 792 1173 842 in
1205 790 1530 843 ablutionem
1576 805 1763 857 pecca-

64 887 255 941 torum,
320 887 371 932 et
418 885 757 933 menstruatee
812 878 997 947 (Zach.
1052 894 1168 941 xui,
1232 880 1302 947 l).
1353 878 1461 931 Sed
1521 877 1769 947 qualiter

64 974 262 1036 potum
310 968 368 1019 in
416 974 469 1020 te
500 968 739 1037 accipio,
774 968 873 1036 qui
904 967 972 1019 ad
1013 966 1174 1019 illum
1205 967 1382 1019 animi
1423 982 1617 1034 gressu
1653 982 1766 1018 non

63 1056 365 1125 propero?
422 1057 483 1108 Et
515 1057 612 1126 qui
645 1056 835 1108 fractis
876 1055 1136 1107 cruribus
1184 1056 1421 1123 grabato
1473 1055 1766 1107 adhaerens

61 1146 380 1198 Jerusalem
416 1161 639 1214 nequeo
668 1143 930 1208 introire,
966 1160 1078 1213 quo
1119 1149 1283 1213 pacto
1329 1144 1397 1196 de
1428 1142 1587 1195 fonte
1613 1143 1762 1195 salu-

64 1234 167 1285 tari
202 1233 391 1301 ipsius
430 1250 517 1285 me
561 1233 759 1285 valebo
791 1232 1036 1301 potando
1071 1232 1393 1284 mundare?
1421 1231 1479 1285 Si
1512 1230 1666 1284 enim
1698 1247 1764 1284 ex

62 1322 490 1374 habitatoribus
537 1321 835 1373 existerent
883 1319 1255 1373 sanctissimae
1319 1319 1580 1384 civitatis,
1647 1335 1765 1371 cre-

65 1410 263 1461 derem
300 1426 395 1463 me
430 1409 708 1462 meledam
756 1409 1007 1479 recipere
1041 1409 1298 1462 sanitatis
1333 1425 1345 1461 :
1391 1409 1527 1477 quia
1576 1414 1768 1476 portas

61 1502 171 1565 (jus
236 1501 524 1566 occupavit
571 1500 719 1551 salus
777 1504 827 1550 et
870 1512 1048 1550 muros
1112 1499 1286 1566 ipsius
1336 1497 1582 1550 laudatio
1634 1497 1760 1565 (Isa.

60 1603 140 1651 1.x,
194 1590 276 1653 8).
334 1588 416 1639 Tu
464 1603 615 1652 vero,
675 1587 824 1639 Deus
856 1601 1041 1650 meus,
1075 1586 1173 1656 qui
1219 1585 1599 1654 paralyticum
1653 1600 1766 1636 non

60 1675 373 1728 habentem
415 1675 515 1746 qui
552 1691 611 1726 se
668 1674 727 1727 in
762 1674 1059 1743 piscinam,
1111 1674 1247 1727 dum
1299 1674 1521 1727 turbata
1569 1673 1768 1726 fuisset

63 1766 336 1825 mitteret,
388 1763 559 1815 verbo
608 1763 817 1815 curasti
851 1765 1022 1827 (Joan.
1059 1764 1148 1829 v);
1199 1762 1287 1815 dic
1328 1762 1522 1826 verbo,
1559 1767 1612 1815 et
1658 1761 1763 1815 mi-

64 1869 261 1905 serum
294 1852 366 1904 ab
399 1851 687 1905 ulceribus
726 1851 1004 1905 mundare
1040 1851 1297 1919 dignare.
1334 1850 1623 1919 Nunquid,
1664 1851 1765 1903 Do-

65 1942 238 2005 mine,
294 1940 514 2011 piscina
566 1940 664 1993 illa
713 1939 834 1992 sine
880 1946 937 1991 te
985 1938 1255 1992 curabat?
1308 1944 1406 1992 aut
1454 1939 1667 2007 absque
1710 1945 1765 1991 te

63 2030 307 2083 virtutes
358 2031 512 2100 ipsas
561 2030 868 2082 sanitatum
918 2028 1288 2082 ostendebat?
1340 2027 1517 2080 Absit.
1568 2028 1649 2079 Tu
1708 2044 1767 2079 es

66 2119 216 2171 enim
234 2121 392 2171 salus
423 2118 935 2184 intirmantium,et
965 2134 1066 2186 per
1084 2122 1135 2170 te
1168 2117 1514 2186 ubicunque,
1553 2119 1632 2168 vel
1666 2132 1768 2186 per

66 2223 465 2277 quoscunque,
497 2207 713 2259 curatio
746 2212 830 2259 est
859 2206 1240 2259 infirmorum.
1273 2204 1378 2258 Sed
1411 2210 1473 2257 ut
1503 2206 1766 2258 ostende-

68 2311 150 2347 res
183 2295 599 2348 multimodam
635 2293 1094 2363 magnitudinem
1140 2299 1319 2359 tuam,
1364 2298 1419 2345 et
1458 2292 1620 2361 juxta
1658 2308 1769 2345 me-

68 2384 173 2435 rita
243 2383 607 2451 singulorum
657 2388 711 2435 te
762 2382 1153 2437 laborantibus
1201 2382 1410 2451 largire
1464 2379 1765 2443 medelam,

68 2478 119 2523 et
149 2472 311 2541 quod
347 2472 518 2524 variis
548 2472 941 2525 occasionibus
973 2470 1136 2524 nobis
1164 2470 1438 2539 pietatem
1476 2476 1629 2523 tuam
1661 2469 1768 2521 tri-

70 2558 207 2611 bues
240 2558 641 2623 etfectuosam;
677 2559 809 2612 inde
850 2558 991 2611 alios
1039 2574 1142 2627 per
1172 2574 1229 2611 se
1273 2557 1668 2626 gradientibus
1698 2556 1767 2610 ad

67 2647 240 2699 vitam
271 2664 459 2712 curas,
495 2647 715 2700 aliosde
730 2662 831 2699 sua
860 2647 1041 2699 salute
1072 2646 1499 2716 negligentibus
1521 2646 1770 2715 gratuita

72 2736 444 2789 miseratione
504 2736 817 2789 emendas:
874 2735 1179 2789 ostendens
1241 2734 1429 2799 nobis,
1482 2734 1771 2787 sublimis-

71 2826 209 2876 sime
235 2826 410 2890 Deus,
442 2825 577 2895 quia
600 2841 714 2878 non
736 2825 888 2877 unde
910 2824 1285 2895 praesumptio
1306 2832 1499 2878 nostra
1527 2825 1768 2877 salutem

74 2928 126 2964 se
154 2914 410 2965 aestimat
436 2913 751 2982 adipiscere
782 2913 1022 2978 invenit,
1057 2913 1154 2966 sed
1198 2913 1348 2965 unde
1382 2912 1475 2981 pie
1517 2918 1679 2981 pater
1717 2911 1768 2963 ei

77 3002 456 3055 ministrando
488 3002 673 3071 ipsam
705 3005 948 3055 salutem
996 3002 1274 3071 impertis.
1307 3001 1628 3071 Impertire,
1664 3002 1770 3055 Do-
1809 3042 1847 3094 Ο

76 3090 222 3143 mine
248 3092 421 3157 Deus,
450 3091 611 3160 quasi
644 3092 813 3157 Deus,
836 3090 1057 3144 homini
1082 3089 1607 3143 immensurabilem
1641 3105 1767 3157 gra-

79 3181 231 3245 tiam,
258 3186 317 3233 et
342 3179 657 3248 multiplica
682 3196 817 3248 erga
845 3180 1141 3245 miserum,
1175 3179 1319 3231 sicut
1350 3178 1544 3230 omnia
1570 3182 1771 3247 potens

74 3268 522 3320 misericordiam
580 3266 931 3320 affluentem.
1003 3268 1204 3337 lrriga,
1270 3266 1529 3332 Domine,
1599 3282 1770 3335 squa-

72 3357 280 3409 lentem
324 3364 537 3409 terram
573 3372 781 3419 meam,
831 3361 894 3409 ut
933 3356 1117 3409 imbre
1152 3361 1249 3408 tuo
1306 3354 1599 3423 irrigatam
1652 3355 1769 3407 fru-

71 3445 272 3497 ctiﬁcet
328 3444 596 3497 arborem
666 3444 1034 3497 fructuosam.
1100 3449 1353 3513 Asperge
1422 3459 1533 3503 me,
1602 3444 1769 3504 Deus,

69 3532 389 3585 dulcedinis
422 3538 536 3586 tuae
571 3549 720 3597 rore,
755 3538 811 3585 et
841 3534 1102 3601 complue
1132 3538 1384 3586 mentem
1424 3548 1608 3585 meam
1663 3533 1770 3585 im-

70 3621 266 3673 bribus
322 3622 523 3690 gratim
554 3627 689 3674 tuae.
724 3621 882 3691 Rogo
931 3621 1107 3689 enim,
1139 3620 1392 3692 piissime
1421 3622 1584 3686 Deus,
1636 3621 1773 3690 quia

69 3713 126 3761 tu
177 3726 270 3762 me
315 3708 537 3778 jussisti
588 3726 837 3777 rogare:
884 3715 941 3763 et
986 3710 1134 3763 hanc
1184 3715 1415 3763 tenuem
1464 3710 1770 3763 scintillam

71 3799 151 3850 tui
180 3798 408 3851 timoris
439 3814 504 3851 ex
537 3805 591 3851 te
619 3799 833 3851 inserta
864 3804 949 3852 est
980 3799 1119 3852 mihi
1155 3815 1367 3869 :quam
1400 3804 1464 3852 ut
1508 3799 1770 3868 augendo

74 3886 438 3957 multiplices,
491 3893 547 3939 et
586 3886 1027 3955 multiplicatam
1078 3891 1354 3956 acceptes,
1391 3902 1586 3956 qumso
1618 3902 1768 3956 pra:-

75 3975 303 4039 cordiis,
360 3982 427 4027 ut
480 3980 540 4028 tu
601 3975 771 4040 nosti,
821 3974 1079 4028 internis.
1134 3976 1273 4029 Nam
1324 3991 1449 4028 ecce
1497 3975 1771 4046 iniquitas

76 4078 196 4114 mea
251 4063 310 4115 in
342 4069 562 4116 tantam
618 4063 1054 4118 crassitudinem
1086 4066 1111 4105 Ι)
1157 4064 1331 4126 venit,
1374 4068 1440 4117 ut
1482 4063 1673 4132 ipsum
1714 4069 1769 4117 te

76 4152 299 4204 videndi
343 4151 564 4205 aditum
599 4151 738 4204 mihi
770 4152 1179 4205 concluderet:
1222 4157 1279 4205 et
1328 4152 1385 4204 in
1434 4156 1549 4204 tam
1600 4151 1765 4204 innu-

74 4240 380 4293 merabiles
439 4240 653 4293 formas
726 4240 1020 4303 dividitur,
1079 4245 1143 4293 ut
1213 4256 1278 4293 ex
1336 4256 1449 4293 una
1502 4239 1771 4309 superbia

75 4336 251 4380 matre
282 4329 484 4380 multae
516 4327 866 4381 robustiores
915 4328 1051 4380 tilias
1094 4328 1351 4398 quotidie
1383 4328 1659 4381 oriantur.
1705 4328 1770 4381 Et

74 4431 210 4484 quas
251 4416 645 4481 dinumerare,
694 4432 797 4468 nec
846 4416 1201 4486 perpendere
1246 4433 1429 4486 queo;
1480 4416 1768 4486 quomodo

72 4504 362 4557 destruere
431 4504 676 4558 valebo?
721 4505 885 4559 Certe
937 4504 1091 4557 enim
1150 4521 1213 4557 ex
1263 4504 1529 4574 superbia
1583 4504 1768 4557 omnis

72 4592 344 4663 iniquitas
385 4597 579 4662 captat
623 4592 993 4663 principium,
1024 4593 1158 4662 quia
1190 4608 1361 4646 omne
1392 4594 1545 4663 quod
1578 4592 1769 4661 agitur

70 4682 263 4734 vitium
314 4698 381 4735 ex
441 4685 772 4750 contemptu
846 4681 1248 4734 mandatorum
1308 4687 1540 4733 tuorum
1597 4681 1769 4735 habet

72 4770 388 4823 emrdium.
424 4770 493 4822 Et
538 4768 668 4821 ideo
715 4769 859 4822 bene
909 4769 1195 4840 superbia:
1245 4769 1548 4822 ascribitur
1595 4770 1765 4839 quid-

72 4858 201 4927 quid
262 4860 335 4911 ab
381 4858 618 4911 homine
666 4858 1075 4912 contradicenti
1106 4858 1211 4911 tibi
1267 4873 1506 4928 perpere
1532 4858 1760 4927 agitur:

70 4949 192 5015 quia
224 4948 337 5001 nisi
370 4947 476 5001 tibi
509 4948 891 5018 omnipotenti
923 4947 1218 5018 superbire
1251 4951 1571 5015 conaretur,
1620 4963 1764 5000 nun-

70 5052 234 5104 quam
268 5036 475 5089 illicita
506 5052 677 5105 opere
724 5042 822 5089 aut
848 5042 1039 5089 mente
1084 5040 1336 5105 patraret
1368 5051 1380 5089 :
1416 5041 1472 5088 et
1511 5035 1637 5089 ideo
1667 5052 1760 5087 su-

68 5124 270 5189 perbus
318 5129 377 5176 et
407 5138 687 5192 arrogans
719 5123 1008 5193 quomodo
1047 5123 1117 5177 ad
1146 5127 1199 5176 te
1232 5123 1513 5177 humilem
1570 5122 1763 5175 veniat

69 5227 171 5265 non
213 5212 457 5277 invenit,
499 5211 637 5281 quia
667 5217 719 5264 te
770 5211 1048 5281 superbos
1093 5228 1210 5265 non
1254 5211 1516 5282 probare,
1562 5210 1658 5263 sed
1706 5216 1761 5264 te

69 5299 335 5354 detestare
397 5299 689 5370 cognovit.
741 5300 944 5371 Cupio,
984 5301 1243 5366 Domine,
1289 5298 1759 5354 contradictionis

126 5450 147 5473 ⁸
185 5442 310 5506 Ms.,
336 5441 515 5497 sitiri.

129 5514 153 5553 ιι
191 5513 314 5578 Με.,
346 5511 774 5581 grasitudinem.

132 5592 147 5613 τ
186 5583 309 5643 Ms,
342 5584 484 5637 hanc
510 5584 763 5651 segnitia.

1622 304 2014 360 CONFESSIO.

64 443 217 489 strat.
258 438 327 489 Et
357 442 507 489 certe
540 436 798 507 quisquis
832 434 1102 505 indignus
1150 434 1284 488 huic
1333 433 1473 487 fonti
1526 434 1759 499 accedit,
1802 437 1844 490 A
1877 436 2282 489 mandatorum

3471 308 3574 361 410

2372 442 2602 489 tuorum
2700 436 3029 506 superbiam
3120 435 3400 505 rejicere:
3476 438 3572 491 sed

1875 528 2067 576 utrum
2133 524 2461 576 assiduitate
2520 525 2776 593 ejusdem
2832 525 3061 595 ligatus,
3123 541 3188 578 ac
3245 535 3268 558 ³
3327 525 3573 595 segnitia

1874 613 2245 682 praepeditus,
2280 613 2433 681 quod
2466 613 2629 665 avide
2661 613 2829 682 cupio
2880 615 3119 682 implere
3153 614 3422 684 operibus
3467 630 3573 667 ne-

1876 718 2046 770 queo.
2083 702 2188 756 Sed
2225 702 2481 769 nunquid
2516 702 2560 753 si
2590 708 2740 754 recte
2763 719 3051 771 cuperem,
3078 710 3134 756 et
3162 720 3229 755 ex
3259 709 3379 755 toto
3402 702 3571 755 corde

1874 796 1929 843 te
1970 790 2026 842 in
2068 790 2174 842 hoc
2204 790 2525 859 adjutorem
2558 806 2871 858 precarem,
2906 791 3047 843 mihi
3079 792 3428 859 adjutorium
3452 807 3571 844 non

1874 878 2113 947 largires
2165 878 2263 948 qui
2297 879 2467 931 etiam
2513 894 2630 930 non
2682 879 3048 948 precantibus
3079 881 3413 949 plerumque
3466 879 3570 932 ad-

1868 968 2027 1037 jutor
2058 967 2286 1021 existis?
2331 968 2601 1037 Nunquid
2636 984 2747 1021 non
2797 974 2855 1020 tu
2906 984 2964 1020 es
3004 969 3104 1038 qui
3144 984 3257 1021 non
3309 968 3571 1020 merenti-

1873 1055 1979 1108 bus
2011 1072 2185 1125 aquas
2228 1056 2285 1107 in
2336 1056 2560 1108 deserto
2591 1072 2654 1108 ex
2701 1061 2863 1125 petra
2902 1055 3190 1109 eduxisti?
3235 1056 3354 1109 Non
3400 1062 3461 1108 tu
3514 1072 3571 1107 es

1875 1144 1975 1213 qui
2006 1161 2215 1197 manna
2249 1144 2566 1197 fastidienti
2599 1146 2813 1214 populo
2845 1144 3091 1198 dedisti?
3123 1144 3229 1208 Qui
3260 1161 3436 1213 usque
3466 1144 3569 1196 lio-

1872 1233 1962 1286 die
2016 1233 2411 1302 peccatoribus
2459 1239 2516 1286 et
2564 1232 2780 1302 iniquis
2828 1234 3009 1286 solem
3066 1239 3227 1285 tuum
3281 1232 3569 1303 producis,

1874 1320 2199 1391 imbresque
2230 1321 2438 1389 pietate
2468 1338 2581 1391 qua
2612 1322 2802 1374 aflluis
2832 1338 2948 1374 non
2980 1323 3163 1374 solum
3221 1321 3567 1387 hominibus,

1873 1411 1967 1462 sed
1999 1410 2172 1462 etiam
2204 1410 2401 1462 bestiis
2431 1409 2663 1463 fundis?
2697 1412 2893 1463 Nonne
2921 1416 2983 1463 tu
3017 1427 3075 1462 es
3109 1410 3226 1479 ipse
3276 1412 3446 1472 Deus,
3480 1409 3571 1461 cui

1873 1514 2011 1551 cura
2055 1499 2150 1565 pia
2194 1503 2413 1550 exstuat
2454 1498 2523 1551 de
2554 1499 2860 1551 omnibus?
2893 1499 3088 1551 Nonne
3123 1502 3182 1551 tu
3216 1498 3421 1551 horrea
3457 1496 3571 1550 im-

1872 1589 2099 1657 piorum
2140 1587 2466 1656 adimples?
2526 1588 2725 1639 Nonne
2758 1593 2818 1639 tu
2868 1602 3031 1656 reges
3076 1588 3360 1656 imperare
3397 1585 3571 1639 etiam

1874 1692 2064 1729 servos
2096 1675 2418 1745 permittis?
2465 1677 2661 1729 Nonne
2708 1680 2770 1728 tu
2802 1692 2861 1728 es
2900 1675 2999 1745 qui
3042 1675 3212 1728 etiam
3273 1674 3377 1728 tibi
3425 1674 3571 1727 resi-

1877 1762 2155 1815 stentibus
2187 1779 2459 1832 prospera
2490 1762 2738 1815 tribuis?
2767 1765 2847 1817 Tu
2878 1780 2936 1816 es
2961 1769 3111 1817 certe
3137 1764 3236 1832 qui
3263 1769 3316 1817 te
3349 1778 3571 1831 negan-

1878 1850 2029 1903 tibus
2061 1851 2356 1903 saacularia
2403 1850 2584 1905 multa
2616 1850 2842 1920 largiris
2880 1868 2892 1904 :
2934 1852 3033 1921 qui
3081 1852 3252 1904 etiam
3306 1850 3570 1921 blasphe-

1879 1944 2099 1992 mantes
2130 1945 2182 1991 te
2214 1955 2329 1992 non
2356 1941 2539 1993 solum
2566 1940 2857 2008 operibus,
2892 1946 2955 1992 ut
2983 1956 3109 2009 ego,
3164 1956 3362 1992 verum
3398 1939 3571 1992 etiam

1878 2044 1976 2081 ore
2007 2029 2257 2097 vipereo,
2290 2028 2441 2081 cibas
2489 2034 2660 2099 atque
2718 2034 3017 2081 sustentes.
3073 2029 3254 2098 Opere
3302 2028 3457 2081 enim
3517 2034 3571 2081 te

1850 2117 2389 2170 'clementissimum
2423 2116 2683 2186 derogat,
2714 2118 2813 2187 qui
2846 2122 2941 2169 tua
2969 2122 3253 2187 praecepta
3300 2132 3416 2168 non
3461 2115 3567 2167 im-

1878 2205 2039 2274 plet:
2074 2205 2273 2273 lingua
2304 2221 2433 2257 vero
2465 2210 2518 2258 te
2567 2212 2623 2257 et
2664 2221 2835 2275 opere
2886 2205 3134 2273 impetit,
3179 2204 3276 2273 qui
3324 2204 3573 2274 qualiter

1877 2294 2187 2347 credendus
2218 2310 2276 2345 es
2308 2294 2356 2360 d,
2398 2294 2794 2347 subsannando
2830 2310 2941 2347 non
2972 2294 3167 2346 credit.
3205 2293 3384 2346 Etiam
3419 2291 3570 2361 quod

1879 2398 1911 2434 a
1942 2382 2344 2435 confitentibus
2378 2383 2640 2435 recensiri
2675 2383 3073 2453 blasphemum
3109 2387 3211 2447 est,
3242 2381 3570 2434 .ludaeorum

1881 2471 2089 2523 fetores
2138 2475 2199 2523 tu
2249 2471 2424 2534 vides,
2473 2487 2618 2540 quos
2656 2486 2770 2523 non
2818 2472 3058 2537 ultione,
3110 2470 3207 2522 sed
3257 2470 3569 2521 imPstima-

1878 2559 1981 2613 bili
2010 2558 2261 2612 bonitate
2308 2559 2563 2629 quotidie
2605 2561 2777 2614 foves.
2831 2566 2943 2612 Aut
2991 2559 3230 2612 forsitan
3279 2558 3572 2611 fatendum

1881 2654 1982 2714 est,
2042 2654 2098 2701 te
2152 2649 2385 2701 alterius
2438 2666 2555 2702 non
2603 2649 2766 2702 istius
2820 2651 3010 2702 saeculi
3048 2649 3433 2716 conditorem,
3476 2648 3574 2701 ubi

1879 2736 2090 2806 impios
2146 2738 2461 2790 secundum
2512 2738 2666 2807 quod
2733 2744 3027 2791 merentur
3078 2736 3389 2807 judicando
3436 2753 3574 2789 con-

1881 2826 2140 2889 demnas,
2192 2830 2247 2878 et
2292 2825 2415 2894 pios
2464 2826 2837 2895 gloriticando
2894 2827 3174 2879 coronas?
3224 2826 3402 2879 Absit.
3452 2826 3573 2879 Imo

1881 2914 2050 2967 corde
2083 2930 2225 2984 puro
2276 2920 2331 2967 et
2361 2930 2459 2967 ore
2510 2916 2705 2983 patulo
2755 2914 2997 2967 ﬁrmiter
3025 2915 3415 2967 contitendum
3464 2921 3567 2966 est.

1883 3011 1935 3056 te
1966 3007 2022 3055 et
2066 3002 2227 3055 istius
2262 3008 2320 3055 et
2364 3001 2597 3055 alterius
2647 3002 2907 3072 praeclari
2956 3004 3147 3056 steculi
3192 3002 3568 3059 conditorem.

1882 3090 1988 3145 Sed
2046 3090 2136 3144 hic
2186 3090 2502 3144 bonitatem
2564 3107 2698 3161 erga
2747 3096 3066 3144 creaturam
3125 3091 3399 3155 ostendis,
3458 3089 3573 3143 illic

1881 3178 2178 3232 veritatem
2238 3180 2547 3248 judicando
2604 3180 2895 3233 discernis.
2958 3180 3054 3233 llic
3108 3179 3292 3249 pietas
3351 3185 3447 3232 tua
3510 3186 3573 3233 ut

1882 3268 2109 3337 dignos,
2180 3268 2256 3321 ita
2314 3268 2582 3337 indignos
2642 3274 2966 3322 sustentat:
3022 3268 3139 3321 illic
3185 3268 3409 3337 justitia
3476 3274 3572 3323 tua

1879 3357 2085 3425 dignos
2144 3363 2398 3423 coronat,
2447 3357 2716 3427 indignos
2765 3363 2954 3409 autem
2998 3356 3149 3425 juste
3206 3357 3566 3411 condemnat.

1882 3444 1977 3497 Hic
2018 3445 2357 3514 plerumque
2403 3445 2745 3498 cruciatibus
2789 3446 2974 3515 justos
3006 3445 3228 3513 probat,
3265 3460 3407 3513 quos
3457 3444 3573 3497 illic

1879 3533 1939 3586 in
1990 3533 2313 3587 ccelestibus
2354 3534 2743 3587 mansionibus
2775 3533 3109 3586 ascribendo
3164 3539 3396 3585 coronat
3433 3549 3445 3585 :
3482 3532 3572 3585 hic

1880 3623 2053 3676 etiam
2088 3638 2237 3691 saepe
2268 3629 2495 3675 sanctos
2544 3628 2891 3687 remunerat,
2927 3627 2990 3675 ut
3020 3622 3096 3673 eis
3138 3627 3369 3691 gustum
3407 3621 3570 3674 bona:

1877 3710 2357 3764 remunerationis
2387 3710 2692 3763 ostendens
2731 3709 3128 3780 desperatione
3170 3725 3282 3760 non
3322 3710 3566 3777 frangat.

1881 3800 1944 3852 Et
1971 3814 2122 3869 saepe
2161 3798 2414 3867 iniquos,
2444 3814 2476 3851 o
2515 3798 2659 3850 Deus
2705 3813 2885 3861 meus,
2920 3796 3000 3849 eis
3049 3796 3221 3848 etiam
3256 3796 3435 3864 plagis
3486 3796 3571 3847 af-

1878 3884 2061 3955 ﬂigis;
2116 3889 2172 3937 et
2203 3900 2302 3954 per
2332 3885 2515 3954 ipsam
2542 3884 2692 3953 juste
2724 3884 2781 3936 in
2829 3884 2908 3936 eis
2952 3883 3167 3935 illatam
3202 3882 3566 3946 sententiam,

1879 3974 2020 4027 alios
2052 3989 2247 4026 eorum
2293 3972 2505 4025 similes
2535 3972 2899 4025 territicando
2943 3971 3214 4025 deterres.
3270 3970 3367 4023 llic
3415 3970 3569 4023 enim

1880 4063 2088 4116 seritur
2119 4062 2272 4132 quod
2304 4061 2419 4114 illic
2467 4062 2721 4113 metitur.
2766 4061 2878 4114 Nec
2910 4061 2991 4113 fas
3048 4065 3129 4112 est
3174 4060 3347 4124 credi,
3406 4058 3569 4112 illum

1878 4151 2177 4204 lucitluum
2230 4150 2502 4203 saeculum
2551 4154 2851 4218 peccantes
2900 4149 3175 4218 recipere,
3227 4148 3287 4200 in
3339 4164 3453 4218 quo
3511 4150 3571 4200 tu

1880 4255 2010 4292 eum
2044 4239 2375 4292 sustinendo
2417 4238 2683 4307 dignatus
2730 4254 2787 4289 es
2825 4236 3114 4305 habitare;
3164 4252 3336 4306 quem
3384 4236 3570 4289 locum

1811 4338 1851 4391 Ι)
1882 4328 2277 4381 retributionis
2318 4327 2560 4396 justitias
2610 4342 2730 4379 esse
2784 4325 3092 4379 revolvisti.
3147 4325 3308 4386 Ouod
3359 4324 3405 4377 si
3448 4326 3570 4378 haec

1877 4418 2070 4471 omnia
2101 4433 2231 4487 qua:
2262 4433 2292 4469 a
2330 4432 2418 4469 me
2457 4416 2680 4485 digesta
2727 4420 2879 4481 sunt,
2912 4421 2968 4468 et
3001 4414 3110 4467 alia
3165 4415 3403 4483 majora,
3440 4431 3569 4485 quae.

1876 4522 1907 4558 a
1937 4521 2028 4558 me
2062 4505 2271 4558 omissa
2314 4509 2467 4571 sunt,
2510 4503 2767 4573 quotidie
2798 4502 2855 4555 in
2906 4518 3018 4556 non
3048 4502 3402 4555 merentibus
3434 4519 3569 4571 ope-

1874 4610 1994 4657 ras;
2038 4610 2148 4657 me,
2184 4596 2296 4648 Rex
2334 4608 2559 4662 regum,
2610 4591 2882 4661 exiguum
2929 4597 2985 4643 et
3032 4606 3177 4659 pene
3229 4606 3332 4660 pro
3384 4590 3566 4642 nihilo

1873 4687 2293 4751 compntatum,
2334 4697 2511 4751 quare
2558 4696 2676 4733 non
2708 4678 2993 4732 mundas?
3046 4678 3147 4731 Hic
3189 4677 3343 4730 enim
3407 4694 3567 4731 mun-

1872 4771 2165 4824 dationem
2219 4769 2470 4839 inquiro,
2523 4769 2616 4822 hic
2678 4765 3151 4827 misericordiam,
3216 4780 3410 4833 posco,
3474 4766 3565 4817 hic

1870 4860 2097 4912 veniam
2134 4864 2497 4929 peccatorum
2534 4856 2808 4925 efﬂagito,
2841 4855 2975 4924 quia
3006 4854 3063 4906 in
3095 4853 3318 4905 inferno
3346 4854 3564 4906 nullam

1869 4947 2283 5017 professionem
2358 4945 2781 5015 profectuosam
2834 4958 2952 4995 esse
3001 4940 3247 4994 contido.
3306 4940 3465 5004 Quod
3518 4942 3563 4994 si

1868 5036 2106 5089 forsitan
2138 5033 2502 5103 exspectaris,
2542 5035 2601 5084 ut
2627 5030 2926 5084 extendam
2960 5028 3332 5098 pusillitatem
3376 5045 3563 5083 meum

1868 5126 1937 5178 ad
1988 5122 2448 5193 magnitudinem
2494 5127 2649 5173 tuam
2699 5118 3055 5183 intuendam,
3090 5132 3302 5187 quaeso,
3355 5117 3563 5187 largire

1866 5213 2015 5265 vires
2047 5208 2319 5263 tendendi
2347 5217 2369 5244 °
2402 5212 2456 5261 et
2485 5208 2678 5278 praebe
2701 5211 2911 5258 statum
2941 5205 2998 5259 in
3024 5204 3411 5259 anterioribus
3435 5221 3565 5257 am-

1866 5298 2105 5369 pliandi,
2141 5296 2226 5350 vel
2264 5296 2451 5366 potius
2500 5294 2559 5348 in
2599 5292 2843 5347 sublime
2875 5292 3049 5363 pedes
3080 5291 3339 5361 erigendi
3374 5309 3386 5347 :
3428 5292 3565 5364 quia

1937 5442 1963 5483 d
2003 5440 2129 5501 Ms.,
2152 5444 2247 5493 est.

1936 5519 1957 5545 °
1996 5509 2124 5575 Ms,
2160 5507 2415 5564 tentendi.
