3860 6262
297 300 392 353 411

1659 304 1910 357 ALVARI
1953 300 2440 357 CORDUBENSIS

3705 302 3788 356 4ίὲ

301 438 358 486 et
387 432 625 502 pusillus
646 437 859 486 statura
891 433 1154 486 Zachaeus
1183 442 1207 465 α
1227 432 1360 485 licet
1386 449 1442 485 se
1465 433 1810 498 extenderet,
1836 438 1890 485 te
1913 431 1987 484 vi-
2025 432 2073 485 A
2103 431 2306 486 intimo
2339 434 2503 487 corde
2537 433 2640 486 tibi
2663 433 2720 486 in
2743 433 2903 488 omni
2925 449 3098 503 opere
3121 449 3313 504 parce.
3352 435 3523 499 Deus,
3559 434 3788 487 claman-

301 522 433 575 dere
451 520 684 574 minime
701 527 912 590 posset,
929 521 976 574 si
997 521 1656 591 sycomorialtitudinem
1683 538 1794 574 non
1817 522 1998 574 adiret

300 611 452 679 (Luc.
487 611 624 674 xxx).
647 611 708 661 Et
731 625 858 662 vere
879 617 936 663 te
966 609 1087 680 ipse
1112 609 1478 672 oculisvidet,
1509 609 1993 680 quiﬁprazceptial-

299 697 607 750 titudinem
638 702 814 765 tenet,
859 699 959 768 qui
1008 698 1221 751 mundo
1251 698 1420 751 corde
1466 698 1526 750 in
1573 699 1838 751 arborem
1870 699 1996 751 vita:

297 786 659 839 conscendet.
693 786 799 839 Sed
841 787 1100 856 nunquid
1135 786 1367 839 scandet
1415 787 1483 839 ad
1537 803 1794 855 superos,
1865 803 1992 840 cum

299 873 571 943 iniquitas
616 874 892 944 praecedit
943 876 1012 928 ad
1063 875 1320 930 inferos?
1372 875 1568 928 Absit:
1620 876 1758 944 quin
1806 877 1996 944 potius

298 962 422 1030 ipse
453 963 602 1015 valet
635 979 736 1032 per
772 969 848 1028 te,
875 963 974 1033 qui
1033 979 1164 1016 vera
1213 964 1302 1016 via
1351 980 1428 1029 es,
1484 964 1745 1032 gradere,
1795 969 1852 1017 et
1894 980 1997 1033 per

297 1054 352 1102 te
387 1049 457 1102 ad
490 1050 663 1102 vitam
710 1056 1006 1112 aeternam,
1055 1069 1182 1122 quae
1214 1057 1273 1104 tu
1312 1068 1391 1117 es,
1444 1055 1854 1119 conscendere;
1903 1053 1996 1106 cui

299 1143 362 1190 tu
397 1154 628 1208 gressus
660 1140 1000 1193 stabiliendo
1034 1140 1279 1209 dignasb
1325 1140 1593 1210 dirigere.
1627 1141 1834 1210 Dirige,
1890 1143 1994 1195 Do-

298 1227 475 1293 mine,
509 1243 728 1296 gressus
767 1244 942 1290 meos,
973 1235 1028 1281 et
1059 1228 1129 1282 sit
1161 1230 1387 1282 lucerna
1418 1230 1656 1282 verbum
1700 1235 1864 1284 tuum
1898 1247 1994 1300 pe-

300 1315 466 1368 dibus
511 1316 652 1368 meis
697 1317 872 1383 (I’sal.
920 1333 1105 1380 cxvm,
1144 1318 1285 1383 105),
1348 1322 1411 1370 ut
1470 1319 1593 1370 luce
1648 1323 1746 1371 tua
1786 1319 1999 1372 illumi-

298 1408 487 1469 natus,
530 1409 583 1455 ct
626 1404 867 1457 dexterae
899 1410 1010 1457 tum
1051 1405 1329 1458 tutatione
1362 1407 1635 1471 munitus,
1668 1409 1886 1461 valeam
1937 1408 1997 1461 in

298 1491 476 1558 portis
529 1491 661 1544 tilia:
690 1500 710 1524 ο
757 1491 887 1545 Sion
919 1491 1110 1545 dulces
1156 1493 1402 1561 psallere
1444 1494 1707 1563 hymnos.
1756 1495 1996 1548 Domine

299 1579 447 1632 Deus
476 1595 636 1632 meus
681 1580 981 1634 miserator
1019 1587 1078 1634 et
1115 1581 1456 1647 misericors,
1501 1584 1716 1652 respice
1763 1600 1852 1637 me
1901 1600 1997 1637 re—

298 1671 490 1736 spectu
557 1667 810 1736 pietatis,
867 1673 924 1721 et
970 1668 1182 1721 intuitu
1249 1669 1658 1723 misericordiae
1715 1677 1827 1724 tua:
1883 1689 1996 1742 quo

300 1756 444 1808 soles
481 1759 808 1823 peccatores
836 1755 1136 1826 respicere,
1166 1771 1378 1826 eosque
1417 1758 1486 1811 ad
1509 1763 1562 1811 te
1610 1775 1673 1811 ex
1722 1759 1883 1813 devia
1915 1777 1999 1813 re-

300 1859 522 1896 vocare.
559 1844 842 1911 Miserere,
879 1844 1142 1897 Domine.
1194 1845 1484 1913 miserere,
1520 1852 1574 1900 et
1619 1849 1844 1901 veniam
1894 1849 1994 1902 tri-

300 1932 413 1986 bue
446 1937 501 1985 te
530 1933 734 1985 oranti.
772 1933 1010 2000 Exaudi,
1046 1933 1305 1999 Domine,
1341 1935 1565 2000 exaudi,
1618 1940 1674 1988 et
1719 1934 1994 2004 iniquita-

298 2024 386 2074 tes
441 2037 600 2076 meas
665 2028 726 2076 tu
783 2023 1022 2076 dimitte.
1089 2025 1412 2094 Disrumpe,
1447 2024 1706 2091 Domine,
1772 2025 1998 2078 vincula

301 2116 665 2179 peccatorum
701 2128 982 2180 meorum,
1014 2117 1076 2164 ut
1106 2113 1416 2166 sacriticem
1449 2113 1552 2166 tibi
1594 2113 1833 2167 hostiam
1866 2114 1995 2166 lau-

300 2199 404 2252 dis.
443 2201 578 2254 Peto
616 2200 874 2266 Uomine,
916 2201 1149 2270 indulge
1184 2201 1348 2268 mihi,
1373 2207 1431 2255 et
1451 2207 1744 2272 peccatum
1780 2219 1994 2267 meum,

298 2287 403 2341 tibi
431 2289 723 2358 cognitum
755 2288 880 2355 soli,
919 2295 975 2342 tu
1011 2290 1156 2343 dele.
1183 2291 1342 2355 Ecce,
1380 2291 1640 2357 Domine,
1672 2291 1864 2344 labare
1908 2306 1999 2344 me

297 2376 406 2429 hoc
444 2376 681 2430 ﬂumine
711 2378 898 2431 volui:
931 2377 1027 2430 sed
1057 2379 1248 2431 sordes
1281 2394 1423 2430 mese
1455 2385 1796 2447 permanent
1811 2384 1998 2432 vetus-

299 2469 414 2518 tate
445 2481 553 2518 sua
587 2465 927 2530 durissimae,
956 2470 1012 2519 et
1043 2482 1189 2535 pene
1212 2467 1368 2520 nullo
1397 2464 1424 2501 τι
1448 2467 1687 2520 ﬂumine
1717 2468 1996 2534 eluendae,

301 2553 410 2606 nisi
457 2555 654 2623 gratiae
685 2561 800 2608 tum
832 2555 1066 2608 forsitan
1110 2570 1259 2607 rore.
1311 2556 1582 2625 Nunquid
1634 2557 1731 2625 qui
1783 2557 1999 2610 Naman

301 2643 595 2711 leprosum
629 2646 787 2712 angit
832 2656 856 2684 θ
903 2643 1168 2696 Jordanis
1210 2644 1398 2697 eluisti
1456 2645 1560 2714 (IV
1606 2648 1731 2711 Reg.
1792 2655 1864 2714 v_),
1907 2661 1998 2698 me

301 2747 418 2784 non
467 2732 619 2785 vales
654 2737 752 2785 tuo
799 2737 1021 2785 tantum
1080 2748 1343 2786 sermone
1393 2733 1622 2786 labare?
1678 2737 1884 2787 l'oteus
1918 2752 1996 2801 es,

305 2820 566 2887 Domine,
600 2826 656 2874 et
686 2820 1075 2874 misericordia
1107 2827 1205 2874 tua
1244 2839 1416 2892 super
1446 2823 1642 2875 omnia
1673 2839 1846 2892 opera
1881 2829 1996 2877 tua.

304 2908 403 2962 Dic
435 2910 598 2974 mihi,
641 2910 879 2963 Domine
916 2927 927 2963 :
958 2913 1185 2978 Lazare,
1217 2914 1339 2964 veni
1367 2915 1522 2978 foras
1554 2915 1730 2982 (Joan.
1783 2929 1854 2978 ix,
1885 2913 1995 2982 43),

305 3003 360 3050 et
389 2998 579 3051 statim
618 2999 746 3051 licet
776 2999 986 3069 ligatus
1012 2999 1253 3067 jaceam,
1303 3001 1434 3053 licet
1478 3001 1826 3070 putrefactus
1858 3018 2000 3072 qua-

303 3085 606 3139 triduanus
633 3087 754 3156 jam‘
780 3087 1092 3150 feteam,ad
1116 3104 1309 3141 vocem
1350 3091 1529 3154 tuam,
1558 3094 1615 3142 et
1658 3090 2001 3144 solutionem

305 3177 362 3227 et
406 3174 639 3227 odorem
693 3191 823 3228 cum
865 3175 977 3227 vita
1017 3175 1230 3244 pariter
1275 3176 1517 3245 capiam.
1577 3177 1763 3231 Linire
1811 3179 1999 3232 oculos

305 3263 492 3315 cordis
540 3263 671 3327 mei,
728 3263 989 3327 Domine,
1027 3265 1145 3316 luto
1199 3264 1296 3316 illo
1346 3281 1459 3334 quo
1495 3266 1625 3318 caeci
1681 3268 2001 3336 corporales

308 3351 505 3405 oculos
544 3351 768 3403 illinisti
800 3351 976 3421 (Joan.
1015 3368 1089 3416 1x,
1131 3352 1202 3420 6),
1244 3358 1307 3405 ut
1356 3353 1502 3406 sicut
1547 3355 1639 3406 ille
1689 3355 1998 3425 corporali-

306 3441 394 3490 ter
424 3438 620 3492 lumen
653 3440 864 3493 meruit
893 3441 1166 3510 recipere,
1211 3441 1287 3494 ita
1322 3447 1377 3494 et
1409 3458 1515 3511 ego
1557 3444 1880 3496 mentaliter
1919 3445 2000 3498 lu-

306 3542 426 3579 cem
453 3532 608 3580 tuam
640 3544 865 3582 merear
895 3530 1207 3598 perfruere.
1244 3531 1380 3583 Vere
1408 3530 1584 3595 enim,
1629 3531 1890 3597 Domine,
1921 3549 2002 3585 sa-

305 3615 418 3669 liba
467 3617 782 3684 illuminas,
835 3634 980 3688 quos
1025 3618 1209 3687 gratia
1273 3624 1370 3671 tua
1412 3619 1679 3672 itlustras.
1745 3619 1902 3682 Quod
1954 3619 2002 3671 si

304 3721 398 3759 me
446 3721 561 3760 non
606 3707 844 3777 dignum
897 3707 1007 3762 levi
1054 3707 1436 3762 medicamine
1481 3709 1658 3773 vides,
1721 3715 1777 3762 et
1827 3708 1998 3775 ferro,

304 3794 421 3848 imo
463 3797 735 3863 cauterio,
775 3797 1166 3851 mundandum
1209 3798 1524 3868 cognoscis,
1559 3814 1756 3852 exerce
1791 3798 1850 3850 in
1883 3813 1998 3850 ser-

303 3899 438 3937 vum
470 3885 720 3938 cauterio
755 3887 1115 3951 medicinam,
1162 3888 1252 3939 cui
1284 3887 1462 3940 hostis
1491 3903 1758 3957 magnam
1814 3885 2003 3939 inﬁxit

305 3973 534 4042 plagam
568 3987 580 4025 :
624 3977 677 4025 et
709 3975 1117 4043 quoquomodo
1149 3974 1271 4044 ipse
1311 3976 1449 4028 velis
1481 3991 1617 4028 cura
1676 3975 1997 4042 dolentem;

305 4063 530 4111 tantum
561 4075 634 4112 ne
667 4060 898 4128 abjicias
931 4067 985 4113 te
1035 4061 1203 4115 ﬁrmo
1234 4063 1400 4117 corde
1453 4064 1805 4132 credentem,
1848 4069 1903 4117 et
1932 4080 2000 4117 ex

377 4207 402 4231 ⁸
441 4199 559 4258 Ms.,
593 4201 844 4253 Zacceus.

377 4271 402 4311 Ι)
442 4269 553 4321 Hoc
583 4275 688 4333 est,
722 4271 993 4338 dignaris.

377 4347 397 4372 ο
435 4340 557 4406 Ms.,
591 4341 728 4409 ﬁlia.

377 4411 402 4451 d
444 4411 564 4474 Ms.,
596 4412 798 4465 nullus.

377 4488 399 4514 °
441 4481 585 4550 Lege
613 4485 794 4550 aquis.

2036 2995 2078 3049 C

2040 4296 2083 4350 D

2105 527 2244 575 tem.
2305 523 2497 590 Parce,
2537 524 2702 587 Deus,
2751 539 2940 592 parce,
2991 527 3047 576 et
3073 523 3282 576 scelera
3309 539 3436 576 mea
3474 527 3541 575 tu
3575 522 3701 592 pius
3726 523 3792 574 di-

2107 610 2287 662 mitte.
2326 611 2586 680 ]ndnlge,
2618 611 3090 664 clementisssime
3123 612 3293 677 Deus,
3319 615 3374 664 et
3401 611 3561 664 mala
3594 626 3717 662 mea
3744 618 3789 663 tu

2107 699 2430 752 misericors
2475 704 2649 767 terge.
2703 701 2956 765 Peccavi,
3010 700 3271 763 Domine,
3312 699 3570 768 peccavi,
3620 706 3674 752 et
3702 700 3790 751 ini-

2107 786 2352 856 quitates
2382 803 2536 841 meas
2566 804 2672 858 ego
2723 804 2970 857 agnosco
3004 789 3169 858 (Psal.
3229 787 3302 856 L).
3339 790 3500 849 Peto,
3548 787 3790 850 Domine,

2105 877 2336 929 remitte
2371 877 2533 943 mihi,
2564 881 2618 929 et
2650 877 2898 946 byssopo
2926 877 3082 929 verbi
3109 876 3193 929 tui
3226 877 3536 929 vulnerosa
3603 877 3794 928 viscera

2108 981 2236 1018 mea
2265 982 2522 1035 asperge.
2557 965 2827 1032 Subveni,
2853 965 3113 1028 Domine,
3146 965 3368 1034 perdito
3392 980 3565 1034 vago,
3605 968 3663 1017 et
3691 980 3792 1033 pro-

2105 1053 2241 1121 fugo
2282 1059 2338 1106 et
2381 1057 2480 1105 tuo
2513 1069 2642 1105 eum
2684 1058 2876 1106 sancto
2909 1069 3148 1105 munere
3195 1053 3466 1122 praesidio
3504 1069 3518 1105 :
3566 1057 3632 1105 ut
3682 1053 3795 1122 quia

2105 1140 2285 1194 nostri
2317 1141 2685 1194 milleformes
2713 1141 2897 1194 hostis
2937 1140 3050 1193 mei
3082 1140 3334 1206 insidias,
3366 1147 3420 1194 et
3463 1140 3797 1209 multiplices

2104 1229 2457 1294 illusionum,
2493 1229 2766 1298 perducas
2797 1246 2887 1282 me
2921 1229 2988 1281 ad
3038 1233 3112 1294 te,
3149 1229 3246 1298 qui
3289 1246 3416 1282 vera
3461 1228 3680 1282 tutatio
3707 1245 3794 1281 es:

2107 1334 2222 1371 non
2243 1317 2536 1386 disjungas
2574 1334 2586 1370 :
2625 1323 2681 1370 et
2705 1319 2830 1387 ejus
2867 1317 3090 1370 fraudes
3113 1317 3320 1369 invicta
3347 1317 3616 1386 potentia
3649 1317 3794 1376 elide,

2107 1406 2207 1475 qui
2246 1407 2398 1458 vales
2432 1405 2710 1475 quidquid
2745 1406 2906 1475 cupis
2923 1405 3178 1474 implere.
3211 1406 3363 1458 Tolle
3392 1421 3506 1464 me,
3549 1405 3795 1462 Domine.

2108 1495 2271 1561 mihi,
2306 1499 2360 1547 et
2393 1494 2563 1547 redde
2596 1511 2688 1547 me
2718 1494 2821 1547 tibi
2853 1511 2865 1548 :
2895 1495 3032 1547 tolle
3064 1495 3280 1546 malum
3330 1482 3553 1559 meum,
3607 1500 3671 1545 ut
3721 1494 3798 1545 bo-

2106 1598 2244 1635 num
2270 1582 2564 1651 perfruam
2596 1587 2762 1635 tuum
2799 1598 2811 1634 :
2836 1581 2973 1634 tolle
3004 1597 3094 1634 me
3124 1598 3156 1634 a
3180 1597 3290 1646 me,
3315 1586 3373 1634 et
3400 1582 3620 1634 colloca
3655 1581 3797 1651 juxta

2107 1675 2185 1736 te,
2220 1675 2277 1723 et
2309 1670 2470 1739 cujus
2499 1671 2621 1722 vult
2657 1685 2862 1722 manus
2895 1673 3113 1739 pugnet
3136 1674 3272 1722 tunc
3297 1673 3496 1722 contra
3530 1685 3626 1722 me
3671 1667 3793 1732 (Job.

2107 1775 2240 1825 xvn,
2274 1760 2346 1826 3).
2379 1759 2532 1812 Tolle
2581 1759 2819 1828 propria
2866 1774 3013 1818 mea,
3063 1757 3202 1810 vitio
3252 1773 3380 1811 meo
3422 1763 3722 1828 concepta,
3751 1762 3796 1808 et

2108 1863 2225 1918 pra:
2257 1847 2614 1917 benignitate
2646 1852 2743 1900 tua
2792 1847 3065 1900 confecta.
3123 1847 3280 1900 Tolle
3334 1846 3487 1916 quod
3545 1862 3618 1900 ex
3683 1861 3794 1898 meo

2105 1936 2308 2002 habeo,
2339 1941 2394 1989 et
2425 1936 2617 1989 confer
2639 1937 2792 2006 quod
2826 1953 2855 1988 a
2881 1941 2935 1989 te
2968 1935 3408 2007 lacrymabiliter
3435 1942 3599 2004 peto.
3658 1936 3791 1988 Exue

2109 2040 2200 2078 me
2236 2025 2396 2088 meis,
2427 2029 2483 2076 et
2513 2025 2720 2078 induar
2759 2023 2885 2077 tuis.
2919 2023 3111 2077 Exime
3138 2028 3324 2077 totum
3372 2040 3465 2077 me
3497 2040 3532 2078 a
3583 2040 3696 2087 me,
3743 2029 3793 2075 ut

2109 2119 2260 2168 totus
2294 2113 2560 2167 restituar
2598 2113 2703 2166 tibi
2735 2130 2747 2166 :
2783 2118 2844 2167 ut
2881 2113 3019 2166 dum
3053 2113 3232 2166 hostis
3275 2129 3438 2165 meus
3471 2117 3579 2166 tua
3611 2113 3668 2165 in
3718 2129 3794 2164 me

2108 2200 2263 2255 aeref
2298 2201 2520 2266 viderit,
2568 2201 2749 2270 magis
2779 2201 2972 2272 fugam
3025 2201 3263 2271 pedibus
3315 2201 3584 2270 imperet,
3637 2216 3793 2270 quam

2109 2305 2200 2342 me
2232 2290 2509 2343 insectare
2545 2289 2788 2343 festinet.
2840 2291 3000 2356 Ecce,
3040 2291 3297 2353 Domine,
3346 2290 3500 2343 credi
3551 2303 3602 2356 ς,
3644 2296 3698 2342 et
3742 2295 3794 2340 tu

2109 2377 2249 2430 mihi
2286 2395 2454 2447 posse
2487 2378 2712 2431 dedisti.
2764 2378 3036 2448 Nunquid
3069 2378 3184 2431 dixi
3233 2377 3533 2431 millenam
3585 2383 3792 2447 partem

2110 2482 2172 2519 ex
2211 2467 2374 2519 malis
2405 2468 2565 2535 meis,
2607 2473 2704 2520 aut
2742 2467 3016 2536 explicavi
3037 2483 3110 2520 ex
3137 2467 3446 2520 sceleribus
3493 2467 3643 2519 meis
3702 2467 3792 2518 nisi

2107 2556 2448 2622 particulam
2479 2555 2757 2609 tenuem?
2790 2555 2915 2609 Dixi
2947 2556 3099 2608 enim
3140 2571 3259 2608 non
3295 2560 3580 2624 quantum
3617 2555 3793 2614 debui,

2111 2644 2204 2698 sed
2240 2649 2516 2713 quantum
2547 2649 2606 2696 tu
2644 2643 2786 2696 mihi
2819 2644 3006 2698 dicere
3034 2643 3370 2713 permisisti,
3413 2649 3469 2696 et
3521 2648 3794 2712 quantum

2112 2733 2415 2787 dicendum
2450 2733 2854 2802 jussisti.Jube
2897 2737 2979 2798 tu,
3019 2733 3278 2799 Domine,
3329 2736 3631 2800 acceptare
3687 2746 3799 2799 qua:

2111 2822 2262 2875 dicta
2306 2827 2460 2885 sunt,
2517 2827 2573 2874 et
2621 2822 2821 2875 lascire
2860 2823 2886 2863 ιι
2935 2822 3163 2875 servulo
3199 2836 3445 2891 quaeque
3472 2825 3526 2872 te
3561 2821 3799 2872 donante

2110 2911 2331 2980 digesta
2361 2914 2510 2963 sunt.
2544 2911 2608 2963 Et
2646 2910 2792 2963 sicut
2821 2927 2888 2963 ex
2920 2926 3009 2962 me
3034 2925 3124 2963 me
3157 2910 3472 2962 tremulum
3510 2907 3694 2972 vides,
3728 2908 3798 2960 ni-

2108 2999 2305 3068 hilque
2335 2999 2444 3052 nisi
2475 3016 2538 3052 ex
2577 3005 2630 3052 te
2686 3003 3132 3068 praesumentem
3190 2997 3523 3068 cognoscis;
3584 2998 3667 3050 ita
3723 3011 3799 3048 me

2111 3088 2202 3157 pie
2227 3088 2417 3158 opifex
2448 3091 2626 3141 totum
2650 3087 2911 3147 defende,
2936 3086 3085 3156 quia:
3103 3102 3193 3140 me
3219 3091 3402 3139 totum
3433 3089 3628 3138 totum
3659 3099 3797 3138 com-

2111 3176 2286 3229 misi:
2337 3181 2398 3229 ut
2437 3177 2581 3229 sicut
2610 3192 2640 3228 a
2691 3180 2746 3229 te
2799 3175 3081 3239 conditus,
3122 3179 3334 3243 tuoque
3384 3189 3630 3227 munere
3677 3174 3796 3225 vita-

2110 3265 2224 3318 lem
2259 3265 2410 3318 hunc
2440 3265 2603 3335 capio
2636 3265 2860 3328 ﬂatum,
2903 3269 2958 3317 et
2987 3281 3018 3316 a.
3047 3268 3102 3316 te
3133 3269 3282 3316 totus
3305 3263 3504 3328 existo,
3539 3267 3796 3332 totusque

2111 3353 2381 3421 subsisto,
2415 3359 2585 3424 atque
2607 3369 2710 3424 per
2738 3360 2792 3406 te
2830 3358 2980 3406 totus
3007 3352 3332 3422 redemptus
3361 3352 3420 3404 in
3453 3351 3676 3405 mundo
3705 3350 3796 3402 isto

2110 3443 2338 3497 mortali
2371 3444 2524 3508 vivo;
2574 3442 2653 3495 ita
2688 3446 2834 3495 totus
2873 3457 2907 3495 a
2946 3446 2999 3493 te
3049 3442 3109 3493 in
3157 3439 3348 3493 futuro
3381 3455 3701 3508 possessus,
3755 3443 3799 3488 et

2111 3531 2349 3602 perenni
2381 3529 2776 3584 dominatione
2816 3534 2912 3581 tua
2945 3529 3080 3581 satis
3137 3528 3296 3580 suavi
3346 3527 3637 3590 addictus,
3693 3541 3796 3578 me-

2110 3636 2238 3674 rear
2265 3627 2318 3673 te
2348 3620 2597 3673 donante
2629 3623 2726 3671 tua
2766 3619 2935 3683 dona,
2965 3633 3091 3687 quae
3117 3616 3129 3651 ί
3157 3632 3251 3669 nec
3294 3617 3479 3669 oculus
3520 3616 3688 3678 vidit,
3719 3628 3795 3665 ne:

2111 3712 2268 3766 auris
2321 3709 2556 3768 audivit,
2628 3722 2719 3762 nec
2767 3709 2825 3760 in
2875 3723 2964 3760 cor
3019 3707 3249 3759 hominis
3300 3705 3549 3758 ascendit
3596 3706 3643 3763 (ι
3689 3703 3795 3758 Cor.

2110 3811 2259 3861 xxix,
2298 3795 2376 3865 9),
2410 3796 2703 3866 percipere
2738 3813 2751 3848 :
2781 3800 2952 3864 teque
2994 3811 3094 3863 pre
3137 3793 3296 3847 omni
3334 3809 3578 3846 munere
3612 3807 3794 3845 verum

2111 3884 2422 3940 Sabbatum
2455 3885 2768 3954 perfruere.
2799 3885 2872 3937 Te
2896 3889 3221 3953 praestante,
3252 3883 3351 3952 qui
3383 3897 3593 3952 regnas
3629 3881 3798 3934 trinus

2110 3979 2166 4027 et
2229 3989 2375 4027 unus
2425 3988 2527 4043 per
2576 3988 2871 4043 nunquam
2907 3971 3155 4025 finienda
3203 3970 3413 4024 saecula
3445 3971 3794 4023 saeculorum.

2112 4063 2282 4117 Finit.

2182 4201 2204 4238 ί
2239 4204 2296 4256 F.
2329 4204 2527 4256 haerere

2185 4287 2214 4328 ε
2247 4274 2301 4327 F.
2328 4273 2556 4327 credidi.

2183 4341 2206 4378 ¹²
2243 4345 2297 4398 F.
2332 4346 2552 4409 largire.

2183 4415 2196 4448 ¹
2228 4416 2350 4480 Ms.,
2383 4430 2565 4482 quam.

1692 4760 2047 4832 INCIPIT
2120 4759 2405 4833 LIBER

858 4938 2320 5105 EPISTOLARUM
2449 4936 3240 5067 ALVARI.

1131 5258 1176 5312 Ι.

376 5341 604 5396 Aurelio
636 5342 823 5397 Flavio
846 5345 1041 5399 JOANNI
1064 5347 1274 5402 Paulus
1304 5351 1576 5403 ALV’ARUS.

384 5432 432 5482 1.
465 5431 640 5495 Nosti,
683 5431 761 5485 mi
791 5432 1173 5503 dilectissime,
1209 5436 1469 5491 fomitem
1509 5437 1826 5494 dulcedinis
1866 5439 2006 5491 cha-

382 5567 406 5590 ⁸
437 5560 556 5625 Ms.,
589 5575 708 5629 que.

2110 5257 2340 5311 ritatem
2393 5256 2654 5322 existere,
2699 5261 2757 5310 et
2802 5256 3119 5310 amicorum
3167 5254 3458 5309 veracium
3515 5255 3795 5327 glutinum

2113 5363 2302 5401 veram
2338 5346 2685 5401 dilectionem
2728 5362 2871 5399 esse.
2929 5347 3003 5399 Ea
3050 5344 3206 5398 enim
3253 5361 3387 5398 vera
3429 5349 3510 5399 est
3569 5344 3795 5399 dicenda

2116 5435 2441 5501 concordia,
2476 5440 2531 5488 et
2563 5435 2808 5505 gratuita
2843 5433 3069 5488 dilectio
3107 5433 3554 5505 comprobanda,
3587 5449 3754 5504 quam
3776 5442 3794 5465 ⁸
