3860 6262
120 312 231 365 413

1712 311 2062 367 EPISTOLAE
2153 281 2156 284 ’

3546 310 3646 363 ili

120 461 244 498 non
279 462 480 500 rerum
511 444 774 500 labilium
822 446 1120 516 conjungit
1163 447 1491 514 necessitas,
1523 446 1620 501 sed
1667 451 1833 500 zeter-
1871 448 1917 499 A
1950 445 2123 499 etiam
2159 446 2541 515 adprobemus
2588 452 2631 499 °.
2679 446 2997 499 Prol'undos
3029 445 3183 499 enim
3230 450 3286 498 et
3318 444 3640 498 reconditos

116 534 356 588 nalium
400 534 577 588 nectit
607 534 981 604 praemiorum
1032 539 1229 605 sponte
1260 534 1622 605 benignitas:
1661 552 1833 606 quam

115 630 459 676 sanctarum
517 624 942 692 Scripturarum
1000 624 1188 677 edulia
1242 624 1418 677 sociat
1466 633 1509 689 δ,
1558 630 1616 677 et
1676 640 1836 677 amor

115 712 343 765 divinae
397 712 798 781 intelligentia:
842 712 1138 765 individue
1190 712 1344 781 ligat.
1400 715 1526 766 Hazc
1580 718 1664 766 est
1704 729 1836 766 vera

112 800 399 866 charitas,
456 817 585 870 qua:
618 817 813 854 casum
866 817 980 853 non
1012 800 1186 864 novit,
1221 818 1348 871 quae.
1383 802 1533 854 inter
1584 802 1833 872 morige-

112 904 218 941 ros
270 894 500 941 tantum
551 890 797 941 clariﬁce
837 888 1036 959 fulget,
1090 906 1219 959 qua:
1261 889 1412 942 ﬁniri
1444 906 1571 942 cum
1626 892 1832 943 saeculo

113 978 328 1042 nescit,
389 995 517 1047 qua:
572 978 745 1030 etiam
804 983 931 1047 post
992 977 1286 1029 interitum
1348 978 1545 1030 mundi
1595 978 1835 1032 auctiori

115 1066 351 1118 lumine
396 1066 770 1117 inenarrabili
819 1066 1123 1133 splendore
1154 1066 1430 1118 clarescit.
1483 1066 1663 1128 Quam
1709 1067 1833 1119 dul-

112 1153 346 1207 cedinis
402 1153 751 1207 ineffabilem
812 1153 1078 1223 gloriam,
1130 1158 1185 1206 et
1232 1169 1376 1222 pene
1420 1170 1453 1206 a
1500 1154 1835 1207 mortalibus

111 1258 239 1294 non
289 1248 511 1311 quanta
538 1246 623 1293 est
655 1242 967 1311 opinatam,
1003 1245 1289 1312 optemus,
1336 1242 1831 1307 reverendissime,

112 1329 284 1380 omni
320 1328 450 1380 nisu
498 1329 795 1381 conatibus
837 1330 1042 1382 nostris
1085 1331 1449 1399 amplectere,
1484 1335 1538 1382 et
1570 1346 1672 1399 per
1701 1330 1833 1382 cha-

112 1416 311 1468 ritatis
353 1417 412 1469 in
447 1422 719 1488 utrosque
755 1424 1148 1486 augmentum,
1197 1424 1476 1488 quantum
1512 1419 1676 1471 nobis
1704 1436 1833 1488 pos-

111 1521 173 1555 se
208 1509 319 1569 est,
373 1512 630 1558 nostram
677 1505 922 1559 efﬁcere.
972 1507 1151 1559 Credo
1200 1507 1378 1572 enim,
1418 1508 1496 1560 mi
1541 1507 1832 1560 sublimis-

113 1595 289 1657 sime,
325 1594 487 1663 quod
536 1595 851 1663 primordia
892 1595 1158 1648 amicitia:
1193 1600 1401 1648 nostrae
1436 1611 1551 1648 non
1601 1612 1631 1648 a
1662 1596 1834 1650 rebus

112 1682 353 1735 caducis
386 1682 633 1751 sumpsit
664 1683 983 1749 exordium,
1015 1683 1112 1736 sed
1142 1686 1167 1725 Ι)
1198 1700 1228 1736 a
1261 1684 1430 1737 rebus
1462 1684 1690 1737 aeternis
1721 1701 1829 1739 coe-

112 1769 204 1839 pit
241 1769 500 1822 initium.
546 1770 700 1823 Unde
733 1775 1124 1840 opportunum
1157 1775 1260 1836 est,
1295 1776 1355 1823 ut
1390 1771 1459 1823 ad
1492 1787 1622 1824 eum
1656 1772 1828 1825 linem

111 1859 326 1911 tendat
356 1859 643 1913 mentium
676 1865 1003 1912 nostrarum
1035 1859 1301 1923 intentio,
1343 1875 1455 1929 quo
1500 1876 1530 1911 a
1562 1859 1830 1929 primitus

114 1947 396 2000 inchoata
429 1948 556 2016 ipsa
595 1947 703 2000 fuit
746 1947 1003 2012 dilectio;
1035 1953 1096 2001 ut
1124 1947 1180 1999 in
1224 1948 1471 2016 amplius
1503 1949 1826 2014 crescendo,

112 2034 371 2102 perenni
427 2050 667 2086 munere
723 2038 916 2087 uestra
959 2034 1173 2087 ditetur
1211 2035 1450 2088 affectio.
1489 2036 1566 2088 De
1622 2040 1827 2089 cmtero

113 2121 421 2175 cbaritatis
455 2121 774 2175 dulcedinis
820 2128 1015 2176 vestrae
1058 2128 1305 2189 coactus,
1359 2129 1415 2177 et
1460 2124 1698 2178 scientia
1740 2125 1825 2178 in-

113 2210 411 2263 lustrioris
469 2210 646 2263 animi
714 2212 885 2264 vestri
943 2214 1292 2281 compulsus,
1348 2230 1478 2282 quae
1536 2213 1827 2267 vobiscum

113 2298 299 2351 verno
326 2304 494 2351 tenus
524 2300 825 2368 disputavi,
875 2316 1050 2369 penes
1083 2316 1172 2353 me
1204 2300 1263 2353 in
1303 2317 1647 2371 magnorum
1678 2302 1825 2355 viro-

112 2401 249 2437 rum
286 2386 587 2439 volumina
615 2387 922 2457 desquisivi
950 2404 963 2440 :
989 2394 1046 2441 et
1068 2405 1195 2457 quin
1228 2389 1295 2442 de
1327 2388 1417 2442 his
1438 2389 1695 2443 invenire
1730 2406 1828 2458 po-

114 2473 222 2534 tui,
260 2489 437 2526 manu
490 2476 721 2544 propria
764 2476 886 2546 ipse
927 2476 986 2528 in
1016 2477 1312 2546 procinctu
1343 2477 1671 2548 conscripsi.
1712 2479 1825 2531 Ve-

114 2567 306 2614 strum
338 2568 446 2627 est,
481 2579 513 2616 o
546 2563 967 2626 inlustrissime,
1002 2570 1101 2619 aut
1132 2565 1190 2618 in
1222 2565 1335 2619 mei
1363 2583 1561 2619 sensus
1592 2561 1825 2620 senten-

112 2652 365 2704 tentiam
414 2652 655 2720 pedibus
704 2653 963 2720 introire,
1011 2658 1111 2707 aut
1149 2671 1278 2708 cum
1330 2655 1536 2708 talibus
1584 2656 1825 2725 dignum

114 2739 391 2807 protinus
436 2756 724 2810 respuere.
780 2741 838 2795 Si
889 2742 1043 2794 enim
1096 2743 1248 2812 quod
1298 2743 1411 2796 dixi
1458 2760 1574 2797 non
1623 2744 1826 2798 videtis

114 2828 507 2897 sequendum,
541 2845 671 2882 cum
720 2830 807 2882 bis
853 2831 1051 2898 procul
1087 2831 1260 2884 dubio
1306 2849 1552 2901 quorum
1598 2840 1824 2886 secutus

118 2931 247 2968 sum
297 2917 560 2986 dignum,
608 2918 879 2986 judicatis
924 2919 1124 2989 utique
1172 2922 1583 2990 respuendum.
1628 2924 1823 2975 Patere

120 3020 210 3057 me
245 3021 351 3057 oro
393 3022 584 3059 errare
625 3023 750 3060 cum
785 3008 993 3061 talibus
1024 3008 1224 3075 libere,
1267 3009 1366 3079 qui
1413 3011 1569 3062 nulla
1616 3010 1823 3063 veritas
1864 3040 1906 3094 ρ

120 3093 263 3146 citra
294 3093 539 3147 istorum
586 3096 811 3149 ﬁrmata
858 3102 944 3150 est
978 3113 1169 3166 opere,
1221 3097 1331 3151 nisi
1372 3098 1609 3151 forsitan
1643 3104 1827 3152 vestra

119 3182 500 3235 subtilissima
550 3189 605 3237 et
659 3184 935 3237 acerrima
1004 3186 1277 3240 discussio
1346 3186 1457 3239 alio
1530 3188 1636 3240 hoc
1695 3188 1824 3241 illos

119 3270 334 3323 dixisse
402 3272 727 3341 probaverit
794 3274 997 3327 modo:
1053 3276 1204 3345 quod
1261 3275 1304 3328 si
1365 3291 1703 3345 cognovero,
1770 3280 1824 3329 et

118 3365 316 3428 aperte
362 3376 465 3428 per
517 3361 723 3431 scripta
756 3366 941 3415 vestra
972 3372 991 3395 ο
1024 3364 1366 3432 probavero,
1409 3365 1561 3418 illico
1597 3366 1820 3419 veniam

118 3449 388 3501 celeriter
439 3450 759 3518 postulabo.
796 3452 1055 3504 Paratior
1086 3453 1241 3506 enim
1284 3469 1413 3506 sum
1445 3469 1575 3507 vera
1607 3470 1818 3524 cogno-

117 3553 298 3603 scere,
334 3554 508 3607 quam
542 3539 683 3592 falsa
716 3540 1041 3593 defendere.

186 3629 241 3679 2.
304 3629 384 3679 Ac
418 3628 670 3695 primum
704 3628 773 3681 de
824 3645 890 3681 eo
939 3628 1095 3698 quod
1141 3628 1277 3695 dixi,
1329 3634 1549 3684 sanctos
1579 3635 1635 3684 et
1683 3648 1819 3702 apo-

119 3714 355 3767 stolicos
386 3715 535 3767 viros
567 3732 685 3768 non
716 3717 1017 3771 verborum
1060 3717 1574 3787 compositionibus
1626 3721 1818 3774 deser-

119 3803 261 3867 vire,
300 3804 399 3856 sed
448 3820 722 3857 sensuum
754 3806 994 3859 veritate
1025 3806 1314 3875 gaudere:
1369 3824 1474 3861 nec
1505 3824 1605 3877 per
1638 3814 1819 3862 artem

120 3892 347 3955 Donati,
382 3892 484 3946 sed
531 3910 633 3962 per
681 3894 1101 3964 simplicitatem
1133 3911 1361 3948 currere
1411 3897 1649 3953 Christi:
1683 3898 1819 3968 quid

122 3979 253 4032 inde
300 3980 362 4032 Β.
400 3980 782 4049 Hieronymus
809 3982 1033 4047 dixerit,
1067 3982 1207 4052 quid
1240 3984 1502 4049 senserit,
1536 3985 1676 4055 quid
1718 4002 1819 4038 suo

122 4082 250 4119 orsu
284 4068 452 4121 nobis
482 4068 776 4135 indiderit,
820 4070 1016 4124 audire
1051 4076 1232 4124 vestra
1266 4072 1548 4142 patienter
1573 4075 1821 4127 clemen-

121 4156 197 4207 tia
238 4155 478 4224 jubeat:
548 4162 603 4210 et
654 4158 701 4210 si
750 4158 916 4211 aliter
965 4159 1333 4213 sentiendum
1385 4165 1487 4226 est,
1539 4162 1818 4216 disserere

120 4243 284 4295 nobis
320 4259 439 4295 non
490 4244 700 4313 pigeat.
738 4247 799 4298 In
844 4246 990 4299 libro
1021 4246 1174 4299 enim
1205 4247 1411 4299 acalcie
1442 4250 1468 4289 d
1512 4250 1816 4320 consigna-

1946 551 2143 587 sensus
2181 534 2381 604 lingua
2414 550 2527 587 non
2556 535 2815 603 explicat.
2850 536 2914 589 Et
2946 552 3075 588 cum
3103 535 3225 604 ipse
3263 534 3469 588 sentiat
3500 533 3637 603 quid

1944 624 2230 692 loquatur,
2260 624 2316 675 in
2351 622 2565 675 alienas
2594 639 2757 675 aures
2789 640 2933 691 puro
2968 641 3079 676 non
3114 628 3299 693 potest
3329 622 3636 675 transferre

1945 728 2230 764 sermone.
2294 730 2319 762 η
2382 713 2522 763 Item
2564 711 2634 763 ad
2694 712 2917 765 Galatas
2970 712 3118 764 idem
3153 711 3387 764 doctor:
3443 732 3468 757 (ι
3530 710 3637 773 Qui

1944 805 2148 869 putant
2183 800 2419 853 Paulum
2445 800 2607 868 juxta
2639 799 3043 863 humilitatem,
3079 805 3134 851 et
3164 816 3278 852 non
3309 816 3437 851 vcre
3470 798 3637 852 dixis-

1944 903 2034 942 se:
2072 891 2139 941 Et
2185 891 2233 942 si
2261 890 2548 956 imperitus
2582 902 2841 951 sermone,
2887 903 2990 940 non
3040 892 3217 939 autem
3259 889 3504 949 scientia,
3538 886 3635 939 de-

1944 976 2179 1029 fendant
2225 976 2397 1043 hujus
2446 975 2552 1027 loci
2602 975 3096 1044 consequentiam.
3154 975 3359 1028 Debuit
3405 975 3636 1044 quidem

1945 1065 2257 1118 secundum
2292 1064 2555 1117 ordinem
2587 1064 2773 1117 dicere
2804 1080 2815 1116 :
2877 1066 2979 1117 Vos
3014 1066 3110 1133 qui
3137 1065 3453 1132 Spirituales
3485 1062 3633 1129 estis,

1943 1156 2237 1222 componite
2288 1153 2603 1219 hujusmodi
2651 1156 2708 1205 in
2760 1155 2962 1221 spiritu
3004 1153 3458 1215 mansuetudinis,
3506 1167 3636 1215 con-

1941 1243 2240 1296 siderantes
2288 1245 2654 1310 vosmetipsos,
2690 1257 2753 1294 ne
2796 1247 2844 1294 et
2892 1257 2983 1294 vos
3036 1244 3313 1295 tentemini
3355 1242 3490 1307 (Gal.
3544 1244 3635 1307 vi),

1945 1335 1999 1382 et
2028 1347 2141 1383 non
2187 1331 2392 1400 plurali
2440 1331 2655 1383 inferre
2689 1346 2927 1382 numero
2961 1330 3331 1399 singularem.
3369 1328 3637 1379 Hebraeus

1941 1418 2119 1488 igitur
2143 1435 2207 1472 ex
2246 1419 2517 1484 Hebraeis,
2553 1424 2605 1472 et
2637 1418 2735 1488 qui
2766 1424 2914 1471 esset
2946 1418 3004 1470 in
3038 1418 3339 1469 vernaculo
3375 1431 3637 1468 sermone

1944 1506 2323 1573 doctissimus,
2376 1508 2689 1576 profundos
2739 1524 2935 1560 sensus
2970 1506 3157 1558 aliena
3199 1506 3396 1575 lingua
3441 1504 3635 1572 expri-

1943 1611 2098 1648 mere
2128 1612 2245 1647 non
2287 1596 2525 1660 valebat,
2570 1611 2673 1648 nec
2702 1595 2937 1648 curabat
2969 1610 3315 1664 magnopere
3351 1594 3418 1647 de
3450 1593 3637 1645 verbis

1942 1700 2071 1737 cum
2098 1700 2329 1736 sensum
2359 1683 2595 1737 haberet
2624 1684 2684 1735 in
2714 1687 2861 1736 tuto.
2897 1703 2923 1732 »

2013 1775 2063 1826 3.
2110 1772 2250 1824 Item
2291 1772 2358 1824 de
2391 1772 2488 1824 illo
2521 1773 2672 1841 quod
2721 1771 2930 1823 acriter
2962 1770 3224 1835 refutavi,
3261 1774 3315 1822 et
3344 1785 3489 1839 pene
3522 1785 3636 1822 non

1941 1875 2105 1929 aaquo
2133 1858 2324 1912 animo
2358 1876 2454 1912 vos
2488 1860 2773 1912 dicentem
2798 1858 3008 1926 audivi,
3042 1859 3178 1929 quid
3214 1858 3347 1912 inde
3378 1858 3637 1910 doctores

1939 1964 2188 2008 censere,
2240 1948 2332 2001 hic
2384 1948 2631 2001 breviter
2678 1948 2989 2001 identidem
3034 1947 3319 1999 adnotavi.
3373 1947 3633 1999 Vestrum

1939 2040 2023 2088 est
2054 2037 2156 2088 hoc
2189 2035 2362 2089 etiam
2413 2036 2627 2089 utiliter
2658 2036 2958 2099 trutinare,
2993 2041 3047 2089 et
3081 2036 3157 2088 sic
3188 2034 3433 2088 inﬁrmis
3460 2034 3636 2088 libere

1938 2124 2263 2177 trutinataf
2315 2124 2589 2193 proferre.
2653 2124 2858 2179 Beatus
2906 2124 3256 2192 Augustinus
3301 2122 3361 2174 in
3411 2123 3634 2175 tricesi-

1940 2212 2016 2264 mi
2047 2212 2273 2282 septimi
2332 2213 2537 2282 psalmi
2591 2212 2943 2282 expositione
2992 2213 3062 2264 ad
3104 2212 3290 2265 locum
3340 2211 3416 2263 sic
3458 2211 3630 2264 dicit:

1942 2323 1961 2349 α
2001 2303 2246 2367 Domine,
2277 2305 2412 2355 Deus
2438 2318 2602 2364 meus,
2632 2318 2697 2354 ne
2722 2302 3030 2355 discesseris
3052 2317 3083 2353 a
3106 2316 3199 2353 me.
3233 2299 3319 2353 Sic
3342 2316 3371 2352 a
3394 2314 3635 2368 corpore

1936 2405 2049 2441 non
2084 2389 2330 2454 recessit,
2365 2388 2597 2441 recessit
2644 2404 2676 2440 a
2715 2388 2937 2456 capite?
2976 2387 3149 2455 Cujus
3183 2403 3320 2456 ergo
3355 2403 3455 2439 vox
3490 2391 3629 2449 erat,

1937 2478 2045 2529 nisi
2077 2478 2247 2547 primi
2288 2476 2579 2529 hominis?
2606 2478 2679 2529 Ex
2711 2476 2807 2528 illo
2831 2476 2983 2528 enim
3016 2493 3072 2527 se
3105 2476 3411 2528 ostendens
3441 2490 3631 2527 veram

1935 2582 2163 2620 carnem
2214 2572 2461 2636 portare,
2496 2565 2669 2618 dixit.
2726 2568 2887 2630 Deus,
2937 2567 3074 2617 Deus
3128 2580 3292 2625 meus,
3346 2579 3515 2631 quare
3552 2580 3633 2616 me

1934 2653 2312 2722 dereliquisti‘?
2365 2655 2522 2715 (Psal.
2560 2653 2694 2725 xxi.)
2751 2655 2875 2706 Non
2911 2654 3070 2706 illum
3106 2653 3324 2706 dimisit
3359 2654 3523 2705 Deus.
3572 2651 3629 2705 Si

1934 2747 1988 2797 te
2019 2760 2133 2796 non
2167 2742 2403 2797 dimittit
2435 2742 2759 2795 credentem
2790 2742 2850 2794 in
2875 2758 2952 2807 se,
2988 2742 3272 2795 Christum
3318 2740 3633 2793 dimitteret

1935 2833 2100 2885 Pater
2130 2837 2184 2885 et
2216 2832 2384 2885 Filius
2418 2836 2473 2884 et
2505 2831 2748 2899 Spiritus
2780 2830 3042 2883 sanctus?
3072 2830 3180 2883 Sed
3231 2844 3534 2898 personam
3571 2828 3629 2880 in

1933 2936 1992 2973 se
2022 2922 2525 2990 transﬁguraverat
2566 2919 2772 2989 prioris
2814 2919 3082 2972 hominis.
3134 2918 3375 2983 Scimus,
3410 2917 3630 2971 dicente

1934 3009 2227 3079 Apostolo,
2279 3008 2414 3079 quia
2443 3014 2601 3061 vetus
2639 3008 2812 3061 homo
2854 3007 3157 3061 cruciﬁxus
3199 3012 3284 3059 est
3315 3007 3467 3059 cruci
3501 3021 3630 3058 cum

1932 3097 2030 3150 illo
2060 3098 2233 3165 (Rom.
2271 3100 2370 3164 γι).
2416 3098 2539 3150 Non
2589 3102 2781 3149 autem
2816 3112 3141 3148 careremus
3186 3100 3488 3161 vetustate,
3521 3094 3631 3147 nisi

1933 3202 2037 3239 nos
2085 3184 2446 3256 cruciﬁgeret
2489 3185 2549 3238 in
2583 3184 2935 3237 inﬁrmitate.
2965 3184 3047 3238 Ad
3081 3184 3189 3236 hoc
3228 3184 3403 3250 venit,
3439 3188 3502 3235 ut
3537 3200 3631 3235 re-

1930 3290 2216 3329 novemur
2246 3275 2305 3327 in
2338 3275 2466 3339 illo;
2502 3273 2636 3342 quia
2655 3273 3034 3326 desiderando
3059 3289 3193 3326 eum
3225 3278 3279 3325 et
3309 3274 3631 3342 passionem

1931 3364 2055 3432 ejus
2109 3378 2138 3417 ς
2189 3379 2556 3416 renovamur.
2591 3363 2734 3431 Ergo
2782 3379 2888 3415 vox
2928 3367 3051 3415 erat
3101 3360 3473 3426 inﬁrmitatis,
3524 3376 3627 3412 vox

1930 3458 2052 3505 erat
2102 3458 2312 3518 nostra,
2345 3468 2458 3521 qua
2490 3451 2704 3503 dictum
2751 3456 2870 3502 est:
2919 3450 3094 3514 Quare
3124 3466 3205 3501 me
3250 3447 3630 3517 dereliquisti?

1929 3542 2068 3594 Inde
2101 3541 2180 3593 ibi
2232 3541 2447 3593 dictum
2497 3543 2597 3605 est,
2650 3539 2812 3591 verba
2845 3538 3161 3591 delictorum
3202 3552 3466 3589 meorum:
3502 3542 3626 3588 tan-

1928 3646 2101 3699 quam
2130 3629 2343 3682 diceret
2372 3630 2436 3681 ιιι
2480 3628 2554 3679 Ex
2595 3642 2838 3696 persona
2878 3625 3188 3695 peccatoris
3229 3624 3284 3677 in
3321 3641 3409 3676 me
3443 3630 3626 3676 trans-

1927 3718 2173 3787 ﬁgurata
2204 3722 2356 3770 sunt.
2391 3738 2417 3763 ››

1999 3809 2049 3860 4.
2106 3807 2244 3858 Item
2292 3805 2490 3858 beatus
2534 3802 2867 3856 Ambrosius
2919 3802 2977 3854 in
3026 3801 3169 3854 libro
3226 3817 3378 3853 nono
3429 3805 3626 3853 contra

1926 3894 2124 3948 Arium
2172 3894 2241 3948 de
2274 3893 2669 3947 Incarnatione
2717 3891 2949 3945 Domini
2990 3890 3331 3960 disputans:
3387 3889 3453 3938 ιί
3505 3891 3623 3942 Non

1927 3984 2229 4053 capiantur
2284 3982 2436 4052 quod
2484 3981 2675 4033 audit:
2738 3983 2913 4046 Quare
2972 3995 3053 4031 me
3104 3978 3474 4047 dereliquisti;
3529 3978 3624 4030 sed

1925 4071 2297 4139 intelligunt:
2335 4070 2484 4140 quod
2538 4069 2853 4122 secundum
2903 4084 3131 4120 carnem
3182 4067 3287 4119 ista
3343 4066 3621 4130 dicantur,

1928 4175 2056 4229 qua:
2092 4160 2257 4229 longe
2314 4176 2345 4210 a
2393 4156 2751 4227 plenitudine
2799 4155 3119 4209 Divinitatis
3169 4154 3357 4207 aliena
3395 4151 3419 4187 ¹ι
3471 4159 3622 4207 sunt.

1927 4248 2128 4300 Aliena
2176 4251 2307 4299 sunt
2356 4247 2510 4299 enim
2554 4262 2586 4298 a
2636 4245 2749 4298 Deo
2808 4245 3022 4297 verba‘
3078 4243 3417 4296 delictorum
3470 4258 3627 4293 meo-

118 4335 209 4383 tus
240 4336 322 4383 est
356 4330 416 4383 in
455 4332 703 4400 Epistola
731 4334 797 4385 ad
831 4334 1226 4387 Colossenses:
1267 4358 1287 4383 α
1332 4336 1473 4389 Illud
1509 4337 1683 4401 enim,
1719 4338 1818 4404 ait,
1859 4341 1904 4395 D
1932 4352 2061 4389 rum
2113 4344 2172 4401 ω,
2217 4335 2355 4405 quia
2401 4334 2591 4387 aliena
2643 4339 2778 4387 sunt
2811 4338 2865 4385 et
2896 4332 3101 4386 delicta
3148 4332 3469 4385 verborum.
3519 4330 3626 4383 Sed

121 4422 273 4490 quod
318 4422 521 4475 crebro
558 4422 843 4476 diximus:
897 4426 966 4479 Et
1004 4427 1054 4478 si
1100 4426 1383 4493 imperitus
1426 4442 1682 4492 sermone,
1716 4445 1822 4482 non

121 4514 293 4563 autem
343 4512 575 4583 scientia
625 4510 699 4580 (Il
755 4513 872 4567 Cor.
924 4514 1023 4581 xi),
1057 4529 1421 4583 nequaquam
1454 4516 1694 4568 Paulum
1752 4516 1821 4569 de

123 4597 471 4663 humilitate,
542 4599 639 4653 sed
715 4600 782 4653 de
850 4601 1215 4655 conscientia:
1282 4603 1518 4657 veritate
1594 4605 1821 4673 dixisse,

156 4749 215 4819 f
258 4742 614 4821 Frequenter
664 4742 912 4811 pluralia
958 4747 1161 4797 neutra
1208 4744 1381 4797 verba
1430 4745 1521 4799 hic
1571 4746 1824 4816 gaudent

126 4813 421 4879 singulari.

191 4883 218 4922 δ
252 4883 346 4947 Ms,
376 4887 429 4935 et
456 4898 558 4949 pro
589 4887 686 4944 set,
715 4898 817 4936 seu
855 4884 966 4937 sed.

194 4960 212 5022 ἐ
244 4953 367 5015 Ms.,
398 4969 498 5022 per
525 4956 746 5020 scriptis
771 4958 982 5008 vestris.

191 5021 225 5097 ιι-
250 5021 692 5097 Legol‘Algasiae
716 5040 751 5097 :_
778 5024 948 5077 verba
977 5024 1261 5097 enimrilla
1306 5044 1434 5097 quas
1480 5033 1817 5095 sequuntur,

128 5093 345 5168 scripsit
380 5094 611 5168 Hieron».
651 5094 803 5168 ‘epis.
858 5098 979 5161 l3l,
1009 5096 1079 5149 ad
1128 5093 1440 5166 Algasiam,
1472 5093 1672 5168 quaest.
1732 5102 1817 5168 lO,

128 5162 219 5216 ubi
250 5165 510 5233 Apostoli
539 5165 607 5217 ad
638 5162 1014 5231 Cdlossenses,
1048 5182 1095 5219 c.
1132 5162 1569 5232 u,'sententiam
1604 5162 1820 5224 memol

129 5239 247 5310 rat:
298 5237 868 5310 Nemo_vos_suepret.
920 5242 1049 5301 etc.,
1081 5242 1136 5310 et
1183 5240 1399 5310 statim,
1454 5256 1582 5310 qua)
1623 5247 1819 5294 noster

127 5304 313 5371 refert,
366 5305 669 5376 subjungit
699 5306 755 5360 S.
783 5307 1016 5361 doctor:
1051 5308 1215 5374 Illud,
1240 5304 1393 5377 quod
1427 5304 1609 5365 crebro
1657 5312 1816 5365 dimi-

129 5390 259 5441 mus,
290 5382 397 5430 etc.

193 5459 213 5481 ⁸
253 5448 375 5511 M5,,
454 5447 826 5516 adprofemus.
906 5449 1136 5503 Hieron.

130 5518 508 5621 approbemus.
839 5592 849 5602 .

240 5589 362 5656 δίς»,
398 5593 736 5642 tritunare...
775 5594 1065 5645 tritunata.

1214 5450 1380 5519 ibid.,
1454 5455 1619 5506 etiam
1668 5468 1811 5507 nunc

1936 4427 2209 4497 quoniam
2252 4426 2459 4480 delicta
2488 4426 2675 4479 aliena
2726 4424 2946 4494 suscepi
2995 4438 3044 4490 ιι,
3078 4423 3253 4476 etiam
3303 4421 3625 4475 debitorum

1934 4516 2254 4569 alienorum
2296 4515 2469 4569 verba
2500 4513 2746 4582 suscepi,
2780 4518 2844 4565 ut
2889 4511 3224 4565 derelictum
3267 4526 3357 4563 me
3389 4526 3422 4561 a
3464 4511 3626 4562 Patre

1936 4606 2050 4658 Deo
2080 4620 2199 4657 esse
2226 4604 2430 4667 dicam,
2464 4602 2564 4673 qui
2597 4601 2751 4672 apud
2785 4602 2964 4654 Deum
2998 4614 3224 4667 semper
3258 4615 3405 4651 sum.
3442 4615 3467 4648 ιο

2005 4759 2034 4799 ς
2071 4748 2233 4817 Apud
2265 4747 2409 4817 Aug.
2437 4762 2608 4815 super
2627 4745 2767 4815 psal.
2794 4760 2994 4807 xxxvn,
3020 4741 3077 4795 in
3102 4741 3234 4803 line,
3260 4740 3490 4794 additur
3506 4743 3627 4794 imi-

1957 4833 2119 4871 anao.

1934 4818 2331 4957 tmlzidlﬁegimus
2373 4887 2623 4940 ibidem:
2675 4884 2957 4950 Tanquam
3006 4883 3239 4957 diceret:
3289 4883 3408 4935 Hac
3457 4882 3624 4957 verba

1930 4975 1997 5012 ea:
2022 4951 2253 5027 persona
2286 4957 2657 5027 peccatoribus
2691 4958 2749 5008 in
2798 4970 2877 5007 me
2908 4951 3311 5021 transﬁgurata
3345 4956 3509 5005 sunt:
3545 4954 3624 5005 Ne

1930 5029 2255 5083 discesseris
2285 5046 2318 5081 a
2342 5044 2453 5080 me.

2002 5099 2014 5131 ¹
2051 5101 2180 5152 Haec
2212 5099 2363 5168 apud
2391 5096 2650 5151 Ambros.
2697 5094 2795 5147 lib.
2833 5094 2901 5147 de
2934 5095 3185 5161 lncarn.,
3218 5110 3266 5145 c.
3382 5093 3487 5147 Sed
3519 5093 3620 5159 ibi,

1930 5172 2026 5239 qui
2055 5170 2231 5223 audit.

1995 5259 2009 5300 j
2044 5240 2276 5294 Ibidem.
2306 5239 2596 5303 intelligat.

1995 5308 2023 5345 ιι
2057 5312 2175 5377 llis,
2211 5311 2396 5363 alieni.

1999 5375 2169 5444 lMs.,
2201 5381 2276 5433 ad
2328 5380 2510 5446 verba,
2566 5377 2708 5432 forte
2763 5394 2868 5448 per
2920 5379 2958 5432 d
3006 5379 3209 5444 Deum,
3262 5375 3619 5431 notariorum

1924 5467 2082 5504 more
2114 5449 2472 5516 signiﬁcavit.

1994 5531 2033 5556 αι
2067 5523 2130 5575 1η
2159 5521 2445 5575 Ambrosii
2473 5524 2631 5574 textu
2660 5521 2819 5574 abest
2841 5536 3099 5575 meorum.

1993 5606 2017 5634 η
2052 5593 2173 5658 Ms.,
2206 5595 2441 5661 suscepit
2467 5608 2479 5644 :
2516 5591 2723 5645 melius
2752 5592 2810 5644 in
2832 5593 3050 5658 Ambr.,
3078 5592 3309 5658 suscepi.
