3860 6262
240 270 343 321 415

1611 266 1860 319 ALVARI
1903 265 2379 321 CORDUBENSIS
3676 269 3769 319 ili}

317 406 460 458 Item
490 402 610 471 ipse
640 401 699 455 in
726 402 875 455 libro
895 400 1143 470 septimo
1164 404 1285 453 cata
1305 400 1510 453 Lucam
1544 417 1555 453 :
1594 421 1620 448 «
1656 402 1801 469 Ergo
1833 416 1939 453 nec
1974 404 2017 457 A
2056 402 2257 465 Deum,
2283 406 2339 454 et
2368 400 2540 453 istum
2570 400 2905 454 hominem:
2938 416 3119 454 unum
3154 402 3435 455 habemus
3476 407 3536 454 et
3568 402 3769 455 adora-

246 506 351 558 ego
405 490 735 543 erubescam
792 487 958 541 fateri
1017 488 1171 558 quod
1239 488 1491 541 Christus
1548 505 1660 541 non
1715 488 1943 541 erubuit

248 595 452 647 magna
484 594 616 631 voce
656 577 936 641 conﬁteri,
973 577 1060 629 vel
1111 576 1341 629 evidens
1393 577 1773 630 manifestatio
1803 593 1943 630 con-

249 665 510 720 testantis
586 666 686 719 Dei
743 665 1119 718 secessionem
1187 664 1500 718 divinitatis
1556 672 1610 718 et
1664 666 1940 735 corporis.

251 763 276 787 δ
306 754 404 808 Hic
435 754 589 807 enim
640 754 853 807 habes:
887 755 1162 807 Clamavit
1212 756 1364 808 Iesus
1414 770 1535 807 voce
1593 771 1793 820 magna
1854 754 1944 806 di-

251 857 402 917 cens:
483 845 638 906 Deus,
718 845 854 895 Deus
928 857 1096 905 meus,
1174 857 1344 909 quare
1408 857 1489 894 me
1563 841 1947 911 dereliquisli?

253 932 446 996 (Marc.
516 930 631 999 xv.)
681 930 955 985 Clamavit
1006 930 1178 983 homo
1223 928 1537 982 divinitatis
1587 930 1945 998 separatione

251 1019 584 1072 moriturus.
657 1020 795 1072 Nam
855 1034 985 1070 cum
1047 1017 1299 1071 divinitis
1366 1015 1547 1070 libera
1604 1017 1802 1069 mortis
1852 1017 1945 1083 sit,

252 1108 453 1177 utique
498 1124 651 1161 mors
693 1123 813 1159 esse
855 1123 971 1159 non
1020 1111 1260 1175 poterat,
1310 1105 1419 1159 nisi
1464 1105 1574 1157 vita
1606 1105 1940 1168 discederet,

250 1195 385 1264 quia
413 1196 527 1248 vita
559 1194 827 1248 divinitas
876 1198 975 1247 est.
1011 1194 1126 1245 Hoc
1164 1193 1378 1247 dictum
1413 1192 1491 1246 ita
1524 1194 1941 1264 accipiendum,

251 1299 365 1337 non
398 1284 531 1354 quia
554 1284 878 1336 humanitas
910 1282 1230 1352 passionem
1257 1282 1491 1335 ferebat.
1532 1302 1559 1333 »

322 1374 371 1425 5.
426 1374 567 1426 Item
600 1388 665 1425 ex
714 1372 859 1425 libro
895 1370 1050 1426 Beati
1086 1376 1279 1424 contra
1312 1370 1651 1440 Elipandum
1682 1387 1693 1424 :
1745 1392 1765 1419 ι
1805 1370 1946 1424 Cum

250 1460 422 1513 dicit:
457 1461 560 1525 Qui
601 1476 682 1514 me
714 1463 885 1524 misit,
919 1475 1121 1513 mecum
1151 1465 1245 1523 est,
1289 1475 1381 1513 nec
1424 1475 1506 1513 me
1533 1460 1844 1528 dereliquit.
1882 1460 1948 1513 Et

250 1549 360 1602 alio
389 1550 551 1602 loco:
602 1552 759 1615 Deus,
818 1551 956 1602 Deus
1004 1563 1169 1615 meus,
1218 1564 1388 1617 quare
1434 1564 1512 1601 me
1556 1548 1948 1616 dereliquisti?

247 1638 368 1707 ipse
417 1653 564 1690 unus
617 1641 733 1689 est:
779 1635 841 1689 in
891 1636 1088 1689 ambas
1138 1640 1370 1688 naturas
1417 1651 1499 1688 me
1542 1640 1598 1688 et
1646 1652 1725 1688 me
1776 1635 1936 1690 dicit.

250 1726 398 1777 Num
430 1740 561 1777 cum
609 1723 779 1777 dicit:
828 1725 930 1777 Nec
972 1739 1052 1776 me
1082 1723 1393 1791 dereliquit,
1426 1722 1616 1776 divina
1657 1728 1757 1775 est.
1803 1724 1943 1777 Cum

247 1817 441 1867 autem
474 1812 646 1866 dicit:
682 1814 765 1865 Me
794 1812 1154 1879 dereliquisti,
1183 1812 1439 1865 humana
1482 1818 1585 1865 est.
1623 1812 1764 1875 Quia
1800 1814 1945 1865 Deus

246 1902 544 1956 hominem
591 1906 937 1970 susceperat,
991 1905 1045 1954 et
1078 1900 1201 1971 ipse
1254 1901 1428 1953 homo
1481 1901 1627 1954 mori
1677 1901 1939 1966 habebat,

248 1995 306 2044 et
332 1990 594 2044 divinitas
626 2006 754 2060 quae
797 1989 911 2043 vita
940 1994 1079 2054 erat,
1128 1990 1288 2042 exsul
1321 1993 1442 2042 erat
1488 2007 1520 2041 a
1567 1997 1779 2056 morte;
1816 1990 1943 2043 ideo

247 2093 353 2147 per
384 2082 623 2131 mortem
656 2076 838 2129 crucis
868 2076 1278 2146 relinquendus
1299 2080 1420 2129 erat
1449 2092 1631 2146 usque
1660 2076 1729 2129 ad
1762 2093 1945 2129 resur-

246 2166 557 2219 rectionem
604 2164 802 2235 ipsius.
842 2165 963 2217 Non
996 2164 1146 2235 quod
1187 2163 1453 2217 divinitas
1496 2164 1795 2235 reliquerit
1821 2181 1942 2217 car-

246 2270 377 2307 nem
429 2270 614 2320 suam,
665 2253 763 2307 sed
797 2253 948 2323 quod
1001 2269 1117 2306 non
1151 2252 1432 2305 moritura
1464 2257 1586 2306 erat
1614 2269 1741 2306 cum
1776 2269 1943 2306 carne

247 2359 368 2395 sua.
402 2342 544 2406 Quia
577 2343 653 2395 sic
681 2342 739 2394 in
771 2343 1032 2412 sepulcro
1079 2357 1309 2394 carnem
1356 2357 1518 2393 suam
1568 2358 1942 2395 commancn-

248 2430 319 2483 do
348 2447 463 2483 non
504 2433 530 2472 ι)
582 2429 851 2490 deseruit,
907 2429 1051 2482 sicut
1102 2428 1163 2481 in
1213 2435 1377 2481 utero
1430 2428 1678 2497 Virginis
1725 2446 1937 2481 couna-

248 2519 456 2572 scendo
500 2517 786 2571 formavit.
843 2517 998 2571 Fidei
1030 2534 1165 2587 ergo
1206 2523 1412 2569 nostrae
1460 2517 1536 2568 sic
1567 2518 1851 2583 convenit,
1882 2522 1943 2570 ut

247 2604 419 2657 homo
466 2604 617 2657 ﬁlius
665 2603 851 2656 dicat:
905 2604 1080 2668 Quare
1118 2619 1198 2655 me
1246 2603 1638 2670 dereliquisti?
1686 2604 1747 2655 Et
1796 2604 1944 2656 Deus

251 2691 444 2757 Filius,
477 2691 575 2761 qui
606 2707 735 2743 cum
771 2692 933 2744 Patre
962 2690 1202 2760 zequalis
1232 2695 1333 2756 est,
1369 2692 1554 2744 dicat:
1590 2691 1693 2755 Qui
1718 2707 1798 2744 me
1841 2695 1942 2744 mi-

248 2783 321 2835 sit
349 2797 550 2835 mecum
600 2785 696 2848 est,
732 2796 824 2834 nec
867 2796 947 2834 me
989 2781 1299 2849 dereliquit.
1349 2781 1570 2833 Etcum
1601 2796 1666 2832 ex
1704 2786 1943 2849 utroque

247 2886 396 2925 unus
426 2870 498 2922 sit
529 2870 702 2934 ﬁlius,
735 2869 1050 2922 cavendum
1084 2874 1189 2935 est,
1220 2885 1290 2921 ne
1313 2868 1520 2938 aliquis
1551 2869 1732 2922 dicat:
1764 2870 1941 2921 Homo

249 2964 333 3011 est
371 2966 652 3025 mortuus,
706 2964 762 3012 et
793 2959 971 3011 Deum
1002 2974 1132 3011 eum
1170 2957 1451 3011 excitavit.
1488 2958 1601 3010 Hoc
1632 2957 1716 3009 illi
1749 2958 1945 3009 dicunt

2054 507 2180 543 mus
2210 506 2340 543 cum
2373 492 2535 543 Patre
2580 495 2636 543 et
2685 490 2904 559 Spiritu
2935 495 3123 543 sancto
3163 492 3343 544 Deum
3372 508 3385 544 :
3424 507 3546 544 non
3580 491 3765 543 nomi-

2052 595 2206 643 nem,
2241 584 2502 648 quartam
2526 578 2953 631 introducentes
2984 594 3312 648 personam,
3348 579 3448 633 sed
3477 595 3623 632 cum
3647 578 3767 646 ipsa

2053 684 2223 721 carne
2254 666 2484 737 propria
2524 683 2703 719 unum
2736 668 3043 720 adoremus
3074 667 3358 722 Christum
3407 669 3633 722 Filium
3677 669 3765 721 Dei

2058 758 2233 810 Deum
2275 754 2436 823 juxta
2487 754 2757 823 Ephesini
2808 753 3033 807 concilii
3083 770 3229 807 verae
3277 754 3415 808 fidei
3449 755 3766 808 documen-

2054 849 2198 910 tum,
2231 843 2385 913 quod
2415 850 2435 876 ε
2468 842 2577 894 ait:
2610 842 2885 894 Cavemus
2915 846 3105 894 autem
3137 843 3204 894 de
3250 842 3478 896 Christo
3526 843 3763 896 dicere:

2052 933 2292 1000 Propter
2338 930 2731 983 adsumentem
2778 929 2952 982 adoro
2984 929 3372 999 adsumptum,
3420 936 3477 983 et
3523 936 3768 1001 propter

2054 1019 2401 1073 invisibilem
2433 1018 2604 1071 adoro
2644 1017 2947 1072 visibilem.
2995 1018 3355 1072 Horrendum
3406 1036 3548 1072 varo
3595 1036 3767 1089 super

2054 1111 2160 1163 hoc
2190 1110 2362 1163 etiam
2408 1109 2549 1162 illud
2582 1109 2769 1162 dicere
2796 1126 2808 1163 :
2858 1110 2910 1161 Is
2941 1109 3038 1179 qui
3072 1114 3369 1179 susceptus
3410 1115 3496 1163 est
3528 1127 3674 1163 cum
3705 1128 3766 1162 ea

2055 1199 2154 1268 qui
2181 1199 2432 1267 suscepit
2460 1214 2573 1249 non
2606 1201 2969 1265 nuncupatur
3002 1198 3167 1250 Deus.
3202 1197 3307 1260 Qui
3335 1199 3490 1252 enim
3528 1198 3665 1251 hac
3695 1198 3769 1251 di-

2053 1286 2176 1353 cit,
2209 1285 2410 1340 dividit
2459 1285 2665 1338 iterum
2706 1284 2766 1337 in
2798 1285 2942 1338 duos
2999 1284 3237 1337 christos
3290 1302 3420 1338 eum
3464 1286 3574 1356 qui
3624 1302 3769 1339 unus

2055 1380 2159 1440 est,
2192 1374 2481 1428 hominem
2515 1390 2771 1426 seorsum
2803 1373 2864 1425 in
2896 1380 3141 1443 partem,
3176 1378 3230 1426 et
3270 1375 3452 1427 Deum
3487 1374 3770 1427 similiter

2056 1465 2116 1517 in
2142 1470 2301 1533 parte
2333 1462 2705 1515 constituens.
2758 1462 3061 1515 Evidenter
3091 1462 3245 1515 enim
3289 1462 3539 1532 denegat
3576 1464 3769 1515 unita-

2053 1557 2193 1617 tem,
2226 1552 2538 1605 secundum
2575 1567 2745 1620 quam
2779 1567 2897 1603 non
2929 1552 3075 1604 alter
3105 1567 3235 1604 cum
3269 1552 3443 1604 altero
3477 1552 3772 1605 coadora-

2054 1644 2169 1706 tur,
2214 1645 2313 1694 aut
2359 1643 2744 1709 nuncupatur,
2779 1640 2877 1692 sed
2923 1655 3069 1692 unus
3115 1639 3461 1709 intelligitur
3501 1640 3767 1694 Christus

2055 1732 2234 1795 .lesus,
2268 1729 2442 1783 Filius
2478 1729 2578 1782 Dei
2609 1728 2963 1797 unigenitus,
2999 1744 3114 1782 una
3152 1729 3424 1783 servitute
3461 1746 3601 1783 cum
3637 1747 3765 1800 pro-

2054 1819 2182 1888 pria
2213 1834 2379 1871 carne
2409 1817 2767 1871 venerandus
2800 1818 2838 1868 τ.
2869 1838 2896 1866 ››

2126 1952 2175 2003 8.
2207 1950 2344 2003 Item
2360 1948 2748 2001 sanctissimus
2772 1947 3162 2017 Augustinus:
3194 1951 3399 2003 «Idem
3421 1950 3536 2003 sibi
3564 1956 3766 2003 auctor

2056 2042 2113 2091 et
2143 2053 2289 2106 opus
2319 2044 2420 2090 est.
2470 2036 2611 2100 Quia
2643 2036 2776 2090 fecit
2804 2053 3032 2090 carnem
3063 2038 3118 2089 in
3152 2044 3314 2090 utero
3350 2038 3634 2108 Virginis,
3668 2042 3762 2092 ad-

2056 2131 2142 2178 est
2172 2130 2370 2178 auctor
2419 2125 2629 2195 operis.
2675 2125 2820 2189 Quia
2868 2126 2989 2195 ipse
3038 2126 3098 2178 in
3143 2127 3248 2179 hac
3294 2128 3451 2179 nasci
3490 2128 3766 2197 dignatus

2055 2218 2160 2275 est,
2190 2213 2346 2266 adest
2367 2229 2511 2281 opus
2533 2213 2803 2281 auctoris,
2830 2213 2929 2283 qui
2963 2219 3022 2266 ut
3052 2214 3279 2267 inlocali
3307 2219 3465 2267 motu
3490 2229 3521 2269 ε
3551 2216 3625 2267 ad
3646 2232 3764 2268 ma-

2054 2308 2200 2356 trem
2236 2303 2482 2365 venieus,
2531 2302 2811 2356 inelfabili
2862 2304 3121 2372 potentia
3162 2309 3388 2356 uterum
3426 2305 3637 2357 matris
3681 2306 3766 2373 gi-

2054 2392 2318 2460 gnendus
2364 2390 2661 2459 implevit:
2723 2396 2780 2444 et
2838 2391 2991 2460 quod
3048 2396 3232 2444 totum
3292 2397 3376 2444 est
3424 2392 3765 2445 substantia

2055 2479 2415 2550 plenitudine
2448 2496 2563 2533 nun
2596 2479 2859 2548 privavit.
2904 2480 2988 2533 Ita
3032 2495 3169 2548 ergo
3202 2495 3316 2532 uno
3348 2485 3526 2551 atque
3558 2482 3765 2533 eodem

2054 2575 2314 2639 tempore
2359 2574 2509 2621 totus
2564 2568 2624 2621 in
2680 2568 2925 2633 inferno,
2973 2574 3123 2621 totus
3174 2570 3230 2621 in
3265 2570 3443 2623 coelo:
3488 2570 3612 2622 illic
3665 2587 3764 2639 pa-

2055 2659 2201 2712 tiens
2250 2658 2521 2728 injuriam
2571 2658 2777 2723 carnis,
2835 2658 2925 2711 hic
2970 2674 3084 2710 non
3135 2659 3465 2728 relinquens
3509 2661 3763 2729 gloriam

2057 2748 2297 2801 deitatis.
2333 2748 2463 2800 Erat
2494 2747 2741 2817 denique
2784 2748 2935 2816 apud
2966 2747 3179 2800 inferos
3212 2748 3559 2800 resurrectio
3607 2764 3765 2800 mor-

2055 2841 2308 2898 tuorum,
2352 2840 2471 2887 erat
2502 2851 2674 2905 super
2702 2836 2876 2888 caelos
2904 2835 3016 2888 vita
3047 2836 3398 2888 viventium:
3434 2851 3571 2888 vere
3611 2852 3763 2888 mor-

2055 2928 2207 2985 tuus,
2250 2940 2380 2976 vere
2412 2923 2594 2989 vivus,
2640 2924 2701 2976 in
2747 2939 2861 2993 quo
2903 2928 2958 2977 et
3000 2928 3243 2977 mortem
3274 2924 3565 2994 susceptio
3609 2941 3766 2977 mor-

249 3046 349 3116 qui
379 3012 693 3099 secundu'm
729 3062 959 3100 carnem
992 3062 1125 3100 eum
1170 3047 1485 3116 pradicant
1526 3045 1857 3114 adoptivum
1893 3050 1947 3098 et
1986 3031 2025 3086 ο
2054 3013 2289 3066 talitatis
2321 3013 2557 3080 accepit,
2594 3017 2652 3064 et
2672 3013 2844 3065 vitam
2879 3012 3193 3066 divinitatis
3219 3018 3442 3066 servata
3474 3030 3595 3066 non
3630 3030 3766 3082 per-

250 3134 564 3187 secundum
596 3133 951 3187 divinitatem
982 3135 1307 3203 proprium.
1345 3156 1365 3181 ι

321 3223 372 3275 6.
416 3222 553 3274 Item
578 3228 805 3274 sanctus
835 3222 1170 3291 Fulgentius
1198 3225 1258 3274 in
1291 3221 1432 3274 libro
1455 3222 1524 3275 ad
1546 3223 1776 3274 Petrum
1803 3222 1948 3275 dire-

251 3315 377 3364 cto:
415 3331 436 3357 ι
477 3312 551 3364 Ex
586 3316 770 3378 utero,
801 3311 1009 3381 inquit,
1050 3312 1249 3364 matris
1279 3312 1430 3364 idem
1473 3313 1622 3364 Deus
1662 3311 1832 3365 homo
1861 3313 1943 3365 fa-

251 3403 372 3452 ctus
406 3399 594 3464 exivit,
646 3404 703 3453 et
741 3398 799 3452 in
846 3415 1012 3453 cruce
1054 3400 1207 3452 idem
1250 3400 1397 3455 Deus
1428 3399 1601 3453 homo
1644 3399 1824 3453 factus
1855 3417 1947 3470 pe-

251 3488 491 3558 pendit:
528 3494 581 3542 et
625 3489 682 3542 in
734 3490 993 3559 sepulcro
1040 3489 1193 3542 idem
1233 3490 1377 3542 Deus
1421 3489 1592 3541 homo
1638 3488 1819 3541 factus
1852 3489 1945 3558 ja-

252 3577 399 3631 cuit:
434 3583 490 3632 et
528 3579 598 3632 ab
629 3578 825 3631 inferis
867 3578 1017 3632 idem
1068 3579 1215 3632 Deus
1246 3580 1420 3631 homo
1452 3579 1631 3631 factus
1660 3578 1750 3630 die
1780 3578 1949 3631 tertia

252 3667 596 3720 resurrexit:
649 3668 745 3721 sed
794 3667 855 3720 in
908 3668 1170 3737 sepulcro
1221 3667 1538 3721 secundum
1581 3682 1811 3719 carnem
1864 3683 1948 3719 so-

250 3756 366 3810 lam
412 3756 563 3811 idem
611 3758 757 3811 Deus
789 3758 1007 3827 jacuit:
1045 3757 1187 3810 etin
1238 3756 1525 3809 infernum
1575 3764 1595 3789 ο
1630 3755 1946 3809 secundum

253 3846 432 3899 solam
482 3846 733 3899 animam
767 3846 1074 3907 descendit,
1118 3862 1231 3916 qua
1277 3846 1345 3898 de
1378 3845 1575 3898 inferis
1615 3846 1683 3897 ad
1715 3860 1945 3897 carnem

253 3934 345 3987 die
374 3933 544 3988 tertio
598 3940 938 4003 revertente,
980 3935 1134 3988 idem
1173 3936 1316 3988 Deus
1347 3934 1658 3987 secundum
1692 3949 1941 4001 carnem,

254 4038 366 4092 qua
396 4022 455 4075 in
503 4023 766 4091 sepulcro
800 4023 995 4092 iacuit,
1040 4022 1384 4076 resurrexit:
1417 4028 1473 4075 et
1502 4021 1944 4091 quadragesimo

254 4115 382 4180 post
412 4112 885 4163 resurrectionem
937 4111 1026 4164 die
1068 4111 1218 4163 idem
1271 4113 1416 4165 Deus
1458 4110 1628 4162 homo
1665 4110 1843 4163 factus
1886 4110 1946 4163 in

254 4199 459 4251 caelum
495 4198 824 4262 ascendens,
873 4198 930 4249 in
964 4198 1193 4251 dextera
1236 4197 1337 4250 Dei
1368 4197 1589 4263 sedens,
1620 4197 1754 4250 inde
1780 4198 1838 4249 in
1872 4197 1945 4250 fi-

254 4300 389 4338 nem
421 4284 617 4338 saeculi
665 4285 734 4338 ad
778 4284 1123 4354 judicandos
1174 4285 1329 4339 vivos
1360 4291 1414 4338 et
1452 4290 1708 4338 mortuos
1738 4291 1945 4338 ventu—

253 4389 368 4426 rus.
404 4393 430 4422 ι)

324 4467 377 4516 7.
421 4465 559 4518 Item
611 4462 871 4533 superius
919 4466 1281 4531 nuncupatus
1330 4461 1662 4515 Libaueusis
1704 4464 1944 4516 Beatus:

257 4573 284 4600 «
318 4551 478 4616 Quod
528 4550 573 4604 si
622 4552 901 4605 discutere
933 4551 1199 4616 volueris,
1234 4558 1288 4604 et
1328 4550 1609 4603 rationem
1649 4550 1717 4603 de
1752 4552 1863 4604 Deo
1895 4556 1951 4604 et

253 4641 486 4695 homine
520 4641 706 4694 facere
735 4639 1188 4711 praesumpseris,
1220 4640 1492 4692 continuo
1525 4639 1793 4708 laqueum
1826 4654 1951 4707 per-

255 4730 486 4783 ditionis
508 4730 893 4800 immergeris.
922 4730 1049 4783 Non
1069 4729 1096 4770 d
1118 4744 1254 4798 ergo
1277 4727 1549 4781 debemus
1574 4727 1763 4780 dicere
1784 4727 1950 4780 illum

322 4881 347 4905 ⁸
378 4871 539 4940 Apud
590 4870 855 4926 Ambros.
906 4886 1081 4940 super
1125 4870 1333 4923 Lucam
1372 4868 1469 4923 lib.
1517 4885 1568 4933 x,
1601 4884 1647 4923 c.
1698 4871 1803 4923 24:
1860 4870 1950 4925 Sic

255 4944 395 4995 enim
427 4943 591 4995 habes
610 4943 762 4995 alibi.

324 5015 348 5054 ι)
377 5014 544 5067 Deest
571 5028 677 5066 non
708 5013 765 5065 in
795 5010 1183 5065 editionihus:
1237 5012 1333 5065 sed
1365 5010 1652 5064 defectum
1687 5011 1757 5065 ad
1788 5027 1948 5065 oram

295 5084 478 5151 aginte
508 5088 889 5153 praenotatum
937 5083 1194 5136 invenies
1227 5088 1382 5136 tomo
1415 5082 1505 5146 IV,
1539 5088 1681 5151 part.
1717 5099 1770 5145 Il,
1807 5082 1946 5136 Bibl.

301 5158 511 5218 atrum,
544 5154 650 5206 col.
682 5156 804 5219 523,
840 5154 977 5206 edit.
1009 5156 1088 5221 4ο,
1126 5154 1304 5208 Paris.
1346 5154 1499 5207 1624.

324 5232 345 5256 ο
376 5224 493 5281 M3,.
528 5226 587 5277 in
633 5227 867 5290 inferno.
905 5224 1165 5297 Fulgent.
1205 5226 1285 5280 De
1316 5225 1450 5279 Fide
1498 5224 1567 5278 ad
1610 5225 1782 5292 Petr.,
1815 5241 1862 5278 c.
1894 5228 1946 5292 2,

253 5297 313 5347 in
343 5298 639 5357 infernum.

324 5362 351 5401 ἀ
379 5365 687 5431 Editiones,
722 5380 819 5419 nos
846 5381 989 5435 ergo.

327 5445 349 5471 ο
380 5436 475 5489 Ms.
488 5478 500 5501 ,
527 5438 639 5503 qui.

331 5507 347 5541 ί
379 5508 453 5580 Es
490 5506 587 5560 lib.
619 5524 656 5572 ι,
691 5507 845 5561 Beati
869 5513 1067 5563 contra
1100 5510 1458 5580 Elipandum.

333 5592 360 5632 ς
391 5578 453 5632 ld
484 5583 567 5632 est
618 5594 726 5633 non
776 5580 937 5635 locati
989 5587 1155 5647 motu,
1184 5578 1255 5635 ut
1298 5580 1507 5635 dicitur
1536 5578 1595 5634 iu
1627 5579 1771 5635 libro
1798 5579 1950 5650 apud

2054 3101 2214 3155 didit.
2254 3103 2313 3155 In
2345 3118 2456 3171 quo
2497 3102 2633 3154 dum
2678 3101 2973 3154 humilitas
3018 3101 3277 3171 patienti,
3316 3101 3551 3154 facienti
3588 3104 3765 3155 virtus

2056 3190 2386 3254 ascribitur;
2420 3189 2572 3243 idem
2601 3189 2857 3243 Christus
2885 3207 3000 3242 uno
3023 3196 3195 3259 atque
3227 3191 3429 3243 eodem
3466 3196 3763 3259 tempore,

2053 3295 2171 3332 uno
2205 3284 2374 3349 atque
2417 3279 2621 3331 eodem
2670 3295 2866 3348 opere,
2898 3294 3025 3331 cum
3062 3280 3273 3348 patitur
3304 3279 3601 3344 inﬁrmus,
3637 3294 3766 3331 cum

2054 3367 2187 3421 facit
2216 3368 2584 3436 omnipotens
2633 3368 2954 3421 doceturh:
2993 3386 3020 3416 »
3074 3367 3178 3429 Qui
3229 3372 3504 3436 utrasque
3555 3383 3765 3436 opera-

2053 3457 2241 3510 tiones
2270 3457 2356 3509 vel
2386 3457 2709 3509 voluntates
2739 3471 2938 3507 sensus
2965 3460 3137 3525 atque
3172 3455 3489 3523 sapientius
3522 3462 3628 3508 aut
3666 3472 3762 3507 na-

2056 3550 2213 3599 turas
2240 3544 2551 3598 divinitatis
2584 3561 2649 3597 ac
2678 3544 3056 3597 humanitatis
3088 3543 3414 3596 inconfusas
3442 3550 3500 3596 et
3531 3543 3764 3612 insepa-

2054 3633 2289 3698 rabiles,
2320 3634 2381 3686 in
2419 3633 2651 3686 unitatis
2677 3650 2779 3685 sua
2804 3649 3053 3702 persona
3078 3634 3157 3686 ita
3186 3633 3387 3697 univit,
3421 3637 3485 3686 ut
3514 3633 3767 3685 invicem

2054 3723 2124 3776 ab
2156 3722 2432 3775 alterutro
2472 3722 2661 3776 divelli
2692 3737 2807 3774 non
2841 3722 3077 3791 possint,
3112 3722 3257 3773 sicut
3277 3720 3646 3774 admirabilis
3683 3722 3765 3773 in-

2055 3811 2181 3881 quit
2211 3810 2474 3880 Cyrillus.
2510 3810 2771 3879 Undique
2804 3810 2982 3878 igitur
3012 3809 3371 3862 inconfusum
3403 3813 3580 3880 atque
3614 3810 3762 3863 indi-

2054 3900 2239 3951 visum
2270 3899 2441 3951 celeri
2474 3914 2607 3951 voce
2647 3900 2926 3951 instanter
2955 3898 3299 3967 proferimus
3330 3913 3515 3950 unum
3551 3905 3762 3951 sancta!

2054 3986 2349 4039 Trinitatis
2401 3992 2457 4039 et
2483 3992 2612 4055 post
2642 3986 3118 4054 gincarnationem
3152 3986 3460 4039 Dominum
3494 3994 3761 4040 nostrum

2053 4076 2242 4128 Iesum
2311 4075 2596 4130 Christum
2660 4091 2856 4128 verum
2905 4077 3083 4129 Deum
3131 4080 3386 4128 nostrum
3436 4076 3759 4129 credentes.

2126 4201 2177 4253 9.
2225 4200 2366 4252 Item
2411 4198 2531 4269 jam
2581 4198 2757 4252 dictus
2807 4199 3074 4268 egregius
3123 4198 3320 4252 doctor
3369 4199 3756 4267 Fulgentius:

2058 4308 2087 4340 α
2121 4288 2209 4341 Sic
2252 4288 2404 4341 enim
2457 4288 2515 4341 in
2562 4288 2781 4341 unitate
2828 4305 3082 4358 persona:
3133 4294 3393 4341 naturam
3447 4295 3762 4360 utramque

2057 4376 2314 4431 Christus
2368 4376 2666 4446 conjunxit
2721 4377 3197 4430 indissolubiliter
3243 4382 3298 4429 et
3354 4377 3540 4429 univit
3584 4383 3649 4430 ut
3706 4379 3762 4431 iu

2059 4482 2173 4518 una
2204 4482 2449 4536 persona
2480 4465 2761 4536 unigeniti
2812 4466 2908 4519 Dei
2955 4482 3059 4518 nec
3086 4466 3349 4519 divinitas
3381 4466 3450 4518 ab
3483 4465 3761 4520 humani-

2057 4560 2172 4609 tate
2200 4572 2321 4620 sua,
2372 4571 2477 4608 nec
2517 4555 2846 4608 humanitas
2891 4572 2924 4607 a
2953 4571 3055 4607 sua
3101 4554 3283 4624 possit
3325 4554 3627 4607 divinitate
3676 4571 3761 4609 se-

2052 4642 2242 4713 jungi.
2272 4642 2689 4697 Indissolubilis
2729 4643 2944 4713 quippe
2981 4642 3127 4695 facta
3160 4647 3243 4696 est
3285 4642 3450 4694 Verbi
3484 4647 3540 4694 et
3570 4644 3763 4696 carnis

2057 4731 2266 4799 unitio,
2299 4732 2530 4801 quando
2564 4731 2813 4784 Verbum
2843 4732 2855 4765 ί
2880 4731 3090 4784 factum
3134 4735 3217 4784 est
3247 4746 3397 4796 caro,
3428 4730 3489 4783 in
3520 4747 3639 4801 quo
3687 4732 3765 4783 sic

2060 4872 2447 4941 Augustinum
2482 4888 2611 4926 mox
2657 4873 2906 4938 citando,
2940 4890 3005 4927 ex
3037 4890 3149 4943 quo
3178 4874 3452 4927 nonnulla
3484 4875 3760 4928 emenda-

2059 4946 2266 5010 vimus,
2320 4961 2528 5012 nempe
2570 4945 2958 5011 gignendus...
3008 4945 3417 5012 plenitudine...
3465 4952 3756 4998 sev-cata...

2052 5017 2311 5083 patienti,
2355 5017 2602 5083 facienti,
2646 5016 2741 5068 ubi
2778 5032 2883 5068 ms.
2916 5016 3184 5083 gignendo
3214 5017 3421 5069 habet:
3465 5017 3764 5084 plenitudi-

2058 5100 2244 5138 nem...
2278 5091 2616 5139 servatam...
2649 5089 2973 5155 patientis...
3006 5089 3284 5152 facientis.

2130 5158 2157 5198 ιι
2222 5158 2392 5209 Paulo
2449 5154 2830 5226 latius’apud
2885 5161 3028 5225 Aug.
3092 5156 3213 5209 hinc
3270 5154 3439 5209 verba
3490 5156 3551 5209 in
3608 5161 3755 5227 App.

2060 5230 2199 5279 tom.
2258 5228 2378 5281 Vlll
2435 5229 2648 5280 noviss.
2681 5229 2819 5283 edit.
2857 5228 3060 5287 Paris,
3096 5243 3225 5298 cap.
3286 5228 3350 5280 li
3383 5227 3511 5279 libri
3564 5230 3761 5282 Contra

2058 5298 2319 5351 Feiician.
2369 5300 2669 5366 Arianum,
2721 5316 2789 5352 ex
2837 5315 2952 5368 quo
2983 5305 3219 5364 servata,
3268 5300 3507 5367 patienti
3534 5301 3762 5364 facienti

2060 5370 2344 5437 restituta,
2393 5369 2492 5423 ubi
2539 5385 2652 5423 ms.
2702 5376 2975 5424 servatam
3004 5370 3195 5434 habet,
3234 5371 3521 5439 patientis,
3572 5378 3631 5423 et
3671 5374 3757 5436 fa-

2058 5440 2267 5493 cientis.

2135 5508 2147 5542 ί
2178 5510 2301 5576 Ms,
2333 5511 2511 5565 verbo.
