3860 6262
68 359 173 408 il?

1660 358 2013 413 EPISTOLA'Z
2027 398 2042 414 .

3503 365 3607 417 418

54 497 402 562 permansit
454 496 731 549 naturalis
778 497 982 561 unitas,
1038 501 1103 548 ut
1139 500 1331 549 tamen
1362 496 1637 549 naturalis
1690 498 1792 547 ne‘c
1830 499 1874 548 Α
1905 495 2083 549 rando
2115 496 2305 549 taliter
2334 495 2500 548 dicit:
2532 516 2558 543 ‹‹
2592 496 2713 565 lpse
2770 496 3018 550 Verbum
3067 498 3246 551 Patris
3292 515 3393 569 per
3420 515 3592 570 quem

56 582 255 637 dividi
290 601 399 637 nec
424 585 701 638 confundi
737 590 928 654 posset
957 585 1291 654 proprietas.
1327 605 1352 632 ι

144 674 234 725 10.
274 674 420 725 ltem
454 677 679 725 sanctus
729 673 1107 726 Athanasius:
1155 692 1181 721 α
1218 673 1569 725 Conlitemur
1598 672 1786 740 ipsum

54 775 195 811 esse
232 762 447 814 Filium
484 760 583 813 Dei
614 767 670 813 et
706 762 883 813 Deum
938 760 1249 812 secundum
1296 760 1596 829 Spiritum,
1630 766 1687 812 et
1716 760 1788 813 fi-

54 848 217 901 lium
260 848 523 902 hominis
563 849 876 902 secundum
918 864 1147 901 carnem
1176 864 1188 912 ;
1216 864 1331 900 non
1361 848 1501 900 duas
1531 853 1785 907 naturas,

56 952 254 989 unam
312 937 666 989 adorandam
716 936 1038 988 etalteram
1103 951 1219 988 non
1267 935 1636 1001 adorandam,
1690 935 1787 989 sed

57 1041 255 1077 unam
290 1032 562 1079 naturam
592 1024 761 1078 Verbi
792 1025 1168 1089 incarnatam,
1194 1028 1247 1090 et
1276 1024 1622 1077 ador-audam
1657 1040 1785 1077 cum

59 1114 321 1182 propria
356 1114 479 1184 ejus
528 1130 698 1166 carne
750 1129 859 1165 una
892 1112 1259 1165 veneratione
1287 1129 1298 1165 :
1332 1129 1518 1182 neque
1549 1112 1691 1165 duos
1722 1112 1787 1165 ti-

55 1202 198 1265 lios,
260 1204 513 1257 alterum
546 1203 782 1273 quidem
816 1202 1020 1255 Filium
1059 1201 1155 1253 Dei
1194 1216 1395 1253 verum
1447 1206 1502 1253 et
1541 1201 1787 1253 adoran-

54 1289 236 1353 dum,
273 1292 527 1344 alterum
570 1307 699 1342 vero
733 1291 801 1343 de
834 1290 1006 1343 Maria
1036 1289 1228 1358 vigine
1262 1304 1375 1340 non
1409 1288 1784 1354 adorandum,

56 1377 161 1429 sed
199 1379 397 1447 gratia
431 1379 529 1432 Dei
560 1378 743 1432 filium
771 1379 980 1431 factum
1022 1377 1166 1431 sicut
1198 1378 1387 1430 creteri
1428 1376 1715 1431 homines.
1756 1396 1783 1426 ι)

142 1470 234 1519 Η.
277 1468 423 1520 Item
459 1484 526 1520 ex
582 1467 824 1520 concilio
880 1465 1198 1534 Ephesino:
1240 1486 1266 1514 ‹‹
1326 1465 1383 1520 Si
1417 1466 1545 1536 quis
1578 1466 1789 1518 audeat

57 1555 265 1608 dicere
302 1557 602 1609 hominem
648 1556 1013 1624 Theophoron,
1048 1555 1104 1607 id
1146 1560 1250 1619 est,
1298 1558 1463 1608 Deum
1506 1556 1783 1619 ferentem,

61 1660 128 1695 ac
154 1660 280 1697 non
317 1645 512 1713 potius
545 1646 721 1697 Deum
747 1644 1022 1695 veraciter
1045 1642 1246 1695 dixerit
1273 1648 1547 1711 tanquam
1582 1643 1785 1695 Filium

61 1746 172 1798 per
212 1737 487 1783 naturam
546 1731 854 1784 secundum
890 1732 1041 1800 quod
1092 1731 1337 1783 Verbum
1397 1746 1527 1782 caro
1576 1731 1785 1782 factum

61 1822 171 1883 est,
210 1825 273 1871 et
322 1820 770 1871 communicavit
816 1819 1081 1872 similiter
1114 1825 1174 1871 ut
1227 1835 1328 1871 nos
1380 1818 1533 1871 carni
1565 1824 1620 1870 et
1651 1834 1788 1870 san-

60 1907 264 1975 guini,
320 1907 632 1959 anathema
680 1908 770 1959 sit.
823 1908 880 1961 Si
922 1908 1049 1978 quis
1104 1908 1239 1959 dicit
1298 1909 1475 1961 Deum
1526 1925 1644 1960 esse
1702 1907 1787 1959 vel

66 1996 397 2047 Dominum
435 1996 640 2048 Christi
689 1996 787 2048 Dei
836 1996 1019 2048 Patris
1066 1997 1333 2060 Verbum,
1371 2001 1425 2047 et
1459 2012 1573 2048 non
1607 1996 1789 2065 magis

64 2083 349 2136 eumdem
384 2083 573 2152 ipsum
609 2084 915 2136 confitetur
963 2085 1140 2135 Deum
1172 2083 1341 2135 simul
1370 2088 1427 2135 et
1470 2083 1786 2147 hominem,

67 2177 391 2241 propterea
438 2172 592 2242 quod
642 2171 886 2224 Verbum
921 2188 1050 2224 caro
1099 2172 1310 2223 factum
1361 2177 1446 2223 est
1476 2173 1787 2224 secundum

67 2262 424 2329 Scripturas,
478 2261 785 2313 anathema
836 2261 922 2313 sit.
984 2261 1038 2313 Si
1097 2260 1223 2329 quis
1279 2261 1433 2313 velut
1492 2261 1788 2314 hominem

64 2349 270 2401 Iesum
325 2350 725 2417 operationem
761 2349 873 2401 .Dei
928 2348 1094 2401 Verbi
1147 2347 1285 2401 dicit
1342 2349 1694 2417 adjunctum,
1737 2351 1791 2400 et

72 2438 376 2507 L‘nigeniti
411 2438 651 2506 gloriam
686 2442 957 2507 tanquam
1000 2438 1164 2490 alteri
1211 2442 1419 2506 praeter
1450 2438 1635 2506 ipsum
1671 2436 1789 2490 exi-

68 2527 252 2579 stenti
290 2526 514 2592 tribuit,
573 2526 876 2579 anathema
903 2527 990 2578 sit.
1043 2525 1101 2578 Si
1152 2526 1279 2595 quis
1321 2541 1435 2578 non
1488 2526 1791 2579 conlitetur

69 2632 315 2668 carnem
379 2616 606 2668 Domini
650 2614 1071 2667 viviﬁcatricem
1122 2631 1265 2676 esse,
1298 2620 1351 2667 et
1381 2614 1674 2683 propriam
1704 2615 1789 2684 ip-

72 2705 191 2756 sius
231 2704 405 2755 Verbi
458 2704 556 2756 Dei
608 2705 807 2771 Patris,
859 2705 955 2757 sed
1010 2704 1165 2755 velut
1205 2703 1434 2755 alterius
1467 2709 1673 2772 printer
1704 2703 1789 2772 ip-

74 2810 202 2845 sum
273 2793 567 2861 conjuncti
617 2792 803 2845 eidem
837 2808 937 2861 per
969 2792 1327 2861 dignitatem,
1377 2798 1475 2843 aut
1507 2791 1671 2861 quasi
1704 2792 1788 2844 di-

76 2882 277 2933 vinam
335 2879 751 2932 habitationem
818 2880 1099 2945 habentis,
1162 2897 1226 2933 ac
1285 2897 1401 2933 non
1460 2880 1673 2949 potius,
1732 2884 1793 2932 ut

78 2969 358 3033 diximus,
403 2968 822 3021 viviticatricem
856 2985 997 3029 esse,
1030 2968 1167 3038 quia
1214 2968 1361 3021 facta
1416 2974 1500 3020 est
1558 2968 1791 3037 propria

78 3058 246 3109 Verbi
280 3061 485 3109 cuncta
517 3056 802 3109 vivificare
826 3057 1084 3123 valentis,
1114 3057 1420 3109 anathema
1451 3056 1539 3108 sit.
1580 3078 1605 3103 ››

156 3146 242 3195 12.
284 3143 423 3195 Item
467 3143 666 3196 beatus
712 3143 1130 3213 Hieronymus:
1164 3162 1189 3193 ‹‹
1232 3142 1527 3206 Quomodo
1557 3142 1788 3212 quidem

86 3232 129 3283 is
161 3232 267 3301 qui
332 3231 649 3284 secundum
706 3248 936 3284 carnem
987 3232 1167 3284 factus
1199 3232 1407 3284 dicitur
1453 3248 1516 3285 cx
1572 3231 1789 3283 semine

86 3320 259 3373 David
295 3320 470 3372 Filius
514 3320 611 3372 Dei
642 3320 714 3372 sit
760 3320 922 3372 Jesus
968 3337 1033 3373 ex
1085 3320 1497 3373 resurrectione
1531 3325 1787 3371 mortuo-

83 3424 211 3461 rum
246 3409 433 3477 (Rom.
474 3409 536 3475 ι),
574 3408 801 3461 difﬁcile
840 3425 955 3461 non
984 3415 1069 3461 est
1099 3409 1392 3461 advertere
1425 3408 1476 3461 ei
1510 3407 1608 3477 qui
1635 3407 1788 3476 lege-

82 3497 157 3548 rit
188 3497 333 3549 illud
388 3498 538 3566 quod
584 3497 857 3566 scriptum
911 3502 1031 3549 est:
1064 3498 1288 3550 Decebat
1340 3499 1481 3549 cnim
1527 3511 1645 3548 eum
1691 3509 1790 3564 per

85 3601 238 3651 quem
301 3588 504 3650 omnia,
538 3591 587 3638 et
621 3588 677 3637 in
713 3600 815 3653 quo
856 3586 1057 3654 omnia,
1090 3586 1284 3639 mullos
1305 3584 1448 3653 ﬁlios
1471 3587 1528 3637 in
1559 3585 1790 3652 gloriam

85 3674 443 3727 adducentem
488 3681 757 3727 auctorem
812 3675 1008 3727 salutis
1078 3689 1258 3727 eorum
1312 3691 1412 3743 per
1485 3676 1789 3742 passionem

86 3766 454 3816 consummari
483 3762 670 3831 (Hebr.
698 3764 780 3833 ιι).
818 3763 969 3815 Finis
993 3767 1183 3815 autem
1216 3762 1549 3832 passionum
1584 3760 1789 3815 Christi

87 3854 431 3906 resurrectio
482 3858 586 3919 est,
640 3858 697 3905 et
760 3853 895 3923 quia
946 3854 1422 3905 resurrectionem
1472 3854 1624 3905 ultra
1668 3853 1789 3921 jam

89 3958 187 3994 non
241 3944 502 4006 moritur,
563 3956 655 3995 nec
704 3956 845 3994 mors
887 3941 972 3993 illi
1026 3942 1171 3994 ultra
1207 3941 1577 3994 dominabitur
1613 3943 1784 4009 (Rom.

92 4034 180 4099 vi).
216 4032 280 4084 Et
338 4031 551 4083 iterum
602 4030 851 4083 dicitur:
903 4030 1038 4099 quia
1085 4029 1189 4082 etsi
1245 4030 1582 4099 agnovimus
1630 4030 1788 4083 Chri-

90 4125 235 4171 stum
270 4118 588 4171 secundum
618 4134 866 4183 carnem,
901 4118 996 4171 sed
1023 4118 1307 4187 nuncjam
1338 4133 1452 4170 non
1484 4118 1788 4185 novimus;

93 4208 215 4259 ideo
246 4223 421 4259 omne
474 4206 625 4275 quod
689 4209 771 4259 est
798 4207 857 4258 in
909 4206 1150 4272 Christo,
1193 4207 1314 4275 jam
1352 4205 1524 4258 Filius
1552 4206 1650 4259 Dei
1681 4212 1784 4259 est.

92 4296 386 4358 Quomodo
428 4301 621 4347 autem
656 4295 723 4348 ad
752 4312 884 4348 eum
916 4296 1014 4365 qui
1038 4295 1214 4349 Filius
1246 4294 1345 4347 Dei
1377 4299 1458 4346 est
1491 4295 1549 4347 in
1582 4294 1786 4346 virtute

95 4386 410 4438 destinatus
436 4384 736 4450 referatur,
764 4389 1013 4437 coarctat
1042 4374 1485 4453 intelligentiam
1520 4388 1787 4449 vestram,

96 4474 197 4527 nisi
221 4474 373 4544 quod
403 4489 508 4542 per
537 4473 986 4526 indissolubilem
1014 4473 1291 4525 unitatem
1324 4471 1487 4524 Verbi
1524 4477 1578 4524 et
1606 4471 1790 4524 carnis

97 4565 283 4615 omnia
315 4578 447 4632 quae
477 4562 664 4614 carnis
694 4566 825 4614 sunt
872 4560 1233 4613 ascribuntur
1281 4565 1335 4612 et
1367 4559 1569 4624 Verbo,
1617 4576 1788 4629 quam

97 4656 145 4701 et
176 4666 303 4720 quae
337 4650 503 4702 Verbi
541 4654 673 4700 sunt
704 4648 1089 4718 praedicantur
1118 4648 1176 4701 in
1212 4664 1401 4701 carne.
1434 4649 1624 4701 Jesum
1660 4663 1789 4700 vero

100 4744 147 4791 et
176 4737 469 4793 Christum
502 4742 559 4789 et
588 4736 894 4790 Dominum
922 4737 1244 4790 invenimus
1284 4753 1434 4806 srepe
1466 4736 1531 4789 ad
1568 4742 1791 4789 utram-

100 4841 200 4895 que
251 4834 519 4879 naturam
575 4825 793 4889 referri,
850 4830 910 4878 ut
952 4830 1036 4877 est
1088 4825 1274 4877 illud:
1328 4826 1473 4877 Unus
1537 4828 1791 4878 Dominus

98 4916 237 4969 Iesus
265 4916 516 4970 Christus
548 4929 644 4982 per
686 4930 841 4982 quem
897 4915 1076 4967 omnia
1110 4916 1149 4982 (l
1201 4914 1318 4968 Cor.
1381 4918 1525 4981 vui).
1594 4914 1657 4966 Et
1686 4914 1793 4965 ite-

99 5020 216 5056 rum
248 5021 260 5058 :
295 5005 356 5059 Si
393 5006 539 5056 enim
570 5006 933 5069 agnovissent,
966 5018 1246 5070 nunquam
1284 5004 1573 5054 Dominum
1604 5002 1791 5068 gloriae

101 5093 493 5162 cruciﬁxissent
525 5093 576 5158 (1
604 5094 722 5147 Cor.
754 5091 838 5160 ιι).
886 5113 907 5140 ι

168 5184 247 5235 l3.
283 5181 442 5234 Unde
473 5183 529 5232 et
559 5184 750 5233 noster
780 5196 932 5233 nunc
977 5179 1178 5233 doctor
1227 5178 1555 5231 Vincentius
1588 5177 1793 5247 implo-

166 5346 187 5369 ⁸
222 5338 496 5407 Legerem
556 5337 889 5391 coronandos
945 5353 1035 5391 ros
1093 5338 1345 5391 suscitet:
1400 5351 1529 5388 cum
1574 5334 1789 5405 populo

108 5424 338 5477 namque
369 5408 649 5478 loquitur,
692 5414 756 5460 ut
786 5423 853 5459 ex
876 5408 1247 5474 sequentibus
1280 5412 1538 5477 apparet.

166 5480 188 5519 δ
224 5480 341 5545 Με.,
374 5495 531 5547 quem
556 5484 679 5546 post
699 5478 981 5533 meridiem
1012 5480 1229 5532 colonis.

169 5558 185 5580 ε
222 5550 331 5603 Vox
372 5551 547 5603 dubia
582 5550 639 5602 in
674 5565 778 5601 ms.

169 5621 192 5660 ἀ
228 5620 342 5681 Ms,
368 5621 618 5673 dilectus.

1902 582 2155 637 condidit
2205 584 2414 637 sarcula
2462 586 2646 647 Pater,
2699 585 2795 653 qui
2836 591 3026 654 postea
3072 602 3173 655 pro
3214 588 3382 641 nobis
3433 588 3592 643 siluit

1900 677 2031 724 ante
2060 672 2333 741 judicem,
2366 672 2433 724 ad
2477 677 2746 725 aeternam
2782 675 3304 728 remunerationem
3334 676 3389 728 in
3440 682 3590 730 sorte

1898 766 2223 813 sanctorum
2276 759 2667 812 coronandum
2728 762 3027 813 exsuscitet
3081 770 3121 814 ³.
3201 763 3305 815 Illa
3357 764 3588 817 dextera

1899 865 2027 917 quae
2058 849 2263 901 ccelum
2314 848 2447 900 fecit
2495 853 2551 900 et
2600 853 2809 900 terram
2857 854 2913 900 et
2960 855 3089 917 post
3130 866 3160 901 a
3212 852 3392 903 Pilato
3438 854 3587 905 male

1890 937 2142 1006 judicata
2171 937 2415 990 vinculis
2461 942 2544 989 est
2578 936 2783 999 vincta,
2828 936 2949 1005 ipsa
2979 954 3076 989 vos
3108 943 3361 1007 tempore
3385 940 3586 1009 judicii

1896 1026 1955 1079 in
1987 1032 2292 1095 conspectu
2336 1030 2661 1077 sanctorum
2696 1026 2956 1094 amplexu
2993 1026 3226 1094 proprio
3251 1026 3447 1094 jubeat
3491 1045 3584 1081 co-

1898 1113 2100 1183 pulari.
2134 1114 2234 1165 Illa
2265 1113 2435 1166 facies
2481 1128 2653 1183 quam
2686 1120 2817 1181 post
2845 1112 3142 1165 meridiem
3174 1115 3411 1167 colonus
3437 1118 3460 1157 b
3492 1132 3587 1186 pa-

1896 1202 2067 1255 radisi
2117 1201 2263 1255 ferre
2295 1218 2408 1255 non
2445 1202 2730 1253 sustinens
2760 1201 2924 1269 fugit,
2961 1208 3015 1253 et
3044 1206 3172 1272 post
3220 1219 3323 1271 pro
3352 1203 3502 1256 illius
3534 1209 3590 1257 et

1896 1290 2089 1359 stirpis
2133 1290 2255 1359 ejus
2304 1289 2750 1359 transgressione
2779 1291 2957 1359 sputis
3006 1291 3077 1343 ab
3113 1291 3432 1345 infidelibus
3466 1308 3585 1344 sor-

1897 1378 2088 1432 didata
2122 1383 2223 1443 est,
2266 1378 2388 1448 ipsa
2426 1378 2579 1431 vobis
2627 1378 2764 1431 dum
2816 1380 2872 1430 in
2906 1379 3037 1448 igne
3086 1380 3307 1433 venerit
3330 1380 3587 1449 judicare

1896 1468 2191 1531 saeculum,
2227 1466 2287 1519 in
2313 1466 2739 1537 tranquillitatis
2762 1470 2816 1519 et
2838 1466 2990 1536 pacis
3022 1468 3208 1537 specie
3241 1485 3361 1521 sese
3380 1469 3585 1538 jubeat

1898 1556 2313 1608 demonstrare.
2342 1575 2364 1601 ι

1976 1644 2056 1697 li.
2094 1645 2230 1696 Ecce
2272 1659 2399 1713 qua“:
2448 1643 2515 1697 de
2564 1643 2821 1713 utrisque
2880 1644 3293 1714 quaestionibus
3338 1644 3590 1716 disputa-

1896 1737 2017 1785 tum
2054 1732 2245 1785 inveni
2292 1732 2641 1801 pedetentim
2693 1733 3021 1801 conscripsi.
3086 1733 3208 1785 Non
3258 1734 3590 1786 melioribus

1900 1820 2303 1890 prmjudicans,
2340 1821 2435 1873 sed
2496 1821 2777 1889 exquisita
2830 1837 3143 1890 exponens.
3198 1822 3459 1874 Vestrum
3508 1828 3593 1875 cst

1896 1916 2040 1962 totas
2072 1910 2381 1962 sententias
2413 1928 2445 1963 a
2477 1926 2567 1963 me
2608 1911 2698 1963 hic
2730 1910 2945 1979 positas
2995 1910 3292 1978 ventilare,
3344 1916 3399 1963 et
3433 1911 3589 1963 dein-

1896 2013 2028 2066 ceps
2069 1999 2125 2049 in
2172 1997 2267 2049 illo
2325 1998 2553 2067 penitus
2586 1998 2898 2050 ventilarec
2931 2014 3134 2068 meque
3172 2014 3282 2051 non
3311 2014 3593 2067 praesum-

1896 2090 2121 2156 ptorem
2154 2091 2441 2155 reputare,
2467 2086 2561 2139 sed
2596 2086 2900 2139 amabilem
2935 2092 2988 2139 et
3010 2088 3280 2140 dilectum
3315 2086 3383 2139 ab
3416 2086 3587 2140 hodie

1897 2175 2144 2244 amplius
2171 2174 2464 2227 extimare.
2501 2174 2668 2227 Finit.

2041 2412 2167 2450 ITEM
2222 2413 2345 2449 ALIA
2385 2412 2642 2450 EPISTOLA
2681 2412 2872 2449 JOANNI
2913 2412 3162 2449 SPALENSI
3207 2412 3446 2450 DIRECTA.

1970 2518 2201 2571 Aurelio
2233 2518 2421 2572 Flavio
2452 2520 2649 2572 JOANNI
2682 2520 2887 2571 Paulus
2916 2520 3189 2572 ALVARUS.

1975 2610 2022 2659 1.
2054 2607 2333 2659 Hactenus
2369 2607 2686 2659 amicorum
2719 2622 2875 2659 more
2915 2605 3250 2675 conscripsi,
3285 2610 3340 2659 et
3370 2609 3431 2658 ut
3462 2604 3593 2658 soli-

1897 2698 2021 2747 tum
2068 2702 2152 2747 est
2204 2695 2421 2747 dilectis
2450 2695 2476 2735 ἀ
2509 2694 2799 2747 charitatis
2825 2695 3015 2763 jacula
3042 2694 3190 2746 misi.
3219 2695 3425 2747 Verum
3463 2695 3593 2763 quia

1900 2784 2240 2852 rescriptum
2296 2783 2608 2836 dulcedinis
2666 2789 2864 2835 vestras
2923 2799 3041 2835 non
3089 2782 3300 2853 accepi,
3358 2783 3485 2835 ideo
3536 2787 3593 2835 et

1899 2886 2052 2923 nunc
2109 2877 2345 2923 conatus
2399 2887 2526 2923 sum
2594 2870 2840 2923 scribere
2899 2871 3067 2923 dure:
3129 2870 3369 2923 forsitan
3440 2870 3589 2923 vale-

1897 2958 2044 3011 bunt
2103 2959 2412 3027 impetrare
2443 2958 2613 3012 minus
2669 2959 2823 3028 quod
2855 2975 3016 3011 amor
3064 2974 3182 3011 non
3230 2959 3411 3011 valuit
3444 2959 3591 3011 obti-

1826 3060 1867 3114 C
1900 3063 2049 3101 nere.
2087 3048 2183 3100 Dic
2206 3047 2369 3115 mihi,
2404 3064 2435 3100 0
2467 3047 2767 3100 hominum
2802 3064 2946 3117 quos
2980 3063 3113 3099 arva
3153 3047 3392 3116 protulit
3423 3048 3592 3100 inhu-

1900 3152 2087 3201 mane,
2123 3152 2224 3189 cur
2254 3135 2527 3189 charitate
2564 3137 2985 3205 Scripturarum
3024 3135 3339 3188 radicatam
3375 3152 3591 3200 amore,

1899 3225 2129 3295 pigritia
2175 3226 2423 3296 quadam
2472 3242 2584 3279 non
2634 3224 2861 3279 dubitas
2908 3224 3161 3277 dissuere
3203 3240 3214 3276 :
3277 3231 3334 3277 et
3383 3224 3593 3293 episto-

1900 3314 2012 3367 lam
2043 3315 2221 3379 illam,
2255 3331 2425 3385 quam
2460 3314 2661 3367 beatus
2695 3313 3001 3383 Apostolus
3035 3312 3091 3365 in
3123 3313 3294 3365 corda
3320 3312 3594 3366 Christia-

1900 3417 2105 3454 norum
2148 3404 2319 3455 refert
2367 3402 2657 3472 scriptam,
2704 3417 2819 3454 non
2876 3401 3082 3454 metuis
3112 3399 3401 3471 leradere?
3452 3402 3593 3453 Vere

1900 3505 1929 3542 e
1977 3490 2131 3543 silice
2175 3491 2388 3543 excissa
2436 3506 2598 3560 geres
2637 3489 2973 3558 praecordia,
3034 3494 3088 3541 et
3141 3489 3395 3553 hircano,
3440 3488 3597 3556 tigri-

1901 3593 2040 3631 nove
2081 3586 2102 3612 °
2133 3579 2273 3631 lacte
2331 3579 2567 3631 nutrita.
2614 3579 2736 3631 Jam
2768 3584 2821 3630 te
2854 3594 2969 3629 non
3014 3577 3200 3629 verbis
3257 3577 3589 3639 devaccabo,

1899 3665 1994 3718 sed
2027 3665 2304 3731 fustibus;
2340 3681 2442 3717 nec
2473 3665 2768 3718 sententiis
2800 3680 2899 3733 per
2918 3670 3097 3715 artem
3130 3664 3329 3715 Donati
3373 3664 3588 3732 politis,

1899 3753 1997 3806 sed
2036 3752 2268 3806 nodosis
2300 3752 2317 3786 ί
2359 3753 2625 3805 arborum
2671 3753 2921 3805 truncis:
2975 3758 3037 3803 ut
3090 3752 3173 3803 vel
3225 3752 3393 3805 laesus
3426 3752 3594 3805 nobis

1899 3846 2149 3894 armatus
2182 3857 2468 3907 occurras,
2524 3840 2622 3911 qui
2680 3844 2905 3909 optatus
2964 3839 3120 3892 nulla
3176 3840 3302 3892 laeta
3334 3840 3591 3893 convivia

1900 3946 2085 4000 paras.
2124 3932 2186 3984 Et
2238 3948 2307 3984 ne
2362 3931 2545 3983 levem
2594 3945 2787 3982 meum
2840 3929 3269 3982 insurrectionis
3326 3929 3593 3999 dispicias

1900 4035 2152 4087 cursum,
2187 4025 2239 4072 te
2264 4020 2385 4089 jam
2417 4024 2604 4072 totum
2638 4034 2739 4088 per
2792 4017 3135 4070 acerrimum
3187 4018 3397 4070 laniem
3434 4034 3594 4071 mor-

1899 4121 2046 4158 sum.
2096 4106 2208 4159 Cur
2262 4109 2418 4158 tanta
2480 4104 2814 4157 auctoritate
2864 4102 3072 4155 mentis
3120 4102 3482 4170 distenderis,
3533 4108 3596 4157 ut

1899 4192 2130 4247 fratrem
2184 4194 2294 4246 tuis
2344 4210 2551 4246 renuas
2597 4193 2840 4245 invisere
2884 4191 3150 4260 scriptis?
3200 4192 3312 4245 Cur
3351 4192 3595 4245 elatione

1905 4284 2017 4335 Deo
2076 4283 2163 4336 vel
2205 4283 2462 4336 Ecclesia},
2512 4280 2851 4335 exsecranda
2883 4292 2913 4333 ε
2964 4280 3155 4333 fratris
3201 4280 3444 4350 despicis
3475 4281 3594 4334 elo-

1830 4374 1871 4427 D
1903 4371 2039 4439 quia
2078 4371 2303 4441 parva?
2360 4372 2467 4424 Pro
2526 4377 2579 4423 te
2638 4372 2758 4422 solo
2810 4369 3113 4422 cruciﬁxus
3164 4374 3247 4422 est
3298 4369 3596 4423 Christus?

1900 4460 2022 4513 'l‘ibi
2051 4460 2156 4512 soli
2212 4460 2273 4513 in
2328 4460 2707 4513 ministrando
2765 4459 3104 4527 obsequitur
3134 4458 3429 4510 mundus?
3481 4458 3596 4511 Cur

1901 4548 2000 4618 qui
2035 4565 2145 4602 uno
2176 4553 2364 4602 tecum
2405 4550 2738 4617 redemptus
2769 4551 2852 4600 est
2900 4546 3083 4615 pretio
3124 4545 3454 4615 dedignaris
3493 4546 3591 4599 illo

1900 4644 1999 4690 tuo
2050 4637 2313 4691 lucidiori
2374 4636 2546 4689 foveri
2590 4635 2932 4704 reciproco?
2969 4635 3133 4686 Pater
3190 4648 3292 4701 per
3344 4634 3589 4702 Moysem

1901 4727 2155 4796 quinque
2188 4726 2453 4796 epistolas
2484 4727 2510 4766 h
2540 4725 2752 4777 Judazis
2786 4722 2976 4786 mittit,
3012 4737 3111 4790 per
3145 4737 3284 4789 quas
3315 4722 3593 4774 amicitias

1900 4830 2029 4866 cum
2063 4830 2262 4867 eorum
2313 4812 2643 4883 parentibus
2687 4811 2894 4879 ligatus
2928 4809 3267 4861 verbotcnus
3299 4814 3510 4873 narrat,
3537 4815 3593 4863 et

1900 4904 1971 4956 ad
2020 4904 2247 4956 easdem
2298 4900 2714 4955 conservandas
2753 4897 2966 4967 regulis
3019 4896 3359 4967 quibusdam
3420 4898 3593 4951 infor-

1901 4998 2038 5047 mat.
2089 4991 2343 5045 Christus
2386 4989 2676 5058 Abgarum
2727 4986 3068 5056 reciprocari
3110 4986 3274 5054 quasi
3317 4986 3465 5039 Deus
3496 4987 3593 5041 ho-

1899 5081 2116 5133 minem
2150 5094 2263 5131 non
2309 5076 2619 5145 dedignat:
2662 5081 2713 5128 et
2762 5079 2989 5126 sanctus
3026 5072 3269 5142 Spiritus
3319 5089 3420 5143 per
3448 5090 3593 5144 apo-

1903 5168 2075 5219 stolos
2107 5164 2373 5218 omnibus
2429 5161 2695 5232 gentibus
2722 5160 3137 5214 informatrices
3187 5177 3377 5213 rerum
3411 5161 3591 5215 desti-

1972 5342 1995 5371 ο
2034 5329 2153 5391 Ms.,
2188 5326 2809 5391 irranumtigrinumve.

1972 5398 1989 5432 τ
2030 5401 2153 5465 Ms.,
2187 5397 2445 5450 nodociis.

1973 5483 2001 5523 Β
2042 5470 2159 5533 Ms.,
2195 5467 2526 5519 eatacrunda.

1973 5542 1997 5581 ll
2038 5541 2095 5593 ld
2122 5543 2207 5591 est
2233 5538 2679 5591 Pentateuchon.
