3860 6262
270 332 363 382 iltl
1632 327 1881 382 ALVARI
1919 326 2402 382 CORDUBENSIS
3672 326 3769 378 4'20

269 475 433 525 nans;
464 456 726 511 homines
780 473 895 510 non
946 460 1203 511 recusat:
1237 460 1293 510 et
1350 461 1507 510 estne
1546 457 1753 528 aliquis
1798 462 1955 511 tanta
1994 461 2039 511 A
2072 465 2240 522 verte,
2275 460 2358 512 vel
2402 459 2772 528 blasphemia:
2821 459 2985 514 nobis
3036 475 3374 529 responsum
3419 458 3617 512 redde.
3668 459 3769 512 Erit

268 547 395 599 tabe
431 546 660 599 inflatus
716 544 1028 615 ‘superbim,
1091 545 1191 615 qui
1231 561 1501 599 conservo
1562 563 1664 598 suo
1714 551 1963 616 nequeat

266 636 567 687 verbaliter
595 644 617 667 ³
664 636 1006 704 respondere
1032 636 1060 688 ?
1116 635 1173 688 Si
1224 635 1281 687 in
1318 638 1509 705 aliquo
1557 636 1871 688 olfensione
1903 651 1961 688 es

266 739 483 793 passus,
508 739 609 775 cur
627 740 728 775 nec
742 724 928 791 ipsum
944 723 1324 792 epistolariter
1337 739 1394 775 es
1411 730 1740 791 prosecutus
1761 726 1788 776 ?
1814 724 1963 777 Nun-

266 811 401 880 quid
434 811 589 863 deest
620 811 721 863 tibi
749 810 1041 862 rhetorum
1065 809 1242 861 faceta
1263 810 1545 874 facundia,
1590 817 1687 862 aut
1715 810 1961 863 dialecti-

266 915 459 952 corum
475 915 648 968 quam
665 914 769 967 ego
784 898 917 950 novi
932 897 1154 966 spineta
1174 902 1431 950 contorta
1452 899 1479 950 ‘?
1502 898 1603 950 Ubi
1627 903 1711 950 est
1730 899 1958 950 liberal.-

264 987 403 1040 illud
436 987 732 1055 ingenium
760 987 923 1056 quasi
953 993 1143 1039 tecum
1194 986 1562 1055 congenitum
1596 987 1911 1039 litterarum
1935 988 1963 1038 ?

265 1075 608 1128 Exciderunt
646 1076 748 1128 tibi
780 1075 1253 1144 philosophorum
1291 1080 1596 1143 praecepta,
1629 1080 1685 1127 et
1708 1091 1738 1126 a
1768 1081 1962 1128 mente

266 1165 460 1234 elapsa
489 1170 571 1216 est
599 1169 679 1217 tot
719 1170 990 1233 tantaque
1022 1164 1227 1216 artium
1284 1180 1411 1234 quae
1442 1169 1494 1217 te
1529 1165 1771 1217 excoluit
1801 1164 1962 1217 disci-

267 1253 446 1322 plina,
478 1258 543 1305 ut
583 1269 685 1305 nec
725 1252 903 1304 iratus
932 1251 1078 1304 forte
1105 1252 1291 1304 valeas
1323 1257 1659 1321 conceptum
1694 1252 1959 1305 intrinse-

265 1357 363 1394 cus
418 1341 661 1408 levigare
719 1340 1023 1392 furorem?
1077 1343 1189 1393 Aut
1252 1339 1516 1393 manibus
1571 1345 1671 1392 aut
1721 1340 1960 1409 pedibus

264 1429 763 1483 contradicendum
790 1434 876 1480 est
906 1427 1160 1481 inimico.
1194 1428 1251 1481 Si
1284 1433 1344 1481 ut
1383 1430 1630 1481 amicum
1681 1445 1772 1482 me
1800 1429 1958 1495 colis,

263 1519 412 1571 mala
446 1534 613 1570 aurea
646 1520 670 1558 ἱ)
716 1518 899 1569 mitte.
934 1518 991 1570 Si
1042 1517 1429 1569 adVersarium
1482 1518 1709 1586 probas,
1769 1518 1959 1570 stricto

264 1623 354 1660 me
388 1613 515 1676 pete
546 1622 840 1658 mucrone.
886 1605 1028 1659 Nam
1072 1622 1197 1657 cccc
1240 1606 1346 1658 tibi
1379 1621 1550 1658 manu
1582 1607 1715 1658 forti
1747 1613 1800 1658 et
1829 1608 1959 1659 totis

261 1697 477 1748 viribus
521 1700 753 1747 contum
816 1693 1008 1761 infigo.
1056 1698 1167 1746 Ant
1220 1694 1277 1745 in
1333 1694 1663 1746 defensione
1703 1710 1960 1764 praepara

264 1785 548 1854 clypeum,
583 1790 681 1835 aut
710 1783 879 1835 terris
921 1784 1247 1834 membrum
1283 1782 1463 1849 deiice
1501 1784 1859 1835 semivivum.
1898 1785 1961 1837 Et

265 1874 342 1926 sic
374 1878 471 1925 aut
501 1878 731 1942 captum
765 1871 1001 1924 medicis
1032 1871 1175 1923 dabo
1206 1871 1544 1938 curandum,
1576 1877 1673 1923 aut
1701 1872 1957 1925 functum

264 1962 458 2014 telluri
490 1961 725 2012 reddam
758 1959 1137 2011 humandum.
1183 1958 1343 2022 Quod
1380 1958 1424 2011 si
1463 1975 1564 2011 nec
1596 1958 1696 2011 tali
1726 1961 1957 2013 vulnere

266 2049 487 2103 saucius
520 2062 921 2116 expergescere
956 2046 1221 2111 volueris,
1257 2051 1310 2098 et
1331 2046 1755 2117 Pithagoricnm
1796 2048 1959 2101 silen-

264 2138 409 2190 tium
435 2137 681 2205 amplius
720 2134 994 2198 tenueris,
1054 2150 1156 2187 nec
1207 2150 1236 2186 a
1269 2140 1452 2203 coepto
1502 2136 1795 2204 proposito
1822 2146 1841 2169 ο
1876 2152 1959 2188 re-

263 2226 464 2279 cedere
496 2223 763 2291 volueris,
813 2224 935 2292 jam
984 2228 1036 2276 te
1088 2223 1478 2277 insensibilem
1527 2223 1710 2276 dicam
1754 2226 1956 2277 metal-

262 2316 405 2379 lum,
428 2315 526 2384 qui
570 2329 673 2365 nec
704 2313 937 2364 vulnera
970 2310 1162 2365 inﬁcta
1191 2308 1217 2346 ἀ
1249 2312 1444 2377 sentis,
1477 2328 1581 2364 nec
1612 2312 1958 2381 palpationis

264 2409 413 2457 tactu
446 2402 746 2456 mollescis.

333 2494 386 2543 2.
437 2491 706 2544 Reddunt
757 2495 1057 2542 montuosa
1106 2489 1339 2541 vallium
1389 2504 1654 2554 concava,
1705 2494 1759 2541 et
1798 2505 1956 2542 saxo-

263 2595 392 2631 rum
426 2583 613 2630 erecta
635 2577 957 2647 pinnacula,
996 2592 1191 2628 vocem
1227 2576 1286 2628 in
1320 2592 1376 2628 se
1408 2576 1664 2629 flexuoso
1698 2578 1958 2645 margine

265 2666 459 2731 missa,
502 2671 559 2718 et
591 2666 712 2718 sine
764 2672 951 2717 mente
981 2681 1057 2717 ass
1108 2664 1360 2717 tinniens
1391 2672 1411 2697 ο
1438 2665 1535 2718 dat
1564 2666 1774 2717 mirum
1805 2664 1956 2717 auri-

266 2754 371 2808 bus
422 2753 755 2807 delectabile
815 2769 1057 2806 sonum:
1108 2753 1185 2805 sic
1247 2752 1415 2806 inlisa
1461 2753 1759 2807 arboribus
1808 2752 1958 2806 ascia

265 2844 361 2896 dat
390 2858 582 2895 vocem
626 2842 855 2912 qualem
915 2841 998 2895 illi
1051 2841 1208 2895 dedit
1258 2847 1485 2907 natura,
1522 2847 1577 2895 et
1614 2843 1957 2911 plerumque

264 2930 512 2983 calculus
570 2928 771 2981 inlisus
823 2928 995 2998 lapidi
1056 2945 1185 2982 cum
1218 2929 1353 2998 igne
1408 2928 1583 2981 mittit
1624 2930 1954 2981 clamorem.

266 3018 530 3087 Nihilque
563 3023 820 3070 creatum
866 3018 1097 3081 exstitit,
1149 3017 1300 3088 quod
1327 3018 1491 3086 juxta
1530 3016 1638 3069 sibi
1680 3016 1957 3070 traditum

2075 548 2213 600 mihi
2260 549 2476 618 grande
2525 549 2813 614 solatium,
2866 550 2911 601 si
2961 548 3041 602 vel
3078 548 3206 601 irati
3257 548 3439 601 animi
3483 548 3766 601 redditum

2072 635 2242 688 fuerit
2271 636 2629 706 rescriptum.
2653 636 2796 706 Opto
2828 653 2929 706 per
2958 643 3013 690 te
3042 637 3305 690 decorem
3337 636 3551 689 domus
3576 643 3765 687 vestra

2072 725 2338 790 salutare,
2373 730 2425 777 et
2471 725 2941 793 glossomitarum
2988 726 3173 791 illum,
3230 726 3313 778 vel
3352 723 3766 794 eprimeridesf

2071 812 2316 865 directos
2365 813 2593 866 habere.
2654 816 2879 867 Patrem
2925 818 3185 867 nostrum
3235 830 3613 867 communem
3678 813 3763 865 do-

2072 917 2228 953 mum
2271 914 2299 954 ς
2326 902 2602 955 Joannem
2647 903 2879 957 salutari
2918 908 3204 971 exspecto,
3246 918 3604 973 omnemque
3637 918 3765 970 cog-

2069 990 2362 1043 nationem
2390 996 2641 1044 nostram
2674 993 2701 1033 h
2728 992 2845 1044 vice
2870 996 3062 1044 nostra
3093 992 3367 1045 osculato.

2869 1112 2957 1165 Ill.

2144 1232 2337 1269 INCIPIT
2365 1233 2613 1270 EPISTOLA
2641 1233 2863 1271 JOANNIS
2903 1234 3183 1271 SPALENSIS
3226 1234 3438 1271 ALVARO
3470 1233 3705 1270 DIBECTA

2141 1340 2370 1393 Aurelio
2428 1341 2638 1406 Flavio,
2671 1345 2898 1395 AL\'ARO
2948 1342 3289 1410 inlustrique
3336 1341 3479 1406 viro,
3538 1341 3769 1394 minimi

2068 1429 2299 1481 JOANNis
2330 1429 2647 1498 suggessio.

2146 1520 2190 1568 l.
2228 1517 2270 1570 Ο
2305 1533 2508 1585 magne
2541 1518 2789 1584 domine,
2834 1525 2892 1571 et
2935 1518 3278 1589 sapientium
3330 1518 3653 1571 multorum
3691 1534 3769 1568 sa-

2070 1604 2447 1673 pientissime,
2501 1622 2624 1658 sera
2678 1613 2761 1659 es“.
2810 1607 3126 1676 responsio,
3164 1613 3217 1658 et
3261 1606 3416 1658 tarde
3450 1605 3592 1657 mibi
3629 1622 3766 1658 con-

2072 1710 2224 1746 cessa
2286 1695 2631 1747 rescribendi
2682 1696 2862 1764 optio,
2932 1696 3065 1765 quia
3125 1695 3409 1763 ipiaculis
3480 1694 3627 1745 meis
3686 1694 3766 1745 in-

2072 1782 2411 1851 gruentibus
2474 1784 2782 1836 insurrexit
2833 1784 3085 1837 afflictio.
3150 1784 3307 1836 Nunc
3361 1787 3578 1844 autem,
3633 1789 3688 1833 et
3725 1781 3765 1832 si

2069 1876 2295 1922 centum
2330 1871 2596 1935 tristitiis,
2631 1876 2857 1924 centum
2892 1872 3043 1925 curis
3083 1872 3325 1935 attritus,
3373 1876 3507 1939 post
3536 1872 3765 1939 longum

2069 1957 2210 2010 serie
2236 1964 2461 2028 tempus
2491 1960 2643 2012 velut
2672 1960 2742 2014 ab
2784 1960 3092 2029 improviso
3123 1958 3361 2028 soporis,
3406 1964 3470 2010 ut
3501 1958 3580 2009 ita
3608 1957 3761 2011 dixe-

2069 2046 2197 2112 rim,
2234 2047 2539 2115 gravedine
2593 2049 2914 2112 suscitatus,
2960 2048 3284 2117 dependere
3315 2048 3579 2100 desidero
3613 2048 3763 2098 salu-

2068 2135 2301 2187 talionis
2343 2134 2704 2205 obsequium,
2757 2142 2813 2189 et
2842 2136 3028 2189 cordis
3062 2142 3117 2189 et
3147 2135 3397 2205 corporis
3428 2135 3766 2187 humiliatus

2069 2240 2402 2276 assensum:
2465 2224 2786 2293 imprecans
2855 2225 3219 2277 serenitatem
3280 2230 3392 2276 tuae
3449 2224 3764 2277 dulcedinis

2069 2312 2432 2380 sapientiam,
2474 2318 2536 2365 ut
2584 2314 2933 2381 peculiarem
2976 2312 3246 2375 amicum,
3295 2327 3469 2381 quem
3536 2328 3652 2363 non
3703 2327 3765 2363 ex

2070 2400 2332 2469 dapibus,
2362 2416 2545 2470 neque
2578 2417 2641 2453 ex
2674 2401 3083 2470 temporalibus
3140 2402 3310 2453 rebus
3362 2399 3616 2453 habuisti
3670 2415 3762 2451 su-

2068 2494 2323 2558 sceptum
2380 2505 2815 2560 usquequaque,
2863 2494 2918 2543 et
2971 2505 3151 2559 usque
3212 2490 3271 2541 in
3331 2488 3507 2541 ﬁnem
3560 2488 3765 2541 habere

2063 2577 2263 2646 jubeas
2295 2578 2779 2631 commendatum.
2815 2580 2954 2632 Nam
2990 2594 3095 2647 ego
3146 2578 3270 2647 (scit
3310 2577 3403 2629 ille
3453 2576 3557 2646 qui
3588 2576 3767 2628 cordis

2070 2665 2182 2717 mei
2236 2681 2443 2718 arcana
2493 2666 2803 2735 cognoscit,
2837 2672 2893 2719 et
2939 2671 3143 2719 cuncta
3193 2666 3351 2736 prius
3390 2680 3573 2734 quam
3630 2665 3767 2716 ﬁant

2066 2754 2260 2821 novit),
2310 2755 2468 2823 gravi
2501 2756 2694 2808 dolore
2743 2755 3074 2820 discrucior,
3108 2754 3261 2825 quod
3308 2754 3587 2807 demenso
3631 2758 3768 2805 tem-

2065 2858 2204 2911 pore
2235 2847 2351 2895 tam
2384 2844 2627 2911 prolixo,
2662 2844 2747 2897 vel
2799 2844 2971 2897 modo
3022 2860 3138 2896 non
3173 2858 3395 2895 mereor
3440 2841 3641 2895 videre.
3676 2856 3766 2893 ve-

2068 2935 2247 2983 strum
2271 2931 2596 2999 jucundum
2627 2937 2683 2984 et
2732 2930 3124 2984 delectabilem
3158 2930 3402 2993 vultum,
3461 2932 3527 2980 ut
3578 2928 3764 2980 vobis-

2068 3036 2195 3073 cum
2231 3020 2444 3091 pariter
2474 3037 2679 3073 arcana
2711 3020 2825 3072 mei
2856 3018 3040 3072 cordis
3084 3018 3444 3082 trutinarem,
3490 3022 3549 3069 ct
3580 3016 3764 3068 tristi-

263 3106 543 3170 ordinem,
606 3106 785 3157 Deum
842 3121 957 3157 non
1008 3120 1109 3157 sua
1170 3104 1569 3175 prosecutione
1630 3103 1952 3157 conlaudat.
1998 3077 2175 3160 Ctias
2204 3108 2314 3160 alte
2364 3106 2621 3159 conditas
2680 3121 2742 3158 ex
2800 3104 3000 3158 vestris
3050 3104 3341 3157 mellitluis
3388 3102 3657 3155 affatibus
3710 3102 3767 3153 in

264 3195 517 3249 Garrula:
550 3193 842 3246 dulcilicos
886 3198 1148 3261 pangunt
1178 3198 1409 3263 gutture
1458 3194 1653 3246 melos.
1704 3192 1957 3255 Quadru-

262 3282 438 3352 pedes
472 3282 614 3334 rictu
648 3298 749 3333 suo
798 3282 1130 3351 barrituque
1187 3281 1421 3347 inﬁrmi,
1472 3286 1528 3335 et
1580 3281 1842 3335 distincte
1893 3297 1955 3334 ac

261 3370 417 3422 varie
441 3370 724 3439 lingosum
747 3369 1001 3438 palatum
1024 3369 1347 3439 infringunt
1377 3369 1670 3439 eloquium
1698 3385 1709 3422 :
1741 3375 1797 3422 et
1830 3369 1957 3422 licet

264 3474 379 3511 non
412 3458 839 3527 intelligibilem
874 3458 1060 3519 nobis,
1103 3458 1209 3511 sibi
1234 3464 1426 3511 tamen
1456 3463 1792 3511 consuetum
1825 3458 1955 3510 red-

263 3547 408 3600 dunt
437 3546 711 3600 ofﬁcium.
748 3546 928 3601 [labet
947 3550 1004 3600 et
1027 3562 1128 3600 sua
1151 3546 1314 3599 sibila
1342 3562 1594 3616 serpens,
1639 3551 1695 3600 et
1726 3551 1956 3615 reptans

262 3636 319 3688 in
350 3636 577 3706 gurgite
638 3635 804 3705 piscis
838 3634 1151 3701 stridendo,
1200 3651 1432 3705 aequora
1470 3640 1640 3689 secat.
1704 3635 1958 3688 Murmur

265 3724 464 3777 undosi
497 3724 670 3776 maris
700 3740 803 3793 per
830 3730 1031 3793 stagna
1063 3723 1663 3793 saltuositeriridendo
1704 3739 1955 3792 congau-

263 3810 395 3863 det:
427 3815 483 3863 et
508 3810 586 3863 nil
613 3810 670 3863 in
700 3810 917 3864 mundo
948 3815 1202 3864 creatum
1233 3810 1409 3876 venit,
1458 3809 1613 3879 quod
1648 3825 1765 3863 non
1798 3814 1956 3861 motu

263 3915 364 3952 suo
398 3898 684 3964 affectum,
713 3903 774 3951 ut
803 3898 887 3951 illi
939 3899 1202 3952 sortitum
1250 3903 1354 3963 est,
1403 3897 1692 3964 qualitatis
1723 3896 1953 3950 enodet.

262 3987 422 4041 Solus
471 3992 533 4040 tu
584 3987 851 4040 inventus
884 4003 943 4039 es
1001 3986 1062 4039 in
1115 3986 1271 4039 omni
1322 3986 1457 4039 orbe
1491 3984 1852 4038 rationabilis
1903 3988 1959 4037 et

261 4075 500 4128 immitis
526 4092 537 4128 :
559 4075 657 4144 qui
686 4091 791 4127 nec
811 4090 939 4126 cum
970 4074 1407 4128 rationabilibus
1429 4073 1813 4127 sententiatim
1837 4088 1959 4125 ver-

262 4164 336 4216 ba
376 4163 676 4232 producis;
711 4178 815 4215 nec
846 4178 977 4214 cum
1015 4163 1236 4215 ratione
1264 4162 1588 4215 carentibus
1620 4161 1957 4231 mugitando

263 4266 402 4303 sono
442 4249 671 4314 inlidis;
709 4265 812 4302 nec
839 4265 968 4302 cum
998 4248 1425 4303 insensibilibus
1466 4249 1764 4303 sentiendo
1812 4248 1955 4304 leni-

2066 3195 2321 3248 lzetitiam
2354 3198 2763 3247 converterem.
2808 3196 2944 3247 Nam
2971 3209 3097 3263 ego,
3133 3191 3391 3247 Christus
3421 3189 3602 3253 novit,
3636 3194 3767 3242 ante

2068 3288 2284 3353 septem
2314 3283 2690 3336 hebdomadas
2722 3281 2993 3334 monades
3022 3299 3035 3341 ε
3068 3279 3356 3334 serenitati
3402 3283 3607 3331 vestrae
3648 3277 3764 3329 dis-

2066 3387 2365 3441 posueram
2412 3370 2741 3435 rescribere,
2794 3370 2841 3421 si
2891 3368 3348 3422 circumvallatus
3388 3365 3765 3419 multitudine

2065 3460 2278 3530 peccati
2306 3475 2420 3512 non
2460 3458 2715 3518 fuissem,
2748 3463 2803 3509 et
2853 3456 3245 3528 squalidarum
3298 3455 3761 3525 negotiationum

2066 3564 2159 3601 me
2188 3548 2377 3616 ipsum
2413 3564 2528 3600 non
2556 3544 2973 3616 propinassem.
3009 3542 3115 3597 Sed
3150 3547 3201 3595 et
3229 3542 3367 3594 alias
3401 3541 3631 3594 nullum
3680 3546 3764 3592 ιδ-

2066 3636 2177 3688 lem
2196 3634 2535 3705 portitorem
2558 3633 2787 3704 nequivi
2814 3632 3069 3685 invenire
3095 3648 3108 3696 ;
3134 3647 3237 3700 per
3259 3646 3434 3701 quem
3460 3630 3765 3682 confestim

2067 3724 2265 3793 gloriae
2298 3728 2500 3777 vestrae
2534 3721 2820 3793 potuerim
2855 3720 3191 3774 describere.

2137 3813 2188 3864 2.
2232 3812 2527 3864 Postremo
2566 3810 2790 3863 volente
2822 3824 2911 3862 me
2950 3808 3188 3861 minimo
3218 3806 3554 3860 subvectum
3608 3804 3766 3857 navi-

2068 3899 2183 3969 gio,
2228 3898 2524 3969 tranquilli
2582 3897 2787 3951 littoris
2842 3895 3184 3966 instringere
3214 3896 3260 3959 k,
3316 3900 3371 3947 et
3426 3888 3661 3963 parvis'
3697 3893 3766 3946 de

2068 3987 2401 4041 Latinorum
2427 3986 2642 4054 stagnis
2676 3985 2975 4054 pisciculos
3022 3985 3224 4053 legere,
3254 3981 3312 4034 in
3349 3981 3556 4046 altum,
3590 3981 3763 4033 subli-

2068 4075 2322 4129 missime
2356 4074 2607 4138 domine,
2640 4073 2829 4126 laxare
2859 4073 2981 4125 vela
3014 4071 3328 4140 compellis,
3358 4070 3563 4123 relicto
3596 4084 3766 4139 Opere

2067 4162 2221 4232 quod
2275 4162 2517 4214 minimo
2548 4162 2606 4213 in
2661 4177 2767 4213 usu
2800 4160 3104 4223 habebam,
3140 4163 3204 4210 ut
3237 4157 3440 4209 suades
3473 4156 3545 4209 de
3598 4156 3767 4208 rebus

2068 4250 2291 4320 magnis
2322 4249 2740 4319 antistropham
2769 4257 2807 4283 ω
2838 4248 3099 4311 facerem,
3137 4246 3193 4298 in
3227 4245 3436 4315 quibus
3465 4261 3598 4314 ego,
3632 4243 3765 4297 dum

266 4338 362 4391 ris.
399 4337 555 4391 Unde
578 4337 712 4406 quia
741 4337 1041 4406 hucusque
1069 4336 1437 4390 dilectionem
1469 4336 1702 4391 noluisti
1732 4336 1956 4406 scriptis
1996 4359 2039 4413 ι)
2069 4342 2311 4392 sectator
2341 4337 2425 4390 tui
2464 4338 2624 4391 fuero
2654 4353 2850 4391 sensus
2879 4351 2927 4401 ιι,
2972 4336 3031 4388 in
3073 4340 3187 4387 tam
3220 4333 3577 4404 profundum
3620 4334 3767 4401 pela-

265 4425 479 4490 fovere,
514 4424 642 4478 data
685 4424 790 4477 tibi
844 4429 928 4477 est
956 4425 1195 4478 materia
1227 4424 1541 4487 dissuendi,
1569 4425 1614 4477 si
1662 4425 1748 4479 vel
1777 4426 1955 4479 iratus

265 4513 537 4567 malueris
570 4529 674 4565 DOS
707 4516 908 4566 contra
937 4518 1154 4568 tonare.

337 4606 386 4656 3.
436 4601 573 4665 Quae
632 4602 823 4655 animo
872 4601 1145 4655 charitate
1196 4603 1369 4671 pleno
1429 4601 1757 4671 conscripsi,
1810 4607 1864 4656 et
1897 4603 1958 4656 in

266 4692 473 4759 quibus
501 4691 817 4745 territando
850 4691 1000 4743 visus
1054 4706 1180 4743 sum
1239 4698 1430 4743 tecum
1480 4691 1697 4759 jocare,
1758 4691 1955 4760 procul

266 4779 552 4850 longeque
582 4780 809 4849 rejects,
846 4778 917 4833 ad
952 4778 1287 4832 charitatem
1329 4778 1624 4848 antiquam
1652 4794 1790 4848 rogo
1817 4795 1950 4833 con-

335 4914 359 4938 ιι
398 4905 520 4969 Ms.,
560 4904 724 4957 Verbi
752 4905 930 4957 aliter.

336 4978 361 5016 ι)
399 4976 519 5041 Ms.,
548 4977 719 5027 malas
748 4988 964 5027 aureas.

336 5054 355 5077 ο
392 5046 513 5109 Ms.,
548 5050 760 5110 accepto
778 5046 1071 5112 preposito.

336 5116 361 5156 ά
403 5116 597 5167 Melius
627 5114 820 5166 forsan
853 5114 1087 5173 inflicta.

338 5194 358 5217 θ
400 5187 521 5250 Ms.,
559 5186 867 5237 estinm'ens.

338 5255 349 5287 ¹
395 5257 471 5308 Ex
489 5254 806 5377 [postremis
826 5253 1083 5324 epistola:
1114 5253 1512 5323 subsequentis
1542 5254 1725 5307 verbis
1752 5254 1951 5324 legen-

338 5341 405 5377 ιω
451 5340 482 5377 a
512 5330 833 5377 ossematum
890 5330 945 5377 et
985 5326 1364 5377 enhemerides.
1410 5326 1524 5377 Sub
1571 5341 1705 5377 voce
1763 5333 1951 5377 autem

268 5324 405 5378 dum
450 5324 833 5391 glossematum
890 5330 945 5377 et
985 5326 1364 5393 ephemerides.
1410 5326 1524 5379 Sub
1571 5341 1705 5378 voce
1763 5333 1957 5379 autem

269 5396 442 5461 illum,
479 5396 691 5448 librum
718 5394 992 5465 intellige,
1024 5413 1124 5449 seu
1155 5397 1373 5450 biblum.

343 5479 372 5519 ε
418 5468 539 5531 Ms.,
563 5480 831 5519 commune
861 5466 1076 5519 domun.

342 5538 369 5638 ξι
396 5536 526 5638 £15.,
556 5538 803 5603 omnique
840 5540 1148 5591 coanatiom‘
1172 5542 1386 5592 nostra.

394 5608 519 5673 Ms.,
551 5622 671 5676 que.

2070 4444 2176 4497 gus
2237 4425 2488 4488 auferor,
2539 4431 2604 4478 ut
2656 4428 2838 4501 metus
2886 4424 3090 4493 ingens
3122 4423 3194 4475 sit
3237 4422 3371 4475 illuc
3412 4421 3668 4491 ingredi,
3702 4437 3766 4473 ne

2066 4514 2468 4584 magnitudine
2493 4529 2707 4581 rerum,
2741 4514 3097 4565 immanitate
3128 4510 3421 4580 opprimar
3453 4510 3763 4563 undarum.

2068 4605 2209 4657 Tum
2241 4603 2447 4657 deinde
2490 4618 2595 4655 nec
2623 4602 2765 4655 illud
2790 4599 3052 4664 intueris,
3086 4598 3242 4669 quod
3287 4597 3479 4651 tenuis
3512 4598 3661 4651 mihi
3691 4604 3767 4650 est

2069 4691 2299 4761 Spiritus
2329 4690 2400 4743 ad
2432 4690 2784 4761 implendam
2816 4694 2975 4742 tuam
3010 4686 3369 4757 magniﬁcam
3404 4686 3634 4739 dicendi
3680 4691 3764 4737 tu-

2072 4780 2221 4833 bam.
2270 4778 2376 4831 Sed
2427 4794 2543 4831 non
2592 4782 2677 4831 est
2719 4776 2831 4830 mei
2882 4776 3135 4829 dictandi
3188 4772 3429 4841 ingenii,
3483 4774 3581 4825 sed
3616 4776 3677 4825 ut
3710 4776 3767 4823 tu

2137 4904 2309 4969 iMs.,
2349 4901 2639 4955 ebdomade
2694 4899 3025 4953 monomade.
3080 4899 3141 4951 Ι).
3196 4898 3442 4969 Thomas
3468 4896 3763 4969 g’l‘amaio;

2067 4976 2246 5042 p.211
2275 4966 2335 5025 in
2363 4973 2604 5042 Lnitpr.,
2635 4971 2773 5024 citat
2802 4970 3041 5024 hebdade
3082 4968 3413 5042 monomade.
3466 4967 3589 5036 Ego
3618 4972 3683 5020 ut
3709 4966 3767 5017 in

2067 5039 2221 5096 textu
2257 5039 2507 5096 restitui’
2530 5043 2840 5111 legendum
2886 5056 3087 5093 censeo
3116 5056 3127 5090 :
3162 5039 3235 5111 id
3268 5044 3354 5091 est
3383 5043 3516 5090 ante
3548 5043 3764 5111 septem

2068 5114 2497 5167 hebdomadum
2534 5109 2930 5165 unitates:diu
2973 5111 3125 5163 enim
3160 5109 3333 5162 fuisse
3381 5109 3765 5177 procrastina-

2067 5190 2192 5237 tum
2227 5184 2589 5253 rescriptum,
2610 5189 2664 5236 et
2696 5182 2953 5251 epistolas
2983 5179 3330 5253 pracedenti
3355 5185 3764 5246 argumentum

2069 5258 2126 5308 et
2156 5255 2246 5308 hic
2286 5256 2345 5307 in
2372 5250 2628 5307 medium
2660 5250 2844 5305 allatas
2866 5250 3048 5305 causa:
3089 5251 3226 5303 satis
3250 5250 3541 5303 evincunt.

2140 5328 2167 5368 k
2204 5328 2291 5379 An
2310 5341 2459 5377 mare
2484 5325 2790 5391 attingere?

2140 5392 2152 5425 ¹
2192 5396 2387 5449 Melius
2416 5410 2636 5463 parvos.

2141 5474 2179 5499 ιιι
2222 5466 2281 5518 ld
2311 5472 2395 5518 est
2417 5467 2762 5534 reciprocam
2792 5463 3248 5518 conversionem.

2140 5550 2163 5576 η
2207 5536 2329 5602 Ms.,
2361 5551 2594 5601 sensum,
2628 5541 2683 5589 et
2707 5537 2987 5604 pelagum.
