3860 6262
53 320 148 372 421

1633 317 1980 374 EPISTOUE
1993 359 2011 374 .

3473 330 3575 384 422

51 457 263 522 credis,
303 458 404 526 qui
435 457 556 509 hzec
579 456 780 526 exigis,
819 454 1073 508 muneris
1101 453 1338 507 fortasse
1370 454 1564 508 divini.
1623 455 1764 506 Pro-
1803 458 1845 510 Α
1879 455 2101 507 rabolas
2150 461 2206 508 et
2261 457 2563 512 obscurum
2608 476 2958 528 sermonem,
3006 461 3155 515 dicta
3201 463 3573 532 sapientium,

52 551 184 613 pter
215 546 380 615 quod
415 547 783 616 deprecantes
809 544 968 613 prius
1003 545 1180 597 Deum
1206 546 1301 610 qui
1326 543 1475 597 docet
1501 545 1764 596 hominem

49 636 366 694 scientiam.
425 640 473 686 et
528 637 624 701 qui
677 634 775 686 dat
851 633 1121 700 Spiritum
1191 632 1411 684 verbum
1483 634 1766 700 sapientia

49 721 221 788 (Psal.
275 723 458 784 mu),
502 724 600 790 qui
643 723 939 773 inluminat
987 735 1192 772 omnem
1236 719 1499 772 hominem
1544 722 1763 772 venien-

51 815 155 862 tem
199 811 260 861 in
300 811 447 862 hunc
481 808 740 862 mundum
779 808 1046 877 (Joan.-1),
1086 814 1150 859 ut
1180 806 1385 875 dignos
1438 824 1536 859 nos
1583 807 1764 860 facere

47 897 328 964 dignetur
376 912 509 965 quin
555 895 727 965 digna
755 901 888 948 sunt
921 894 1252 958 rescribere,
1300 899 1354 946 et
1402 909 1531 963 quae
1592 893 1767 947 dubia

48 991 181 1036 sunt
213 983 501 1054 et‘fugare.

116 1075 171 1125 3.
223 1078 309 1125 Ac
344 1073 598 1141 primum
646 1073 714 1125 de
744 1086 812 1124 eo
843 1070 998 1140 quod
1047 1069 1334 1134 notuistis,
1406 1071 1766 1124 beatissimos

47 1163 101 1210 et
143 1162 499 1228 apostolicos
543 1160 692 1212 viros
743 1175 857 1212 non
906 1158 1212 1212 verborum
1253 1159 1766 1227 Compositionibus

49 1247 372 1313 deservire,
393 1264 583 1318 neque
598 1253 896 1316 perartem
925 1247 1258 1300 “liberalem
1293 1245 1513 1312 Donati,
1543 1247 1640 1300 sed
1667 1263 1768 1317 per

47 1336 486 1404 simplicitatem
517 1352 742 1390 currere
771 1335 1015 1389 Christi:
1058 1336 1192 1404 quid
1226 1335 1359 1388 inde
1395 1337 1596 1389 beatus
1645 1336 1768 1389 Hie-

53 1440 336 1493 rouymus
370 1425 618 1478 senserit
656 1423 1170 1477 animadvertimus
1201 1440 1214 1477 :
1267 1440 1399 1476 nam
1443 1424 1511 1477 de
1543 1442 1656 1494 quo
1689 1425 1768 1478 ait

53 1515 421 1582 Apostolus:
478 1515 598 1567 Etsi
652 1512 936 1581 imperitus
978 1527 1240 1579 sermone,
1285 1513 1378 1565 sed
1435 1528 1542 1566 non
1595 1516 1765 1567 scien-

56 1605 131 1652 tia
163 1603 248 1664 (II
283 1606 419 1654 Cor.
459 1605 565 1666 x1);
599 1616 713 1654 non
760 1617 984 1670 semper
1008 1600 1308 1670 imperitus
1363 1601 1486 1654 fuit.
1547 1602 1765 1655 Etenim

54 1705 180 1741 cum
224 1690 510 1759 primam,
556 1697 618 1742 ut
646 1690 1009 1742 beatissimus
1057 1691 1432 1759 Hieronymus
1474 1691 1664 1756 refert,
1695 1691 1765 1744 ad

56 1778 389 1831 Corinthios
424 1779 696 1831 scriberet
730 1777 1072 1847 Epistulam:
1109 1785 1230 1831 erat
1259 1779 1491 1848 quidem
1536 1780 1594 1831 in
1646 1795 1768 1832 ma-

55 1867 179 1935 gnis
217 1867 602 1936 profectibus,
638 1866 855 1936 aliquid
887 1871 1078 1918 tamen
1111 1866 1178 1919 de
1211 1883 1268 1919 se
1295 1868 1447 1920 velut
1485 1868 1768 1921 nutabun-

56 1956 157 2007 dus
187 1957 514 2026 eloquitur,
562 1971 692 2008 cum
747 1955 920 2007 dicit:
969 1956 1178 2007 Μαοωό
1229 1970 1419 2023 corpus
1469 1971 1662 2021 meum,
1718 1959 1766 2007 et

56 2047 312 2097 servituti
341 2047 598 2112 subjicio,
643 2060 706 2096 ne
737 2046 881 2109 forte
905 2058 1024 2095 cum
1047 2044 1174 2095 aliis
1204 2043 1619 2110 przedicaverim
1653 2046 1768 2111 ipse

57 2135 315 2201 reprobus
341 2135 596 2187 inveniar
629 2132 681 2201 (Ι
721 2134 842 2188 Cor.
870 2132 966 2200 ιχ).
999 2130 1107 2184 Sed
1157 2137 1211 2183 et
1256 2133 1321 2185 ad
1373 2132 1767 2202 Philippenses

61 2223 337 2287 scribens,
376 2221 655 2291 quiddam
688 2221 748 2272 in
771 2237 828 2273 se
854 2223 1040 2272 minus
1065 2220 1248 2272 adhuc
1278 2237 1394 2273 esse
1416 2221 1569 2274 illius
1593 2237 1765 2291 quam

61 2317 252 2377 postea
312 2315 611 2362 assecutus
645 2314 728 2360 est
765 2307 1150 2378 perfectionis,
1192 2309 1457 2374 ostendit,
1503 2325 1632 2361 cum
1681 2308 1765 2361 di-

61 2402 132 2453 cit
171 2418 184 2453 :
219 2403 580 2466 Confor-mari
607 2415 662 2454 se
697 2402 862 2453 morti
903 2401 1126 2465 Christi,
1169 2402 1219 2452 si
1265 2415 1368 2467 quo
1399 2400 1553 2453 modo
1583 2416 1765 2454 occur-

61 2495 141 2541 rat
177 2492 236 2540 in
282 2491 732 2542 resurrectionem
777 2503 895 2556 quae
916 2493 994 2542 est
1041 2504 1075 2540 a
1103 2490 1332 2541 mortuis
1380 2489 1607 2556 (Philip.
1658 2493 1760 2555 ιιι).

63 2578 177 2630 Non
209 2577 373 2630 enim
403 2578 617 2630 diceret
645 2579 694 2629 si
725 2591 828 2643 quo
857 2575 1032 2643 modo,
1065 2575 1114 2628 si
1146 2576 1196 2628 ei
1218 2575 1340 2644 jam
1388 2581 1518 2630 tunc
1550 2594 1638 2630 res
1675 2578 1763 2630 in-

65 2666 324 2719 dubitata
356 2667 670 2718 videretur.
720 2664 828 2718 Sed
871 2670 925 2717 et
974 2664 1033 2715 in
1080 2665 1564 2733 consequentibus
1611 2665 1764 2735 ejus-

65 2753 187 2806 dem
218 2752 497 2822 Epistolae
548 2752 669 2804 haec
701 2751 902 2804 eadem
934 2753 958 2793 b
989 2752 1239 2804 ostendit
1270 2767 1398 2803 cum
1434 2752 1570 2805 dicit
1603 2769 1615 2805 :
1651 2755 1765 2807 Non

66 2842 200 2908 quod
238 2845 366 2908 jam
416 2846 724 2894 consecutus
770 2841 892 2905 sim,
944 2845 1040 2892 aut
1077 2842 1347 2906 perfectus
1390 2844 1494 2894 sim
1528 2855 1540 2892 :
1573 2855 1766 2908 sequor

67 2936 256 2993 autem,
301 2934 363 2982 ut
423 2927 869 2996 comprehendam
910 2930 968 2980 in
1001 2943 1104 2994 quo
1125 2934 1174 2980 et
1217 2929 1622 2996 comprehensus
1646 2944 1764 2982 sum

68 3035 97 3070 a
125 3020 359 3072 Christo.
397 3019 643 3082 Fratres,
674 3031 768 3083 ego
815 3031 896 3068 me
926 3018 1041 3084 ipse
1087 3016 1326 3069 nondum
1376 3017 1622 3070 arbitror
1667 3033 1767 3086 ap-

1807 1741 1847 1794 Β

67 3069 417 3173 prehendisse
479 3069 661 3173 (Ibid;
702 3069 814 3170 "12,
873 3069 979 3174 43$.
1026 3103 1185 3167 Quod
1241 3104 1289 3157 si
1343 3105 1442 3174 qui
1488 3069 1768 3159 arbitra‘nt
1805 3069 1844 3123 C

69 3213 162 3266 per
199 3195 597 3250 humilitatem
630 3193 866 3259 dictum,
905 3193 1136 3246 videant
1181 3192 1240 3246 in
1286 3194 1768 3263 consequentibus

71 3301 233 3354 quam
265 3294 286 3317 ε
315 3300 534 3353 magna
564 3283 632 3337 de
654 3281 1008 3352 profectibus
1035 3282 1152 3334 suis
1189 3288 1489 3348 memorat,
1514 3298 1644 3334 cum
1679 3283 1765 3336 di-

70 3374 178 3424 cit:
237 3375 419 3427 Unum
471 3377 668 3434 autem,
703 3376 752 3423 et
804 3370 1022 3438 quidem
1053 3386 1172 3439 quz
1225 3375 1367 3423 retro
1419 3374 1545 3423 sunt
1573 3371 1767 3424 oblivi-

68 3476 228 3529 scens,
255 3467 310 3514 et
351 3461 429 3513 ad
462 3477 526 3514 ea
556 3476 674 3528 quae
711 3462 769 3513 in
800 3465 924 3513 ante
970 3464 1095 3512 sunt
1123 3474 1206 3512 me
1234 3459 1544 3526 extendens,
1579 3474 1768 3513 secun-

70 3549 188 3602 dum
237 3554 586 3618 propositum
615 3563 827 3617 sequor,
861 3547 936 3600 ad
979 3548 1222 3616 palmam
1261 3562 1506 3615 supernae
1535 3550 1767 3602 vocatio-

71 3640 145 3688 nis
179 3637 282 3689 Dei
333 3640 394 3688 in
424 3635 637 3691 Christo
676 3637 801 3688 Jesu
835 3633 1020 3702 (Ibid,
1075 3635 1158 3698 l3,
1196 3634 1300 3703 14).
1353 3635 1418 3688 Et
1470 3640 1594 3703 post
1645 3635 1767 3688 haec

73 3725 236 3778 dicit:
273 3726 597 3792 Quicunque
641 3738 765 3790 ergo
810 3725 1043 3792 perfecti
1088 3738 1294 3788 sumus,
1345 3724 1439 3777 hoc
1469 3720 1766 3778 sentiamus

77 3815 260 3880 (Ibid,
297 3814 390 3880 15)
435 3830 446 3865 :
502 3813 559 3864 in
610 3828 726 3881 quo
775 3813 1026 3864 ostendit
1073 3811 1363 3880 duplicem
1408 3828 1529 3865 esse
1579 3813 1766 3882 perfe-

73 3899 306 3952 ctionem
339 3915 353 3952 :
391 3915 570 3952 unam
601 3915 729 3970 quae
762 3904 848 3952 est
876 3898 935 3952 in
972 3899 1295 3968 expletione
1325 3898 1635 3964 virtutum;
1681 3917 1767 3952 se-

75 3988 307 4041 cundam
346 4003 527 4058 quam
561 3987 699 4041 dicit
728 3987 885 4057 quod
935 3987 1105 4040 etiam
1153 3987 1225 4040 sit
1255 3987 1559 4055 perfectus,
1615 3989 1767 4040 Nun-

72 4076 192 4144 quid
245 4084 303 4128 et
357 4077 546 4145 perita
591 4091 708 4128 non
738 4080 825 4128 est
870 4075 939 4129 de
975 4075 1321 4130 virtutibus?
1353 4081 1408 4129 et
1456 4076 1584 4142 alia,
1635 4092 1764 4129 cum

76 4167 143 4218 ita
177 4166 305 4236 quis
356 4165 609 4234 prolicit,
649 4170 712 4217 ut
747 4164 1008 4218 decidere
1055 4180 1170 4217 non
1213 4165 1412 4233 possit.
1465 4165 1766 4228 Quomodo

76 4254 214 4306 enim
255 4269 373 4306 non
410 4267 518 4322 per
541 4257 722 4306 artem
755 4252 1049 4306 liberalem
1080 4252 1367 4321 sequenda
1420 4258 1553 4306 sunt
1595 4251 1767 4305 verba

74 4357 189 4394 cum
221 4342 428 4395 beatus
476 4342 856 4410 Hieronymus
913 4342 984 4395 ad
1033 4357 1308 4410 magnum
1361 4341 1657 4395 Oratorem
1686 4340 1766 4393 ita

76 4432 312 4484 scribens
346 4430 502 4483 dicat
523 4429 586 4485 d:
627 4451 649 4477 ι
685 4429 819 4492 Quis
851 4429 1006 4483 enim
1037 4430 1250 4483 nesciat
1281 4433 1336 4482 et
1362 4430 1420 4482 in
1466 4429 1671 4499 Moyse,
1706 4445 1768 4482 ac

74 4519 482 4587 prophetarum
539 4516 948 4580 voluminibus,
1009 4517 1274 4586 quaedam
1333 4521 1627 4586 assumpta
1699 4518 1768 4571 de

79 4608 369 4674 gentilium
442 4606 652 4659 libris:
708 4609 762 4658 et
808 4606 1077 4660 Salomon
1129 4605 1486 4676 philosophis
1540 4607 1670 4675 Tyri
1716 4610 1772 4658 et

81 4696 434 4766 proposuisse
496 4695 777 4748 nonnulla
829 4700 885 4748 et
914 4695 1108 4765 aliqua
1161 4695 1566 4765 respondisse?
1610 4695 1769 4749 Unde

81 4791 126 4837 et
153 4786 205 4838 in
237 4783 483 4839 exordio
509 4783 950 4837 Proverbiorum
985 4789 1328 4850 commonet,
1364 4789 1426 4836 ut.
1477 4783 1767 4853 intelliga-

81 4889 189 4926 mus
235 4889 541 4928 sermones
583 4872 924 4942 prudentize,
967 4873 1244 4925 versutias
1295 4873 1616 4934 verborum,
1668 4887 1760 4942 pa-

145 5025 165 5048 ⁸
201 5019 326 5081 Ms.,
355 5023 577 5086 partem
602 5014 878 5068 liberalem
909 5014 1124 5066 Donati.

140 5088 162 5128 δ
197 5089 316 5155 Με.,
344 5088 553 5141 eodem.

139 5166 158 5190 ε
195 5161 314 5222 Ms.,
351 5173 546 5226 quum.

139 5229 163 5268 ά
199 5225 575 5299 Epimenides
633 5225 694 5278 in
755 5226 938 5295 Opere
998 5229 1123 5299 napi.
1175 5233 1452 5299 χρησμῶν.
1515 5225 1772 5299 Apostoli

89 5297 254 5354 autem
294 5317 362 5353 ex
398 5315 471 5352 eo
505 5297 848 5365 desumptus
891 5297 1199 5349 versiculus
1220 5297 1326 5350 ille
1370 5301 1455 5349 est
1487 5312 1499 5348 :
1551 5298 1772 5349 Creten-

88 5383 152 5423 ses
177 5387 382 5440 semper
411 5368 730 5440 mendaces;
762 5367 831 5440 ad
864 5367 968 5421 Tit.
1002 5383 1044 5440 ι,
1082 5369 1164 5440 l2.

144 5453 163 5477 ⁸
204 5437 380 5495 Locus
452 5437 697 5492 mutilus
761 5438 840 5490 sic
890 5438 1250 5506 explendus:
1320 5439 1425 5491 Nec
1489 5439 1773 5502 pertimuit

94 5510 359 5578 Evangelii
407 5509 757 5578 majestatem
789 5508 887 5562 sub
935 5510 1096 5561 metri
1126 5509 1260 5574 leges
1307 5509 1533 5561 mittere.
1570 5508 1645 5560 De
1672 5523 1774 5559 ca:-

91 5586 203 5635 teris
243 5585 324 5636 vel
370 5579 627 5635 mortuis
675 5579 762 5632 vel
809 5579 1130 5631 viventibus
1176 5586 1375 5631 taceo:
1434 5593 1656 5645 quorum
1714 5579 1771 5631 in

93 5657 286 5723 sm'ptis
323 5657 439 5707 suis
499 5656 554 5704 et
604 5652 748 5702 vires
787 5650 1092 5714 manifestae
1139 5655 1302 5716 sunt,
1355 5654 1406 5702 et
1451 5650 1767 5713 voluntates,

1807 4400 1850 4452 D

1877 548 1932 594 et
1960 543 2288 613 aenigmata,
2322 561 2447 614 quae
2478 547 2709 616 proprie
2754 549 3183 603 dialecticorum
3215 554 3271 603 et
3308 551 3568 620 philoso-

1877 632 2126 699 phorum
2160 639 2310 687 sunt.
2345 636 2452 688 Sed
2485 640 2542 688 et
2582 637 2785 689 Paulus
2818 639 3108 705 apostolus
3152 639 3514 708 Epimenides
3542 641 3569 680 ά

1876 724 2058 789 poetae
2089 721 2300 773 abusus
2330 723 2608 776 versiculo
2640 730 2742 776 est.
2780 724 2924 787 Quid
2967 742 3101 794 ergo
3144 727 3375 793 mirum,
3428 727 3475 779 si
3514 731 3569 780 et

1877 823 1983 876 ego
2013 808 2354 875 sapientiam
2386 816 2618 879 propter
2659 811 2874 881 eloquii
2910 818 3262 867 venustatem
3293 821 3348 867 et
3387 831 3568 868 mem-

1876 895 2112 950 brorum
2134 898 2619 964 pulchritudinem
2647 899 2714 952 de
2741 900 2944 953 ancilla
2961 907 3130 971 atque
3153 902 3373 971 captiva
3392 904 3571 956 Israe-

1879 985 2036 1037 litam
2067 986 2252 1038 faCere
2284 986 2487 1056 cupio?
2515 989 2799 1040 .luvencus
2832 989 3129 1058 presbyter
3159 991 3265 1043 sub
3293 990 3569 1045 Constan-

1877 1073 1998 1126 tino
2051 1073 2349 1127 historiam
2398 1075 2628 1128 Domini
2677 1077 2981 1130 Salvatoris
3037 1078 3293 1131 versibus
3325 1080 3570 1148 explica-

1879 1162 1992 1215 vit:
2027 1179 2130 1215 nec
2169 1164 2470 1232 pertimuit
2515 1165 2803 1234 Evangelii
2853 1172 3199 1235 potestatem
3247 1168 3352 1220 sub
3404 1169 3572 1222 metri

1878 1251 2062 1319 legem
2101 1266 2293 1303 coram
2323 1259 2343 1284 °
2375 1267 2444 1304 ex
2473 1252 2698 1321 scriptis
2741 1253 2859 1306 suis
2902 1259 2957 1307 et
2999 1254 3144 1308 vires
3193 1255 3572 1310 manifestata:

1879 1342 2030 1404 sunt,
2061 1343 2117 1392 et
2151 1339 2494 1393 voluntates.
2532 1362 2558 1387 ››

1947 1429 1998 1481 4.
2047 1427 2337 1497 Origenes,
2369 1429 2464 1483 ille
2505 1430 2823 1500 praecipuus
2865 1429 3080 1496 doctor,
3124 1431 3184 1485 in
3214 1436 3570 1486 commenta-

1879 1515 1975 1568 riis
2007 1517 2122 1568 suis
2154 1517 2234 1569 ita
2270 1516 2536 1570 disseruit
2569 1533 2582 1571 :
2631 1538 2657 1565 ‹‹
2710 1519 2774 1571 Et
2801 1518 3120 1588 prophetiae
3163 1521 3288 1574 vale
3330 1537 3521 1574 amose
3552 1519 3572 1555 τ

1877 1602 2047 1655 sacris
2093 1603 2294 1656 inserti
2347 1611 2480 1658 sunt
2524 1604 2934 1673 voluminibus,
2979 1612 3193 1676 quanto
3255 1608 3438 1678 magis
3499 1608 3568 1662 ab

1878 1691 1966 1743 his
1997 1691 2097 1759 qui
2129 1692 2465 1745 habitabant
2488 1697 2623 1745 tunc
2651 1694 2709 1745 in
2751 1694 3216 1762 Mesopotamiam
3259 1696 3428 1748 etiam
3462 1696 3570 1748 hoc

1880 1779 2206 1833 habuerunt
2231 1781 2385 1851 quod
2423 1781 2673 1834 oriretur
2702 1783 2865 1834 stella
2895 1798 2962 1834 ex
2993 1783 3161 1836 Jacob
3191 1786 3372 1848 (Nam.
3424 1801 3568 1853 xxxv,

1881 1870 1988 1933 17,)
2023 1875 2076 1921 et
2121 1876 2380 1938 surgeret
2409 1870 2580 1923 homo
2612 1871 2680 1924 de
2707 1871 2924 1924 Israel?
2965 1873 3093 1926 Huic
3138 1875 3348 1942 scripta
3390 1873 3571 1927 habe-

1876 1957 2013 2010 bant
2053 1959 2195 2026 Magi
2226 1958 2375 2029 apud
2435 1960 2770 2029 semetipsos
2804 1977 2816 2013 :
2865 1964 2919 2012 et
2964 1960 3092 2013 ideo
3125 1963 3352 2031 quando
3403 1965 3572 2015 natus

1875 2053 1960 2099 est
1988 2048 2148 2101 Jesus
2178 2053 2537 2116 agnoverunt
2567 2049 2806 2114 stellam,
2849 2055 2905 2101 et
2944 2049 3352 2103 intellexerunt
3389 2050 3570 2104 adim-

1874 2136 2018 2205 pleri
2042 2136 2422 2205 prophetiam,
2441 2137 2623 2204 magis
2643 2136 2754 2205 ipsi
2776 2153 2946 2206 quam
2972 2139 3220 2206 populus
3252 2139 3446 2201 Israel,
3471 2137 3572 2208 qui

1875 2231 2195 2276 sanctorum
2239 2216 2650 2294 prophetarum
2694 2226 2863 2277 verba
2897 2225 3257 2295 contempsit.
3293 2227 3392 2278 Ille
3426 2242 3564 2296 ergo

1875 2328 1942 2366 ex
1973 2313 2080 2365 hoc
2116 2317 2340 2365 tantum
2372 2329 2500 2382 quae
2528 2313 2755 2367 Balaam
2785 2313 2990 2382 scripta
3025 2314 3355 2384 reliquerat,
3390 2330 3568 2384 agno-

1874 2406 2092 2453 scentes
2152 2401 2350 2455 adesse
2403 2406 2652 2470 tempus,
2708 2406 3022 2466 venerunt;
3088 2407 3144 2454 et
3209 2402 3569 2472 requirentes

1875 2505 2005 2542 eum
2046 2489 2446 2554 adoraverunt,
2498 2495 2553 2542 et
2599 2496 2664 2542 ut
2717 2489 2886 2542 ﬁdem
2934 2505 3096 2543 suam
3143 2506 3411 2559 magnam
3447 2506 3568 2544 esse

1876 2577 2250 2641 declararent,
2284 2578 2583 2646 parvulum
2616 2593 2858 2646 puerum
2888 2578 3049 2646 quasi
3093 2594 3287 2647 regem
3315 2579 3568 2632 venerati

1874 2671 2024 2718 sunt.
2076 2685 2103 2713 ι
2144 2665 2511 2718 Beatissimus
2555 2681 2684 2717 vero
2720 2666 3070 2735 Augustinus
3102 2666 3198 2718 ubi
3229 2672 3431 2721 contra
3454 2672 3568 2719 tres

1876 2755 2121 2806 haereses
2168 2752 2508 2805 mirabiliter
2556 2754 2811 2806 tractavit
2861 2767 2906 2814 ε,
2954 2754 3023 2806 de
3075 2754 3349 2806 Mercurio
3391 2754 3564 2808 dicit:

1878 2859 1907 2892 (ι
1950 2841 2277 2905 Mercurius,
2313 2841 2519 2911 inquit,
2553 2841 2707 2894 illius
2746 2841 3035 2896 benedicti
3077 2842 3171 2896 Dei
3198 2847 3370 2911 atque
3404 2842 3569 2896 bona;

1874 2930 2207 2996 voluntatis,
2241 2930 2402 2998 cujus
2432 2945 2643 2982 nomen
2674 2946 2789 2983 non
2816 2935 3002 3000 potest
3031 2931 3287 2983 humano
3309 2947 3408 2982 ore
3438 2947 3568 2984 nar-

1875 3017 2010 3071 rari.
2041 3038 2067 3067 »
2106 3019 2172 3071 Et
2215 3019 2462 3072 iterum:
2500 3039 2526 3066 ‹‹
2563 3019 2674 3072 Est.
2710 3019 2896 3082 Quis?
2940 3019 3094 3072 filius
3143 3018 3566 3085 inenarrabilis,

1877 3122 2063 3160 sermo
2095 3106 2390 3176 sapientia:
2421 3107 2719 3160 Christush
2749 3107 3007 3160 Sanctus.
3039 3108 3240 3160 Nonne
3274 3104 3426 3177 [hoc]
3452 3113 3566 3161 est:

1878 3196 1946 3248 In
1989 3197 2262 3263 principio
2313 3201 2429 3249 erat
2477 3195 2708 3250 Verbum
2757 3197 2932 3264 (Joan.
2969 3196 3042 3262 1)?
3095 3194 3370 3264 Origenes
3432 3196 3572 3248 item

1875 3285 1934 3336 in
1984 3283 2479 3338 NENTATEOFAS
2528 3283 2541 3316 ¹
2595 3303 2623 3331 ‹‹
2670 3285 2803 3338 Ecce
2841 3287 3030 3337 vocavi
3057 3287 3380 3339 nominatim
3410 3287 3569 3338 Bese-

1876 3373 2009 3425 lehel
2053 3373 2233 3436 ﬁliam
2290 3375 2404 3438 Uri,
2455 3374 2559 3441 ﬁlii
2596 3374 2708 3426 Hor
2750 3389 2818 3426 ea:
2870 3373 3015 3427 tribu
3057 3373 3222 3440 Juda,
3275 3378 3322 3426 et
3370 3375 3574 3441 repleri

1874 3475 1993 3514 eum
2021 3463 2225 3529 spiritu
2259 3461 2445 3515 divino
2489 3464 2791 3529 sapimitiae,
2833 3466 2884 3515 et
2937 3463 3258 3527 intellectus,
3303 3468 3354 3515 et
3402 3462 3570 3515 disci-

1874 3550 2057 3616 plina,
2081 3554 2142 3601 ut
2171 3551 2228 3601 in
2254 3551 2401 3602 omni
2428 3563 2584 3617 opere
2612 3551 2903 3615 intelligat,
2947 3554 2996 3602 et
3023 3552 3096 3602 sit
3144 3550 3468 3603 architectus
3498 3548 3573 3601 ad

1873 3637 2206 3705 Operandum
2247 3641 2548 3704 argentum,
2601 3642 2651 3690 et
2695 3652 2910 3703 aurum,
2961 3642 3009 3690 et
3051 3651 3142 3702 ws,
3177 3641 3228 3690 et
3257 3637 3440 3705 lapide
3483 3653 3569 3690 re-

1870 3726 2121 3793 pletionis
2171 3729 2221 3778 et
2249 3727 2430 3778 omnia
2461 3740 2624 3793 opera
2666 3725 2903 3790 fabrilia
2934 3740 2946 3778 :
2996 3727 3126 3778 etin
3155 3727 3301 3793 ligno
3349 3730 3410 3779 ut
3446 3741 3572 3793 ope-

1873 3818 2024 3867 retur
2047 3813 2338 3867 secundum
2380 3815 2558 3867 omnia
2602 3828 2764 3880 opera
2813 3813 2887 3866 ad
2933 3829 3087 3881 quem
3133 3829 3226 3880 ego
3268 3813 3397 3866 dedi
3428 3829 3567 3868 eum.

1874 3900 1980 3955 Sed
2009 3900 2167 3954 Eliab
2197 3901 2371 3966 ﬁlium
2423 3902 2675 3954 Asismat
2704 3917 2772 3954 ea:
2818 3902 2965 3954 tribu
3023 3903 3188 3955 Dan:
3233 3905 3282 3954 et
3331 3901 3459 3955 dedi
3513 3904 3572 3955 in

1875 4005 1963 4044 cor
1992 3991 2137 4043 omni
2163 3989 2422 4057 prudenti
2469 3991 2814 4056 intellectum,
2869 3995 2931 4043 ut
2966 3993 3180 4056 faciant
3222 3995 3402 4044 omnia
3453 4006 3573 4059 qua

1874 4081 2130 4133 constitui
2173 4079 2275 4132 tibi
2308 4079 2507 4148 (Exod.
2548 4095 2728 4146 xxnv,
2780 4080 2920 4149 2-6).
2963 4079 3275 4133 Considera
3319 4095 3455 4149 ergo
3505 4096 3572 4134 ex

1875 4167 1962 4220 his
1993 4167 2261 4220 omnibus
2304 4168 2590 4238 quomodo
2640 4185 2673 4221 a
2732 4169 2974 4222 Domino
3007 4168 3288 4238 sapientia
3327 4169 3566 4233 fabrilis,

1875 4256 1991 4309 sive
2013 4256 2073 4308 in
2102 4272 2265 4320 auro,
2298 4257 2416 4309 sive
2455 4257 2515 4309 in
2547 4263 2804 4326 argento,
2833 4257 2951 4310 sive
2983 4257 3041 4310 in
3079 4258 3188 4310 alia
3229 4273 3573 4328 quacunque

1875 4345 2138 4408 materia,
2168 4347 2255 4398 vel
2288 4345 2461 4398 etiam
2513 4346 2748 4399 textrini
2795 4345 3075 4415 sapientia
3108 4363 3120 4399 :
3157 4351 3213 4400 et
3243 4347 3369 4400 vide
3419 4347 3574 4416 quod

1877 4433 2062 4500 ajure
2120 4432 2231 4485 dici
2283 4432 2352 4486 de
2405 4432 2495 4486 his
2549 4434 2821 4487 omnibus
2870 4438 3077 4504 potest,
3142 4435 3294 4504 quod
3364 4435 3575 4488 horum

1879 4520 2112 4574 scientia
2141 4520 2210 4574 ab
2241 4521 2462 4574 excelso
2496 4521 2586 4574 sit.
2620 4544 2638 4568 ν
2678 4523 2755 4576 De
2792 4521 2976 4575 tribus
3005 4537 3138 4574 vero
3178 4522 3370 4590 pueris
3406 4523 3576 4576 iden-

1879 4609 2056 4663 tidem
2109 4609 2231 4679 ipse
2277 4609 2460 4663 dicit:
2499 4630 2525 4658 ‹‹
2562 4610 2714 4673 Quos
2762 4625 2973 4680 pueros
3045 4609 3576 4664 Nabuchodonosor

1878 4697 2062 4750 tribus
2093 4698 2256 4750 annis
2281 4697 2340 4750 in
2375 4703 2496 4750 arte
2526 4697 2900 4767 grammatica
2950 4696 3241 4765 posuerit:
3292 4697 3451 4750 Dedit
3497 4701 3574 4752 eis

1880 4787 2144 4840 Dominus
2185 4789 2508 4854 sapientiam
2555 4792 2606 4839 et
2644 4785 2988 4848 intellectum,
3032 4785 3081 4834 et
3121 4783 3470 4850 prudentiam
3515 4786 3574 4838 in

1878 4877 2024 4927 omni
2069 4879 2185 4926 arte
2218 4875 2614 4940 grammatica;
2648 4877 2696 4925 et
2729 4871 2919 4924 Daniel
2958 4869 3288 4923 intellectum
3333 4870 3486 4924 dedit
3515 4874 3573 4924 in

1882 5015 2257 5082 Hieronymus
2289 5013 2452 5082 epist.
2489 5014 2577 5076 84,
2612 5013 2678 5065 ad
2706 5027 2855 5080 mag.
2891 5012 3042 5065 Orat.
3080 5011 3244 5065 Rom.

1951 5084 2209 5137 fLocum
2259 5086 2338 5137 sic
2385 5084 2621 5135 restituo
2659 5099 2671 5134 :
2729 5082 3025 5149 Prophetiw
3067 5083 3291 5136 Balaam
3323 5100 3357 5137 a
3405 5085 3567 5139 Mose.

1884 5159 1957 5210 Ex
1987 5156 2140 5222 Orig.
2177 5155 2381 5207 Homil.
2421 5155 2517 5206 130
2547 5152 2606 5204 in
2645 5154 2812 5205 Num.

1951 5238 1980 5280 s
2012 5227 2072 5277 In
2097 5221 2288 5277 Tract.
2321 5229 2517 5275 contra
2541 5221 2796 5292 quinque
2824 5221 3089 5292 hareses,
3116 5238 3239 5291 cap.
3273 5227 3328 5277 2.

1951 5299 1975 5337 h
2029 5293 2375 5346 Benedictini
2425 5293 2630 5360 Congr.
2677 5291 2734 5346 S’.
2772 5291 2986 5345 Mauri:
3028 5299 3270 5361 sanctus,
3328 5300 3568 5359 sanctus,

1880 5366 2093 5433 alisque
2124 5379 2260 5417 voce
2283 5364 2544 5433 Christus.

1949 5434 1960 5468 ί
1998 5431 2226 5487 Exstant
2262 5434 2434 5485 verba
2485 5432 2606 5484 haec
2648 5431 2800 5500 apud
2846 5431 3149 5501 Origenem
3184 5431 3384 5487 homil.
3424 5437 3484 5488 18
3513 5435 3573 5488 in

1881 5507 2260 5559 Numerorum
2287 5504 2498 5556 librum
2533 5517 2544 5553 :
2582 5517 2715 5554 voce
2776 5507 2964 5554 autem
3013 5503 3109 5556 illa
3154 5502 3398 5557 barbara
3423 5504 3572 5559 forte

1881 5575 2140 5628 homilias
2170 5573 2228 5625 in
2260 5571 2649 5627 Pentateuchon
2675 5571 3009 5641 designavit.
