3860 6262
295 335 398 385 423

1657 331 1909 385 ALVARI
1947 330 2429 388 CORDUBENSIS
3698 335 3777 385 (iii
3840 322 3841 329 “

294 472 440 524 omni
468 470 642 535 verbo,
675 474 726 522 et
746 471 968 533 virtute,
1005 471 1056 520 et
1082 469 1315 521 somniis
1349 483 1360 519 :
1391 471 1441 520 et
1477 471 1595 519 erat
1624 466 1775 535 apud
1811 482 1987 533 regem
2027 470 2067 522 Α
2098 466 2245 519 dona
2277 481 2501 536 semper
2532 470 2592 518 ut
2623 466 2820 519 volunt
2849 465 3059 519 habere
3089 481 3206 519 non
3252 472 3531 537 possunt.
3591 466 3692 521 Sed
3739 478 3780 521 et

294 561 353 612 in
381 560 527 611 omni
551 557 727 612 verbo.
763 560 813 609 et
841 555 1156 624 prudentia,
1194 559 1242 608 et
1274 554 1589 623 disciplina.
1648 556 1713 609 In
1762 556 1992 621 quibus-

294 661 499 712 cunque
532 647 780 713 quaesivit
823 645 890 697 ab
936 646 1012 697 eis
1060 659 1176 709 rezc,
1240 645 1447 695 invenit
1486 659 1569 695 eos
1612 642 1832 710 decuplo
1871 658 1991 694 am-

291 734 458 801 plius,
501 750 662 801 quam
706 738 861 786 erant
914 733 1184 801 sophistae,
1231 737 1280 785 et
1330 729 1663 800 philosophi,
1708 734 1803 799 qui
1840 735 1995 783 erant

292 824 351 874 in
380 825 523 875 omni
564 838 727 890 regno
757 821 874 888 ejus
906 823 1063 889 (Dan.
1119 820 1178 891 1).
1236 822 1365 873 Haec
1413 821 1646 889 quidem
1697 820 1756 871 in
1803 835 1991 872 exem-

292 911 549 981 plaribus
589 910 965 980 Septuaginta
993 918 1018 943 ⁸
1047 926 1181 963 vero
1212 908 1523 973 codicibus,
1560 908 1775 978 aliquid
1820 910 1988 961 etiam

294 999 692 1053 vehementius
738 999 949 1068 reperi,
1001 998 1207 1068 quibus
1254 997 1513 1067 quamvis
1568 1013 1685 1049 non
1742 1001 1991 1063 utamur,

294 1093 489 1142 tamen
510 1087 857 1158 agnoscendi
889 1088 1073 1156 gratia
1102 1086 1355 1139 dicemus
1380 1085 1553 1138 etiam
1600 1086 1680 1138 ibi
1714 1086 1865 1155 quod
1916 1087 1995 1138 le-

296 1176 529 1246 gimrus:
582 1176 757 1242 Dedit,
810 1174 1015 1244 inquit,
1066 1176 1141 1227 eis
1192 1174 1334 1226 Deus
1390 1173 1715 1226 intellectum
1761 1178 1809 1226 et
1858 1188 1991 1241 pru-

297 1264 538 1317 dentiam
592 1265 649 1316 in
705 1265 849 1317 omni
902 1264 1262 1328 grammatica
1316 1264 1626 1330 sapientia:
1696 1265 1747 1315 et
1805 1262 1996 1314 Daniel

294 1352 564 1405 intellewit
592 1354 617 1393 ι)
652 1354 710 1405 in
741 1354 885 1405 omni
911 1352 1115 1404 visione
1136 1356 1185 1403 et
1218 1352 1463 1403 somniis.
1509 1351 1573 1403 Et
1608 1354 1739 1419 post
1766 1366 1948 1419 pauca
1979 1366 1990 1402 :

294 1440 621 1504 Astiterunt,
659 1440 864 1509 inquit,
895 1438 958 1493 in
983 1443 1236 1506 conceptu
1267 1441 1431 1505 regis,
1490 1443 1539 1491 et
1569 1440 1628 1491 in
1663 1442 1811 1492 omni
1838 1438 1995 1491 verbo

294 1530 592 1596 sapientiae,
646 1532 705 1580 in
763 1543 866 1596 quo
925 1530 1175 1596 quaesivit
1232 1528 1298 1579 ab
1359 1529 1433 1580 eis
1499 1542 1598 1579 rea:
1654 1528 1862 1579 invenit
1911 1542 1995 1580 eos

295 1615 516 1682 decuplo
563 1630 726 1683 super
772 1630 949 1667 omnes
995 1617 1359 1667 incantatores
1390 1618 1440 1667 et
1480 1630 1663 1679 magos
1712 1617 1809 1681 qui
1841 1619 1994 1666 erant

293 1705 352 1755 in
382 1704 527 1755 omni
563 1718 726 1768 regno
764 1704 907 1769 ejus.
954 1703 1032 1755 Ex
1065 1702 1152 1754 his
1203 1718 1337 1771 ergo
1370 1702 1639 1754 omnibus
1686 1708 1870 1771 potest
1916 1702 1997 1753 in-

2100 555 2241 608 illud
2276 556 2425 625 quod
2461 556 2516 607 in
2552 555 2799 624 Epistula
2832 556 3038 607 Paulus
3066 556 3134 608 ad
3169 556 3439 610 Hebraeos
3474 556 3778 625 scripserit:

2102 645 2173 696 In
2200 646 2397 697 semine
2445 648 2555 709 tuo,
2599 643 2743 710 quod
2775 647 2852 695 est
2897 643 3150 699 Christus
3192 645 3343 707 (Gal.
3381 661 3466 708 ιιι,
3519 643 3648 712 t6):
3688 662 3778 697 nun

2102 732 2413 785 secundum
2446 732 2743 784 liberalem
2782 737 2983 797 artem,
3031 732 3176 785 sicut
3209 733 3417 800 dicitis,
3475 733 3777 802 scripserit;

2102 826 2165 873 ut
2197 837 2344 883 reor,
2382 836 2484 888 per
2510 820 2842 889 allegoriam
2877 820 3118 889 protulit
3150 837 3163 874 :
3198 822 3332 890 quia
3366 822 3424 873 in
3454 822 3640 889 ipsius
3672 822 3781 875 Can-

2106 909 2198 962 tici
2252 908 2494 962 Abrahae
2548 908 2730 961 titulis
2775 908 2852 960 sic
2904 909 3237 962 adnotatum
3294 914 3425 962 est:
3476 911 3779 963 Benedictio

2103 1014 2217 1068 qua
2244 997 2534 1050 benedixit
2568 994 2714 1049 Deus
2762 997 3004 1050 Abrahae
3045 997 3105 1050 in
3137 998 3593 1067 repromissione
3632 996 3781 1049 semi-

2103 1085 2191 1138 nis
2230 1086 2371 1155 ejus,
2407 1085 2505 1155 qui
2540 1090 2623 1137 est
2654 1084 2930 1149 Christus,
2966 1090 3021 1138 et
3065 1086 3323 1155 gentium
3353 1086 3674 1139 vocatione.
3721 1085 3785 1137 lbi

2104 1174 2259 1229 enim
2318 1174 2568 1245 positum
2625 1178 2751 1226 est:
2802 1174 3179 1243 Multiplicabo
3230 1190 3405 1228 semen
3457 1181 3615 1228 tuum
3670 1175 3787 1225 sicut

2102 1265 2285 1318 stellas
2350 1264 2485 1326 cmli,
2529 1267 2578 1316 et
2621 1264 2766 1316 velut
2805 1278 2973 1316 arena
3021 1278 3139 1330 quae
3184 1269 3259 1316 est
3302 1266 3360 1316 in
3404 1264 3595 1316 littore
3640 1265 3786 1314 maris

2106 1358 2250 1417 (Gen.
2294 1368 2426 1416 xxu,
2463 1352 2570 1423 17).
2608 1351 2846 1420 Tropice
2881 1356 2937 1404 et
2984 1351 3349 1421 hyperbolice
3398 1352 3631 1404 locutus
3674 1356 3784 1401 est:

2103 1441 2231 1511 quis
2288 1439 2444 1493 enim
2501 1456 2616 1492 non
2678 1439 2883 1504 videat,
2948 1439 3103 1509 quod
3158 1440 3230 1492 sit
3278 1438 3788 1508 incomparabiliter

2105 1529 2354 1597 amplius
2386 1545 2575 1581 arenae
2625 1545 2918 1593 numerus,
2953 1544 3123 1598 quam
3167 1544 3287 1581 esse
3336 1529 3645 1581 hominum
3694 1543 3787 1579 om-

2106 1616 2267 1669 nium
2329 1616 2396 1669 ab
2451 1617 2575 1685 ipso
2628 1617 2804 1669 Adam
2864 1632 3046 1686 usque
3109 1618 3175 1669 ad
3233 1618 3553 1669 terminum
3618 1616 3785 1668 saeculi

2106 1712 2319 1775 quanto
2371 1705 2552 1774 magis
2607 1705 2792 1757 solum
2855 1720 3051 1757 semen
3094 1704 3371 1758 Abrahae?
3418 1704 3562 1767 Quae
3613 1705 3785 1771 utique

293 1790 498 1860 telligi,
523 1791 817 1859 quomodo
846 1795 901 1843 et
931 1791 1154 1843 Balaam
1181 1790 1385 1843 dixerit
1403 1790 1471 1843 de
1490 1791 1828 1858 semetipso:
1856 1790 1992 1853 Quis
2033 1771 2072 1824 Β
2106 1771 2322 1863 tropica
2352 1798 2456 1859 est,
2479 1771 2595 1846 non
2627 1793 2881 1862 propria.

296 1880 435 1932 sciat
495 1879 792 1932 scientiam
851 1878 1167 1933 Altissimi?
1229 1878 1460 1944 scilicet,
1524 1884 1586 1931 ut
1637 1879 1993 1948 intelligatur

295 1968 444 2038 quod
506 1968 670 2038 origo
711 1968 886 2021 totius
940 1968 1190 2021 scientiae
1247 1969 1317 2021 ab
1386 1968 1509 2038 ipso
1560 1968 1791 2038 coeperit
1826 1984 1989 2021 exor-

296 2057 475 2110 dium.
517 2078 537 2102 ν

367 2148 418 2197 5.
470 2144 865 2198 Sanctissimus
916 2144 1292 2214 Augustinus,
1352 2144 1635 2213 Hipponaa
1693 2144 1990 2214 ltegiensis

295 2232 611 2303 episcopus,
650 2232 746 2285 ubi
778 2233 845 2285 de
870 2232 1051 2285 tribus
1083 2234 1454 2302 Sanguisugis
1486 2233 1852 2302 singulariter
1876 2239 1990 2286 tra-

293 2320 483 2385 ctavit,
518 2322 593 2373 ita
630 2320 899 2373 disseruit
930 2336 942 2373 :
991 2320 1167 2386 Scire,
1213 2321 1421 2390 inquit,
1454 2321 1725 2374 Salomon
1758 2321 1991 2389 sapien-

293 2409 451 2474 tiam,
486 2414 542 2462 et
592 2408 978 2477 disciplinam,
1027 2413 1083 2461 et
1139 2408 1461 2478 intelligere
1504 2424 1797 2461 sermones
1855 2425 1989 2478 pru-

293 2498 519 2561 dentiae,
581 2514 644 2549 ac
714 2497 1317 2566 percipereZversutias
1346 2496 1674 2563 verborum,
1700 2502 1754 2549 et
1786 2497 1992 2549 intelli-

294 2601 428 2655 gere
475 2584 753 2654 justitiam
803 2601 1017 2650 veram,
1061 2584 1462 2655 judiciumque
1494 2585 1752 2653 diligere,
1789 2589 1849 2637 ut
1897 2585 1992 2638 det

292 2674 696 2726 innocentibus
727 2674 1016 2737 astutiam,
1075 2690 1256 2743 puero
1291 2680 1482 2727 autem
1506 2674 1726 2742 juniori
1758 2690 1989 2726 sensum

294 2767 350 2814 et
379 2761 809 2831 cogitationem.
847 2762 939 2815 His
970 2762 1120 2815 enim
1156 2761 1384 2825 auditis,
1420 2762 1645 2831 sapiens
1676 2762 1992 2831 sapientior

294 2850 403 2903 erit
432 2866 445 2904 :
475 2851 573 2921 qui
604 2855 797 2903 autem
839 2850 1121 2919 intelliget
1151 2850 1448 2920 parabolas
1484 2855 1652 2921 atque
1684 2852 1991 2904 obscurum

295 2956 643 3005 sermonem,
704 2939 853 2992 dicta
884 2940 1251 3009 sapientium,
1301 2945 1357 2993 et
1404 2941 1714 3009 aenigmata
1766 2956 1988 2994 eorum.

294 3027 399 3080 Sed
435 3026 562 3097 quis
602 3028 850 3096 sapiens,
909 3035 962 3080 et
994 3028 1120 3097 quis
1157 3028 1429 3097 prudens,
1478 3028 1599 3081 haec
1632 3029 1750 3081 sine
1783 3029 1988 3097 spiritu

296 3115 398 3167 Dei
435 3114 649 3184 liquide
700 3116 1193 3184 comprehendat?
1242 3116 1371 3169 llmc
1412 3120 1544 3168 sunt
1590 3132 1714 3185 qum
1756 3115 1987 3169 investi-

295 3219 431 3273 gare
488 3209 543 3256 et
590 3204 1095 3273 comprehendere,
1152 3209 1206 3257 et
1264 3205 1431 3272 plene
1489 3220 1651 3256 nosse
1697 3205 1986 3273 jubemus.

295 3293 603 3361 Gregorius
635 3309 782 3362 papa
817 3292 977 3346 Urbis
1023 3293 1384 3345 beatissimus
1418 3292 1476 3345 in
1514 3293 1661 3345 libro
1694 3293 1864 3346 tertio
1898 3309 1991 3345 se-

295 3382 546 3434 cundum
598 3382 849 3434 litteram
899 3381 966 3435 de
1018 3383 1183 3435 Petro
1224 3383 1499 3451 apostolo,
1556 3381 1653 3435 ubi
1702 3382 1991 3437 Simonem

295 3469 529 3539 arguit:
573 3472 807 3524 Pecunia
868 3475 963 3523 tua
1008 3475 1175 3524 tecum
1224 3473 1297 3524 sit
1346 3473 1403 3524 in
1449 3470 1809 3540 perditionem
1844 3474 1988 3541 (Act.

292 3573 410 3625 VIII,
446 3561 582 3625 20):
633 3559 729 3628 qui
798 3559 950 3612 enim
986 3575 1103 3612 non
1151 3559 1227 3612 ait
1269 3565 1364 3626 est,
1423 3560 1519 3612 sed
1551 3562 1624 3613 sit
1673 3575 1787 3613 non
1842 3560 1988 3613 indi-

294 3647 474 3700 cativo
518 3648 706 3714 modo,
761 3648 858 3701 sed
909 3648 1160 3718 optativo
1210 3665 1268 3701 se
1300 3649 1420 3703 haec
1475 3648 1679 3702 dixisse
1726 3648 1987 3719 signavit.

294 3737 434 3789 Hinc
466 3737 612 3789 Elias
639 3737 862 3791 duobus
893 3738 1402 3808 quinquagenariis
1434 3738 1499 3791 ad
1533 3755 1590 3791 se
1631 3738 1993 3791 venientibus

291 3825 481 3879 dixit:
527 3827 588 3880 Si
635 3825 787 3879 homo
839 3828 941 3880 Dei
968 3842 1106 3893 sum,
1141 3826 1429 3880 descendat
1450 3829 1596 3893 ignis
1650 3827 1716 3880 de
1748 3828 1891 3892 caelo,
1944 3830 1992 3879 et

293 3919 568 3967 consumat
588 3929 678 3966 vos
709 3914 823 3983 (IV
847 3916 975 3980 Reg.
1001 3914 1059 3984 1).
1104 3915 1242 3967 Vide
1268 3916 1403 3984 quia
1420 3915 1525 3968 hac
1554 3919 1673 3968 arte
1706 3915 1988 3968 utebatur.

292 4001 465 4055 Multa
516 4001 749 4070 quidem
785 4007 947 4054 erant
984 4002 1054 4055 de
1085 4002 1174 4055 his
1206 4004 1376 4056 rebus
1411 4002 1743 4056 testimonia
1783 4002 1993 4057 descri-

292 4088 474 4141 bere:
522 4089 617 4141 sed
648 4105 718 4141 ne
764 4088 937 4141 nimis
983 4090 1341 4144 fastidiosum
1387 4090 1633 4159 sapienti
1679 4091 1987 4155 videretur,

293 4192 469 4246 parva
518 4192 585 4228 ex
607 4176 805 4229 multis
852 4176 1138 4230 sufﬁciant
1167 4178 1371 4231 doctis.
1405 4179 1509 4233 Sed
1543 4183 1597 4232 et
1619 4179 1831 4249 aliqua,
1866 4196 1992 4234 me-

292 4264 417 4334 ipso
458 4270 714 4332 vocante,
748 4270 1036 4335 utcunque
1067 4266 1369 4320 ascribam.
1428 4268 1739 4336 Apostolici
1769 4272 1827 4321 et
1862 4284 1992 4321 san-

2172 1886 2223 1936 6.
2262 1882 2408 1935 Illud
2453 1899 2623 1951 porro
2656 1882 2806 1951 quod
2852 1880 3058 1934 acriter
3097 1880 3342 1933 refutare
3399 1879 3564 1933 vobis
3622 1880 3782 1933 visum

2101 1976 2206 2036 est,
2243 1975 2298 2023 et
2333 1986 2477 2040 pene
2512 1986 2625 2022 non
2655 1986 2821 2038 aequo
2864 1969 3055 2021 animo
3102 1969 3383 2021 dicentem
3417 1968 3646 2031 audire,
3678 1977 3695 1999 τ
3739 1976 3783 2021 et

2101 2059 2238 2129 quid
2299 2076 2328 2110 a
2369 2058 2696 2111 beatissimo
2740 2057 3062 2125 Augustino
3095 2056 3154 2109 in
3195 2057 3561 2126 expeditione
3597 2057 3782 2110 Psalmi

2101 2147 2375 2200 tricesimi
2423 2146 2651 2214 septimi
2686 2146 2946 2210 senserit,
2991 2145 3255 2213 legimus.
3322 2147 3467 2214 Ergo
3531 2162 3635 2198 vox
3682 2150 3785 2198 erat

2099 2235 2465 2297 inﬁrmitatis,
2503 2251 2605 2287 vox
2637 2240 2758 2287 erat
2792 2240 2988 2287 nostra
3019 2250 3129 2303 qua
3158 2235 3183 2274 d
3224 2234 3439 2286 dictum
3477 2240 3565 2287 est
3596 2253 3612 2287 :
3656 2234 3782 2297 Qua-

2101 2340 2159 2377 re
2201 2340 2281 2377 mc
2320 2324 2699 2391 dereliquisti?
2740 2323 2957 2387 (Matth.
3009 2338 3176 2388 xxvu,
3224 2322 3337 2391 46.)
3383 2322 3536 2385 Quid
3586 2322 3653 2375 de
3697 2325 3785 2374 hoc

2102 2412 2465 2466 beatissimus
2498 2413 2878 2481 Hieronymus
2901 2411 3210 2480 scripserit,
3238 2411 3373 2480 quid
3408 2411 3581 2463 nobis
3620 2415 3783 2464 custo-

2101 2502 2372 2555 diendum
2398 2501 2710 2562 tradiderit,
2743 2502 2893 2553 inter
2915 2506 3117 2553 caetera
3135 2500 3359 2553 cuidam
3392 2500 3475 2553 sic
3514 2499 3779 2552 instituit:

2101 2590 2268 2645 Corde
2296 2592 2436 2642 enim
2467 2589 2708 2642 creditur
2735 2589 2808 2641 ad
2828 2590 3126 2657 justitiam,
3173 2591 3282 2641 oris
3316 2594 3497 2641 autem
3541 2589 3783 2653 confessio

2099 2679 2162 2744 ﬁt
2191 2677 2264 2728 ad
2292 2678 2518 2729 salutem
2552 2679 2720 2743 (Rom.
2752 2692 2805 2742 x,
2858 2678 2965 2743 10).
3004 2676 3174 2729 Filius
3225 2676 3319 2727 Dei
3370 2691 3487 2727 non
3523 2681 3609 2728 est
3654 2674 3783 2727 titius

2101 2763 2353 2817 hominis
2386 2784 2396 2817 :
2436 2763 2611 2815 Filius
2645 2762 2743 2816 Dei
2773 2767 2873 2829 est,
2908 2779 3024 2815 non
3053 2766 3137 2814 est
3166 2762 3316 2815 ﬁlius
3356 2762 3635 2815 hominis.
3671 2761 3782 2815 Eni-

2103 2854 2328 2923 genitus
2364 2853 2459 2906 Dei
2491 2858 2572 2904 est
2607 2851 2744 2921 :qui
2786 2867 2917 2905 vero
2957 2850 3109 2904 ﬁlius
3153 2850 3401 2903 hominis
3446 2856 3554 2915 est,
3589 2850 3783 2920 primo-

2102 2941 2325 3010 genitus
2357 2944 2460 3007 est,
2488 2944 2543 2993 et
2575 2945 2810 3009 propter
2866 2943 3251 3008 susceptorem
3307 2954 3475 2991 suum
3534 2936 3782 3006 unigeni-

2100 3034 2221 3082 tum
2258 3030 2456 3092 Deum,
2508 3032 2563 3081 et
2612 3027 3029 3097 primogenitus
3075 3026 3303 3091 dicitur,
3357 3026 3495 3095 quia
3529 3026 3589 3078 in
3621 3041 3683 3078 eo
3712 3028 3781 3077 est

2100 3116 2447 3185 unigenitus.
2503 3115 2758 3183 Denique
2806 3115 2873 3167 de
2919 3112 3304 3183 primogenito
3352 3113 3666 3182 Apostolus
3718 3111 3779 3161 sic

2099 3204 2179 3257 ait
2211 3220 2223 3257 :
2257 3206 2654 3269 Primogenitus
2689 3204 2747 3254 in
2776 3202 2965 3255 multis
3008 3202 3279 3267 fratribus
3314 3204 3487 3269 (Rom.
3549 3217 3665 3265 vm,
3705 3200 3778 3265 29)

2098 3292 2198 3362 qui
2227 3291 2287 3344 in
2319 3307 2450 3344 eum
2496 3290 2879 3344 crediderunt.
2938 3291 3059 3343 Non
3092 3306 3227 3359 ergo
3276 3295 3482 3343 natura
3514 3286 3779 3358 unigeniti

2099 3386 2182 3434 est
2212 3379 2651 3450 primogenitus,
2701 3379 2797 3432 sed
2839 3382 3077 3448 propter
3130 3378 3461 3431 societatem
3537 3374 3779 3446 ungeniti

2100 3469 2202 3524 Dei
2255 3468 2584 3538 unigenitus
2642 3473 2746 3521 est.
2789 3467 3162 3536 Primogeniti
3215 3471 3405 3519 autem
3454 3471 3665 3519 natura
3713 3468 3781 3515 est

2099 3558 2522 3629 primogenitus
2560 3572 2676 3609 non
2732 3572 2901 3609 causa
2944 3555 3250 3621 societatis,
3300 3555 3437 3625 quia
3492 3555 3685 3608 nullus
3728 3566 3777 3604 ex

2100 3646 2342 3700 mortuis
2373 3644 2684 3698 resurrexit
2713 3645 2780 3698 ad
2812 3644 3322 3710 immortalitatem,
3362 3642 3473 3695 nisi
3504 3643 3630 3712 ipse
3674 3638 3778 3709 pri—

2100 3751 2228 3788 mus
2258 3740 2311 3788 et
2343 3734 2669 3803 exemplum
2710 3749 2813 3803 per
2859 3732 3337 3786 resurrectionem
3388 3732 3662 3784 omnibus
3704 3744 3779 3780 se-

2101 3823 2411 3894 quentibus
2462 3822 2661 3875 edidit.
2721 3824 2785 3875 Et
2831 3821 2958 3874 ideo
3005 3821 3311 3890 Apostolus
3344 3819 3481 3872 dicit
3516 3837 3529 3872 :
3569 3818 3672 3888 Qui
3712 3819 3774 3869 est

2095 3915 2509 3982 primogenitus,
2544 3928 2611 3965 ea:
2649 3914 2874 3965 mortuis
2905 3910 3094 3980 (Colos.
3150 3927 3187 3975 ι,
3246 3909 3347 3979 l8).
3385 3909 3541 3961 Idem
3588 3908 3775 3960 iterum

2101 4002 2172 4055 ad
2213 4002 2500 4055 Romanos
2534 4017 2546 4053 :
2588 4002 2654 4055 Ut
2684 4003 2757 4053 sit
2786 4001 2898 4068 ipse
2940 4000 3330 4067 primogenitus
3370 4000 3427 4050 in
3465 3998 3653 4050 multis
3680 3996 3779 4060 fra-

2102 4091 2293 4144 tribus.
2333 4092 2397 4144 Et
2426 4090 2560 4160 quia
2594 4088 2923 4157 unigenitus
2957 4092 3012 4141 et
3060 4087 3477 4157 primogenitus
3530 4086 3659 4139 dua:
3698 4098 3777 4134 na-

2100 4184 2244 4233 tura;
2302 4184 2453 4242 sunt,
2512 4178 2703 4231 divina
2752 4181 2809 4230 et
2862 4177 3133 4230 humana.
3195 4176 3330 4229 Nam
3385 4180 3440 4227 et
3496 4171 3776 4227 diversitas

2100 4269 2305 4321 harum
2341 4272 2673 4319 naturarum
2716 4266 2773 4318 in
2819 4265 3138 4318 elocutione
3185 4263 3631 4331 Evangeliorum
3695 4276 3775 4312 os—

292 4352 503 4407 tissimi
532 4352 659 4415 viri,
708 4368 811 4405 nec
866 4369 1094 4423 semper
1136 4354 1461 4424 suphistice,
1507 4371 1609 4408 nec
1663 4355 1994 4426 frequenter
2031 4372 2074 4425 ι)
2102 4355 2372 4409 tenditur.
2411 4354 2569 4408 Fidei
2618 4358 2825 4406 nostra:
2858 4352 3036 4422 igitur
3066 4368 3178 4405 non
3232 4350 3496 4403 convenit
3524 4354 3590 4403 ut
3634 4350 3775 4403 lesus

292 4443 380 4496 lac
446 4446 645 4512 potum
706 4441 1035 4496 dederunt:
1094 4459 1199 4496 nec
1223 4444 1422 4497 crebro
1476 4444 1721 4498 solidum
1775 4446 1983 4498 cibum.

294 4532 419 4585 Non
449 4530 751 4600 aliquoties
803 4530 1104 4600 simplicia,
1147 4547 1258 4584 non
1309 4531 1406 4585 diu
1446 4531 1730 4595 sublimia,
1782 4533 1875 4586 sed
1930 4537 1992 4585 ut

292 4620 535 4690 Spiritus
567 4619 737 4672 dabat
768 4620 1025 4690 eloquia;
1062 4620 1210 4673 unde
1265 4624 1321 4673 et
1353 4620 1649 4673 Psalmista
1683 4637 1694 4674 :
1746 4622 1989 4675 Audiam

293 4710 429 4777 quid
458 4710 712 4778 loquatur
742 4712 800 4761 in
855 4725 935 4761 me
975 4708 1236 4762 Dominus
1276 4712 1413 4762 Deus
1464 4708 1632 4778 (Psal.
1666 4726 1879 4773 Lxxxiv,
1912 4713 1986 4774 9).

291 4797 430 4851 Vide
480 4797 619 4867 quid
668 4801 895 4850 sanctus
941 4796 1247 4865 Gregorius
1296 4812 1445 4866 papa
1496 4797 1658 4850 Urbis
1703 4798 1874 4850 dicit:
1932 4798 1989 4851 in

293 4886 510 4939 cunctis
544 4901 791 4955 namque
823 4884 1090 4937 ﬁdelibus
1121 4885 1366 4953 Spiritus
1418 4885 1586 4951 venit,
1638 4886 1734 4939 sed
1777 4891 1838 4938 in
1872 4886 1989 4939 solo

292 4972 597 5025 Mediatore
656 4976 974 5041 permanet,
1032 4972 1133 5041 qui
1186 4972 1308 5041 ejus
1358 4974 1775 5027 humanitatem
1849 4991 1992 5028 nun-

295 5077 469 5130 quam
495 5061 763 5126 deseruit,
798 5061 867 5114 de
896 5060 1057 5129 cujus
1106 5060 1403 5115 divinitate
1458 5064 1751 5131 processit.
1790 5065 1849 5116 In
1894 5063 1990 5117 illo

293 5148 470 5217 igitur
495 5152 817 5217 permanet,
851 5147 950 5218 qui
983 5152 1039 5201 et
1082 5148 1238 5201 solus
1287 5155 1345 5202 et
1392 5151 1582 5203 omnia
1624 5167 1851 5221 semper
1880 5169 1990 5221 po-

295 5240 430 5302 test;
463 5251 596 5289 nam
629 5236 826 5289 ﬁdeles
859 5236 958 5306 qui
986 5237 1139 5290 hunc
1179 5238 1486 5308 accipiunt,
1519 5256 1648 5293 cum
1693 5242 1991 5311 signorum

365 5380 694 5452 l"l‘runcata
728 5379 933 5452 verba,
977 5381 1056 5433 sic
1108 5398 1175 5435 ex
1230 5382 1474 5452 Origene
1532 5383 1729 5438 homil.
1786 5386 1873 5449 22,
1933 5384 1990 5438 in

295 5450 464 5503 Num.
500 5449 812 5519 explenda:
848 5453 967 5504 Haec
998 5453 1215 5519 quidem
1247 5456 1303 5505 in
1332 5449 1732 5522 exemplaribus
1762 5462 1990 5522 septua-

294 5523 450 5585 ginta
491 5523 847 5588 interpretum
890 5522 1200 5577 habentur:
1250 5527 1311 5577 in
1360 5524 1702 5577 Hebraeorum
1739 5540 1862 5578 vero
1906 5540 1991 5577 co-

295 5590 508 5645 dicibus
538 5592 773 5659 aliquid,
807 5597 906 5645 etc

2102 4444 2355 4499 Christus
2409 4442 2742 4509 mentiatur,
2776 4441 2912 4512 quia
2936 4441 3057 4509 ipse
3098 4445 3181 4493 est
3214 4439 3437 4492 veritas.
3473 4439 3616 4493 Cum
3657 4450 3775 4503 ergo

2099 4535 2177 4587 ita
2203 4533 2292 4597 sit,
2328 4533 2447 4602 ipse
2481 4532 2549 4585 de
2581 4546 2638 4584 se
2666 4530 2804 4583 dicit
2837 4545 2850 4583 :
2896 4530 3000 4595 Qui
3039 4544 3121 4582 me
3148 4531 3299 4582 misit
3343 4543 3548 4581 mecum
3582 4532 3674 4587 est,
3700 4538 3777 4577 nec

2099 4638 2181 4675 me
2226 4621 2516 4689 dereliquit
2569 4621 2740 4682 (Joan.
2776 4634 2889 4681 vm,
2944 4618 3033 4687 29)
3070 4634 3082 4683 ;
3136 4623 3193 4670 et
3240 4616 3352 4669 alio
3398 4616 3571 4668 loco:
3631 4616 3776 4671 Deus,

2100 4714 2239 4764 Deus
2260 4725 2426 4776 meus,
2472 4724 2641 4777 quare
2670 4723 2752 4761 me
2780 4706 3158 4774 dereliquisti‘?
3187 4704 3406 4773 (Matth.
3459 4720 3632 4767 xxvu,
3682 4697 3778 4752 46.)

2101 4800 2243 4863 Quia
2278 4800 2424 4852 Deus
2453 4797 2747 4850 hominem
2782 4798 3126 4864 susceperat,
3162 4800 3216 4847 et
3263 4809 3365 4863 per
3396 4796 3643 4845 mortem
3675 4802 3780 4841 cru-

2101 4888 2178 4940 cis
2210 4884 2625 4956 relinquendus
2639 4889 2761 4937 erat
2789 4900 2819 4936 a
2843 4884 2956 4936 Deo
2980 4898 3161 4952 usque
3193 4882 3263 4935 ad
3288 4880 3777 4934 resurrectionem:

2102 4974 2234 5027 ﬁdei
2291 4990 2426 5044 ergo
2487 4977 2696 5026 nostra:
2749 4972 2826 5024 sic
2882 4971 3165 5037 convenit,
3211 4974 3274 5022 ut
3316 4969 3487 5021 homo
3527 4968 3675 5020 dicat
3721 4962 3778 5015 ad

2102 5063 2282 5116 Deum
2327 5078 2515 5116 suum.
2574 5064 2750 5129 Quare
2793 5076 2875 5113 me
2904 5060 3285 5126 dereliquisti?
3326 5056 3665 5126 Unigenitus
3694 5067 3777 5105 au-

2100 5157 2213 5205 tem
2265 5152 2412 5204 Deus
2444 5151 2541 5220 qui
2597 5148 2994 5219 inseparabilis
3052 5152 3136 5200 est
3168 5164 3198 5199 a
3238 5147 3401 5199 Patre
3462 5146 3647 5197 dicat:
3690 5141 3778 5206 Qui

2100 5256 2185 5295 me
2213 5242 2365 5293 misit
2404 5254 2606 5292 mecum
2653 5242 2750 5303 est,
2782 5252 2876 5290 nec
2911 5252 2991 5289 me
3033 5235 3340 5302 dereliquit.
3398 5233 3639 5287 Sanctus
3687 5234 3777 5282 Au-

2170 5383 2196 5423 b
2226 5382 2346 5447 Ms.,
2383 5382 2692 5436 danielo....
2726 5382 2946 5434 somnis.

2173 5460 2192 5484 ο
2224 5454 2359 5504 Vide
2381 5469 2552 5521 supra
2593 5452 2761 5521 epist.
2802 5454 2849 5513 t,
2880 5466 2933 5504 n.
2968 5452 3017 5503 3.

2172 5523 2197 5564 ἀ
2231 5524 2350 5587 Ms,
2384 5525 2535 5590 quia.
