3860 6262
32 356 118 408 425

1567 359 1939 415 EPISTOLAE.

3410 368 3473 421 Ai?
3483 368 3512 420 6

32 487 269 557 gustinus
311 491 509 541 contra
559 489 922 542 Priscilianos
958 505 970 541 :
1023 490 1217 558 Neque
1270 489 1422 542 enim
1479 490 1578 543 illa
1624 507 1711 545 su-
1748 495 1796 547 A
1827 492 2004 544 nostri
2039 508 2153 545 non
2199 509 2452 559 carnem,
2485 494 2578 548 sed
2617 495 2713 548 Dei
2767 496 3006 549 Verbum
3055 496 3224 550 unius
3257 498 3514 552 substan-

35 576 297 645 sceptioue
359 578 604 630 alterum
667 594 864 630 eorum
945 577 1005 630 in
1065 579 1309 631 alterum
1373 595 1706 632 conversum

37 672 188 734 atque
219 670 506 719 mutatum
540 671 652 720 est:
685 683 789 720 nec
815 666 1088 719 Divinitas
1120 666 1330 736 quippe
1363 667 1418 720 in
1452 673 1706 721 creatura

35 758 231 805 mutata
286 757 395 818 est,
455 760 522 806 ut
581 754 884 807 desisteret
937 770 1056 806 esse
1111 760 1409 807 creatura:
1469 771 1604 808 nam
1664 756 1710 807 si

35 842 327 893 substantia
360 842 613 894 hominis
670 843 728 894 in
772 843 1075 895 Divinitate
1110 859 1382 896 conversa
1429 849 1532 910 est,
1565 859 1710 913 aug-

34 929 280 982 mentavit
312 930 552 1000 aliquod
609 931 954 984 Divinitatis.
990 931 1095 984 Sed
1132 931 1278 984 absit
1319 935 1384 984 ut
1433 948 1708 1000 augmen-

37 1025 139 1069 tum
170 1017 408 1087 recipiat
442 1017 749 1071 inetl‘abitis
779 1019 1100 1088 plenitudo.
1156 1021 1341 1073 Manet
1380 1035 1516 1088 ergo
1549 1025 1707 1073 utra-

34 1122 127 1176 que
153 1105 276 1158 Filii
324 1111 535 1159 natura
567 1112 622 1161 et
651 1123 764 1160 una
794 1123 1063 1178 persona.
1103 1109 1304 1161 Beatus
1338 1109 1444 1162 Leo
1476 1113 1710 1178 aposto—

33 1195 134 1246 licre
166 1194 314 1247 sedis
349 1196 590 1248 antistes
632 1197 700 1249 ad
753 1197 1080 1249 Flavianum
1117 1198 1711 1266 Constantinopolita-

33 1299 151 1336 num
185 1300 198 1336 :
231 1284 292 1336 Et
326 1285 480 1337 sicut
508 1284 694 1338 forma
732 1285 881 1338 servi
915 1285 1012 1338 Dei
1041 1286 1284 1339 formam
1317 1303 1433 1339 non
1473 1287 1708 1352 ademit,

32 1373 98 1424 ita
139 1372 319 1424 forma
366 1373 468 1426 Dei
523 1373 667 1427 servi
723 1374 966 1427 formam
999 1391 1116 1427 non
1151 1375 1378 1428 minuit.
1435 1377 1496 1428 Et
1539 1374 1712 1444 paulo

34 1465 142 1528 post
175 1476 187 1513 :
219 1462 280 1513 Et
313 1461 470 1514 sicut
497 1463 743 1517 Verbum
776 1464 845 1515 ab
877 1464 1204 1533 aequalitate
1234 1469 1486 1534 paterna:
1516 1463 1710 1533 glorim

35 1565 131 1600 non
172 1551 404 1616 recedit,
455 1551 533 1603 ita
588 1567 717 1604 caro
770 1557 1031 1605 naturam
1078 1555 1252 1604 nostri
1314 1554 1540 1622 generis
1595 1569 1711 1606 nou

38 1637 266 1707 reliquit.
305 1639 452 1691 Item
490 1640 863 1710 Hieronymus
891 1641 951 1693 in
985 1641 1424 1695 Commentariis
1462 1643 1709 1711 Evange-

37 1727 218 1780 liorum
251 1729 573 1782 secundum
609 1729 935 1783 Mattlizeum
971 1746 982 1782 :
1016 1732 1166 1783 Dia-it
1199 1733 1460 1785 Dominus
1490 1733 1712 1784 Domino

33 1831 143 1880 meo,
175 1817 298 1869 sede
331 1835 365 1870 α
415 1819 629 1872 demtris
677 1821 828 1883 meis,
862 1819 1024 1872 donec
1062 1835 1260 1888 ponam
1302 1822 1549 1873 inimicos
1599 1824 1714 1873 tuos

31 1905 295 1958 scabellum
339 1907 545 1974 pedum
597 1913 806 1960 tuorum
858 1909 1023 1976 (Psal.
1066 1924 1172 1973 cxx,
1228 1909 1321 1977 1):
1369 1909 1584 1961 dictum
1633 1913 1716 1960 est

31 1993 125 2046 hoc
152 2009 263 2047 non
298 1995 619 2049 secundum
651 1997 706 2048 id
737 1997 888 2066 quod
921 1997 989 2050 de
1022 2013 1087 2049 eo
1122 2003 1290 2050 natus
1321 1997 1476 2051 estid
1511 1997 1710 2061 David,

33 2087 80 2133 et
118 2092 140 2114 ³
184 2084 504 2138 secundum
553 2084 610 2137 id
644 2085 794 2155 quod
828 2101 890 2137 ex
925 2086 1086 2138 Patre
1130 2091 1295 2138 natus
1327 2102 1555 2155 semper
1583 2086 1710 2151 fuit,

34 2171 370 2239 praeveniens
399 2189 532 2224 eum
565 2173 684 2242 ipse
711 2189 829 2225 suae
862 2173 1047 2226 carnis
1081 2175 1327 2227 Patrem.
1361 2176 1504 2227 Item
1535 2175 1714 2227 sancti

36 2259 305 2312 Athanasii
356 2261 764 2314 Alexandriam
806 2262 962 2314 urbis
1028 2263 1176 2316 sedis
1231 2263 1484 2333 episcopi
1533 2263 1712 2316 sancti

37 2352 83 2400 et
122 2348 480 2414 confessoris,
526 2351 592 2403 ad
643 2350 963 2419 Epictetum
1013 2351 1445 2406 Corinthiorum
1492 2352 1710 2420 episco-

37 2451 189 2502 pum:
237 2437 547 2500 Quomodo
579 2444 770 2491 autem
822 2440 909 2492 vel
960 2439 1223 2494 dubitare.
1264 2440 1385 2493 ausi
1434 2447 1566 2494 sunt
1613 2441 1712 2511 qui

35 2524 281 2578 dicuntur
307 2526 648 2592 Christiani,
683 2527 793 2579 nisi
819 2528 1099 2581 Dominus
1137 2529 1235 2598 qui
1269 2545 1333 2581 ex
1375 2529 1548 2582 Maria
1578 2546 1710 2600 pro-

34 2614 180 2666 cessit
226 2614 407 2666 Filius
455 2614 688 2684 quidem
727 2615 1046 2668 substantia
1094 2621 1150 2669 et
1205 2622 1408 2671 natura
1455 2618 1550 2670 Dei
1605 2623 1708 2672 est.

34 2702 172 2762 Quod
205 2711 404 2756 autem
435 2704 749 2756 secundum
777 2719 1027 2770 carnem,
1062 2720 1125 2757 ex
1149 2705 1365 2758 semine
1396 2706 1571 2758 David
1605 2711 1710 2771 est,

36 2795 271 2845 etcarne
326 2798 542 2845 sancta
603 2792 810 2845 Mariae.
868 2794 1005 2846 Item
1040 2793 1099 2846 in
1151 2793 1293 2846 libro
1336 2793 1514 2847 sancti
1571 2797 1713 2848 Am-

36 2879 191 2932 brosii
239 2885 297 2934 et
351 2880 694 2933 confessoris
741 2881 1174 2935 Mediolanensis
1220 2883 1500 2947 Ecclesiae,
1557 2883 1712 2953 quod

36 2969 171 3022 misit
218 2971 289 3024 ad
353 2971 764 3040 imperatorem
814 2971 1144 3025 Gratianum
1197 2971 1349 3024 inter
1394 2975 1600 3025 castera
1652 2971 1712 3024 in

1819 580 1912 633 tice
1961 596 2090 633 cum
2144 581 2304 635 Patre
2346 598 2464 634 esse
2497 583 2810 638 dixerunt:
2865 587 3111 638 Verbum
3159 588 3393 656 quidem
3446 604 3513 640 ex

1818 671 2056 738 paterna
2119 671 2458 738 processisse
2516 671 2847 733 substantia,
2908 689 3135 726 carnem
3199 682 3388 729 autem
3447 693 3511 729 ex

1821 756 2050 826 Virgine
2081 773 2200 810 esse
2231 758 2472 810 confessi
2509 761 2665 811 sunt.
2711 781 2731 804 ι

1887 850 1941 898 ’7.
1979 847 2042 898 Et
2073 846 2205 915 quia
2238 847 2404 899 nobis
2435 847 2680 900 scribere
2711 847 3016 917 przevidisti
3054 851 3204 918 quod
3241 851 3298 904 in
3334 852 3514 921 Eplie~

1818 933 1941 986 sina
1965 934 2180 1004 synodo
2211 935 2552 1001 continetur,
2586 936 2684 989 ubi
2713 937 2779 989 ad
2823 938 3008 990 locum
3047 938 3125 989 sic
3165 939 3466 993 adnotatur
3496 957 3509 994 :

1820 1023 1874 1075 Si
1908 1024 2036 1092 quis
2071 1023 2378 1077 contitetur
2407 1040 2638 1078 carnem
2694 1025 2791 1078 Dei
2822 1025 3245 1080 viviticatricem
3295 1045 3415 1080 esse
3459 1035 3517 1082 et

1817 1113 2107 1181 propriam
2156 1111 2335 1182 ipsius
2367 1112 2532 1165 Verbi
2588 1112 2683 1166 Dei
2716 1113 2919 1174 Patris,
2967 1113 3065 1166 sed
3094 1116 3248 1167 velut
3279 1116 3514 1169 alterius

1820 1205 2027 1269 praeter
2054 1199 2245 1269 ipsum
2291 1201 2580 1270 conjuncti
2611 1202 2799 1254 cidem
2832 1219 2934 1272 per
2987 1202 3345 1272 dignitatem,
3419 1210 3516 1257 aut

1821 1285 1982 1356 quasi
2015 1286 2261 1339 divinam
2294 1287 2713 1341 habitationem
2763 1290 3046 1355 habentis,
3081 1306 3143 1342 ac
3172 1306 3285 1343 non
3326 1291 3514 1360 potius

1821 1379 1883 1428 ut
1931 1375 2192 1436 diximus,
2265 1375 2683 1430 viviticatrieein
2747 1393 2888 1444 esse,
2951 1378 3256 1431 anathema
3302 1379 3392 1431 sit.
3457 1380 3513 1432 Si

1822 1463 1975 1516 enim
2009 1463 2148 1516 dicis
2182 1463 2317 1533 quia
2347 1466 2582 1534 propria
2613 1471 2696 1519 est
2728 1466 2826 1519 Dei
2873 1467 3074 1532 Patris,
3125 1469 3280 1538 quod
3333 1469 3514 1521 sancti

1823 1553 2012 1604 Patres
2047 1552 2282 1605 minime
2315 1553 2480 1606 credo
2515 1559 2571 1606 ut
2630 1554 2704 1606 ita
2743 1554 3008 1620 dixerint,
3059 1571 3196 1625 ergo
3235 1556 3512 1610 Sabellia-

1821 1655 1954 1692 nam
1987 1641 2253 1694 haeresim
2285 1648 2510 1695 secutus
2551 1643 2852 1702 videberis.
2887 1646 2982 1715 qui
3017 1646 3156 1698 dicis
3201 1646 3334 1716 quia
3383 1663 3510 1716 pro-

1823 1728 1946 1797 pria
1977 1733 2060 1781 est
2089 1745 2218 1781 caro
2251 1730 2352 1782 Dei
2377 1730 2578 1796 Patris,
2611 1736 2666 1785 et
2704 1731 2912 1786 iterum
2946 1734 3179 1802 propria
3209 1740 3294 1787 est
3325 1734 3509 1788 Verbi.

1824 1817 1982 1880 Quod
2047 1823 2240 1871 sancta
2289 1821 2541 1888 synodus
2607 1820 2886 1888 Ephesina
2948 1821 3185 1874 minime
3238 1822 3507 1875 decrevit.

1826 1905 2048 1959 Etenim
2082 1907 2233 1960 inter
2262 1913 2463 1960 castora
2487 1913 2680 1961 noster
2711 1909 3059 1973 Vincentius,
3097 1909 3256 1977 dicis,
3286 1910 3512 1963 cuidam

1823 1993 2140 2064 implorans
2187 1995 2377 2048 taliter
2405 1995 2540 2049 dicit
2572 2013 2584 2050 :
2621 1997 2719 2048 Illa
2757 1996 2927 2050 iacies
2971 2013 3144 2067 quam
3177 2003 3305 2068 post
3350 1997 3516 2051 meri-

1822 2082 1975 2136 diem
2019 2084 2256 2136 colonus
2296 2083 2542 2154 paradisi
2587 2085 2734 2138 ferre
2766 2085 3050 2139 sustinens
3096 2086 3244 2156 fugit
3285 2090 3341 2139 et
3387 2091 3517 2156 post

1822 2188 1926 2242 pro
1958 2171 2112 2225 illius
2141 2175 2195 2224 et
2224 2172 2416 2242 stirpis
2447 2172 2569 2242 ejus
2595 2174 3048 2243 transgressione
3076 2174 3258 2243 sputis
3285 2174 3354 2227 ab
3387 2174 3514 2228 inﬁ-

1824 2260 2045 2314 delibus
2085 2260 2370 2314 sordidata
2399 2265 2502 2326 est,
2553 2261 2630 2314 ita
2659 2261 2821 2314 vobis
2861 2261 2994 2315 dum
3028 2261 3086 2314 in
3131 2261 3262 2331 igne
3295 2262 3516 2315 venerit

1819 2348 2075 2418 judicare
2125 2348 2418 2416 saeculum,
2456 2349 2510 2402 in
2555 2349 2984 2420 tranquillitatis
3016 2354 3071 2402 et
3123 2350 3280 2420 pacis
3327 2351 3514 2420 specie

1823 2454 1946 2490 sese
1971 2438 2168 2506 jubeat
2195 2437 2608 2492 demonstrare.
2650 2439 2784 2492 Vide
2816 2455 2887 2491 ne
2937 2438 3288 2492 contrarium
3320 2440 3516 2494 videa-

1821 2529 1917 2580 tur
1979 2526 2133 2598 quod
2187 2543 2359 2596 supra
2395 2527 2603 2580 sanctis
2661 2527 2919 2580 Patribus
2963 2527 3264 2597 probatum
3306 2531 3411 2582 est.
3458 2528 3514 2582 Si

1822 2614 1922 2668 illa
1982 2615 2169 2682 facies,
2224 2631 2395 2685 quam
2452 2617 2685 2668 colonus
2723 2615 2959 2686 paridisi
3025 2615 3211 2686 fugiit,
3263 2616 3517 2686 subjecta

1824 2707 2084 2757 creatura
2137 2703 2265 2768 fuit,
2321 2708 2376 2756 et
2424 2709 2685 2757 creatura
2741 2720 3041 2774 corporea;
3100 2705 3199 2758 sed
3253 2720 3372 2758 non
3447 2705 3516 2758 de

1823 2793 2040 2846 semine
2073 2792 2248 2846 David
2277 2796 2427 2858 nata,
2465 2793 2562 2846 sed
2596 2794 2850 2846 nondum
2885 2793 3198 2846 divinitatis
3242 2809 3306 2846 ex
3337 2793 3515 2863 stirpe

1828 2882 2000 2935 David
2033 2885 2351 2950 corporata,
2403 2881 2501 2934 sed
2548 2883 2802 2935 nondum
2847 2882 2904 2936 in
2938 2887 3198 2951 tempore
3248 2886 3397 2936 nata.
3453 2883 3516 2936 Et

1824 2968 1959 3039 quid
1983 2969 2342 3024 sentiendum
2377 2975 2460 3022 est
2491 2969 2558 3024 de
2592 2987 2658 3024 eo
2685 2971 2832 3040 quod
2864 2971 3171 3040 Apostolus
3195 2970 3348 3038 dicit,
3380 2971 3516 3042 quia

35 3059 161 3112 libro
191 3060 444 3113 secundo
479 3074 491 3111 :
529 3079 556 3110 ‹‹
588 3060 724 3113 Inde
756 3059 899 3113 illud
938 3061 1090 3130 quod
1121 3060 1334 3114 lectum
1366 3064 1466 3127 est,
1518 3061 1714 3114 Domi-
1753 3061 1797 3116 C
1823 3061 2006 3125 factus
2059 3062 2136 3112 est
2184 3074 2251 3111 ea:
2307 3061 2505 3112 semine
2563 3058 2746 3112 David
2806 3058 3096 3112 secundum
3143 3073 3378 3126 carnem,
3421 3062 3520 3128 qui

37 3162 155 3199 num
187 3148 504 3217 majestatis
535 3148 866 3200 cruciﬁxum
910 3163 1029 3200 esse
1061 3150 1085 3190 ιι
1117 3148 1170 3216 (I
1213 3151 1328 3203 Cor.
1378 3165 1438 3206 II.
1493 3148 1571 3219 2),
1617 3165 1716 3218 pu-

37 3243 218 3300 temus,
252 3237 353 3290 sed
389 3237 524 3305 quia
558 3237 706 3289 idem
743 3238 886 3289 Deus
937 3236 1089 3289 idem
1140 3237 1312 3289 homo
1359 3253 1462 3305 per
1501 3236 1716 3290 divini-

37 3327 190 3376 tatem
222 3326 394 3391 Deus,
441 3341 544 3394 per
586 3324 1002 3394 susceptionem
1035 3325 1223 3377 carnis
1255 3325 1426 3378 homo
1459 3323 1716 3378 Christus

33 3413 173 3465 lesus
235 3413 520 3466 Dominus
574 3413 884 3483 majestatis
945 3413 1154 3466 dicitur
1203 3413 1525 3467 crucitixus.
1576 3435 1596 3460 κ
1655 3414 1719 3466 Et

37 3506 144 3568 post
187 3517 412 3571 pauca:
471 3526 493 3548 ιι
527 3501 848 3567 Servemus,
899 3502 1112 3572 inquit,
1145 3503 1568 3557 distinctionem
1622 3503 1715 3556 Di-

32 3589 264 3643 vinitatis
314 3595 374 3643 et
427 3591 631 3643 carnis.
679 3592 831 3644 Unus
897 3591 956 3644 in
1007 3597 1248 3662 utroque
1301 3593 1561 3662 loquitur
1618 3590 1716 3645 Dei

35 3677 209 3744 Filius,
241 3679 386 3748 quia
416 3677 476 3731 in
509 3680 707 3732 eadem
743 3685 984 3750 utraque
1021 3685 1225 3733 natura
1255 3685 1356 3734 est.
1391 3682 1455 3734 Et
1485 3680 1532 3733 si
1562 3680 1715 3734 idem

33 3765 290 3836 loquitur,
342 3783 463 3820 non
494 3783 610 3820 uno
655 3785 885 3838 semper
934 3769 1190 3840 loquitur
1228 3769 1435 3823 modo:
1483 3769 1718 3823 intende

34 3853 82 3905 in
108 3870 170 3907 eo
214 3871 374 3908 nunc
408 3855 652 3925 gloriam
711 3856 832 3923 Dei,
883 3873 1039 3910 nunc
1091 3857 1343 3910 hominis
1400 3857 1713 3926 passiones.

33 3943 181 4005 Quasi
212 3944 367 3998 Deus
413 3945 671 4014 loquitur
697 3961 827 4015 quas
871 3951 1007 3998 sunt
1051 3945 1262 4010 divina,
1295 3946 1432 4014 quia
1471 3945 1716 4002 Verbum

35 4036 104 4082 est
133 4049 145 4084 :
177 4033 347 4102 quasi
379 4033 558 4086 homo
592 4033 730 4087 dicit
755 4051 882 4104 quas
915 4039 1046 4087 sunt
1075 4034 1350 4101 humana,
1382 4033 1518 4105 quia
1564 4034 1625 4087 in
1653 4050 1718 4088 ea

33 4120 331 4174 substantia
378 4122 742 4192 loquebatur.
773 4124 918 4176 Item
962 4123 1218 4193 ejusdem
1260 4123 1320 4175 in
1343 4123 1488 4176 libro
1528 4123 1718 4176 lucar-

34 4209 265 4262 nationis
318 4210 554 4264 Domini
604 4216 800 4265 contra
845 4211 1321 4282 Apollinaristas:
1367 4231 1394 4261 ς(
1427 4211 1530 4265 Sed
1579 4212 1717 4265 dum

35 4295 120 4348 hos
149 4299 578 4369 redarguimus,
614 4306 921 4370 emergunt
949 4300 1069 4365 alii,
1101 4299 1200 4370 qui
1226 4315 1456 4353 carnem
1488 4299 1718 4353 Domini

36 4383 212 4440 dicunt
255 4393 312 4441 et
369 4387 738 4441 Divinitatem
787 4388 958 4441 unius
1006 4393 1240 4442 naturae.
1295 4388 1432 4451 Quae
1493 4393 1718 4442 tantum

35 4474 380 4545 sacrilegium
424 4475 651 4528 inferna
689 4477 1080 4530 vomuerunt?
1132 4478 1254 4530 1am
1303 4476 1719 4531 tolerabiliores

37 4568 149 4617 sunt
196 4564 424 4631 Ariani,
470 4580 722 4634 quorum
752 4581 854 4635 per
881 4567 1022 4619 istos
1073 4566 1250 4619 robur
1280 4565 1538 4636 perﬁdiae.
1583 4567 1717 4619 ado-

39 4648 194 4718 lescit,
240 4659 312 4706 ut
380 4654 634 4722 majores
692 4654 1063 4708 contentione
1095 4659 1353 4708 asserant
1407 4656 1630 4708 Patrem
1663 4659 1720 4708 et

40 4738 220 4795 Filium
251 4748 312 4796 et
338 4741 618 4813 Spiritum
650 4748 906 4796 sanctum
940 4742 1108 4796 unius
1151 4759 1265 4796 non
1293 4759 1412 4796 esse
1458 4743 1720 4796 substan-

39 4826 176 4896 tiae“,
210 4832 349 4902 quia
400 4831 498 4884 isti
550 4831 917 4885 Divinitatem
965 4832 1190 4885 Domini
1224 4835 1281 4885 et
1323 4847 1552 4884 carnem
1593 4831 1720 4883 sub-

37 4921 240 4973 stantia:
315 4919 492 4974 unius
565 4919 752 4973 dicere
805 4925 1214 4974 tentaveruut:
1270 4921 1410 4974 Item
1467 4940 1493 4967 »
1521 4919 1717 4972 infra:

41 5026 62 5051 ίι
86 5007 144 5060 Et
168 5008 227 5061 hi
253 5007 404 5062 mihi
442 5008 778 5077 frequenter
812 5008 1026 5062 Nicaeni
1054 5009 1281 5062 concilii
1331 5025 1388 5061 se
1419 5011 1719 5062 tractatum

40 5098 212 5151 tenere
269 5101 754 5152 commemorant.
798 5096 907 5152 Sed
947 5097 1008 5150 in
1061 5097 1161 5151 illo
1223 5101 1469 5151 tractatu
1527 5098 1722 5151 Patres

99 5248 120 5272 ³
147 5241 432 5310 Corrupta
462 5239 635 5294 verba
669 5256 681 5294 :
717 5240 795 5294 sic
840 5244 1033 5295 autem
1074 5241 1432 5294 emendanda
1468 5257 1480 5294 :
1533 5241 1594 5294 id
1647 5245 1724 5295 est

46 5309 96 5382 de
123 5309 452 5376 David,’sed
481 5311 791 5374 secundum,
827 5317 958 5376 etc.,
980 5327 1045 5365 ex
1078 5311 1421 5382 Hieronymo
1455 5311 1551 5364 lib.
1586 5327 1637 5363 IV
1663 5312 1725 5364 in

47 5379 239 5446 Matth,
283 5399 410 5452 cap.
473 5397 610 5445 xxu,
666 5383 756 5448 44,
806 5382 901 5435 ubi
950 5383 1184 5451 inquit:
1245 5379 1496 5436 Dominus
1553 5384 1726 5449 igitur

52 5453 199 5504 David
239 5459 493 5516 vocatur,
524 5468 632 5505 non
678 5453 971 5506 secundum
1000 5453 1062 5506 id
1091 5453 1235 5520 quod
1260 5453 1324 5506 de
1353 5469 1409 5506 eo
1432 5457 1594 5505 natus
1624 5456 1720 5517 est,

49 5523 122 5575 sed
140 5522 311 5593 juxta
340 5524 401 5577 id
423 5522 571 5590 quod
609 5528 770 5577 natus
796 5539 863 5576 ea:
910 5525 1073 5577 Patre
1107 5539 1317 5592 semper
1342 5525 1473 5590 fuit,
1521 5537 1723 5590 praeue-

47 5596 178 5646 niens
209 5598 392 5663 ipsum
422 5595 607 5647 carnis
637 5609 747 5647 sua
771 5599 1004 5662 patrem.

103 5666 126 5704 ι)
147 5661 363 5718 Desunt
401 5663 496 5718 hic
526 5679 656 5734 quae
687 5661 832 5734 apud
860 5664 1230 5718 Ambrosium
1259 5668 1482 5717 exstant
1518 5661 1615 5714 lib.
1664 5677 1720 5725 ιι,

387 5762 668 5827 PATROL.
721 5762 932 5828 CXXI.

1822 3147 2238 3218 praedestinatus
2261 3151 2339 3200 est
2364 3148 2533 3200 Filius
2564 3149 2658 3200 Dei
2688 3149 2859 3213 (Rom.
2895 3162 2930 3211 Ι,
2967 3147 3043 3216 3).
3070 3146 3517 3201 Prmdestinatur

1826 3235 2000 3301 enim,
2035 3236 2116 3288 uti
2137 3236 2440 3305 praeclarus
2455 3235 2836 3306 Hieronymus
2852 3235 3008 3301 dicit,
3024 3236 3121 3306 qui
3139 3252 3248 3288 nor.
3259 3236 3395 3290 dum
3409 3241 3512 3290 est.

1826 3325 1891 3378 Et
1920 3325 2056 3394 quid
2089 3324 2481 3378 arbitraudum
2522 3328 2605 3378 est
2634 3325 2702 3378 de
2733 3326 2924 3378 anima
2951 3327 3102 3390 Jesu,
3144 3325 3213 3379 de
3245 3341 3360 3395 qua
3389 3325 3468 3379 ait
3498 3342 3511 3379 :

1829 3414 2024 3466 Tristis
2064 3417 2140 3466 est
2170 3414 2356 3465 anima
2386 3428 2502 3465 mea
2533 3427 2701 3480 usque
2746 3413 2820 3465 ad
2865 3418 3085 3467 mortem
3117 3412 3335 3482 (Matth.
3368 3430 3513 3482 xxvx,

1827 3503 1945 3568 38);
2006 3507 2062 3554 et
2109 3501 2176 3554 de
2207 3516 2365 3570 quo:
2415 3503 2731 3555 Potestatem
2777 3501 2940 3554 habeo
2980 3501 3218 3570 ponendi
3275 3504 3516 3556 animam

1824 3604 1992 3642 meam
2027 3589 2200 3658 (Joan.
2244 3604 2297 3655 x,
2333 3591 2452 3656 18);
2488 3594 2543 3642 et
2581 3589 2718 3642 item
2753 3605 2765 3641 :
2812 3590 3012 3642 Anima
3043 3604 3160 3642 mea
3186 3591 3407 3644 turbata
3437 3596 3516 3645 est

1825 3692 1993 3745 usque
2018 3677 2092 3730 ad
2137 3682 2357 3730 mortem
2391 3677 2560 3744 (Joan.
2585 3693 2683 3742 xu,
2715 3679 2829 3744 27),
2878 3693 3005 3747 quae
3039 3693 3154 3731 non
3185 3677 3254 3731 de
3292 3679 3512 3732 semine

1829 3764 2001 3819 David
2035 3763 2348 3818 descendit.
2390 3764 2655 3834 Nunquid
2681 3769 2736 3817 et
2765 3764 2889 3834 ipsa
2911 3765 3101 3818 anima
3128 3764 3188 3818 in
3218 3764 3344 3835 ipsa
3373 3767 3514 3820 facie

1819 3854 1942 3924 jam
1971 3859 2107 3906 tunc
2136 3851 2323 3922 posita
2353 3852 2515 3906 erat?
2549 3853 2847 3916 Quomodo
2878 3869 3014 3923 ergo
3068 3853 3326 3907 dicemus
3350 3870 3515 3908 verus

1828 3943 1975 3996 Deus
2015 3945 2071 3995 et
2101 3957 2267 3993 verus
2301 3941 2495 4008 homo,
2537 3947 2594 3993 et
2623 3957 2655 3995 a
2698 3950 2879 3994 matre
2910 3946 3077 3995 natus
3107 3946 3385 4012 tempore,
3418 3943 3514 3997 sed

1827 4031 2211 4101 sempiternus
2252 4046 2284 4082 a
2318 4031 2500 4083 Patre.
2544 4030 2657 4083 Et:
2711 4030 2901 4083 Induit
2947 4046 3202 4100 carnem,
3248 4032 3344 4086 sed
3397 4047 3517 4086 non

1828 4119 1986 4174 exuit
2030 4119 2415 4187 majestatem;
2445 4134 2638 4172 veram
2677 4134 2909 4173 carnem
2939 4135 3007 4173 ex
3032 4121 3309 4175 maternis
3339 4121 3516 4176 visce-

1829 4208 1988 4262 ribus
2019 4213 2239 4262 tantum
2264 4208 2384 4261 sine
2413 4211 2666 4278 peccato.

1899 4300 1951 4351 8.
2000 4297 2162 4360 Quod
2223 4313 2327 4350 nos
2382 4297 2631 4366 graviter
2662 4297 2889 4351 molesti
2945 4299 3101 4364 estis,
3134 4302 3191 4352 et
3219 4297 3370 4369 quod
3402 4314 3519 4353 non

1757 4362 1801 4416 Β
1827 4390 2049 4440 tantum
2086 4386 2296 4455 pugnis
2336 4362 2406 4438 et
2434 4385 2704 4450 calcibus,
2744 4386 2844 4439 sed
2885 4387 3071 4440 crudis
3091 4362 3348 4441 travibus
3379 4387 3522 4440 mul-

1827 4479 1948 4528 tare
1973 4475 2227 4544 jussistis
2257 4491 2361 4545 pro
2401 4475 2624 4528 tardato
2647 4475 2959 4545 reciproco,
2993 4480 3050 4528 et
3087 4476 3291 4530 codicis
3350 4476 3520 4529 vestri

1826 4562 2188 4630 transmissu,
2249 4563 2429 4616 fateor
2484 4579 2574 4617 me
2631 4579 2748 4616 non
2811 4563 3176 4616 mediocriter
3245 4567 3516 4616 erratum.

1828 4653 2058 4707 Meliora
2090 4657 2216 4706 sunt
2245 4652 2467 4704 rcrbera
2509 4653 2683 4720 ﬁdelis
2731 4651 2920 4713 amici,
2965 4667 3127 4720 quam
3169 4651 3350 4704 oscula
3401 4652 3521 4715 fal—

1830 4742 2001 4796 lentia
2033 4740 2250 4794 inimici
2286 4741 2444 4809 (Prov
2476 4756 2640 4805 xxvii,
2675 4739 2747 4808 6).
2778 4739 3041 4807 Legimus
3071 4739 3219 4807 apud
3259 4739 3523 4808 antiquos

1829 4829 2220 4900 philosophos,
2250 4844 2375 4881 cum
2411 4827 2821 4897 discipulorum
2854 4827 3218 4879 Antisthenes
3247 4826 3274 4867 ἀ
3302 4827 3522 4879 nullum

1829 4918 2128 4988 reciperet,
2161 4922 2218 4970 et
2246 4919 2702 4986 perseverantem
2733 4914 3043 4984 Diogenem
3074 4931 3365 4968 removere
3407 4931 3523 4969 non

1830 5011 2039 5077 posset,
2072 5005 2285 5059 clavam
2318 5003 2568 5056 minatus
2607 5007 2712 5067 est,
2748 5001 2859 5055 nisi
2890 5002 3104 5067 abiret;
3141 5003 3232 5056 cui
3263 5003 3358 5056 ille
3388 5003 3521 5057 sub-

1827 5097 2026 5167 jecisse
2055 5093 2260 5149 dicitur
2285 5095 2474 5162 caput,
2503 5095 2674 5161 atque
2722 5090 2930 5144 dixisse
2963 5107 2976 5144 :
3029 5092 3227 5146 Nullus
3258 5095 3374 5146 tam
3422 5093 3524 5146 du-

1833 5238 1903 5293 ad
1956 5235 2311 5291 Gratianum.
2361 5249 2482 5302 cap.
2535 5233 2568 5285 4
2617 5234 2953 5286 :Dominum
3009 5233 3318 5302 majestatis
3361 5239 3529 5288 cruci-

1830 5313 2004 5377 ﬁmum
2061 5321 2188 5371 esse,
2250 5319 2355 5357 non
2403 5307 2565 5372 quasi
2618 5305 2674 5356 in
2719 5304 3004 5370 majestate
3055 5319 3154 5357 sua
3209 5307 3526 5375 cruci/trum

1827 5383 2096 5448 putemus,
2143 5382 2248 5448 etc.

1904 5458 1923 5480 ε
1961 5449 2090 5518 llis,
2114 5446 2477 5518 substantiam
2507 5460 2520 5498 ε
2552 5445 2648 5518 sed
2683 5445 2760 5498 in‘
2790 5445 3080 5501 Ambrosii
3119 5451 3293 5511 textu,
3325 5464 3447 5518 cap.
3497 5450 3527 5497 6

1834 5518 1967 5572 libri
1989 5518 2058 5569 de
2080 5515 2492 5575 incarnatione,
2517 5517 2854 5572 substantia.

1902 5587 1927 5624 ἀ
1959 5588 2078 5652 Ms,
2114 5588 2486 5641 Antistitencs.

3140 5760 3220 5816 14
