3860 6262
347 347 446 398 4-27
1708 342 1957 397 ALVARI
2000 341 2486 398 CORDUBENSIS
3613 308 3616 312 ’
3711 348 3781 400 iis

349 495 446 532 rus
485 476 719 532 baculus
759 479 843 530 est
875 475 974 546 qui
1006 490 1097 528 me
1130 491 1160 527 a
1206 478 1304 527 tuo
1335 473 1517 543 possit
1563 473 1838 543 obsequio
1872 490 2031 544 sepa-
2074 482 2118 532 A
2152 474 2469 527 testimonia
2502 474 2546 526 si
2579 474 2737 544 cupis
2787 490 3062 545 concerpe
3095 490 3108 527 :
3160 474 3315 538 mihi,
3347 481 3410 529 ut
3464 475 3643 543 credo,
3683 480 3782 533 nihil

347 583 492 621 rare.
531 567 593 619 Et
624 580 728 634 ego
759 580 888 617 cum
920 580 986 616 eo
1018 563 1199 616 dicam
1227 579 1238 616 :
1275 563 1473 615 Nullus
1506 566 1622 615 tam
1645 562 1822 616 durus
1854 577 2040 616 sermo
2152 580 2354 616 eorum
2426 563 2877 632 interrogatione
2933 563 3200 635 inﬂigens
3254 564 3470 631 damni,
3532 566 3656 635 quia
3706 583 3784 620 non

347 673 466 709 esse
495 660 700 725 potest,
735 655 833 724 qui
886 670 972 707 me
1006 669 1038 706 a
1087 658 1273 705 vestra
1320 651 1612 716 cbaritate,
1662 669 1692 704 a
1739 656 2039 721 vestraque
2152 653 2398 706 aliorum
2429 657 2629 706 contra
2671 669 2760 706 me
2795 653 3099 706 dimicatus
3131 669 3190 706 es
3218 653 3412 718 armis,
3437 670 3603 724 quam
3634 671 3779 709 eorum

345 744 646 797 dulcedine
669 743 847 814 possit
879 743 1257 811 disrumpere.
2151 741 2360 812 quibus
2390 745 2746 812 expugnatus
2786 757 2844 794 es
2878 741 3026 796 telis.
3062 742 3126 794 Et
3158 742 3293 795 dum
3332 742 3473 796 mihi
3521 743 3782 800 testificent.

417 836 467 886 9.
506 835 582 887 De
612 833 787 885 trium
812 848 943 885 vero
971 831 1308 884 ancillarum
1343 833 1657 882 vestrarum
1693 829 2032 899 migratione
2149 829 2369 898 tibique
2399 829 2629 894 iterum,
2664 833 2727 882 ut
2776 833 2962 899 putas,
3005 829 3343 899 suffragium
3392 836 3669 900 praestent,
3707 848 3782 884 non

348 938 412 974 ex
447 937 543 974 ore
566 921 748 991 patris
781 920 1103 973 communis
1125 919 1317 972 audivi
1341 919 1558 987 integre
1582 934 1593 970 :
1621 917 1795 972 Nolite
1813 919 2038 971 contris-
2148 922 2288 987 puto
2319 923 2383 971 ut
2409 918 2678 988 cuiquam
2709 917 2974 972 videatur
3001 918 3290 988 prudenti,
3322 918 3384 972 in
3413 935 3481 972 eo
3512 920 3650 989 quod
3687 921 3784 973 nihil

349 1013 478 1076 tari,
511 1012 651 1063 sicut
681 1014 731 1062 et
760 1011 938 1062 caeteri
981 1011 1078 1076 qui
1109 1023 1255 1076 spem
1304 1022 1408 1060 non
1444 1007 1640 1059 habent
1671 1008 1719 1074 (Ι
1748 1007 1933 1061 Thess.
1963 1022 2036 1070 iv,
2149 1011 2440 1076 praestant,
2475 1023 2596 1059 esse
2640 1007 2960 1071 mendaces,
3000 1011 3056 1061 et
3088 1007 3145 1060 in
3187 1023 3253 1060 eo
3283 1008 3440 1077 quod
3475 1007 3578 1060 tibi
3623 1008 3782 1072 favent,

350 1100 459 1167 t2).
504 1099 758 1151 Dominus
784 1097 952 1160 dedit,
995 1097 1252 1148 Dominus
1284 1095 1528 1159 abstulit,
1573 1097 1645 1147 sit
1687 1109 1876 1147 nomen
1923 1097 2038 1148 Do—
2149 1112 2269 1149 esse
2303 1111 2546 1150 veraces.
2581 1095 2698 1149 Nisi
2727 1096 2960 1149 forsitan
2997 1095 3310 1148 sententias
3340 1111 3543 1148 eorum
3573 1096 3626 1148 in
3654 1097 3784 1151 r'uani

346 1190 483 1241 mini
511 1186 841 1240 benedictum
883 1187 940 1237 in
987 1185 1181 1237 sa’cula
1237 1183 1354 1250 (Job
1404 1200 1440 1246 I,
1485 1184 1594 1249 Ἦ).
1645 1183 1883 1252 Oportet
1934 1199 2038 1235 nos
2149 1185 2347 1252 mittis,
2381 1189 2436 1238 et
2469 1185 2757 1238 contraria
2797 1201 2892 1237 eos
2933 1185 3037 1238 sibi
3069 1184 3277 1237 dixisse
3307 1184 3633 1238 contendis:
3676 1187 3786 1255 quod

346 1293 449 1347 per
475 1275 682 1328 multas
709 1272 1105 1326 tribulationes
1134 1271 1326 1324 venire
1351 1271 1421 1324 ad
1453 1271 1760 1335 Christum,
1798 1270 2036 1324 Domino
2151 1273 2194 1326 si
2228 1273 2420 1326 taliter
2475 1274 2672 1344 utique
2729 1275 2924 1337 sentis,
2960 1290 2992 1326 a
3032 1273 3305 1326 catholica
3347 1289 3488 1344 pace
3536 1280 3788 1344 nostraque

347 1366 616 1418 dicente:
660 1362 892 1416 Mundus
949 1359 1229 1427 gaudebit,
1279 1375 1371 1413 vos
1418 1364 1597 1413 autem
1654 1360 2034 1424 tristabimini,
2149 1362 2430 1415 dissentis.
2495 1363 2558 1416 Et
2606 1363 2725 1416 hinc
2775 1363 2850 1415 ita
2897 1363 3158 1432 digerere
3210 1361 3363 1416 volui
3417 1363 3476 1416 in
3534 1363 3786 1433 principio.

344 1451 438 1506 sed
466 1453 697 1505 tristitia
719 1454 898 1503 vestra
921 1452 1154 1502 vertetur
1179 1450 1237 1500 in
1260 1448 1525 1513 gaudium
1557 1447 1731 1517 (Joan.
1776 1464 1885 1513 xw,
1924 1448 2033 1517 20).
2150 1450 2314 1522 quasi
2373 1467 2466 1504 eas
2520 1450 2641 1520 jam
2697 1456 2895 1505 contra
2963 1468 3052 1504 me
3098 1451 3242 1506 forte
3309 1451 3706 1522 exprobrarent
3753 1452 3789 1504 in

344 1541 660 1593 Mereamur
702 1544 889 1592 tecum
924 1537 1206 1591 coadunes
1255 1537 1406 1589 otius
1446 1536 1579 1589 siste
1625 1545 1649 1570 ει
1679 1553 2034 1590 communes.
2149 1539 2369 1609 praelia.

343 1627 599 1681 Salutare
630 1643 916 1697 praesumo
950 1641 1053 1694 per
1086 1642 1149 1677 os
1182 1629 1430 1677 vestrum
1489 1640 1720 1677 omnem
1771 1625 2034 1677 decorem
2219 1630 2269 1680 3.
2300 1631 2367 1680 At
2395 1643 2521 1680 cum
2567 1632 2782 1680 constet
2821 1627 2878 1680 in
2908 1628 3197 1698 plerisque
3248 1644 3359 1680 non
3415 1629 3537 1681 loco
3593 1644 3791 1698 congrue

342 1717 547 1769 domus
596 1721 813 1769 vestrm.
867 1715 1084 1768 Salutat
1133 1730 1233 1764 vos
1279 1713 1489 1766 domna
1553 1712 1845 1766 Froisinda
1903 1729 2033 1766 cum
2078 1759 2114 1786 ο
2148 1716 2359 1786 posite;
2401 1715 2587 1784 quodi
2640 1715 2778 1768 mihi
2831 1715 3010 1780 obest,
3049 1715 3094 1768 si
3141 1715 3314 1769 totius
3353 1731 3553 1769 eorum
3595 1716 3791 1768 instruas

345 1805 476 1857 filiis
514 1805 650 1868 suis,
688 1803 812 1856 sani
860 1808 916 1856 et
964 1802 1300 1866 incolumes,
1356 1807 1412 1854 et
1447 1801 1620 1854 tritici
1668 1802 2035 1856 multitudine
2079 1801 2116 1812 "
2147 1803 2350 1869 aciem,
2387 1804 2520 1856 dum
2555 1803 2816 1870 aliorum,
2853 1819 2966 1856 non
3009 1819 3214 1870 meam,
3263 1803 3512 1857 destruis
3570 1803 3792 1857 classem?

348 1894 677 1963 locupletes.
709 1892 896 1946 Direxi
926 1891 1086 1944 vobis
1108 1891 1267 1944 illum
1297 1893 1320 1932 ιι
1349 1891 1758 1960 glossematum
1789 1891 2035 1961 etephe-
2152 1894 2222 1945 Ex
2254 1896 2444 1945 sancto
2475 1892 2630 1944 enim
2669 1893 3011 1961 Hieronymo
3057 1893 3250 1961 aliqua
3290 1892 3471 1955 mihi;
3540 1897 3593 1945 et
3636 1909 3691 1945 ex
3725 1909 3792 1944 eo-

346 1982 614 2042 merides,
677 1980 1071 2033 indesinenter
1100 1981 1311 2048 gratias
1359 1981 1630 2033 referens.
1681 1981 1894 2034 Merear
1941 1998 2033 2034 ve-
2148 1981 2276 2034 dem
2334 1981 2534 2034 itidem
2593 1981 2714 2050 ipsa
2775 1983 2980 2050 recepi.
3037 1981 3143 2034 Sed
3195 1982 3456 2050 nunquid
3545 1981 3645 2033 sibi
3708 1981 3791 2049 ipse

345 2077 519 2124 stram
543 2070 878 2139 jucumdam
905 2069 1162 2139 accipere
1189 2068 1480 2138 scriptam.
1516 2069 1678 2122 Finit.
1896 2100 1903 2128 -_
2146 2070 2433 2123 contraria
2465 2070 2677 2134 docuit,
2713 2074 2810 2123 aut
2851 2071 3004 2123 aliud
3056 2070 3165 2134 hic,
3213 2069 3366 2123 aliud
3425 2069 3507 2123 ibi
3546 2070 3695 2140 quasi
3733 2072 3793 2120 sui

1149 2195 1234 2248 Iv.
1757 2202 1764 2214 ,
1875 2169 1903 2218 ’ί
1941 2199 1946 2208 .
2149 2159 2360 2212 oblitus
2392 2159 2711 2228 proferret?
2749 2158 2908 2222 Quod
2942 2157 2990 2210 si
3038 2158 3190 2222 fecit,
3241 2173 3359 2211 non
3399 2165 3600 2211 contra
3625 2174 3702 2210 me
3733 2158 3792 2210 fa-

1223 2237 1234 2247 .
1364 2303 1370 2312 ,
1658 2259 1676 2316 f_
1874 2285 1876 2287 -
1938 2302 1940 2304 τ
2147 2246 2356 2299 cundia
2387 2252 2482 2299 tua
2512 2247 2750 2313 tonavit,
2797 2246 2892 2300 sed
2936 2251 3134 2300 contra
3182 2262 3315 2299 eum
3363 2246 3490 2316 ipsa
3537 2247 3652 2315 ejus
3684 2246 3795 2298 dicta

2145 2334 2416 2404 surgcvit.
2451 2334 2596 2387 Audi
2641 2351 2797 2404 ergo,
2846 2335 2931 2387 vir
2961 2334 3422 2404 prudentissime,
3471 2340 3529 2388 et
3575 2335 3796 2388 Romanis

2147 2422 2456 2476 dialecticae
2488 2428 2678 2492 caput,
2711 2439 2827 2476 non
2857 2423 2962 2476 hoc
2997 2438 3152 2476 more
3177 2423 3203 2455 “
3229 2438 3360 2475 usos
3396 2422 3574 2476 fuisse
3601 2423 3794 2492 priores.

342 2321 462 2356 ITEM
530 2319 780 2356 EPIS'I‘OLA
846 2318 1040 2354 ALV’ARI
1098 2318 1316 2366 10mm,
1364 2303 1469 2355 'CUI
1536 2297 1724 2372 suras,
1790 2302 2035 2376 pinacrs.

412 2428 643 2481 Aurelio
678 2426 864 2480 Flavio
894 2427 1091 2479 JOANNI
1128 2426 1336 2479 Paulus
1371 2428 1644 2480 ALVARUS.

417 2521 465 2568 l.
520 2517 772 2585 Eugloge
804 2514 1053 2583 emperie
1102 2519 1298 2566 vestrm
1345 2519 1697 2566 summentes
1720 2514 1965 2566 eufrasia
1996 2524 2034 2579 ε,

343 2605 459 2658 imo
481 2603 728 2672 energize
760 2607 1159 2672 percurrentes
1193 2603 1465 2673 epitoma.
1495 2603 1750 2672 jucunda
1780 2603 1925 2656 facta
1954 2608 2039 2656 est

341 2693 551 2756 anima,
585 2693 722 2744 dum
754 2692 839 2744 vel
872 2707 992 2744 sere
1020 2691 1209 2744 dilecti
1258 2691 1466 2744 meruit
1495 2706 1834 2760 cognoscere
1882 2707 2036 2744 com-

341 2782 532 2834 moda.
574 2781 730 2834 Unde
771 2780 906 2850 quia
945 2779 1167 2849 prolixa
1217 2779 1482 2832 facundia
1533 2783 1826 2832 oratorum
1876 2796 2035 2834 more

343 2869 677 2923 rethoricari
707 2876 790 2922 est
813 2868 948 2932 visa,
984 2873 1037 2920 et
1071 2873 1267 2920 contra
1300 2867 1594 2920 tenuitatis
1627 2872 1833 2921 nostra:
1867 2868 2033 2921 insci-

341 2958 419 3010 tia
451 2973 658 3028 magna
687 2954 712 2989 δ
743 2957 1042 3009 doctorum
1094 2973 1229 3008 usus
1261 2972 1319 3007 es
1348 2955 1608 3022 ﬂumina,
1645 2972 1716 3009 ne
1748 2957 2034 3026 iperbato-

342 3045 485 3098 nicis
517 3054 539 3078 °
569 3045 791 3098 casibus
823 3044 1087 3110 serviam,
1123 3051 1178 3098 et
1209 3060 1339 3114 quas
1371 3046 1537 3114 cupio
1565 3061 1676 3097 non
1710 3045 2029 3115 expediam,
2074 3061 2114 3114 ς,

343 3135 440 3187 sed
470 3133 756 3186 involvam
783 3149 796 3199 ;
831 3132 1080 3185 breviter
1112 3149 1175 3184 ac
1207 3132 1489 3186 succincte
1521 3133 1869 3186 defensionis
1895 3149 2035 3186 meae

340 3222 559 3276 ordiam
591 3223 783 3275 telam.

412 3312 444 3362 2
504 3309 883 3363 Praetermitto
923 3307 1076 3361 enim
1108 3307 1545 3362 demulcationis
1574 3307 1892 3361 disertioris
1940 3326 2037 3362 ve-

343 3401 472 3450 strm
523 3396 899 3467 praeconium,
953 3412 1067 3466 quo
1117 3401 1288 3465 caput
1328 3412 1518 3448 meum
1570 3413 1790 3466 ungens
1838 3397 2035 3449 niteris

341 3486 622 3540 mellitum
673 3485 819 3538 mihi
872 3484 1132 3554 infligere
1180 3485 1454 3555 gladium.
1504 3486 1571 3538 Et
1637 3501 1707 3537 ne
1764 3501 2036 3540 onerosus

342 3576 523 3629 multa
579 3575 822 3628 dicendo
879 3573 1012 3627 [iam
1067 3573 1413 3643 legentibus,
1473 3590 1537 3626 ea
1594 3578 1817 3628 tantum
1876 3590 2036 3627 meus

339 3679 526 3718 sermo
559 3664 690 3718 licet
722 3663 976 3733 segniter
1007 3667 1212 3728 texeat,
1249 3679 1375 3732 quas
1399 3662 1712 3717 sententias
1733 3663 2033 3716 doctorum

341 3758 457 3806 ate
488 3753 802 3823 prudenter
847 3752 1097 3822 digestas
1153 3752 1292 3804 milii
1349 3757 1761 3805 consentaneas
1816 3753 2032 3818 doceat,

338 3857 441 3895 nec
471 3841 820 3894 adversarias
853 3857 920 3893 eo
951 3841 1145 3894 animo
1175 3857 1288 3911 quo
1339 3840 1501 3910 cupis
1533 3841 1816 3896 ostendat.
1858 3843 1935 3894 Ac
1973 3839 2034 3893 in

339 3931 558 3999 primis,
603 3931 681 3983 mi
723 3930 947 3996 dilecte,
993 3930 1099 3983 hoc
1148 3945 1488 4000 responsum
1535 3929 1763 3994 habeto,
1805 3933 2032 3982 senten-

337 4019 560 4088 tiasque
605 4018 899 4072 doctorum
945 4035 977 4070 a
1021 4034 1111 4071 me
1154 4018 1257 4071 tibi
1306 4018 1567 4082 directas,
1611 4034 1644 4070 a
1681 4023 1735 4071 te
1788 4017 2035 4088 integer-

338 4109 512 4161 rimas
553 4111 910 4160 conservatas
956 4111 1270 4171 memento,
1327 4123 1432 4160 nec
1490 4123 1671 4177 usque
1722 4123 1872 4160 nunc
1921 4108 2034 4160 alio

339 4195 518 4249 dictas
568 4211 598 4246 a
650 4200 700 4246 te
752 4202 994 4247 ostensm
1044 4199 1176 4247 sunt
1207 4195 1406 4261 modo;
1467 4195 1564 4249 sed
1618 4196 1694 4248 ita
1747 4201 1808 4249 ut
1858 4214 1888 4249 a
1942 4212 2032 4250 me

339 4283 604 4352 cognitae,
653 4288 707 4335 et
756 4283 880 4346 tibi,
929 4283 1421 4345 reverendissime,
1474 4284 1791 4350 destinatae,
1851 4285 2036 4339 hacte-

2145 2529 2249 2565 nec
2278 2517 2498 2564 nostros
2533 2528 2636 2581 per
2665 2512 2766 2566 has
2795 2511 3221 2572 contrarietates
3270 2511 3616 2564 discursasse
3662 2512 3796 2580 majo-

2149 2617 2255 2654 res.
2301 2601 2463 2654 Prius
2494 2602 2648 2654 enim
2696 2601 3078 2654 extenuabant
3125 2599 3361 2669 objecta,
3395 2605 3454 2654 et
3495 2602 3574 2653 sic
3613 2601 3797 2654 demum

2149 2689 2483 2759 satagebant
2513 2689 2841 2741 assertionis
2872 2705 2988 2741 sum
3036 2688 3264 2741 ﬁrmare
3311 2695 3654 2741 commenta.
3683 2693 3745 2741 Ac
3769 2689 3799 2738 si

2146 2777 2382 2830 forsitan
2409 2777 2712 2847 placuisset
2750 2777 2908 2846 prius
2937 2778 3166 2830 firmare
3196 2777 3452 2849 propria,
3519 2779 3700 2832 denuo
3739 2783 3799 2831 ta-

2149 2882 2278 2920 men
2309 2867 2617 2920 adversarii
2653 2866 3024 2920 destruebant
3053 2867 3331 2937 opposita,
3383 2883 3489 2920 nec
3521 2868 3798 2920 nullatenus

2147 2969 2213 3006 ea
2239 2955 2579 3007 omittebant
2611 2954 2801 3008 illazsa.

2215 3043 2265 3095 4.
2293 3042 2398 3096 Sed
2430 3059 2584 3095 nunc
2621 3043 2692 3096 ad
2739 3043 3093 3112 propositum
3146 3047 3522 3108 revertamur,
3581 3045 3798 3115 ipsasque

2143 3135 2290 3183 totas
2321 3133 2630 3184 sententias
2653 3131 2992 3200 singillatim
3025 3131 3316 3184 rimemus.
3353 3131 3445 3185 Ais
3474 3133 3629 3186 enim
3661 3134 3798 3185 :Nam

2142 3220 2210 3273 de
2263 3236 2377 3288 quo
2427 3219 2506 3272 ait
2546 3220 2888 3289 Apostolus:
2940 3220 3021 3273 Et
3059 3222 3110 3273 si
3142 3222 3425 3289 imperitus
3454 3236 3704 3284 sermone,
3737 3218 3800 3272 sed

2142 3325 2249 3362 non
2277 3311 2505 3362 scientia
2546 3310 2620 3378 (11
2669 3311 2788 3364 Cor.
2848 3325 2921 3374 χι,
2983 3308 3058 3378 6),
3109 3325 3222 3362 non
3270 3323 3503 3378 semper
3545 3308 3801 3378 imperitus

2141 3396 2270 3450 fuit.
2298 3398 2432 3449 Ecce
2463 3397 2509 3449 si
2534 3413 2645 3450 non
2679 3413 2927 3466 semper,
2962 3397 3146 3450 saltim
3184 3397 3267 3450 vel
3303 3397 3619 3466 aliquando
3657 3397 3798 3465 impe-

2143 3485 2318 3538 ritum
2342 3485 2620 3551 afﬁrmas;
2647 3490 2704 3538 et
2742 3490 2934 3538 utrum
2957 3485 3014 3538 in
3062 3500 3346 3550 sermone,
3380 3502 3450 3539 an
3494 3486 3556 3540 in
3581 3486 3798 3540 scientia.

2143 3588 2259 3626 non
2315 3574 2503 3627 lucide
2562 3589 2804 3628 narras:
2868 3573 2980 3630 nisi
3037 3574 3165 3645 quis
3213 3574 3308 3628 ille
3359 3573 3581 3644 peritus
3633 3575 3802 3629 dictum

2141 3667 2305 3717 tuum
2333 3667 2516 3716 totum
2561 3665 2876 3732 percurrat,
2929 3667 2985 3716 et
3022 3664 3190 3732 plane
3227 3667 3280 3715 te
3328 3677 3460 3716 eum
3495 3662 3556 3716 in
3611 3658 3804 3714 scientia

2140 3751 2474 3822 imperitum
2529 3751 2733 3804 dixisse
2763 3756 3084 3821 cognoscat.
3129 3751 3287 3814 Quod
3331 3751 3426 3804 ille
3488 3752 3560 3806 de
3607 3767 3662 3803 se
3703 3763 3803 3819 pro-

2141 3842 2295 3894 tinus
2342 3845 2511 3910 negat
2563 3839 2842 3905 dicendo;
2897 3841 3018 3894 Etsi
3072 3841 3358 3908 imperitus
3423 3855 3678 3904 sermone,
3728 3850 3802 3888 non

2145 3934 2320 3984 tamen
2354 3930 2598 3982 scientia.
2634 3930 2779 3982 Dum
2812 3944 2870 3981 se
2901 3943 3016 3982 non
3048 3927 3287 3981 scientia
3337 3927 3693 3998 imperitum,
3735 3923 3805 3976 sed

2142 4031 2404 4071 sermone
2435 4016 2604 4077 dicat,
2637 4016 2767 4086 quis
2815 4019 2972 4068 tanta
3001 4014 3351 4068 hebetudine
3394 4030 3688 4085 possessus
3729 4028 3804 4064 au-

2141 4105 2272 4159 deat
2326 4105 2670 4158 econtrario
2700 4103 2986 4157 afﬁrmare
3041 4119 3171 4157 eum
3225 4119 3340 4157 non
3383 4118 3672 4165 sermone,
3734 4098 3806 4152 sed

2139 4193 2378 4248 scientia
2395 4192 2729 4262 imperitum
2764 4190 2976 4244 fuisse?

2211 4285 2261 4336 5.
2299 4281 2446 4334 Dicis
2471 4281 2626 4334 enim
2658 4297 2670 4334 :
2709 4282 2836 4334 Erat
2864 4279 3058 4334 tamen
3092 4280 3151 4333 in
3194 4279 3418 4350 magnis
3465 4279 3807 4350 profectibus,

338 4386 448 4423 nus
487 4368 668 4422 tenori
698 4369 954 4422 serviunt
993 4385 1113 4422 suo.
1148 4369 1320 4422 Miror
1357 4386 1488 4423 vero
1519 4368 1540 4406 τ
1583 4386 1881 4425 censuram
1931 4388 2026 4424 ve-
2071 4363 2114 4417 D
2140 4376 2196 4424 et
2243 4369 2472 4441 aliquod
2523 4369 2580 4423 in
2613 4385 2672 4422 se
2703 4369 2855 4422 velut
2915 4369 3285 4422 nutabundus
3339 4369 3654 4438 eloquitur,
3702 4381 3803 4420 cum

340 4463 514 4511 stram
550 4456 840 4521 eximiam,
886 4460 942 4510 et
975 4457 1298 4510 mirabilem
1354 4457 1494 4510 mihi
1526 4457 1672 4511 bene
1705 4464 1896 4512 notam
1940 4459 2029 4512 in-

337 4546 635 4614 dustriam,
667 4561 768 4599 cur
792 4562 907 4599 non
933 4545 1052 4616 ipsa
1073 4546 1405 4599 testimonia
1436 4546 1708 4600 limatiuri
1727 4547 2031 4602 intentioni

335 4636 576 4698 rimasti,
606 4651 786 4705 eaque
823 4634 1109 4704 majorum
1143 4635 1374 4686 solertia
1406 4634 1770 4704 indagatione
1799 4642 2031 4690 strenua

339 4725 449 4779 alio
481 4725 648 4778 modo
684 4724 904 4794 digesta
935 4735 964 4777 ε
996 4722 1250 4792 probasti
1285 4738 1296 4774 :
1342 4722 1452 4775 nisi
1484 4722 1720 4776 forsitan
1750 4724 1903 4793 quod
1949 4724 2031 4779 ibi

333 4813 487 4868 aliud
532 4812 880 4882 intelligeres
933 4812 1155 4865 elucere
1204 4809 1329 4872 tibi,
1380 4810 1608 4880 penitus
1656 4827 1770 4864 non
1815 4812 2023 4867 vidisti.

336 4903 494 4956 Unde
534 4901 670 4970 quia
718 4902 1073 4954 intemeratas
1121 4903 1380 4963 manent,
1429 4916 1461 4951 a
1513 4904 1569 4952 te
1620 4914 1917 4970 nunquam
1968 4901 2028 4954 in

333 4992 508 5044 alium
536 4991 668 5043 visat
697 4994 1075 5042 suntsensum
1099 4987 1344 5053 deflecti,
1371 5003 1522 5041 nunc
1538 4988 1716 5042 millia
1735 4988 1979 5044 millium
2001 4992 2027 5032 h

401 5159 425 5181 ⁸
459 5150 516 5202 F.
547 5151 755 5202 sistere.

401 5222 426 5261 ι)
465 5221 654 5282 Illum,
684 5219 740 5271 id
771 5221 856 5271 est
884 5218 1127 5283 biblum,
1159 5219 1245 5272 vel
1276 5217 1510 5273 librum.

402 5299 422 5324 ο
462 5291 710 5358 Engloca:
767 5292 1037 5360 empeiria:
1084 5295 1268 5344 vestrm
1336 5295 1599 5343 sumentes
1651 5291 2021 5360 euphrasiam,

331 5359 439 5414 hoc
475 5367 578 5418 est.
631 5359 905 5422 dulci/tuae
931 5363 1144 5429 peritiae
1181 5366 1367 5415 vestra:
1408 5365 1671 5414 sumentes
1707 5359 1790 5430 (in
1835 5362 2021 5415 mani-

332 5431 462 5502 bus)
525 5433 903 5502 eloquentiam.
955 5432 1161 5502 Grrzecis
1227 5430 1496 5502 ἐγγλύσσω
1551 5437 1632 5484 est
1697 5432 2018 5496 indulcoro,

331 5501 694 5624 gultcecliinem
726 5501 931 5624 agerc;
985 5501 1221 5576 ἐμπειρία
1258 5501 1488 5573 peritia,
1521 5502 1846 5572 prudentia.
1897 5503 2017 5556 Nic.

382 5589 415 5624 n
451 5614 463 5624 .
558 5589 630 5624 vi.
661 5589 718 5624 η.
855 5613 866 5624 .

330 5575 463 5627 Ant.
507 5574 523 5626 1
558 5589 630 5633 vi.
661 5589 718 5626 η.
749 5574 866 5626 190.

399 5645 424 5685 ἀ
469 5646 597 5710 Leg.
634 5647 907 5698 inscitiam
940 5647 1193 5711 magnis.
1225 5645 1556 5712 ﬂuminibus.

2138 4459 2318 4514 dicit:
2378 4460 2590 4513 Macero
2647 4473 2840 4526 corpus
2879 4473 3070 4524 meum,
3123 4460 3184 4510 in
3224 4460 3536 4511 servitutem
3581 4458 3805 4524 subjicio.

2137 4565 2202 4603 ne
2229 4551 2372 4616 forte
2401 4549 2529 4602 aliis
2555 4548 2866 4617 pradicans
2897 4550 3011 4615 ipse
3054 4547 3316 4616 reprobus
3354 4549 3609 4601 inveniar
3638 4550 3681 4613 (1
3710 4548 3804 4602 Cor.

2139 4655 2213 4706 xx,
2256 4637 2364 4708 37),
2407 4641 2464 4691 et
2514 4637 2748 4707 quidem
2795 4637 2918 4690 haec
2974 4636 3371 4690 beatissimum
3420 4637 3806 4706 Hieronymum

2140 4727 2347 4781 dixisse
2386 4725 2760 4796 cognovimus
2791 4741 2803 4778 :
2839 4724 2936 4779 sed
2970 4723 3111 4778 nihil
3157 4725 3222 4778 ad
3254 4729 3501 4794 emptum
3531 4726 3806 4795 negotium

2136 4816 2245 4870 hoc
2274 4815 2560 4885 pertinere
2601 4814 2930 4884 probamus.
2966 4815 3113 4867 Dum
3143 4813 3296 4866 enim
3328 4813 3463 4866 dicit
3495 4829 3506 4865 :
3540 4814 3672 4867 Erat
3701 4812 3811 4882 qui-

2139 4905 2269 4958 dem
2300 4904 2360 4956 in
2385 4904 2609 4974 magnis
2639 4903 3009 4974 profectibus,
3033 4902 3286 4956 ostendit
3309 4917 3439 4954 eum
3475 4901 3619 4955 nihil
3643 4902 3811 4955 minus

2137 4991 2403 5046 habuisse
2434 4992 2818 5062 perfectionis.
2869 4992 2934 5044 Et
2963 4991 3098 5044 dum
3130 4990 3382 5053 addidit:
3415 4991 3630 5044 Tamen
3663 4987 3809 5042 veluti

2204 5159 2225 5222 'f
2267 5151 2632 5221 Hyperbaton
2684 5151 2871 5222 ﬁgura
2903 5150 3192 5220 quaedam,
3231 5151 3403 5205 latine
3441 5154 3802 5220 transgressio.

2205 5220 2222 5256 ί
2260 5220 2338 5276 Itis
2353 5220 2380 5287 ί,
2424 5227 2619 5276 uestro.

2207 5305 2236 5346 Β
2275 5293 2395 5358 Ms.,
2431 5293 2691 5360 digestas.

2204 5365 2231 5406 h
2266 5363 2362 5417 Ms.
2375 5405 2388 5428 ,
2423 5366 2719 5418 mitiorum.

2204 5433 2216 5466 ¹
2259 5434 2322 5487 Id
2356 5441 2462 5501 est,
2493 5435 2646 5502 quid.

2195 5506 2214 5568 j
2258 5505 2380 5569 Ms.,
2411 5506 2616 5575 migi...
2644 5507 2776 5559 issa.

2202 5574 2229 5607 "
2269 5577 2384 5630 M3,.
2419 5577 2556 5629 hunc
2585 5591 2782 5630 morem
