3860 6262
30 350 121 401 i29
1577 349 1940 407 EPISTOLzE
1955 391 1968 404 .

3425 357 3528 409 430

22 484 413 538 mutabundus
444 485 756 555 eloquitur,
790 501 904 538 non
944 484 1034 539 hic
1064 485 1133 540 de
1174 486 1480 558 imperitia,
1516 488 1610 541 sed
1646 489 1713 541 de
1753 490 1796 539 A
1832 491 1941 539 tem
1966 488 2126 556 juxta
2155 491 2206 539 te
2240 487 2464 551 Donati,
2500 502 2609 539 non
2653 492 2708 541 te
2754 488 2950 557 pudet,
3001 490 3224 556 dilecte,
3266 496 3382 545 tam
3435 492 3534 545 in-

21 571 343 625 humilitate
406 572 729 642 digeritur:
776 572 911 642 quia
971 573 1148 626 sancti
1210 579 1264 627 et
1322 574 1556 644 perfecti
1600 576 1723 635 viri,

21 664 119 717 etsi
186 664 256 717 ad
332 679 617 716 summam
688 664 955 717 virtutem
1002 665 1327 733 proﬁciunt.
1388 684 1445 720 se
1503 683 1730 737 semper

18 752 264 805 necdum
320 752 766 822 apprehendisse
813 754 1164 823 conquirunt
1191 765 1234 807 ³.
1288 755 1390 809 Hic
1435 755 1591 809 enim
1628 756 1728 809 ubi

20 840 71 891 in
98 841 375 894 conﬁictu
409 848 491 893 cst
514 842 758 910 positus,
794 843 957 911 quasi
998 843 1266 896 dubitans
1298 844 1366 897 de
1387 845 1460 912 [se
1490 844 1613 914 ipso
1645 850 1731 897 est

21 930 297 983 elocutus.
343 931 493 983 Nihil
548 930 704 984 enim
768 932 857 984 hic
900 937 999 984 aut
1057 932 1125 985 de
1183 932 1438 999 scientia,
1505 938 1602 986 aut
1659 933 1727 986 de

22 1017 329 1072 verborum
362 1020 556 1088 posuit
586 1020 905 1089 disciplina,
932 1020 1026 1073 sed
1063 1025 1285 1074 tantum
1318 1038 1553 1092 operum
1592 1039 1727 1075 suo-

21 1122 138 1159 rum
198 1106 439 1177 digessit
490 1110 823 1162 certamina.
890 1110 1047 1163 Unde
1098 1115 1153 1163 et
1206 1111 1454 1164 addidit:
1511 1112 1729 1164 Μασθνο

18 1211 210 1263 corpus
258 1212 437 1250 meum
478 1204 528 1250 et
575 1200 632 1251 in
676 1201 985 1251 servitutem
1023 1199 1272 1267 subjicio,
1323 1216 1390 1253 ne
1426 1201 1568 1265 forte
1605 1201 1730 1253 aliis

19 1284 333 1351 praedicans
366 1287 478 1353 ipse
503 1287 760 1354 reprobus
791 1288 1019 1354 efﬁciar.
1057 1287 1298 1340 Macerat
1327 1286 1481 1341 enim
1525 1304 1731 1357 corpus

22 1389 184 1424 suum
250 1389 359 1442 per
413 1374 511 1426 illa
559 1389 688 1443 qua:
740 1374 797 1426 in
849 1374 961 1428 alia
1002 1375 1250 1444 Epistula
1308 1376 1727 1446 triumphorum

25 1477 262 1515 suorum
316 1463 528 1515 enodat
577 1468 811 1532 tropaea,
852 1478 955 1531 per
991 1466 1282 1529 infamiam
1323 1471 1371 1518 et
1420 1464 1610 1518 bonam
1642 1468 1729 1532 fa-

25 1564 182 1609 mam,
238 1563 342 1615 per
390 1550 624 1613 gloriam
683 1550 732 1599 et
786 1548 1181 1614 ignobilitatem
1232 1548 1307 1617 (ll
1360 1552 1475 1603 Cor.
1532 1567 1607 1613 vi,
1656 1549 1729 1615 8),

30 1652 247 1705 perque
283 1639 308 1678 1-
343 1636 439 1689 illa
481 1636 676 1689 omnia
716 1653 845 1706 quae
902 1637 960 1689 in
1002 1636 1257 1706 jejuniis,
1309 1643 1363 1691 et
1406 1638 1631 1707 vigiliis,
1675 1638 1733 1691 in

30 1724 324 1794 periculis,
360 1724 415 1777 in
451 1724 696 1787 damnis,
734 1726 790 1777 in
836 1725 1043 1794 plagis,
1092 1726 1176 1778 vel
1210 1726 1429 1778 caeteris
1468 1726 1734 1780 innume-

29 1813 309 1865 rabilibus
345 1814 558 1882 quibus
588 1813 851 1866 subditus
881 1817 963 1865 est
996 1813 1330 1882 disciplinis.

94 1906 143 1955 G.
180 1902 335 1965 Quid
380 1902 471 1955 hic
504 1903 575 1956 ad
617 1917 683 1955 ea
730 1918 857 1972 quae
906 1902 1057 1955 inter
1112 1919 1215 1956 nos
1261 1908 1382 1956 acta
1424 1908 1554 1957 sunt
1600 1920 1735 1961 con-

28 2007 264 2060 gruum,
297 1990 437 2061 quid
460 1990 563 2044 tibi
592 1995 1063 2056 consentaneum,
1097 1992 1303 2061 quidve
1348 1992 1491 2046 mihi
1521 1993 1734 2047 ibidem

29 2084 205 2133 exstat
242 2079 632 2132 adversarium
689 2080 857 2148 plane
906 2096 1019 2132 non
1071 2080 1255 2144 video,
1323 2097 1427 2133 nec
1486 2081 1736 2151 aliquem

30 2168 218 2221 videre
266 2168 586 2237 perpendo.
623 2168 835 2236 Adjicis
866 2169 924 2221 in
981 2169 1460 2238 consequentibus
1506 2170 1736 2223 dicens:

37 2259 90 2309 Et
116 2257 188 2310 ad
247 2257 643 2327 Philippenses
696 2256 951 2309 scribens
996 2258 1269 2326 quiddam
1325 2258 1382 2310 in
1437 2275 1495 2311 se
1548 2258 1741 2311 minus

34 2348 211 2400 adhuc
267 2362 385 2399 esse
418 2360 589 2414 quam
622 2350 822 2414 postea
867 2350 1154 2398 assecutus
1201 2350 1286 2398 est
1326 2346 1736 2415 perfectionem

37 2433 309 2487 ostendit.
358 2435 493 2486 Ecce
553 2438 610 2485 et
640 2432 731 2486 hic
764 2432 969 2485 iterum
1012 2432 1410 2502 imperfectum
1462 2435 1741 2505 praedicas

37 2532 203 2593 atque
240 2522 571 2589 conﬁrmas,
609 2522 771 2592 quasi
802 2522 1098 2574 nobiscum
1136 2522 1204 2574 de
1236 2524 1587 2592 perfectione
1617 2526 1739 2593 ejus

34 2620 126 2665 aut
174 2612 250 2664 de
303 2610 734 2680 imperfectione
777 2611 1111 2665 contendas.
1160 2612 1277 2663 Nisi
1330 2612 1478 2665 forte
1519 2613 1739 2666 nullam

35 2700 450 2770 perfectionem
509 2699 719 2753 sanctis
767 2699 901 2752 viris
962 2700 1101 2752 citra
1149 2700 1538 2769 grammatica
1605 2700 1742 2753 artis

38 2790 276 2843 scientia
308 2793 491 2857 putas.
525 2790 622 2841 Ait
656 2787 808 2841 enim
840 2804 852 2840 :
887 2788 1239 2843 Conformari
1279 2805 1335 2842 se
1370 2789 1542 2842 morti
1575 2789 1742 2843 Chri-

38 2878 125 2944 sti,
158 2880 207 2931 si
241 2893 358 2947 quo
393 2876 560 2929 modo
589 2881 848 2929 occurrat
896 2876 953 2928 in
989 2877 1458 2930 resurrectionem
1492 2893 1620 2947 qua:
1659 2881 1744 2931 est

40 2966 340 3019 emortuis
374 2966 598 3034 (Philip.
652 2980 728 3024 ιιι,
769 2966 852 3028 10,
902 2964 1005 3032 Η).
1044 2965 1163 3017 Non
1215 2965 1367 3017 enim
1412 2964 1642 3031 diceret,
1692 2967 1743 3018 si

1838 574 2096 629 ﬁrmiora
2122 576 2271 644 parti
2305 581 2416 628 tute
2443 576 2773 629 testimonia
2804 577 2907 641 uti,
2937 582 3166 648 tamque
3199 580 3311 633 alio
3362 596 3534 646 opere

1837 664 2214 734 congruentia
2244 664 2377 717 huic
2405 668 2614 717 nostras
2646 666 2942 719 assertioni
2974 674 3167 736 aptare
3188 670 3217 721 ‘P

1908 759 1958 807 7.
1995 753 2266 823 Sequitur
2296 754 2354 806 in
2384 754 2625 822 epistola
2656 759 2785 807 tua:
2828 755 2990 817 Quod
3037 758 3083 809 si
3112 757 3210 826 qui
3254 757 3535 811 arbitrant

1834 858 1940 912 per
1970 842 2349 895 humilitatem
2398 842 2633 904 dictum,
2686 843 2914 896 videant
2962 844 3019 895 in
3051 846 3534 915 consequentibus

1839 947 2008 1001 quam
2033 947 2240 999 magna
2265 931 2331 984 de
2361 931 2705 1001 profectibus
2723 932 2839 984 suis
2868 939 3168 997 memorat,
3203 949 3330 987 cum
3360 935 3529 987 dicit:

1838 1021 1927 1073 Ea
1956 1020 2172 1088 quidem
2203 1036 2319 1087 quae
2344 1024 2486 1073 retro
2525 1024 2652 1073 sunt
2692 1020 3023 1080 obliviscens,
3059 1021 3132 1073 ad
3172 1038 3233 1074 ea
3262 1038 3379 1089 quae
3409 1029 3537 1077 ante

1836 1113 1962 1162 sunt
1990 1124 2071 1161 me
2099 1109 2408 1174 extendens,
2457 1108 2749 1161 secundum
2803 1112 3137 1177 propositum
3196 1124 3408 1177 sequor,
3465 1110 3538 1163 ad

1834 1197 2083 1266 palmam
2103 1213 2348 1265 superna:
2376 1200 2672 1250 vocationis
2707 1199 2802 1250 Dei
2831 1199 2888 1249 in
2913 1197 3136 1251 Christo
3163 1198 3302 1251 Jesu
3346 1198 3535 1265 (,lbid.,

1844 1287 1927 1349 13,
1964 1286 2071 1352 1i).
2108 1284 2305 1338 Nescio
2355 1285 2447 1337 hic
2500 1291 2694 1338 contra
2746 1300 2916 1353 quem
2951 1284 3206 1351 dimicas,
3251 1301 3539 1355 quemque

1840 1373 2011 1442 hujus
2043 1374 2339 1427 sententia:
2371 1374 2576 1426 ancilla
2613 1372 2630 1405 ί
2652 1373 2933 1426 trucidare
2962 1373 3212 1427 festinas.
3268 1374 3540 1443 Nunquid

1841 1461 1910 1515 de
1930 1462 2282 1531 perfectione
2305 1466 2403 1515 aut
2423 1462 2491 1515 de
2512 1461 2947 1531 imperfectione
2981 1462 3085 1515 fuit
3109 1462 3401 1516 contentio
3435 1478 3541 1515 no-

1841 1555 1953 1603 stra
1972 1556 2033 1602 ut
2058 1551 2228 1603 totius
2252 1563 2281 1602 s
2303 1555 2498 1603 contra
2525 1551 2645 1603 haec
2668 1554 2842 1602 certet
2872 1550 3117 1603 invectio
3166 1556 3352 1604 vestra
3371 1550 3399 1603 ‘t
3430 1550 3539 1603 nisi

1841 1638 2077 1692 forsitan
2109 1656 2174 1692 ea
2207 1655 2333 1708 qua:
2369 1644 2519 1692 retro
2551 1639 2701 1691 vides
2742 1638 2811 1691 ab
2865 1655 2932 1692 eo
2980 1640 3157 1692 oblita
3204 1639 3537 1710 grammati—

1847 1744 1968 1781 cam
2004 1728 2174 1781 dicas.
2222 1728 2367 1781 Dicis
2406 1727 2594 1781 enim:
2630 1728 2943 1796 Quicunque
2986 1729 3127 1781 enim
3169 1730 3398 1796 perfecti
3447 1743 3539 1781 su-

1847 1832 1980 1879 mus,
2031 1818 2123 1870 hoc
2178 1820 2472 1870 sentiamus
2547 1816 2745 1885 (Ibid.,
2822 1816 2941 1882 15):
3002 1815 3062 1868 in
3123 1832 3236 1885 quo
3296 1815 3544 1869 ostendit

1843 1905 2131 1974 duplicem
2160 1921 2281 1959 esse
2314 1904 2725 1974 perfectionem
2754 1924 2769 1968 ;
2802 1920 2972 1956 unam
3009 1920 3135 1973 quae
3162 1907 3245 1956 est
3271 1903 3331 1956 in
3364 1903 3545 1973 exple.

1844 1994 1999 2047 tione
2050 1994 2365 2061 virtutum;
2429 1994 2741 2047 secundum
2786 2009 2960 2063 quam
2991 1992 3145 2059 dicit,
3182 1992 3334 2062 quod
3367 1991 3539 2045 etiam

1845 2082 1915 2135 sit
1936 2083 2242 2152 perfectus.
2280 2083 2417 2135 Ecce
2468 2082 2565 2135 illa
2596 2082 2665 2135 de
2697 2098 2810 2152 qua
2841 2082 2962 2151 ipse
2997 2080 3135 2135 dicit
3163 2097 3175 2133 :
3218 2083 3339 2135 Etsi
3367 2083 3543 2151 impe-

1845 2174 1988 2224 ritus
2068 2186 2325 2235 sermone,
2394 2186 2499 2223 non
2562 2175 2739 2223 tamen
2795 2173 3056 2224 scientia:
3113 2170 3333 2240 peritiae
3390 2169 3543 2222 enim

1846 2258 2095 2313 scientia
2126 2257 2399 2311 virtutum
2433 2257 2706 2328 perfectio
2750 2263 2853 2311 est.
2903 2257 3001 2310 Dic
3032 2257 3202 2311 aliam
3238 2257 3543 2326 perfectio-

1849 2363 2020 2402 nem:
2057 2346 2253 2416 utique
2304 2346 2461 2399 illam
2495 2362 2667 2416 quam
2699 2346 2875 2399 dicis:
2915 2345 3184 2416 Nunquid
3231 2351 3287 2399 et
3334 2344 3545 2415 peritia

1851 2453 1968 2490 non
2001 2441 2087 2490 est
2120 2436 2187 2488 de
2217 2434 2521 2488 virtutibus
2544 2435 2570 2487 ‘?
2604 2435 2713 2489 Sed
2770 2451 2943 2505 quam
2978 2435 3241 2504 peritiam
3289 2435 3396 2487 hoc
3420 2434 3543 2487 loco

1849 2525 2169 2595 signiﬁcare
2202 2524 2471 2591 volueris,
2504 2540 2649 2594 pene
2681 2524 2884 2577 tertius
2925 2524 3143 2576 nescio:
3182 2524 3381 2577 Utrum
3408 2538 3543 2593 ope-

1849 2630 1998 2677 rum,
2060 2630 2132 2665 an
2161 2612 2464 2665 verborum
2516 2628 2631 2664 non
2682 2611 2818 2665 satis
2870 2612 3121 2665 adverto.
3175 2611 3233 2665 Si
3278 2626 3541 2681 operum,

1848 2718 1965 2756 non
2017 2701 2215 2755 refello
2260 2717 2272 2766 ;
2326 2700 2372 2753 si
2406 2700 2734 2765 verborum,
2788 2700 2849 2752 in
2880 2703 3102 2752 tantum
3152 2698 3344 2768 rejicio
3367 2703 3423 2753 et
3451 2714 3542 2751 re-

1849 2807 2003 2857 cuso,
2039 2794 2104 2843 ut
2128 2805 2252 2843 eam
2283 2788 2587 2841 stultitiam
2615 2788 2844 2858 eloquio
2875 2788 3101 2841 ﬁrmem
3150 2787 3366 2841 divino.
3402 2785 3546 2839 Dicit

1850 2880 2004 2933 enim
2039 2878 2346 2948 Apostolus
2376 2894 2388 2930 :
2420 2878 2705 2945 Sapientia
2748 2878 2913 2945 hujus
2964 2876 3155 2930 mundi
3182 2877 3421 2930 stultitia
3466 2882 3546 2929 est

1849 2968 1998 3036 apud
2030 2970 2192 3021 Deum
2231 2966 2278 3034 (Ι
2324 2966 2448 3021 Cor.
2490 2982 2570 3032 In,
2628 2969 2730 3029 19).
2767 2966 2925 3019 Unde
2976 2970 3033 3018 et
3074 2965 3141 3018 ad
3173 2963 3495 3018 Corinthios
3527 2980 3540 3016 :

38 3071 137 3121 quo
190 3053 372 3119 modo,
420 3053 466 3106 si
496 3053 551 3106 ei
594 3053 713 3122 jam
747 3056 867 3105 tum
924 3067 1013 3105 res
1050 3051 1371 3105 indubitata
1427 3053 1734 3107 videretur.
1777 3084 1815 3139 ο
1849 3058 1975 3123 Quae
2020 3056 2189 3109 stulta
2239 3054 2431 3107 mundi
2467 3054 2627 3121 elegit
2660 3056 2803 3108 Deus
2845 3059 2905 3107 ut
2936 3053 3238 3120 confundat
3275 3055 3546 3121 sapientes

40 3143 142 3194 Ista
175 3149 240 3195 ut
273 3142 409 3212 quid
463 3141 742 3210 posueris,
778 3157 881 3208 pro
927 3145 1082 3193 certo
1131 3157 1241 3193 non
1294 3142 1578 3210 intelligo,
1628 3142 1736 3195 nisi

40 3230 275 3283 forsitan
329 3229 651 3299 legentibus
721 3228 1036 3297 scripulum
1068 3238 1087 3262 ο
1151 3229 1448 3299 imponere
1486 3230 1733 3296 voluisti,

39 3318 187 3389 quod
234 3319 383 3371 absit
430 3335 459 3369 a
530 3316 793 3370 sensibus
840 3317 973 3382 tuis,
1030 3317 1503 3372 reverendissime
1542 3334 1555 3371 :
1599 3319 1735 3371 dum

39 3406 191 3459 enim
215 3407 387 3459 dicis:
424 3406 479 3459 Si
507 3422 621 3476 quo
656 3405 828 3459 modo
856 3410 1121 3459 occurrat
1147 3407 1205 3458 in
1256 3407 1734 3461 resurrectionem

39 3511 163 3564 quae
195 3499 283 3547 est
319 3511 386 3548 ex
442 3494 721 3547 mortuis:
761 3498 816 3548 et
846 3494 1041 3548 addis:
1080 3496 1202 3548 Non
1246 3495 1398 3547 enim
1431 3494 1639 3548 diceret
1689 3498 1739 3549 si

40 3600 139 3651 quo
189 3583 368 3645 modo,
420 3583 464 3635 si
522 3584 573 3636 ei
601 3583 718 3651 jam
755 3588 888 3635 tunc
928 3598 1013 3637 res
1060 3583 1379 3637 indubitata
1411 3584 1735 3650 videretur;

40 3672 294 3725 ostendis
324 3688 438 3724 non
491 3688 558 3725 ex
609 3671 922 3724 deliberato
954 3671 1325 3741 apestolicam
1366 3672 1739 3725 resurrectio-

42 3776 169 3813 nem
212 3759 544 3823 credidisse,
595 3759 692 3812 sed
738 3758 912 3812 dubio
954 3759 1059 3812 hoc
1099 3758 1328 3829 eloquio
1368 3764 1735 3830 temperasse,

41 3850 189 3919 quod
233 3848 417 3902 multo
456 3848 743 3918 longeque
776 3847 940 3901 aliter
969 3864 1002 3901 a
1033 3848 1257 3901 doctore
1283 3848 1381 3902 illo
1412 3848 1739 3918 intelligen-

42 3938 175 3991 dum
225 3946 316 3991 est
362 3938 575 3990 dictum
637 3936 833 4001 fuisse,
896 3936 1047 4006 quod
1095 3953 1207 3989 non
1269 3936 1360 3989 hic
1418 3938 1740 4006 accepimus

40 4027 456 4080 ventilandum.
498 4027 614 4079 Hoc
642 4026 1001 4079 solummodo
1044 4025 1331 4094 proferam
1379 4030 1433 4079 te
1470 4027 1531 4079 in
1561 4042 1738 4080 vacuo

40 4115 138 4168 hoc
173 4131 353 4186 opere
384 4114 715 4177 desudasse,
758 4119 814 4167 et
861 4114 1310 4183 incongruenter
1340 4115 1569 4183 negotio
1610 4130 1739 4168 sen—

40 4204 249 4257 tentias
278 4203 557 4273 posuisse.
594 4203 736 4256 Item
768 4202 886 4255 ais:
917 4202 1027 4256 Sed
1071 4206 1125 4254 et
1168 4204 1227 4255 in
1259 4204 1741 4273 consequentibus

44 4293 302 4357 ejusdem
336 4291 603 4360 Epistolze
661 4292 785 4345 hazc
839 4291 1037 4344 eadem
1086 4291 1334 4345 ostendit
1383 4307 1513 4344 cum
1564 4291 1736 4345 dicit:

1847 3144 1897 3212 (Ι
1925 3145 2044 3199 Cor.
2089 3161 2123 3209 ι,
2154 3143 2265 3209 27).
2303 3142 2454 3205 Quos
2504 3142 2702 3212 utique
2752 3141 3089 3212 sapientes?
3120 3141 3390 3211 Nunquid
3438 3157 3543 3193 no-

1845 3238 1988 3285 stros
2038 3230 2425 3283 sanctissimos
2472 3232 2687 3295 Patres,
2719 3235 2775 3283 et
2831 3246 2945 3283 non
2988 3230 3177 3299 potius
3209 3228 3543 3299 grammati-

1846 3336 1961 3383 cos,
2012 3318 2404 3389 philosophos,
2447 3324 2504 3371 et
2548 3318 2855 3372 rhetores?
2910 3319 3073 3371 Vides
3113 3317 3382 3371 confusos
3426 3332 3546 3371 esse

1848 3424 1992 3479 quos
2017 3407 2335 3477 sequendos
2376 3406 2673 3475 praedicas,
2707 3411 2761 3459 et
2792 3407 2973 3486 multa
3003 3406 3225 3459 extollis
3259 3405 3444 3460 laude.
3483 3406 3548 3459 Et

1848 3496 1985 3550 alibi
2018 3496 2170 3549 idem
2202 3496 2507 3564 Apostolus
2542 3511 2553 3547 :
2589 3498 2702 3561 Ego
2733 3510 2851 3548 cum
2881 3496 3141 3547 venissem
3168 3494 3242 3548 ad
3269 3510 3381 3561 vos,
3422 3496 3543 3560 fra-

1846 3590 1969 3647 tres,
2013 3600 2117 3637 non
2148 3586 2272 3637 veni
2296 3599 2395 3652 per
2440 3584 2826 3637 sublimitatem
2884 3582 3163 3647 sermonis,
3218 3587 3278 3634 ut
3324 3584 3543 3650 sapiens

1845 3675 2176 3727 annuntians
2234 3672 2382 3725 vobis
2439 3673 2798 3725 testimonium
2844 3672 3050 3727 Christi
3094 3672 3135 3739 (1
3194 3670 3323 3723 Cor.
3366 3685 3424 3735 Il,
3470 3668 3542 3738 1).

1847 3763 1983 3827 Quae
2014 3765 2099 3814 est
2128 3760 2283 3813 enim
2312 3759 2632 3812 sublimitas
2684 3759 2985 3819 sermonis,
3036 3758 3147 3811 nisi
3194 3757 3410 3827 regulae
3441 3773 3545 3827 per

1847 3850 2285 3918 metaplasmum
2342 3854 2399 3900 et
2454 3853 2643 3916 tropos
2693 3846 2941 3899 Donati?
2991 3845 3155 3899 Vides
3207 3844 3544 3914 Apostolum

1850 3955 1965 3992 non
1994 3952 2097 4007 per
2126 3936 2351 3989 eosdem
2386 3941 2581 4004 aptare
2611 3949 2892 4004 gressum,
2927 3934 3024 3987 sed
3065 3949 3168 4002 per
3197 3932 3542 4002 simplicita-

1848 4032 1963 4081 tem
2017 4025 2225 4080 Christi
2258 4025 2399 4077 scire
2452 4023 2757 4077 Dominum
2796 4025 2989 4077 lesum
3030 4022 3355 4087 Christum;
3389 4021 3544 4074 unde

1848 4120 1904 4169 et
1932 4116 1990 4168 in
2024 4113 2503 4183 consequentibus
2536 4112 2792 4166 addidit:
2825 4114 2943 4167 Non
2982 4114 3041 4165 in
3091 4111 3264 4165 doctis
3296 4111 3543 4164 humanae

1847 4205 2132 4272 sapientia
2159 4203 2374 4270 verbis;
2425 4201 2518 4255 sed
2562 4203 2620 4254 in
2676 4202 2925 4254 doctrina
2962 4201 3223 4269 Spiritus,
3272 4201 3546 4268 spiritua-

1850 4293 1989 4348 libus
2045 4292 2367 4360 spiritantia
2431 4295 2800 4358 comparantes
2866 4289 3055 4358 (lbid.,
3124 4288 3229 4358 13).
3306 4287 3546 4342 Attende

46 4381 150 4433 Non
182 4380 335 4448 quod
378 4381 496 4449 jam
538 4386 847 4434 consecutus
889 4394 1027 4446 sum,
1077 4384 1172 4433 aut
1200 4381 1505 4448 perfectus;
1546 4395 1740 4448 sequor
1778 4379 1824 4434 D
1850 4380 1989 4451 quid
2023 4380 2205 4433 dicat:
2262 4381 2376 4433 Non
2404 4381 2462 4431 in
2514 4379 2684 4432 doctis
2733 4380 2980 4432 humanae
3019 4380 3301 4447 sapientiae
3348 4377 3545 4430 verbis.

44 4475 214 4522 autem
248 4473 311 4521 ut
341 4467 787 4537 comprehendam
837 4470 896 4520 in
939 4483 1042 4535 quo
1105 4469 1510 4536 comprehensus
1557 4484 1675 4522 sum
1707 4484 1742 4522 a

46 4557 265 4610 Christo
323 4556 513 4625 (lbid.,
582 4556 690 4623 1‘2).
761 4557 858 4609 Hic
933 4555 1075 4608 mihi
1138 4556 1484 4624 respondeas
1547 4556 1738 4610 velim.

50 4644 315 4716 Nunquid
358 4644 792 4714 grammaticam
831 4660 1070 4713 sequere
1102 4660 1159 4697 se
1191 4644 1374 4697 dixit?
1403 4653 1501 4697 aut
1532 4645 1592 4697 in
1622 4651 1742 4699 arte

52 4733 247 4786 Donati
286 4750 346 4786 se
397 4749 427 4786 a
482 4732 703 4786 Christo
762 4733 1244 4802 comprehensum
1304 4733 1617 4802 cognoscit,
1683 4738 1744 4786 ut

46 4820 157 4875 haec
186 4828 291 4876 tua
345 4821 510 4875 nobis
559 4822 792 4875 solertia
838 4838 943 4891 pro
984 4822 1358 4891 grammatica
1397 4822 1745 4874 certantibus

47 4910 298 4975 proferat
326 4910 353 4950 ἀ
384 4910 537 4979 quod
567 4910 663 4962 ille
689 4909 775 4962 vir
804 4914 994 4962 tantus
1024 4925 1128 4977 pro
1160 4909 1434 4961 virtutum
1466 4909 1743 4961 culmina-

44 4999 211 5051 tionis
253 5014 481 5051 summa
517 5002 796 5068 protestat
820 4998 846 5051 ‘t
881 4996 1188 5068 Sequitur:
1223 4998 1337 5064 Ego
1366 5013 1461 5057 me,
1492 4999 1674 5063 frater
1701 5008 1742 5061 ο,

47 5100 129 5149 ego
159 5102 246 5139 me
302 5090 483 5155 ipsum
522 5086 764 5140 nondum
804 5086 1044 5140 arbitror
1090 5085 1510 5154 apprehendisse
1554 5085 1742 5155 (Ibid.,

52 5175 147 5245 13).
196 5175 349 5239 Quid
391 5174 667 5229 obsecro?
708 5174 1149 5230 Grammaticam
1209 5179 1266 5227 et
1308 5173 1603 5227 liberalem
1650 5188 1745 5226 ar-

114 5328 135 5351 ³
172 5304 624 5388 F..conquerunt,
656 5317 714 5372 id
745 5322 828 5372 est
860 5320 1315 5389 conqueruntur.

115 5392 137 5432 δ
178 5392 307 5454 Με.,
347 5406 448 5458 per
478 5405 653 5458 quem.

110 5471 130 5495 ε
171 5461 228 5514 ld
262 5466 349 5514 est
381 5462 759 5528 suspicionem.

113 5528 135 5565 ⁸
175 5532 307 5594 Ms,
333 5536 393 5586 tu
424 5546 459 5584 a
487 5531 705 5585 nobis...
738 5530 1009 5600 proferas.

114 5613 133 5636 ε
169 5603 358 5673 Supra
390 5601 556 5671 epist.
590 5604 640 5661 3,
684 5598 753 5654 et'
774 5602 832 5654 in
862 5598 1117 5670 Apostoli
1148 5600 1325 5663 textu,
1360 5599 1583 5663 fratres,
1635 5610 1749 5648 non

56 5674 219 5733 frater
240 5674 515 5743 legimus.

1850 4469 1985 4532 Qua:
2011 4473 2095 4522 est
2124 4468 2245 4522 haec
2276 4467 2529 4520 humana
2551 4466 2854 4536 sapientia,
2888 4482 2991 4535 per
3031 4465 3192 4534 cujus
3222 4463 3549 4517 doctissima

1854 4557 2047 4627 nequit
2106 4557 2412 4625 Apostolus
2449 4555 2700 4609 incidere
2751 4554 2942 4619 verba,
3004 4553 3114 4606 nisi
3169 4552 3226 4604 in
3277 4552 3399 4605 hac
3451 4556 3551 4604 tua

1851 4644 2126 4698 laudabili
2154 4646 2181 4687 ιι
2216 4646 2433 4714 regula,
2484 4644 2541 4696 in
2584 4659 2698 4713 qua
2749 4647 2918 4711 putas
2958 4641 3131 4693 totius
3182 4638 3547 4707 perfectionis

1852 4733 2094 4787 existere
2128 4749 2351 4786 summa
2373 4735 2400 4785 ‘2
2435 4731 2723 4800 Conspicis
2752 4731 3065 4782 humanam
3095 4726 3435 4796 sapientiam
3476 4726 3547 4779 ab

1852 4822 2122 4891 Apostolo
2152 4824 2567 4889 nuncupatam,
2612 4833 2782 4888 quam
2851 4822 2910 4870 tu
2966 4816 3294 4884 importune
3343 4814 3546 4867 asseris

1853 4926 1977 4963 esse
2026 4909 2296 4964 divinam.
2354 4908 2515 4960 Fides
2562 4908 2701 4959 enim
2750 4910 2956 4969 nostra,
3002 4909 3064 4957 ut
3109 4902 3418 4972 Apostolus
3448 4902 3547 4965 ait,

1851 5013 1958 5051 non
1989 5003 2065 5052 est
2094 5000 2151 5050 in
2177 4998 2450 5065 sapientia
2481 4996 2776 5057 hominum,
2808 4992 2902 5046 sed
2933 4994 2992 5045 in
3040 4993 3239 5044 virtute
3286 4991 3409 5043 Dei.
3443 4991 3547 5044 Sa-

1850 5088 2115 5155 pientiam
2146 5089 2323 5137 autem
2372 5083 2664 5150 loquimur,
2700 5079 2907 5149 inquit,
2937 5081 3079 5132 inter
3130 5080 3413 5147 perfectos.
3446 5079 3551 5131 Sa-

1852 5175 2113 5242 pientiam
2142 5186 2264 5224 vero
2291 5186 2395 5223 non
2427 5170 2587 5235 hujus
2617 5168 2820 5233 saeculi,
2856 5182 3024 5236 neque
3064 5169 3374 5236 principum
3414 5164 3549 5235 ejus,

1928 5313 1945 5347 ί
1974 5313 2195 5376 Ancila,
2250 5310 2304 5363 id
2355 5314 2437 5362 est
2483 5310 2644 5376 virga
2686 5325 2873 5364 aurea.
2928 5309 3131 5379 Papias
3170 5309 3320 5379 apud
3371 5309 3547 5363 Gloss.

1859 5385 2033 5449 Cang.
2059 5382 2324 5435 editionis
2346 5382 2451 5435 PP.
2489 5380 2695 5448 Congr.
2733 5382 2788 5435 S.
2813 5381 3010 5435 Mauri.

1931 5466 1959 5507 8
1990 5454 2045 5506 F.
2075 5454 2262 5505 tutius.

1930 5527 1956 5565 ιι
1989 5524 2043 5576 F.
2070 5525 2182 5575 nisi
2205 5523 2313 5577 haec
2345 5527 2437 5575 tua
2461 5520 2778 5575 laudabilis.
