3860 6262
341 347 437 398 431

1713 342 1963 396 ALVARI
2007 340 2486 396 COBDUBENSIS
3727 342 3798 392 432'

341 478 437 543 qui
486 474 880 539 destruantur;
940 471 1034 526 sed
1085 472 1354 539 loquimur
1410 473 1508 524 Dei
1566 474 1914 540 sapientiam,
1975 477 2031 524 in
2067 476 2297 526 Asnam
2339 470 2603 538 redigens
2633 470 2962 523 formulam.
3017 471 3091 524 Ex
3121 469 3328 522 ancilla
3358 468 3800 534 Israeliticam,ut

338 565 797 630 ministerioquea
845 560 1237 625 absconditam,
1293 575 1457 627 quam
1512 575 1663 613 nemo
1725 563 2038 629 principum

339 648 500 717 hujus
530 649 712 702 saeculi
759 651 1003 714 cognovit
1028 647 1085 714 (Ι
1114 649 1229 702 Cor.
1271 663 1328 706 ιι,
1364 649 1498 712 5-8).
1532 649 1668 701 Peto
1701 653 1763 700 ut
1794 664 2034 718 respon-

338 739 492 805 deas,
529 737 692 802 mihi,
747 753 876 806 quas
923 737 1044 790 11120
1091 735 1370 789 credenda
1417 741 1499 790 est
1541 735 1822 805 sapientia
1863 736 2036 805 hujus

337 827 551 886 smculi,
584 827 668 879 vel
701 825 1032 896 principum
1069 825 1210 894 ejus,
1234 842 1265 877 a
1296 840 1410 894 qua
1439 840 1544 877 nos
1578 825 1786 878 Paulus
1809 824 2032 890 avertit,

335 931 510 984 seque
537 915 800 984 ignotum
851 915 941 968 his
989 913 1305 982 disciplinis
1335 913 1621 967 celebrare
1653 930 1769 966 non
1811 913 2034 982 pudet?

340 1003 482 1056 Dicit
513 1004 664 1056 enim
700 1002 974 1056 Dominus
1009 1018 1111 1072 per
1157 1002 1390 1054 Isaiam:
1437 1003 1698 1070 Populum
1747 1001 2031 1070 impuden-

336 1099 436 1147 tem
469 1109 575 1146 non
612 1093 840 1158 videbis,
898 1093 1153 1161 populum
1199 1093 1303 1145 alti
1345 1094 1622 1152 sermonis,
1675 1094 1754 1144 ita
1813 1097 1872 1144 ut
1928 1107 2034 1146 non

327 1185 509 1252 possis
556 1183 860 1248 intelligere
907 1180 1369 1234 dissertiludinem
1430 1182 1628 1248 linguae
1676 1181 1792 1248 ejus
1822 1182 1880 1232 in
1929 1195 2032 1248 quo

332 1272 485 1324 nulla
527 1275 603 1324 est
630 1271 900 1339 sapientia
940 1271 1074 1338 (Isa.
1127 1284 1320 1335 xxxur,
1355 1271 1462 1339 l9),
1498 1269 1783 1335 videlicet,
1823 1270 1930 1322 etb
1973 1268 2031 1322 in

332 1358 439 1411 hoc
489 1360 612 1412 loco
663 1359 740 1412 ait
787 1358 1048 1412 destinac
1090 1361 1279 1410 noster
1329 1358 1725 1426 Hieronymus,
1770 1358 2029 1427 philoso-

330 1450 579 1515 phorum
613 1451 668 1500 et
697 1452 990 1500 oratorum
1029 1446 1252 1513 mundi,
1285 1446 1385 1516 qui
1427 1446 1784 1516 applaudunt
1811 1446 1918 1499 sibi
1969 1446 2028 1499 in

331 1537 651 1589 eruditione
684 1541 740 1588 et
771 1536 1101 1605 eloquentia
1135 1535 1412 1596 saeculari,
1449 1550 1696 1604 quorum
1722 1535 1907 1587 omnis
1947 1549 2030 1586 or-

331 1631 498 1678 natus
526 1626 585 1678 in
633 1625 818 1677 verbis
849 1629 951 1676 est.
987 1624 1148 1676 Vides
1194 1623 1510 1676 Donatistas
1539 1627 1666 1675 tuos
1705 1624 2025 1692 depinctos,

330 1722 384 1766 et
416 1715 618 1766 stultos
649 1730 680 1766 a
705 1714 841 1778 Deo,
874 1713 971 1782 qui
1003 1713 1281 1781 sapientia
1303 1727 1432 1764 vera
1463 1717 1566 1778 est,
1607 1713 2022 1781 comprobatos.

402 1807 453 1856 8.
512 1803 654 1855 Illud
707 1818 839 1855 vero
875 1800 1027 1871 quod
1062 1806 1320 1854 sanctum
1355 1801 1766 1870 Hieronymum
1797 1802 1865 1854 ad
1913 1817 2026 1854 ma-

329 1908 508 1958 gnum
535 1895 817 1944 oratorem
846 1890 1174 1960 loquentem
1202 1889 1486 1959 producis,
1515 1889 1744 1942 initium
1772 1889 2027 1959 epistolas

327 1980 685 2032 considerare
719 1979 910 2042 debes,
965 1985 1019 2031 et
1073 1987 1131 2032 ut
1162 1979 1296 2048 quid
1341 1979 1448 2031 hoc
1495 1979 1784 2032 devenerit
1814 1980 2025 2034 enoda-

328 2068 439 2120 tius
494 2067 794 2137 explicare.
850 2067 942 2119 Ait
998 2066 1189 2118 enim:
1253 2065 1414 2128 Quod
1473 2071 1662 2118 autem
1713 2067 1922 2135 qumris
1968 2067 2026 2119 in

327 2157 476 2209 calce
505 2156 759 2224 epistolae
805 2170 904 2208 cur
951 2153 1010 2206 in
1068 2153 1354 2223 opusculis
1413 2154 1618 2206 nostris
1666 2155 2024 2208 smcularium

329 2245 645 2297 litterarum
684 2243 971 2297 interdum
1007 2257 1288 2312 ponamus
1321 2243 1604 2311 exempla,
1639 2247 1696 2295 et
1719 2244 2024 2297 candorem

325 2333 584 2386 Ecclesiae
646 2331 1002 2385 ethnicorum
1065 2330 1328 2382 sordibus
1383 2331 1732 2398 polluamus,
1781 2329 2029 2382 breviter

323 2437 665 2490 responsum
711 2420 937 2473 habeto.
988 2419 1230 2472 Adverte
1288 2419 1426 2488 quid
1484 2418 1668 2470 dicat:
1735 2417 2025 2470 Interdum

326 2525 606 2578 ponamus
637 2509 923 2578 exempla:
962 2524 1064 2577 per
1127 2508 1279 2577 quod
1331 2507 1580 2560 ostendit
1630 2523 1742 2559 non
1775 2522 2023 2576 semper,

325 2614 427 2650 nec
455 2598 688 2668 ubique,
724 2597 817 2650 sed
853 2596 948 2649 ubi
981 2596 1286 2648 necessitas
1321 2595 1574 2664 coegerit
1608 2595 1715 2648 hoc
1755 2611 1869 2647 non
1903 2595 2024 2648 sine

325 2687 518 2756 aliquo
553 2692 715 2739 utere
766 2684 1044 2756 periculo,
1094 2690 1156 2737 ut
1183 2685 1242 2737 in
1273 2683 1754 2753 consequentibus
1796 2683 1864 2736 de
1899 2684 2027 2736 bea-

322 2775 544 2828 tissimo
573 2775 852 2845 Cypriano
875 2772 1070 2827 retulit
1103 2773 1294 2826 dicens
1323 2792 1339 2826 :
1365 2773 1724 2841 Cypriamus,
1767 2772 1854 2828 vir
1899 2772 2024 2825 elo-

323 2864 558 2933 quentia
601 2869 657 2916 et
697 2862 968 2932 martyrio
1045 2862 1289 2930 pollens,
1362 2860 1650 2913 Firmiano
1710 2865 1906 2913 narrat
1970 2865 2027 2914 et

324 2953 635 3014 mordetur,
680 2968 780 3004 cur
834 2950 1130 3003 adversum
1183 2948 1606 3001 Demetrianum
1659 2949 1910 3000 scribens
1941 2953 2023 3000 te-

2145 559 2432 629 prol‘essus
2461 563 2566 625 est,
2596 558 2827 620 faciens,
2879 574 2996 611 non
3041 573 3110 612 ex
3160 563 3322 612 utero
3365 558 3677 611 lsraelitam
3722 575 3800 611 ser-

2144 663 2275 700 vum
2308 646 2594 716 captivum
2627 646 2949 700 instituens.
2985 646 3090 700 Sed
3119 646 3210 700 dic
3241 647 3404 710 mihi,
3451 645 3697 711 obsecro,
3725 647 3798 700 liu-

2139 734 2238 803 jus
2274 735 2478 788 Donati
2512 735 2660 789 devii
2719 737 2976 805 regulam
3023 736 3307 804 integram
3357 740 3540 801 tenes,
3591 741 3684 787 aut
3712 751 3796 788 me-

2144 824 2319 884 diam,
2362 839 2546 876 rasam
2587 828 2643 877 et
2679 825 3016 894 capillorum
3060 824 3390 893 spiritudini
3427 823 3795 894 plenissimam,

2142 928 2206 966 ac
2256 912 2593 982 capillorum
2646 914 2784 966 setis
2835 912 3150 966 hellosam?
3200 913 3264 966 Et
3319 912 3367 966 si
3419 928 3607 966 rasam
3640 915 3795 982 capite,

2143 1001 2462 1070 superciliis
2506 1002 2912 1072 unguibusque
2961 1002 3267 1070 desectam,
3323 1017 3548 1071 expone
3579 1002 3705 1071 quid
3733 1017 3799 1052 ca-

2141 1095 2264 1160 put,
2294 1091 2429 1160 quid
2463 1091 2786 1162 supercilia,
2833 1090 2969 1161 quid
3011 1105 3256 1160 ungues,
3310 1090 3447 1160 quid
3495 1107 3563 1143 ex
3609 1091 3718 1159 ipsa
3754 1093 3801 1143 si-

2142 1179 2400 1247 gnificari
2431 1180 2698 1232 censendi
2747 1185 2879 1232 sunt
2904 1179 3028 1250 pili,
3080 1196 3225 1249 quos
3255 1179 3548 1233 radendos
3596 1184 3715 1232 ante
3740 1195 3804 1231 ve-

2139 1273 2320 1320 strum
2364 1269 2697 1338 prtedictum
2753 1268 2894 1337 legis
2942 1268 3072 1338 styli
3127 1269 3172 1321 ιι.
3227 1267 3384 1332 Quod
3430 1267 3479 1320 si
3533 1267 3731 1338 aliquid
3758 1284 3800 1320 ex

2138 1356 2336 1409 eadem
2383 1357 2541 1424 seris,
2608 1357 2729 1426 jam
2784 1374 2900 1410 non
2941 1356 3187 1426 perfecte
3241 1357 3653 1424 grammaticus
3703 1358 3798 1408 eris.

2140 1445 2349 1498 Paulus
2400 1461 2651 1515 namque
2718 1445 3010 1515 apostolus
3061 1444 3309 1514 qualiter
3373 1445 3553 1513 hujus
3609 1445 3801 1514 captiva

2136 1533 2301 1586 radat
2332 1534 2478 1602 pilos
2521 1535 2793 1587 absculta.
2825 1533 3268 1586 Atheniensibus
3307 1534 3463 1586 enim
3499 1533 3669 1587 dicit:
3708 1537 3801 1586 Pcr-

2135 1624 2402 1676 transiens
2433 1625 2573 1676 enim
2602 1629 2648 1675 et
2679 1623 3042 1690 contemplans
3092 1624 3334 1677 culturas
3384 1627 3616 1684 vestras,
3663 1625 3804 1674 interii

2135 1715 2185 1764 et
2238 1727 2391 1764 aram
2438 1715 2494 1764 in
2568 1727 2674 1778 qua
2728 1714 3200 1780 suprascriptum:
3267 1712 3452 1778 Ignoto
3503 1712 3644 1772 deo;
3695 1713 3803 1779 quod

2136 1802 2323 1867 itaque
2372 1803 2682 1866 ignorantes
2712 1816 2803 1853 vos
2851 1803 3047 1864 colitis,
3091 1801 3186 1854 hoc
3230 1815 3322 1865 ego
3373 1803 3643 1853 annuntio
3688 1801 3801 1852 1'0th

2137 1887 2277 1955 (Act.
2319 1904 2454 1954 xvii,
2496 1890 2603 1955 ‘23).
2654 1888 2891 1957 Sci-iptio
2940 1894 3130 1941 autem
3183 1905 3296 1941 arae
3344 1905 3460 1942 non
3526 1889 3604 1941 ita
3629 1895 3804 1941 eratut

2135 1977 2344 2030 Paulus
2393 1978 2666 2029 asseruit:
2712 1979 2906 2040 Ignoto
2955 1977 3072 2042 (leo,
3117 1978 3211 2030 sed
3242 1977 3357 2030 ita:
3398 1980 3515 2030 Diis
3565 1979 3736 2042 Astis,
3770 1984 3804 2029 et

2133 2067 2384 2133 Europa,
2416 2071 2465 2118 et
2492 2068 2720 2131 Africae,
2774 2065 2883 2118 diis
2923 2067 3123 2133 ignotis
3150 2071 3199 2117 et
3229 2069 3535 2134 peregrinis
3570 2066 3602 2118 ί.
3635 2067 3800 2118 Verum

2135 2154 2268 2223 quia
2297 2154 2501 2206 Paulus
2542 2169 2658 2212 non
2691 2153 2952 2223 pluribus
2982 2153 3275 2221 indigebat
3303 2155 3544 2224 ignotis,
3581 2154 3672 2206 sed
3715 2171 3802 2205 uno

2133 2247 2354 2296 tantum
2409 2243 2545 2308 Deo,
2603 2243 2878 2308 singulari
2928 2242 3099 2294 verbo
3150 2259 3284 2295 usus
3327 2250 3429 2309 est,
3494 2248 3560 2296 ut
3612 2242 3803 2296 doceret

2132 2331 2296 2384 illum
2329 2333 2506 2384 Deum
2539 2347 2726 2396 suum,
2762 2346 2933 2401 quem
2972 2331 3348 2385 Athenienses
3394 2332 3454 2385 in
3507 2348 3620 2384 arte
3669 2332 3802 2384 titulo

2135 2424 2576 2488 prmnotassent.

2205 2510 2253 2562 6.
2294 2509 2405 2560 Hoc
2456 2513 2670 2568 autem,
2735 2512 2796 2560 ut
2829 2508 3205 2577 Hieronymus
3258 2508 3358 2577 ait,
3407 2509 3622 2562 Paulus
3665 2509 3802 2562 facie-

2133 2595 2230 2650 bat
2257 2612 2406 2660 rare,
2440 2601 2505 2649 ut
2527 2597 2633 2649 loci
2669 2597 2860 2666 potius
2887 2612 3057 2666 quam
3091 2597 3582 2650 ostentationibus
3625 2613 3801 2668 oppor—

2132 2684 2344 2739 tunitas
2387 2683 2668 2754 exigebat.
2718 2684 2883 2737 Vides
2937 2684 3073 2754 quia
3134 2700 3258 2736 rare
3315 2685 3438 2738 haec
3487 2685 3737 2744 faciebat,
3767 2690 3806 2736 et

2134 2789 2247 2826 non
2277 2788 2522 2842 semper,
2556 2789 2658 2842 pro
2690 2773 3120 2842 opportunitate
3151 2772 3284 2840 loci,
3319 2783 3440 2826 non
3489 2790 3596 2844 pro
3644 2774 3806 2842 regula

2133 2877 2361 2930 semper
2391 2861 2666 2931 sequendi
2707 2866 2878 2931 atque
2926 2877 3028 2930 pro
3068 2861 3227 2914 libris
3273 2863 3585 2930 gentilium
3620 2864 3675 2915 in
3703 2879 3807 2915 con-

2131 2949 2458 3003 firmatione
2505 2949 2786 3003 dictorum
2843 2965 3104 3013 suorum,
3158 2967 3274 3003 non
3312 2967 3415 3019 pro
3463 2957 3589 3004 arte
3635 2949 3802 3004 Donati

323 3040 604 3093 stimoniis
625 3056 760 3093 usus
793 3039 863 3091 sit
898 3037 1307 3108 prophetarum
1350 3041 1404 3089 et
1444 3037 1854 3105 apostolorum,
1889 3053 2018 3106 quas
2058 3075 2097 3129 C
2133 3037 2322 3108 accipe
2354 3037 2589 3092 dictum.
2625 3039 2763 3090 Nam
2813 3042 2912 3091 tua
2960 3038 3285 3091 testimonia
3334 3055 3448 3092 non
3483 3040 3590 3093 tibi
3639 3040 3803 3092 suifra-

326 3127 422 3180 ille
476 3128 604 3181 ficte
651 3126 1045 3182 commentitia
1089 3141 1209 3178 esse
1267 3124 1510 3188 dicebat,
1569 3129 1624 3178 et
1676 3141 1788 3178 non
1831 3126 2017 3195 potius

323 3216 795 3286 philosophorum
861 3231 922 3267 ac
982 3218 1304 3283 poetarum,
1366 3228 1616 3282 quorum
1676 3214 2014 3267 auctoritate

325 3309 385 3357 ut
433 3304 700 3357 Etlinicus
760 3303 1045 3356 contraire
1113 3317 1227 3354 non
1277 3305 1521 3370 poterat,
1589 3301 1735 3354 sicut
1778 3306 1834 3355 et
1881 3319 1911 3354 a
1967 3307 2017 3355 te

322 3393 604 3463 digestum
674 3391 816 3444 mihi
871 3391 930 3444 in
991 3389 1341 3460 adjutorium
1413 3389 1746 3442 adversante
1824 3390 2017 3443 animo

322 3483 536 3537 dictum
597 3480 926 3550 Hieronymi
994 3480 1102 3532 fuit
1181 3478 1276 3530 ubi
1326 3478 1551 3531 mulieri
1630 3477 1866 3548 captivae
1925 3496 2015 3532 ra-

320 3570 629 3625 dendumd
677 3572 865 3638 caput,
924 3567 1251 3637 supercilia,
1304 3572 1361 3620 et
1428 3581 1627 3620 omnes
1687 3567 1828 3636 pilos
1888 3584 2017 3621 cor-

319 3660 476 3730 poris
534 3658 796 3727 prasdicis
860 3657 1264 3727 amputandos,
1321 3660 1376 3708 et
1433 3655 1510 3708 sic
1557 3671 1684 3708 eam
1734 3655 1793 3708 in
1849 3655 2017 3725 spiri-

319 3748 570 3802 tualibus
645 3747 1074 3816 producendam
1151 3747 1467 3816 amplexus.
1573 3744 1793 3798 Sufﬁcit
1875 3744 2019 3798 mihi

319 3836 472 3908 quod
504 3840 780 3906 captivam
827 3835 1110 3900 nominas,
1163 3841 1218 3888 et
1247 3851 1361 3889 non
1411 3835 1613 3899 civem,
1667 3835 1752 3888 vel
1793 3833 2014 3903 indige-

319 3941 472 3990 nam,
533 3941 630 3978 seu
663 3927 944 3978 colonam.
1002 3925 1112 3978 Nec
1164 3925 1328 3988 mihi,
1365 3922 1857 3988 reverendissime,
1899 3937 2017 3978 non

319 4029 422 4083 pro
453 4014 756 4068 verborum
790 4013 924 4066 folia
956 4025 977 4050 ο
1007 4013 1242 4075 dictum,
1301 4012 1397 4066 sed
1429 4027 1532 4081 pro
1563 4011 1840 4064 librorum
1885 4026 2018 4080 gen-

316 4101 504 4154 tilium
544 4101 783 4154 lectione
814 4101 1129 4169 profertum
1171 4103 1268 4152 est.
1316 4101 1468 4162 Quos
1500 4099 1578 4152 uti
1610 4097 1628 4132 ‘
1666 4115 1782 4152 non
1825 4098 1892 4152 ad
1922 4100 2017 4152 ho-

321 4192 596 4242 nestatem
620 4188 892 4242 debemus
917 4188 1239 4253 verborum,
1265 4187 1361 4240 sed
1389 4186 1457 4240 ad
1497 4185 1714 4239 fructus
1743 4202 2015 4239 sensuum

320 4291 422 4328 seu
443 4277 858 4328 sententiarum
886 4292 898 4328 :
945 4280 997 4328 et
1033 4274 1111 4328 sic
1141 4274 1238 4327 ubi
1271 4275 1329 4328 in
1374 4275 1586 4328 eisdem
1635 4274 1850 4344 aliquid
1881 4273 2015 4328 ﬁdei

2127 3127 2285 3196 gium
2319 3127 2598 3196 prtebent,
2628 3126 2722 3180 sed
2765 3126 2928 3179 mihi.
2959 3126 3014 3180 Si
3044 3143 3176 3180 vero
3206 3127 3514 3196 diliganter
3557 3128 3800 3198 Epistolas

2122 3214 2384 3283 Apostoli
2435 3220 2580 3267 totas
2640 3214 2934 3268 rimaveris
2983 3230 3086 3283 per
3129 3214 3574 3284 conjunctiones
3605 3221 3659 3267 et
3692 3230 3797 3284 pro-

2121 3302 2432 3371 positiones
2462 3319 2577 3356 non
2630 3301 2902 3372 congruis
2949 3302 3150 3372 positis
3180 3302 3338 3363 locis,
3371 3319 3506 3356 eum
3560 3305 3798 3371 ignarum

2121 3391 2381 3460 protinus
2412 3390 2581 3460 hujus
2634 3390 2830 3442 Donati
2878 3396 2998 3442 arte
3056 3390 3350 3444 evidenter
3410 3396 3590 3461 atque
3640 3396 3804 3461 aperte

2121 3478 2356 3532 videbis.
2408 3479 2566 3542 Quod
2609 3484 2798 3532 autem
2832 3478 2900 3532 de
2931 3479 3233 3533 Salomone
3271 3480 3518 3548 posuisti
3553 3497 3668 3533 non
3699 3494 3804 3532 eum

2125 3568 2565 3637 grammaticum
2599 3567 2949 3636 approbasti,
2983 3567 3078 3621 sed
3114 3583 3179 3620 ex
3210 3567 3369 3620 libris
3401 3568 3704 3622 rhetorum
3737 3566 3804 3619 vel

2125 3655 2550 3710 dialecticorum
2603 3657 2792 3725 aliqua
2833 3655 3090 3725 posuisse
3150 3656 3406 3709 ﬁrmasti.
3470 3657 3627 3710 Dicit
3679 3657 3804 3710 enim

2125 3751 2180 3797 et
2203 3745 2566 3814 proposuisse
2611 3744 2911 3811 nonnulla,
2944 3749 3002 3797 et
3055 3745 3246 3814 aliqua
3284 3745 3673 3814 respondisse.
3724 3744 3805 3797 Ubi

2125 3832 2276 3886 enim
2313 3831 2520 3885 dicitur
2550 3832 2846 3897 nonnulla,
2898 3837 2953 3885 et
2985 3831 3195 3903 aliqua,
3241 3837 3505 3902 apertum
3547 3840 3633 3887 est
3683 3832 3806 3904 quod

2125 3936 2230 3990 pro
2299 3919 2728 3990 opportunitate
2787 3920 2893 3973 loci
2957 3936 3070 3974 non
3140 3921 3353 3988 omnia,
3420 3922 3519 3974 sed
3571 3921 3805 3993 quaedam

2124 4008 2299 4062 fuisse
2325 4008 2396 4062 ad
2450 4025 2571 4062 rem
2624 4008 2993 4077 pertinentia,
3042 4013 3104 4062 ut
3133 4009 3358 4063 libitum
3411 4009 3494 4063 illi
3543 4011 3672 4077 fuit,
3734 4026 3806 4062 ex-

2125 4101 2319 4166 cerpta
2347 4109 2383 4151 ι.
2428 4097 2537 4151 Nec
2584 4096 2932 4150 credendum
2981 4097 3136 4168 quod
3191 4097 3278 4150 vir
3326 4097 3626 4164 Hebraeus,
3678 4104 3731 4151 et
3763 4099 3807 4150 in

2125 4185 2488 4238 tavernaculo
2542 4186 2569 4227 k
2617 4201 2882 4239 sermone
2930 4185 3310 4250 doctissimus,
3360 4187 3523 4240 latini
3580 4188 3808 4240 hominis

2124 4280 2386 4345 sequeret
2439 4274 2666 4344 regulas
2716 4280 2814 4328 aut
2846 4290 2949 4344 per
2997 4276 3200 4328 Donati
3243 4275 3525 4328 discurret
3569 4276 3749 4329 bullas
3782 4277 3807 4333 ι,

318 4363 655 4419 Christianae
704 4364 972 4416 invenero
1019 4379 1359 4433 congruum,
1425 4363 1566 4416 mihi
1605 4363 1883 4418 vindicem
1926 4367 2012 4417 to-
2051 4355 2095 4408 D
2126 4367 2190 4416 ut
2211 4363 2422 4417 omissa
2476 4363 2848 4416 sanctissima:
2879 4364 3089 4433 linguze
3117 4363 3379 4430 ﬂumina,
3426 4365 3674 4418 necdum
3719 4365 3807 4416 ad-

316 4456 460 4514 tum,
523 4455 579 4504 et
626 4466 856 4504 excusso
892 4467 921 4503 a
971 4451 1198 4504 Goliath
1237 4451 1448 4520 gladio,
1494 4457 1781 4521 amputem
1833 4451 2012 4521 ipsius

316 4539 644 4611 impiissimi
671 4546 842 4609 caput
862 4539 1093 4610 proprio
1126 4540 1259 4604 telo,
1295 4539 1440 4592 sicut
1465 4539 1562 4592 illa
1585 4555 1714 4608 quas
1749 4539 1817 4592 de
1851 4538 2012 4592 libris

316 4629 496 4684 beatas
547 4629 842 4684 memorias
874 4628 1181 4698 Augustini
1225 4634 1509 4681 exscertus
1549 4639 1578 4680 ε
1607 4644 1664 4681 es
1695 4627 1764 4680 de
1795 4629 2010 4681 Mercu-

317 4719 402 4772 rio
427 4734 529 4788 pro
549 4734 694 4771 vano
720 4717 892 4782 idolo,
926 4718 1012 4769 vel
1039 4717 1138 4770 illa
1164 4731 1290 4786 quae
1320 4716 1388 4769 de
1415 4715 1746 4785 sibyllarum
1787 4732 2010 4769 mecum

314 4805 501 4876 legisti
542 4806 830 4859 vaticinio.
873 4804 960 4858 Sic
1009 4809 1066 4857 et
1117 4804 1416 4873 Apostolus
1463 4803 1796 4857 necessitate
1853 4819 2010 4857 com-

315 4896 510 4962 pulsus
553 4895 827 4963 pleraque
861 4908 930 4946 ex
963 4891 1099 4960 ipsis
1128 4896 1328 4945 contra
1358 4890 1588 4944 eosdem
1621 4895 1702 4944 est
1743 4907 2010 4961 prosecu-

314 4988 426 5047 tus,
456 4998 568 5036 non
598 4999 655 5034 se
687 4997 790 5051 per
837 4996 1038 5034 eorum
1071 4979 1324 5049 dirigens
1359 4980 1638 5048 regulam,
1673 4980 1772 5034 sed
1812 4995 1908 5033 eos
1938 4981 2009 5035 ad

385 5151 408 5174 ι
448 5142 581 5211 Leg.
616 5143 675 5194 in
703 5141 978 5208 mysterio.

385 5214 410 5253 δ
451 5213 508 5265 F.
544 5216 604 5264 ut
635 5214 713 5264 in.

385 5291 403 5315 ο
447 5284 684 5342 Destina,
718 5281 776 5334 id
809 5286 892 5336 est
937 5281 1246 5343 columma,
1292 5283 1379 5336 vel
1424 5283 1896 5338 sustentaculum.
1929 5285 2010 5339 Ita

313 5353 486 5406 etiam
545 5358 772 5425 sanctus
804 5353 1031 5425 Braulio
1083 5355 1140 5406 in
1193 5354 1389 5424 Elogio
1420 5353 1533 5407 divi
1567 5353 1766 5408 Isidori
1797 5355 2004 5425 inquit,

314 5425 491 5478 Deum
523 5423 592 5476 ad
633 5423 1003 5494 restauranda
1030 5423 1397 5494 antiquorum
1428 5431 1802 5478 monumenta
1843 5423 2007 5479 illum

312 5496 476 5564 quasi
528 5493 837 5563 quamdam
903 5493 1237 5564 apposuisse
1298 5496 1587 5549 destinam.
1641 5496 1776 5550 Vide
1834 5497 2006 5550 etiam

313 5563 467 5618 temo
501 5566 558 5618 V.
592 5563 822 5633 Corippi
855 5563 1278 5630 auctoritatem,
1305 5581 1434 5635 pag.
1471 5568 1594 5620 4-69.

381 5637 408 5677 (1
450 5639 546 5689 Ms.
559 5676 572 5698 ,
607 5635 954 5689 tradendum.

2120 4451 2234 4506 huc
2264 4452 2323 4504 in
2354 4468 2519 4506 cruce
2549 4452 2778 4506 Domini
2811 4453 3019 4522 lingua:
3053 4457 3305 4513 sacrate,
3350 4452 3565 4505 auxilia
3611 4456 3809 4523 quaeret

2119 4541 2440 4610 peregrina.
2481 4541 2689 4594 Paulus
2726 4556 2860 4594 vero
2893 4556 3011 4593 non
3052 4545 3368 4594 metrorum
3403 4541 3710 4609 gentilium
3742 4542 3807 4594 le-

2120 4627 2310 4700 gibus,
2352 4628 2684 4699 pedibusve,
2716 4633 2780 4682 ut
2809 4629 2969 4693 dicis,
3021 4629 3272 4695 servivit,
3317 4629 3414 4682 sed
3460 4630 3806 4699 Epimenides

2119 4716 2399 4770 versiculo
2432 4733 2569 4770 usus
2624 4716 2732 4770 fuit
2789 4717 2856 4770 ab
2909 4716 3019 4770 alio
3068 4717 3312 4779 condito,
3368 4717 3474 4771 sibi
3517 4723 3710 4773 tamen
3759 4719 3806 4770 in

2120 4804 2434 4858 necessaria
2473 4804 2918 4859 commodatum.
2953 4807 3148 4875 Inepta
3177 4812 3310 4859 sunt
3341 4807 3460 4858 haec
3492 4811 3548 4859 et
3581 4807 3805 4868 frivola;

2121 4893 2262 4963 quin
2313 4893 2504 4964 potius
2563 4893 2825 4961 ostende,
2871 4893 2970 4946 ubi
3018 4892 3139 4963 ipse
3197 4894 3494 4964 apostolici
3559 4895 3665 4948 viri
3719 4909 3810 4965 per

2121 4981 2292 5052 hujus
2325 4987 2423 5036 tua
2446 4982 2651 5036 exculti
2673 4985 2806 5036 sunt
2836 4981 3162 5052 disciplina.

2192 5153 2212 5214 ὲ
2257 5144 2318 5197 D.
2370 5145 2474 5198 Pro
2513 5144 2687 5209 foliis,
2758 5143 2902 5197 sicut
2949 5143 3142 5198 statim
3187 5143 3378 5214 inquit
3424 5161 3530 5213 pro
3578 5145 3802 5200 lectione.

2191 5213 2208 5247 τ
2250 5215 2308 5267 L.
2343 5215 2548 5279 Quibus
2579 5218 2662 5268 uti
2701 5231 2816 5268 non
2847 5214 3141 5269 debemus.

2192 5297 2221 5338 ς
2262 5285 2320 5338 L.
2354 5288 2677 5354 Eacerptus.

2189 5356 2214 5396 h
2258 5356 2314 5409 Ρ.
2340 5355 2608 5411 Prwdimit
2639 5357 2771 5421 legis
2803 5357 3023 5421 stylum.

2191 5424 2202 5457 ί
2247 5427 2325 5497 Ita
2360 5426 2739 5496 Hieronymus
2768 5427 2826 5480 in
2853 5429 3072 5481 Comm.
3107 5425 3282 5497 Epist.
3317 5427 3387 5482 ad
3418 5426 3548 5489 Tit.,
3583 5445 3631 5481 c.
3667 5445 3702 5494 I,
3728 5432 3798 5481 1‘2.

2182 5513 2196 5556 ι
2238 5496 2334 5550 Ms.
2347 5537 2359 5558 ,
2392 5503 2637 5565 excepta.

2189 5569 2214 5608 κ
2258 5568 2313 5620 L.
2346 5568 2666 5621 Vernaculo.

2190 5638 2202 5679 ι
2243 5638 2301 5691 Id
2331 5644 2415 5691 est
2445 5638 2928 5708 perstrepenlium
2961 5655 3163 5694 vocum
3195 5645 3486 5696 ornatum.
