3860 6262
26 313 141 366 333

1607 315 1649 369 Ε
1660 314 1970 370 PISTOLIE
1984 357 1995 368 .

3458 313 3564 368 434

113 452 201 503 l0.
250 450 419 514 Quod
464 466 596 503 vero
626 452 941 504 Juvencum
990 451 1192 504 asseris
1223 449 1595 519 Evangelium
1643 449 1747 503 sub
1788 454 1826 505 Α
1862 449 2010 503 viros
2044 465 2157 503 non
2196 466 2467 503 sensuum
2515 451 2750 504 veritate
2792 452 3060 520 gaudere,
3113 450 3211 504 sed
3256 449 3559 503 verborum

23 540 282 592 metrica
316 539 536 593 misisse
563 540 711 608 lege,
755 540 887 593 audi
936 540 1043 593 hoc
1088 540 1147 593 in
1200 539 1427 592 laudem
1488 555 1619 592 eum
1664 539 1744 593 fe-

24 628 180 681 cisse
214 628 451 694 Christi,
494 633 559 682 ut
605 628 888 700 quidquid
934 645 997 681 ex
1048 629 1153 681 hoc
1203 628 1385 681 inesse
1436 628 1541 679 sibi
1584 628 1747 681 dole-

22 718 127 770 bat
178 718 505 783 sordidum,
565 734 670 787 per
718 718 946 771 laudem
998 718 1098 771 Dei
1144 718 1449 786 pulchrum
1484 716 1749 770 redderet

26 812 217 875 atque
260 808 571 860 excultum.
636 807 702 859 Et
751 806 887 877 quia
935 822 1001 859 eo
1061 811 1195 859 tunc
1250 812 1505 874 tempore
1563 805 1747 873 magis

24 895 306 964 quisquis
354 895 618 949 versibus
690 911 927 964 operam
984 894 1175 959 dabat,
1235 899 1472 962 propter
1532 892 1747 963 eloquii

24 991 424 1051 venustatem,
455 990 512 1037 et
537 1000 641 1053 per
670 984 1025 1037 occasionem
1061 982 1529 1047 dissertitudinis,
1563 982 1745 1051 genti-

21 1072 175 1124 lium
208 1072 499 1125 serviebat
530 1072 733 1137 errori,
764 1072 901 1125 dum
936 1073 1191 1141 legerent
1221 1070 1440 1140 Virgilii
1462 1071 1743 1135 Aineidos,

22 1164 79 1211 et
111 1160 333 1213 ﬂerent
368 1160 645 1213 Didonem
682 1160 1039 1225 exstinctam,
1076 1160 1343 1230 ferroque
1377 1165 1628 1212 extremo
1660 1175 1743 1211 se-

23 1252 253 1313 cutam,
290 1249 379 1302 vel
411 1254 659 1318 spretam
680 1249 950 1317 injuriam
973 1249 1194 1313 furtum,
1226 1254 1282 1301 et
1314 1248 1459 1317 rapti
1482 1247 1745 1301 Gauime-

22 1337 110 1388 dis
143 1338 429 1403 honores,
450 1339 709 1391 fallacem
733 1340 946 1391 donum
972 1337 1251 1401 Minervae,
1274 1340 1329 1389 et
1348 1336 1543 1389 dolum
1570 1338 1747 1390 Juno-

22 1426 113 1477 nis
128 1426 362 1497 iniquae
382 1442 481 1493 ;ne
498 1426 587 1479 his
600 1426 913 1492 erroribus,
937 1425 1268 1478 sordibusve
1285 1424 1747 1495 ginquinarentur

27 1514 375 1580 Christiani,
404 1515 710 1584 praevisum
744 1524 769 1546 ⁸
790 1519 892 1579 est,
926 1520 987 1566 ut
1013 1514 1244 1566 metrice
1279 1514 1553 1565 miracula
1583 1529 1745 1566 cane-

26 1608 157 1654 rent
175 1602 391 1656 Christi
417 1619 429 1655 :
456 1608 518 1655 ut
536 1602 731 1655 inlecti
758 1602 988 1655 metrica
1011 1603 1330 1666 dulcedine,
1356 1604 1521 1653 simul
1553 1607 1742 1654 etnon

28 1688 364 1747 mendacio,
397 1688 493 1740 sed
534 1689 770 1741 veritate
822 1688 1069 1757 propriis
1124 1688 1494 1755 inhaererent,
1547 1688 1741 1740 melli—

30 1778 222 1829 iluum
270 1776 504 1831 libando
532 1793 818 1847 saporem,
853 1776 1211 1830 ethnicorum
1244 1780 1578 1846 respuerent
1620 1792 1739 1828 sor-
1783 1754 1822 1808 Β

25 1866 262 1929 didam,
304 1866 857 1936 spurcissimumque
910 1866 1190 1926 fcetorem,
1227 1865 1539 1918 secundum
1593 1865 1745 1934 quod

24 1955 305 2008 Sedulius
362 1955 421 2007 in
468 1954 804 2024 praefatione
861 1954 1054 2023 operis
1085 1954 1371 2008 Paschalis
1419 1954 1742 2008 Calcidonio

28 2043 322 2113 prosatice
371 2048 467 2095 ait.
518 2043 681 2107 Quod
714 2044 841 2113 ipsa
880 2048 979 2097 tua
1012 2042 1309 2113 sagacitas,
1363 2042 1409 2094 si
1453 2042 1741 2107 maluerit,

32 2132 296 2184 invenire
338 2131 563 2185 valebit.

101 2220 278 2283 Quod
306 2225 499 2273 autem
532 2219 697 2273 nobis
742 2225 993 2273 veterem
1034 2219 1367 2273 haereticum
1411 2218 1740 2289 Origenem,

34 2309 401 2377 praecipuum
435 2308 729 2362 doctorem
763 2308 977 2373 dicens,
1010 2308 1071 2361 in
1098 2308 1494 2362 testimonium
1532 2309 1741 2379 produ-

34 2399 129 2463 cis,
180 2413 366 2467 quem
415 2414 447 2449 a
479 2398 742 2451 Patribus
798 2397 1134 2451 damnatum
1184 2398 1307 2467 ipse
1352 2414 1466 2450 non
1516 2397 1739 2450 nescis:

32 2491 175 2540 scias
208 2504 308 2540 me
333 2487 455 2556 ejus
508 2503 624 2540 non
665 2486 869 2539 terreri
921 2486 1087 2540 dictis
1129 2489 1172 2548 ἱ),
1234 2486 1405 2540 etiam
1461 2486 1507 2539 si
1548 2492 1742 2539 contra

36 2592 123 2629 me
183 2576 527 2641 existerent,
586 2576 828 2645 potiora.
895 2576 1019 2645 Ipse
1079 2576 1233 2628 enim
1293 2580 1377 2629 est
1432 2575 1530 2645 qui
1578 2574 1739 2639 dixit,

31 2669 132 2717 Ars
166 2664 400 2733 magica
430 2663 570 2716 mihi
603 2680 718 2716 non
750 2664 975 2717 videtur
1007 2663 1249 2733 alicujus
1282 2663 1363 2716 rei
1421 2663 1738 2717 subsisten-

35 2756 103 2805 tis
143 2754 491 2805 vocabulum
522 2753 617 2805 sed
650 2753 775 2818 etsi,
808 2753 898 2817 sit,
945 2768 1057 2806 non
1098 2758 1184 2806 est
1214 2752 1401 2821 operis
1446 2752 1603 2816 mali,
1639 2767 1743 2804 nec

38 2842 189 2911 quod
224 2842 431 2895 haberi
462 2841 639 2911 possit
671 2842 1042 2911 contemptui.
1100 2843 1243 2895 Puto
1287 2845 1341 2894 te
1372 2840 1558 2893 virum
1606 2857 1739 2910 pru-

39 2930 443 2983 dentissimum
486 2930 604 2982 haec
634 2930 702 2982 ab
744 2929 944 2983 eodem
978 2930 1124 2983 dicto
1158 2946 1275 2983 non
1327 2930 1591 2999 probare,
1655 2929 1740 2981 vel

1859 538 2370 607 compositionibus
2402 538 2714 603 deservire;
2760 554 2945 608 neque
2992 555 3095 607 per
3126 538 3554 607 simplicitatem

1858 642 2085 679 currere
2119 625 2343 691 Christi,
2392 627 2489 679 sed
2534 643 2634 696 per
2671 632 2853 680 artem
2891 627 3181 681 liberalem
3236 626 3459 681 Donati.
3497 629 3559 680 Et

1859 715 2028 784 plane
2058 720 2193 767 tunc
2224 714 2281 767 in
2326 712 2699 783 responsione
2750 730 2864 767 non
2922 731 3097 767 unum
3130 720 3353 768 tantum
3401 716 3552 768 diem

1858 803 2145 863 desudem,
2206 803 2305 857 sed
2358 803 2533 856 totius
2589 819 2729 855 mea:
2779 807 3005 872 tempus
3066 816 3094 856 ις
3135 804 3283 856 vitaa.
3348 804 3555 857 Sensus

1856 891 2011 944 enim
2071 892 2339 957 hominis,
2399 908 2569 962 quem
2645 893 2800 945 Plato
2864 891 2921 944 in
2980 892 3236 957 cerebro,
3298 892 3552 946 Christus

1858 986 2137 1033 monstrat
2158 982 2216 1032 in
2235 980 2402 1033 corde
2434 981 2554 1033 haec
2576 981 2772 1033 omnia
2793 980 3106 1045 adiuvenit,
3138 988 3194 1033 et
3222 997 3333 1033 non
3362 980 3457 1033 ille
3478 980 3549 1033 ob

1858 1070 2059 1122 eadem
2092 1071 2117 1111 ιι
2171 1068 2438 1123 inventus
2489 1069 2615 1122 fuit.
2680 1069 2836 1123 Unde
2896 1069 3111 1139 liquide
3162 1074 3403 1135 constat,
3456 1070 3554 1138 qui

1856 1175 2085 1211 sensum
2145 1158 2456 1211 columeni
2511 1158 2681 1228 gerit,
2730 1174 3029 1226 nunquam
3082 1158 3315 1211 aliunde
3350 1158 3550 1210 sutl‘ra-

1857 1247 2015 1317 gium
2050 1246 2186 1299 artis
2240 1247 2555 1316 inquirere,
2619 1264 2792 1316 quem
2850 1247 2909 1299 in
2963 1263 3022 1300 se
3071 1246 3291 1317 sibique
3341 1246 3553 1299 iterum

1856 1335 2118 1406 praevidit
2172 1352 2310 1388 esse.
2356 1336 2455 1388 llle
2509 1335 2664 1388 enim
2716 1335 2920 1389 Donati
2969 1340 3188 1405 quaerat
3247 1335 3548 1403 auxilium,

1855 1424 1947 1477 cui
1976 1422 2241 1477 debilitas
2272 1423 2453 1477 inlicit
2492 1424 2754 1493 gradum.
2822 1424 2994 1477 Nobis
3050 1429 3242 1477 tamen
3301 1440 3546 1494 quorum

1853 1513 2131 1577 Christus,
2164 1512 2263 1581 qui
2292 1518 2375 1565 est
2418 1513 2700 1582 sapientia
2746 1530 2898 1575 vera,
2949 1512 3200 1577 instruit,
3263 1513 3430 1579 fovet,
3490 1519 3547 1566 et

1856 1602 2043 1655 erudit
2065 1602 2446 1666 intellectum;
2485 1610 2544 1654 ut
2570 1602 2707 1670 quid
2744 1618 2843 1671 per
2874 1602 3177 1669 gentilium
3211 1602 3546 1667 vagabimus

1854 1689 2115 1754 delubra,
2144 1704 2275 1743 cum
2308 1694 2530 1743 constet
2561 1694 2753 1742 nostra
2782 1690 2960 1742 totius
2985 1690 3373 1743 doctrinarum
3412 1690 3548 1743 fon-

1852 1778 2003 1831 tibus
2035 1779 2224 1847 opleta
2251 1778 2462 1831 vitalia.
2511 1779 2669 1832 Unde
2716 1778 2895 1831 sancti
2949 1783 3007 1831 et
3061 1778 3356 1847 apostolici
3422 1778 3548 1845 viri,

1851 1866 1956 1921 etsi
2015 1882 2116 1936 per
2148 1868 2411 1937 peritiam
2473 1867 2676 1922 Donati
2734 1867 2839 1920 visi
2896 1873 3026 1919 sunt
3078 1866 3259 1936 loqui,
3310 1883 3427 1920 non
3480 1867 3550 1921 ab

1854 1956 2059 2009 eodem
2100 1956 2363 2009 credendi
2394 1962 2527 2009 sunt
2569 1956 2742 2009 fuisse
2772 1955 3055 2022 instructi,
3094 1955 3190 2008 sed
3251 1956 3319 2009 ab
3354 1972 3419 2009 eo
3451 1955 3552 2025 qui

1852 2044 1960 2097 hoc
1991 2044 2181 2113 ipsum
2213 2050 2385 2098 tenue
2420 2044 2607 2098 eidem
2636 2045 2920 2114 congessit
2966 2044 3184 2113 gentili.
3220 2046 3343 2097 Non
3390 2046 3547 2097 enim

1852 2134 2116 2202 apostoli,
2188 2138 2287 2186 aut
2345 2135 2664 2203 pr0phetae,
2736 2133 2899 2203 quasi
2957 2149 3020 2186 ex
3096 2149 3268 2203 opere
3334 2134 3549 2201 regulis

1852 2222 2241 2275 deservierunt
2301 2222 2589 2286 humanis,
2660 2222 2758 2275 sed
2821 2222 3069 2275 columil
3130 2238 3299 2274 sensu
3362 2222 3547 2291 quali-

1852 2315 1939 2364 ter
1982 2310 2323 2380 proferenda
2367 2316 2554 2364 essent
2603 2310 2997 2363 instrumentis
3036 2310 3425 2379 praevidebant
3470 2310 3549 2363 di-

1854 2398 2021 2453 vinis.

1927 2491 2009 2542 ll.
2043 2487 2201 2552 Quod
2232 2503 2362 2541 vero
2392 2491 2505 2541 tres
2549 2503 2755 2557 pueros
2788 2486 2925 2541 dicis
2958 2487 3391 2556 grammaticam
3440 2487 3541 2541 do-

1852 2576 2054 2639 cuisse,
2101 2576 2281 2630 miror
2334 2580 2388 2629 te
2440 2576 2782 2645 prudentem
2835 2575 3130 2629 hominem
3174 2581 3290 2629 tam
3350 2575 3549 2629 leviter

1850 2664 2132 2734 opinasse,
2194 2671 2255 2717 ut
2300 2664 2662 2719 Chaldaicam
2713 2664 3073 2734 disciplinam
3114 2665 3546 2733 grammaticam

1851 2769 2091 2821 asseras,
2144 2769 2273 2806 cum
2348 2753 2723 2822 grammatica
2776 2752 2951 2806 Grreci
3013 2754 3251 2819 dicatur,
3314 2759 3368 2806 et
3423 2754 3546 2823 ipso

1851 2842 2081 2895 nomine
2114 2841 2255 2894 facie
2284 2846 2451 2893 tenus
2484 2841 2624 2910 quid
2666 2841 2740 2893 sit
2779 2843 3033 2909 apertius
3065 2841 3386 2911 indagetur.
3436 2842 3544 2894 Ve—

1852 2946 1980 2983 rum
2027 2930 2162 3000 quia
2214 2929 2463 2982 editione
2499 2929 2821 2999 Symmachi
2864 2946 2967 2998 pro
3012 2929 3249 2983 Hebraea
3288 2946 3346 2982 es
3384 2946 3542 2996 usus,

40 3024 241 3070 caetera
269 3033 399 3086 qua:
431 3016 491 3069 in
524 3017 686 3069 libris
722 3016 1063 3070 Periarchon
1096 3017 1333 3087 digessit
1366 3033 1482 3069 non
1537 3016 1737 3069 dubito
1776 3051 1815 3105 ρ
1848 3022 2019 3088 atque
2052 3018 2214 3089 quasi
2258 3017 2468 3088 ignotis
2518 3018 2578 3070 in
2626 3019 2796 3071 aliam
2832 3018 3066 3071 alterius
3108 3018 3229 3071 loco
3272 3018 3541 3071 inducere

38 3111 88 3157 te
138 3104 451 3158 fortissime
511 3104 778 3157 refutare.
830 3104 1019 3173 Magos
1069 3121 1201 3157 vero
1246 3104 1374 3157 illos
1401 3105 1564 3157 valde
1603 3122 1735 3173 pro-

46 3194 251 3263 phetiae
287 3202 308 3226 ε
336 3197 653 3246 commotos
699 3192 873 3245 fuisse
903 3192 1285 3245 certissimum
1319 3198 1421 3246 est.
1461 3192 1565 3246 Sed
1599 3209 1739 3262 pro-

43 3283 231 3351 phetia
265 3300 298 3334 a
352 3283 464 3334 Deo
494 3281 579 3335 illi
618 3281 916 3351 inspirata,
971 3298 1083 3334 non
1117 3282 1186 3334 ab
1236 3287 1357 3333 arte
1401 3282 1601 3335 Donati
1649 3281 1735 3334 in~

40 3376 225 3423 venta.
280 3369 459 3423 Debes
490 3369 671 3423 elehel
731 3366 779 3435 ιι,
815 3384 1021 3439 nempe
1078 3369 1197 3422 filio
1248 3369 1407 3433 Huri,
1465 3369 1545 3423 ﬁli
1600 3371 1735 3436 Hor,

41 3458 136 3527 qui
198 3460 458 3527 repletus
508 3457 725 3510 exstitit
782 3457 973 3510 divino
1032 3458 1243 3527 Spiritu
1306 3458 1513 3523 (Exod.
1563 3458 1735 3527 χιιι),

40 3547 172 3615 quid
206 3546 407 3615 cupias
449 3546 734 3598 affirmare
766 3561 881 3598 non
913 3544 1191 3613 intelligo.
1244 3545 1514 3616 Nunquid
1558 3545 1673 3599 dixi
1706 3562 1737 3598 a

44 3638 148 3688 Deo
200 3634 547 3704 sapientiam
588 3633 733 3687 nulli
781 3634 1081 3687 hominum
1129 3634 1344 3701 datam,
1394 3640 1493 3687 aut
1531 3632 1736 3703 negavi

39 3740 267 3777 omnem
306 3722 599 3776 scientiam
632 3739 665 3775 a
697 3722 1022 3776 ccelestibus
1070 3739 1103 3775 a
1134 3724 1249 3776 Deo
1280 3727 1553 3776 creaturae
1618 3738 1735 3775 suae

41 3812 309 3875 delatam,
344 3816 407 3861 ut
437 3809 630 3878 hujus,
674 3814 728 3862 et
760 3809 915 3862 Eliab
948 3809 1131 3862 lilium
1167 3810 1480 3863 Bacisamat
1510 3814 1553 3874 °,
1592 3808 1735 3862 mihi

41 3915 266 3951 enarres
321 3899 525 3968 gesta?
570 3898 690 3950 Imo
746 3898 924 3951 libere
965 3897 1286 3967 profiteor:
1332 3899 1494 3952 Omne
1546 3898 1733 3951 datum

45 3988 249 4052 bonum,
310 3993 361 4040 et
398 4001 548 4040 omne
596 3986 796 4039 donum
828 3988 1128 4055 perfectum
1157 3987 1437 4041 desursum
1483 4002 1517 4038 a
1574 3989 1736 4040 Patre

42 4076 297 4129 luminum
327 4090 435 4129 esse
465 4074 599 4143 (Jac.
636 4092 673 4139 1,
709 4076 797 4143 l7)
835 4091 847 4127 :
881 4075 1064 4129 ethoc
1094 4092 1342 4145 namque
1374 4075 1589 4128 donum
1627 4075 1736 4129 fuit

46 4164 374 4231 perfectum,
406 4164 542 4233 quia
562 4162 621 4216 in
653 4163 873 4216 honore
900 4163 1207 4217 sanctuarii
1237 4164 1335 4216 Dei
1366 4163 1578 4217 exstitit
1599 4179 1730 4216 con-

48 4257 343 4305 serratum.
381 4252 650 4321 Nunquid
686 4257 867 4304 artem
904 4252 1105 4305 Donati
1136 4252 1353 4305 donum
1392 4251 1604 4322 poteris
1636 4252 1705 4304 ﬁr

50 4356 191 4392 mare
238 4341 600 4410 perfectum?
642 4341 747 4394 Sed
783 4346 843 4393 ut
890 4342 1244 4394 consentiam
1272 4340 1565 4394 sententiae
1598 4346 1732 4405 tuas,

50 4430 121 4480 iac
159 4430 296 4499 quia
341 4429 559 4482 donum
614 4429 686 4481 sit
734 4430 1071 4499 perfectum,
1106 4430 1421 4500 datumque
1472 4431 1544 4484 sit
1590 4429 1731 4499 opti-

52 4533 216 4571 mum.
252 4518 526 4588 Nunquid
562 4517 678 4569 dixi
709 4517 767 4570 in
800 4518 1065 4571 omnibus
1091 4523 1146 4571 et
1177 4519 1231 4571 in
1279 4519 1473 4571 omnia
1503 4519 1731 4588 penitus

54 4606 389 4673 reprobum?
433 4606 707 4675 Nunquid
758 4623 875 4659 non
906 4612 1037 4659 sunt
1093 4607 1212 4660 hinc
1246 4607 1417 4660 verba
1465 4606 1731 4676 Epistolas

50 4709 174 4745 mea:
208 4712 221 4747 :
262 4717 282 4742 ί
310 4695 547 4747 Sanctos
598 4701 652 4747 et
686 4695 1023 4765 apostolicos
1078 4696 1226 4747 viros
1258 4712 1373 4748 non
1425 4696 1730 4749 verborum

50 4783 548 4851 compositionibus
616 4783 925 4851 deservire,
991 4784 1085 4837 sed
1158 4800 1430 4837 sensuum
1498 4784 1731 4837 veritate

52 4872 321 4937 gaudere;
374 4888 561 4942 neque
627 4888 730 4943 per
772 4878 951 4926 artem
1004 4873 1302 4926 liberalem
1359 4873 1582 4939 Donati,
1634 4874 1729 4927 sed

51 4975 137 5025 per
174 4960 600 5029 simplicitatem
637 4977 868 5014 currere
901 4961 1127 5015 Christi.
1165 4983 1186 5010 ι
1222 4962 1279 5016 Si
1318 4962 1425 5016 hoc
1447 4962 1729 5031 displicet,

53 5052 98 5099 et
142 5049 378 5102 refutari
437 5049 621 5120 magis
684 5066 858 5120 quam
906 5050 1068 5121 sequi
1126 5052 1330 5121 placet,
1390 5051 1732 5105 contrariam

56 5138 379 5191 sententiam
426 5138 610 5192 forma
637 5137 654 5173 τ
685 5144 750 5192 ut
799 5138 975 5204 dicos,
1009 5144 1233 5192 sanctos
1288 5144 1347 5192 et
1390 5140 1732 5209 apostolicos

114 5302 135 5327 ⁸
171 5296 227 5348 F.
256 5297 561 5364 provisum.

116 5368 135 5406 δ
169 5367 289 5429 343.,
323 5369 526 5421 terreni
554 5366 719 5421 dicta.

118 5444 132 5467 ε
163 5437 329 5513 iuxta
387 5437 649 5507 superius
723 5442 938 5507 notata,
1010 5441 1237 5494 Balaam
1297 5442 1589 5510 prophetia
1660 5441 1734 5493 le—

67 5508 311 5572 gendum,

117 5578 140 5617 ά
175 5579 230 5631 L.
268 5580 351 5631 De
382 5577 671 5632 Beselehel.

118 5657 135 5679 ε
170 5649 450 5720 Vulgata:
479 5650 661 5703 Ooliab
684 5650 861 5720 ﬁlium
902 5650 1270 5705 Achisamech.

1848 3124 1909 3160 es
1939 3108 2113 3172 visus,
2148 3107 2269 3176 regi
2304 3107 2830 3161 Nabuchodonosor
2851 3106 3412 3176 profanijussionem
3442 3123 3543 3159 no-

1846 3196 1934 3249 bis
1963 3197 2024 3249 in
2054 3196 2371 3250 doctrinam
2402 3196 2674 3261 formans,
2701 3201 2755 3248 et
2777 3196 2930 3265 quod
2960 3196 3054 3248 ille
3084 3196 3277 3265 pueris
3307 3196 3544 3266 captivis

1846 3285 1998 3345 fecit,
2035 3284 2197 3338 nobis
2228 3284 2419 3338 liberis
2442 3285 2623 3338 facere
2640 3285 2951 3349 mandans;
2979 3284 3114 3337 audi
3141 3284 3277 3354 quid
3299 3285 3430 3337 inde
3448 3302 3544 3337 no-

1847 3377 1962 3427 ster
1994 3373 2376 3443 Hieronymus
2395 3373 2784 3425 sanctissimus
2806 3372 3040 3425 sentiat:
3073 3374 3233 3433 Nota.
3269 3372 3363 3438 ait,
3386 3374 3543 3442 quod

1848 3464 1995 3517 Deus
2020 3462 2242 3515 dederit
2273 3461 2479 3514 sanctis
2513 3461 2704 3531 pueris
2747 3460 3038 3513 scientiam
3081 3466 3136 3512 et
3180 3460 3539 3529 disciplinam

1846 3550 2201 3603 saeculariam
2234 3550 2553 3603 litterarum
2576 3550 2803 3618 injomni
2829 3550 2993 3615 libro,
3015 3566 3117 3619 pro
3142 3566 3254 3618 quo
3282 3549 3539 3620 Symma-

1845 3639 1984 3692 chus
2015 3639 2419 3708 interpretatus
2445 3644 2529 3691 est
2560 3645 2737 3692 artem
2766 3638 3213 3707 grammaticam,
3250 3641 3313 3690 ut
3340 3643 3541 3691 cuncta

1845 3743 1974 3798 quae
2006 3726 2274 3796 legebant
2295 3727 2701 3796 intelligerent,
2737 3735 2793 3780 et
2816 3727 3021 3797 spiritu
3040 3728 3135 3780 Dei
3153 3728 3221 3780 de
3243 3727 3537 3781 Chaldteo-

1846 3832 1972 3870 rum
2009 3814 2243 3869 scientia
2270 3815 2614 3885 judicarent.
2650 3817 2719 3868 Et
2747 3817 3029 3885 siquidem
3059 3832 3157 3869 rex
3182 3815 3411 3885 gentilis
3442 3832 3537 3869 eos

1844 3920 2014 3959 causa
2045 3904 2382 3957 eruditionis
2416 3905 2485 3957 ad
2526 3905 2915 3957 scholasticam
2957 3905 3277 3958 doctrinam
3329 3904 3534 3975 posuit,

1844 3994 1939 4047 sed
2016 3995 2160 4047 Deus
2215 3992 2329 4047 illis
2386 3993 2453 4046 ad
2531 3994 2949 4046 convincendos
3025 3994 3309 4064 sapientes
3376 3994 3537 4047 Chal-

1842 4083 2099 4136 daeorum
2124 4081 2501 4150 multiplicem
2534 4081 2871 4151 sapientiam
2912 4082 3085 4137 dedit.
3133 4083 3537 4136 Animadverte

1844 4170 1979 4240 quia
2012 4170 2155 4223 Deus
2178 4170 2333 4223 dedit
2362 4172 2441 4222 eis
2471 4169 2909 4239 intelligentiam
2944 4176 2999 4223 et
3029 4171 3347 4236 scientiam,
3380 4176 3442 4225 ut
3467 4171 3536 4225 de

1842 4258 2244 4313 Chaldaeorum
2292 4258 2528 4311 scientia
2575 4259 2727 4327 ipsos
2784 4260 3059 4313 refutaret
3110 4260 3421 4314 Chaldmos.
3473 4261 3536 4312 Et

1774 4346 1816 4399 Ι)
1843 4346 2160 4400 notandum
2186 4346 2338 4415 quod
2372 4362 2485 4399 non
2516 4348 2585 4401 ab
2617 4348 2713 4399 illa
2754 4348 3054 4418 disciplina
3085 4348 3173 4401 vel
3203 4348 3271 4401 ab
3322 4347 3533 4401 eisdem

1841 4435 2242 4505 deceptor-ibus
2273 4441 2407 4487 sunt
2437 4436 2607 4498 docti,
2644 4436 2738 4490 sed
2771 4453 2803 4489 a
2849 4438 2960 4490 Deo
2999 4437 3237 4505 decuplo
3286 4442 3416 4489 sunt
3444 4437 3534 4489 iu-

1838 4523 2060 4575 lustrati
2093 4539 2105 4575 :
2158 4527 2219 4575 ut
2250 4522 2537 4593 intelligas
2577 4540 2687 4577 non
2721 4529 2841 4577 arte
2881 4541 2978 4577 eos
3016 4526 3122 4577 hoc
3165 4524 3337 4576 fuisse
3377 4540 3533 4576 asse-

1838 4616 2020 4679 cutos,
2052 4611 2149 4665 sed
2193 4612 2290 4665 Dei
2323 4629 2581 4679 munere,
2636 4613 2703 4666 ad
2745 4614 2897 4683 quod
2947 4612 3328 4665 necessarium
3388 4618 3529 4678 erat,

1838 4700 2166 4770 inspiratus.
2215 4701 2418 4754 Dicunt
2463 4707 2678 4767 autem,
2710 4706 2770 4754 ut
2827 4701 2905 4755 ait
2961 4700 3351 4769 Hieronymus,
3418 4716 3531 4751 non

1841 4794 1905 4841 ut
1971 4794 2308 4859 sequantur,
2370 4790 2464 4842 sed
2519 4794 2582 4842 ut
2629 4789 2910 4858 judicent,
2962 4793 3131 4858 atque
3170 4788 3525 4841 convincunt.

1839 4877 2135 4941 Quomodo
2169 4877 2455 4946 quispiam
2488 4876 2758 4929 adversus
2807 4875 3237 4929 mathematicos
3286 4876 3532 4929 scribere

1839 4965 2138 5036 imperitos
2190 4965 2622 5019 mathematicos
2665 4964 2807 5017 risui
2856 4968 3049 5034 pateat
3079 4965 3125 5029 κ,
3160 4969 3216 5016 et
3258 4964 3531 5017 adversus

1838 5054 2218 5123 philosophos
2249 5054 2546 5122 disputans
2589 5053 2815 5120 ignoret
2844 5054 3111 5121 dogmata
3159 5053 3529 5123 philosopho-

1840 5158 1992 5197 rum.
2030 5144 2097 5196 Et
2138 5158 2261 5206 nos,
2314 5139 2826 5203 Reverendissime,
2855 5140 3287 5211 grammaticam
3322 5142 3401 5195 sic
3439 5142 3531 5195 di-

1912 5301 1930 5335 ¹⁹
1967 5301 2081 5362 Ms.,
2122 5302 2374 5366 formam.

1912 5385 1942 5424 ε
1980 5373 2074 5425 Ms.
2088 5409 2099 5426 .
2145 5373 2419 5439 temporis.

1910 5444 1937 5482 h
1976 5442 2094 5505 Mm,
2127 5441 2195 5494 ab
2226 5441 2454 5495 easdem.

1911 5512 1922 5544 ¹
1948 5518 1961 5561 i
2032 5512 2155 5575 Ms.,
2182 5513 2478 5566 cotomen...
2500 5511 2710 5565 colome.

1915 5583 1940 5615 κ
1979 5582 2069 5635 Sic
2112 5583 2255 5636 forte
2316 5582 2688 5653 corrigendus
2746 5589 2830 5636 est
2884 5585 3076 5638 locus:
3132 5584 3432 5647 Quomodo
3487 5586 3532 5638 si

1844 5654 2127 5724 quispiam
2188 5654 2447 5709 adversus
2504 5654 2909 5710 mathematicos
2959 5657 3203 5711 scribens
3241 5657 3534 5723 imperitus
