3860 6262
322 325 425 378 435

1696 321 1949 375 ALVARI
1982 322 2462 377 CORDUBENSIS
3710 322 3779 374 436

320 462 498 514 cimus
556 472 993 528 consequamur,
1029 456 1124 509 sed
1182 456 1543 509 destruamus
1600 458 1655 507 et
1702 455 2002 508 convinca-
2039 458 2078 509 A
2111 461 2234 508 erat
2264 455 2343 508 eis
2363 469 2720 519 concessum,
2746 457 2843 506 aut
2874 453 3219 522 perregulas
3241 451 3521 520 aptabant
3543 466 3775 518 gressum.

322 566 468 615 mus,
512 548 818 618 quisquam
854 561 958 599 nec
988 561 1091 614 per
1136 545 1258 598 haec
1289 560 1516 614 gressus
1569 543 1783 614 dirigit,
1829 550 1885 597 et
1916 544 2011 597 de-

320 639 492 693 struit
522 637 786 690 semitam
814 650 988 706 quam
1023 634 1237 687 incidit.
1273 633 1495 686 Danieli
1535 633 1783 703 amplius
1813 648 2015 686 conce-

320 728 495 794 ditur,
527 726 667 780 dum
712 724 1024 778 solutiones
1056 723 1344 776 visionum
1378 721 1749 790 adjiciuntur,
1807 729 1870 775 ut
1917 737 2019 791 per

322 816 430 869 hoc
469 814 632 884 regia
682 812 866 865 infula
899 814 1287 877 decoraretur,
1328 816 1382 862 et
1422 810 1491 862 ad
1525 812 1677 879 quod
1712 826 1855 879 opus
1900 813 2020 862 erat

324 902 626 958 sublimior
678 901 1005 954 haberetur.
1064 900 1202 952 Nam
1268 898 1505 966 decuplo
1557 898 1762 951 dicitur
1814 898 1874 949 in
1926 913 2019 950 eos

327 993 502 1047 fuisse
533 1006 706 1061 quam
751 989 811 1041 in
844 1004 1040 1042 omnes
1092 987 1298 1039 ariolos
1347 992 1402 1039 et
1451 1002 1666 1055 magos,
1714 991 1770 1039 et
1821 986 2019 1055 utique

324 1098 445 1135 non
477 1085 613 1149 puto
645 1085 699 1133 te
726 1078 829 1131 hoc
859 1093 973 1130 non
1005 1076 1274 1138 refutare,
1325 1080 1386 1127 ut
1430 1090 1638 1143 pueros
1690 1075 1787 1127 Dei
1820 1091 2018 1143 mago-

325 1186 455 1223 rum
483 1168 700 1221 artibus
732 1166 1013 1236 approbes
1072 1163 1403 1217 deservisse.
1439 1162 1545 1216 Sed
1606 1162 1804 1232 utique
1849 1163 2020 1215 decu-

327 1260 442 1330 plo,
473 1259 609 1327 quia
665 1272 793 1325 qua:
842 1255 927 1307 illi
956 1269 1058 1323 per
1099 1257 1247 1304 artes
1283 1258 1339 1305 et
1386 1256 1725 1320 argumenta
1777 1252 2022 1305 nefanda

326 1351 714 1417 cognoverant
742 1361 754 1397 :
786 1342 880 1395 isti
927 1341 1298 1411 inspiratione
1332 1341 1431 1393 Dei
1480 1340 1779 1393 contrariis
1808 1340 1929 1405 viis,
1964 1341 2020 1394 id

328 1441 428 1501 est,
471 1450 587 1487 non
617 1433 672 1486 id
728 1431 930 1484 eodem
964 1447 1077 1500 quo
1117 1430 1199 1481 illi
1234 1428 1435 1482 ordine
1476 1430 1718 1481 assecuti
1755 1428 2017 1481 fuerant:

328 1530 390 1577 ut
442 1539 547 1593 per
614 1522 721 1575 hoc
780 1518 1059 1588 sapientia
1122 1517 1691 1581 divina,humanam
1751 1517 2024 1571 refutaret

325 1611 646 1676 scientiam,
683 1614 739 1662 et
760 1608 1096 1673 destrueret,
1133 1622 1263 1675 qua:
1286 1605 1347 1658 in
1377 1604 1698 1659 eruditione
1740 1610 1859 1659 tota
1887 1622 2021 1659 con-

327 1701 522 1771 jicitur
547 1714 666 1752 esse
698 1696 1026 1767 prudentia.

401 1792 485 1843 12.
524 1787 685 1850 Quod
720 1801 853 1837 vero
889 1788 1149 1837 sanctum
1181 1782 1519 1851 Gregorium
1566 1781 1936 1836 indicativum
1965 1788 2021 1837 et

329 1877 648 1946 optativum
692 1874 928 1928 modum
961 1872 1129 1925 scisse
1174 1870 1481 1937 convincis,
1533 1871 1672 1923 scito
1722 1887 1853 1925 eum
1909 1889 2025 1926 non

329 1967 594 2036 ignarum
638 1963 843 2016 harum
890 1960 1061 2013 fuisse
1094 1960 1323 2030 penitus
1364 1959 1797 2030 disciplinarum
1834 1970 1881 2028 δ,
1928 1961 2025 2015 sed

328 2056 477 2108 hanc
535 2058 714 2105 artem
772 2056 827 2103 et
882 2048 1226 2119 peritissime
1278 2049 1521 2115 novisse,
1586 2056 1643 2102 et
1694 2050 2024 2103 cautissime

328 2141 667 2214 precavisse.
705 2142 846 2194 Nam
878 2140 1000 2208 ipse
1035 2143 1119 2191 est
1160 2138 1259 2207 qui
1288 2138 1347 2190 in
1382 2137 1667 2207 principio
1716 2138 2027 2192 locutionis

330 2248 447 2284 suos
495 2230 621 2282 ait:
670 2228 831 2285 Absit
886 2232 947 2280 ut
1001 2228 1171 2280 verba
1220 2226 1364 2298 tanti
1423 2226 1638 2279 oraculi
1698 2227 1798 2280 sub
1839 2228 2028 2281 verbis

328 2317 716 2389 perstringam
772 2315 988 2368 donati.
1046 2316 1255 2367 Verum
1318 2314 1416 2367 ubi
1466 2315 1866 2383 opportunitas
1922 2316 2029 2369 loci

331 2406 613 2469 exhibuit,
657 2420 768 2458 non
816 2404 1070 2474 ejusdem
1117 2404 1333 2472 regulae
1366 2403 1670 2468 deservire,
1706 2404 1801 2456 sed
1846 2403 2028 2473 ipsam

333 2493 594 2565 regulam
624 2492 685 2545 in
724 2508 826 2544 suo
860 2492 967 2544 sibi
1002 2490 1194 2560 potius
1225 2506 1342 2543 non
1379 2494 1573 2557 utere;
1600 2490 1695 2544 sed
1721 2492 2029 2545 fortissime

332 2580 620 2652 professus
663 2596 808 2643 sum,
842 2584 897 2632 et
938 2580 1231 2648 hucusque
1265 2580 1557 2647 profiteor,
1592 2595 1708 2631 non
1740 2580 1973 2633 eosdem
2004 2583 2030 2623 ι)

331 2671 453 2741 ipse
510 2670 725 2739 regulas
785 2685 841 2721 se
908 2667 1170 2721 subdere.
1233 2668 1344 2721 Nec
1401 2683 1601 2720 curare
1661 2668 1729 2721 de
1813 2669 2028 2738 eloquii

332 2758 696 2824 rectitudine,
730 2773 859 2811 cum
909 2772 1139 2810 sensum
1178 2756 1239 2809 in
1288 2761 1413 2811 tuto
1446 2756 1603 2810 illam
1651 2773 1819 2827 posse
1854 2766 1874 2792 ο
1926 2759 2031 2812 ha-

332 2847 489 2901 bere.
574 2893 581 2899 .

410 2938 493 2989 t3.
518 2937 579 2988 In
618 2935 792 2988 finem
822 2932 1158 3003 quaestionis
1187 2932 1324 2985 dicis
1360 2948 1371 2985 :
1408 2934 1721 3002 Apostolici
1758 2940 1815 2987 et
1848 2935 2025 2989 sancti

2204 545 2286 597 14.
2352 545 2465 597 Nec
2526 543 2608 596 fas
2685 546 2790 610 est,
2869 546 2935 595 ut
3014 541 3115 611 qui
3194 539 3543 610 regulariter
3600 545 3649 591 et
3710 534 3825 609 per‘

2126 649 2535 704 quamcunque
2566 637 2747 684 artem
2793 631 3036 697 incedet,
3083 629 3438 699 quandoque
3489 628 3561 681 ab
3587 628 3674 681 illa
3710 630 3783 682 sibi

2127 723 2313 792 posita
2369 721 2618 774 formula
2685 721 2965 773 dct‘iall'lo
3039 724 3314 789 pererret.
3380 717 3534 770 Dicis
3624 717 3779 770 enim;

2128 813 2237 865 Nec
2294 812 2625 881 frequenter
2679 811 2763 862 lac
2832 824 3030 879 potum
3102 808 3408 871 dederunt,
3482 821 3583 859 nec
3634 806 3781 860 crebra

2128 900 2374 953 solidum
2421 899 2655 953 cibum:
2701 914 2801 951 nos
2851 897 3153 966 aliquoties
3199 894 3511 965 simplicia,
3566 912 3674 947 non
3717 899 3783 948 diu

2130 988 2423 1051 sublimia;
2462 988 2557 1040 sed
2592 992 2649 1039 ut
2676 986 2912 1056 spiritus
2941 986 3113 1039 dabat
3139 986 3390 1055 eloquia.
3425 986 3494 1037 Ut
3520 983 3733 1054 conjicio
3754 984 3783 1039 ά.

2129 1077 2235 1129 ista
2285 1076 2481 1129 omnia
2526 1075 2903 1146 grammatica
2953 1074 3209 1128 derivare
3256 1074 3511 1137 conaris,
3562 1079 3615 1125 et
3654 1074 3788 1125 subli-

2131 1166 2243 1217 mia
2276 1170 2331 1217 et
2380 1165 2630 1218 solidum
2688 1164 2899 1229 cibum,
2963 1162 3338 1233 significatam
3393 1168 3579 1213 artem
3631 1161 3788 1214 Donati

2130 1254 2318 1322 Cupis;
2352 1255 2552 1305 lactem
2596 1268 2726 1304 vero
2780 1259 2835 1304 et
2895 1252 3180 1321 simplicia
3226 1256 3483 1303 nostram
3536 1250 3788 1319 designare

2130 1339 2448 1404 inscitiam;
2483 1355 2586 1392 nec
2609 1339 2856 1392 advertis
2887 1354 3001 1408 quo
3037 1338 3149 1390 tino
3188 1338 3321 1390 talia
3372 1336 3639 1407 praecidis
3680 1338 3790 1389 diCld

2133 1430 2270 1483 dum
2304 1429 2441 1482 dicis
2473 1446 2484 1482 :
2519 1428 2625 1482 Sed
2666 1434 2728 1481 ut
2774 1428 3016 1497 Spiritus
3050 1426 3217 1479 dabat
3247 1426 3505 1496 eloquia.
3541 1426 3656 1479 Non
3685 1426 3787 1489 haec,

2134 1518 2209 1571 mi
2269 1517 2758 1577 reverendissime,
2829 1532 2934 1585 pro
2999 1515 3266 1568 oratoriis
3328 1515 3509 1567 debes
3581 1514 3789 1583 accipere

2133 1605 2393 1675 pompis;
2436 1621 2621 1675 neque
2675 1621 2779 1674 pro
2828 1619 3231 1673 spumosarum
3263 1602 3543 1672 pompegi
3574 1614 3594 1638 ⁸
3621 1603 3790 1655 insanis

2138 1694 2365 1759 vesicis;
2399 1693 2499 1746 sed
2530 1710 2633 1762 pro
2664 1693 3059 1746 doctrinarum
3113 1691 3462 1757 differentia,
3516 1707 3628 1760 qua
3653 1692 3791 1743 omni-

2134 1783 2239 1836 bus
2289 1782 2486 1835 omnia
2538 1782 2717 1836 factus
2776 1788 2878 1847 est,
2931 1786 2993 1834 ut
3042 1796 3241 1833 omnes
3294 1781 3513 1833 faceret
3558 1780 3718 1832 salvos
3756 1782 3788 1847 ιξι

2134 1873 2252 1927 Cor.
2309 1888 2382 1938 1x,
2414 1873 2526 1939 22).
2580 1871 2741 1924 Lacte
2775 1870 2949 1936 enim,
3011 1885 3128 1922 non
3192 1869 3370 1922 solido
3430 1868 3583 1933 cibo,
3635 1873 3690 1921 ut
3735 1869 3789 1919 ait

2134 1960 2511 2025 Castissimus,
2547 1959 2868 2013 Corinthios
2923 1961 3078 2028 potat
3108 1958 3165 2025 (Ι
3191 1960 3311 2014 Cor.
3366 1973 3449 2023 ιιι,
3485 1960 3565 2025 2),
3613 1972 3724 2009 cum
3750 1956 3789 2008 iu

2134 2049 2468 2102 infirmitate
2518 2053 2575 2102 et
2600 2054 2867 2112 tremore,
2924 2063 2987 2099 ac
3029 2047 3232 2100 timore
3282 2046 3494 2113 multo,
3521 2045 3662 2115 apud
3720 2062 3789 2097 €03

2135 2138 2308 2192 fuisse
2341 2153 2397 2189 se
2420 2137 2577 2191 dicit.

2210 2230 2292 2280 15.
2319 2227 2478 2290 Quod
2502 2242 2633 2278 vero
2658 2224 3052 2278 testimonium
3086 2223 3384 2291 Propheta
3418 2223 3515 2277 hic
3546 2240 3670 2276 usus
3718 2239 3785 2274 es:

2136 2317 2379 2369 Audiam
2429 2315 2564 2383 quid
2617 2316 2872 2383 loquatur
2926 2316 2982 2366 in
3038 2328 3120 2366 me
3168 2315 3431 2367 Dominus
3492 2317 3627 2366 Deus
3665 2313 3788 2379 (Psal.

2136 2420 2357 2469 LXXXIV,
2391 2406 2464 2473 9),
2501 2406 2669 2473 plane
2712 2404 2891 2455 risum
2923 2401 3015 2454 hic
3062 2409 3256 2454 tenere
3289 2418 3406 2454 non
3460 2402 3635 2453 valeo.
3681 2401 3789 2453 Nun-

2138 2493 2276 2561 quid
2304 2492 2588 2561 Propheta
2618 2507 2720 2561 pro
2753 2491 3144 2559 grammatica,
3183 2490 3251 2543 de
3301 2506 3415 2559 qua
3446 2505 3601 2542 nunc
3650 2488 3789 2540 inten-

2136 2580 2216 2634 tio
2253 2582 2513 2646 vertitur,
2545 2581 2684 2633 dixit
2733 2579 2957 2632 audiam
3012 2578 3147 2647 quid
3205 2579 3467 2645 loquatur
3521 2580 3577 2630 in
3624 2591 3694 2629 me
3720 2578 3788 2628 De

2136 2673 2313 2723 minus
2362 2673 2537 2723 Deus?
2596 2669 2711 2721 imo
2771 2669 2899 2737 plus
2959 2668 3223 2736 congruit
3258 2673 3319 2719 ut
3369 2667 3545 2727 dicat,
3598 2665 3787 2717 audiam

2137 2758 2275 2829 quid
2306 2759 2575 2828 loquatur
2600 2758 2659 2810 in
2693 2772 2781 2809 me
2816 2757 3067 2809 Donatus
3099 2755 3395 2826 profanus;
3436 2755 3550 2808 nisi
3597 2754 3787 2807 forsitan

2142 2848 2457 2918 Virgilium,
2488 2851 2542 2899 et
2576 2848 2908 2912 Homerum,
2939 2846 3027 2898 vel
3075 2850 3305 2898 caeteros
3345 2850 3565 2914 poetas,
3613 2843 3789 2912 Spiritu

2138 2942 2331 2989 sancto
2367 2936 2518 2989 dicas
2550 2951 2670 2988 esse
2725 2936 2963 2999 locutos,
3009 2941 3064 2986 et
3115 2950 3216 3003 per
3264 2934 3637 3002 spirationem
3675 2931 3788 2983 diri-

333 3022 442 3076 viri
472 3039 574 3076 nec
603 3038 830 3090 semper
863 3021 1147 3091 simplices
1177 3021 1239 3075 in
1285 3020 1469 3087 dictis,
1522 3037 1626 3075 nec
1665 3038 1891 3092 semper
1937 3041 2025 3077 so-
2067 3031 2107 3085 C
2144 3040 2274 3077 nam
2315 3039 2531 3076 asseras
2561 3023 2715 3077 idola
2760 3023 2930 3076 fuisse
2990 3023 3280 3089 laudatos;
3341 3039 3403 3075 ac
3458 3023 3538 3076 sic
3585 3020 3787 3091 aequales

336 3111 586 3181 phistici.
619 3112 681 3164 Et
720 3125 825 3179 ego
849 3126 878 3162 e
904 3108 1190 3163 contrario
1232 3110 1551 3179 respondeo
1592 3110 1768 3163 libere
1803 3128 1815 3164 :
1878 3114 2029 3181 Apo-

336 3200 519 3253 stolici
548 3204 602 3253 et
632 3198 812 3252 sancti
833 3198 939 3251 viri
985 3204 1041 3250 et
1071 3213 1298 3267 semper
1345 3198 1632 3266 simplices
1661 3199 1721 3251 in
1754 3201 1939 3266 dictis,
1973 3205 2029 3255 et

336 3304 566 3357 semper
616 3286 929 3356 sophistici.
991 3286 1227 3356 Semper
1280 3286 1583 3354 simplices,
1655 3287 1788 3356 quia
1856 3290 2028 3343 verba

336 3376 638 3448 proferunt
686 3391 848 3445 pura,
884 3380 941 3427 et
986 3373 1367 3427 sincerissima
1419 3374 1654 3427 veritate
1698 3375 2027 3444 plenissime

333 3482 529 3530 mera;
563 3480 788 3535 semper
817 3462 1132 3533 sophistici,
1160 3462 1299 3532 quia
1346 3478 1450 3515 nec
1505 3478 1617 3516 una
1661 3465 1732 3518 ab
1766 3465 1846 3517 eis
1905 3466 2027 3519 sine

336 3559 692 3609 sacramento
732 3553 951 3622 prolata
982 3557 1068 3606 est
1094 3551 1213 3605 iota
1246 3568 1257 3605 :
1291 3551 1546 3604 involuta
1577 3557 1728 3618 sunt,
1779 3557 1833 3606 et
1862 3569 2026 3624 aper-

333 3650 419 3710 ta;
483 3644 673 3713 plana,
708 3648 765 3696 et
808 3643 1179 3710 alta;prrva,
1234 3647 1285 3693 et
1345 3655 1583 3709 magna;
1646 3642 1902 3711 mystica,
1972 3647 2029 3696 et

330 3733 634 3788 succincta.
677 3732 868 3786 Nitent
905 3731 1160 3801 quidem,
1215 3734 1275 3782 ut
1334 3746 1576 3799 magnus
1634 3730 1714 3783 ait
1754 3731 2025 3801 Hierony-

331 3840 478 3889 mus,
512 3823 572 3876 in
599 3821 824 3885 cortice,
855 3820 949 3874 sed
987 3818 1208 3873 dulcius
1240 3819 1298 3871 in
1329 3819 1581 3871 medulla
1611 3824 1712 3872 est.
1756 3819 1864 3883 Qui
1905 3836 2025 3872 esse

330 3914 452 3966 vult
480 3913 766 3977 nucleum,
789 3909 1002 3978 frangit
1027 3924 1250 3961 nucem.
1273 3909 1382 3960 Nec
1400 3907 1477 3961 sic
1508 3908 1697 3960 clausa
1729 3914 1829 3975 est,
1863 3910 2025 3977 juxta

330 4002 546 4054 clarum
579 3998 940 4067 Gregorium,
974 4002 1036 4049 ut
1064 3996 1290 4065 pavesci
1328 3996 1547 4049 debeat.
1579 3997 1686 4049 Nec
1735 3998 1812 4049 sic
1845 4003 2021 4066 patet,

330 4095 394 4143 ut
420 4089 668 4142 vilescat.
705 4086 850 4141 Audi
901 4085 1151 4154 denique
1194 4084 1328 4153 quid
1382 4085 1451 4137 de
1508 4086 1613 4137 hoc
1663 4086 2022 4139 beatissimus

330 4175 576 4230 senserit
603 4174 956 4242 Augustinus
988 4189 1001 4226 :
1050 4172 1278 4225 Institui
1308 4173 1568 4226 animum
1614 4172 1910 4227 intendere
1961 4175 2021 4227 in

328 4264 648 4332 Scripturas
676 4266 913 4327 sanctas,
938 4265 993 4315 et
1019 4260 1207 4314 videre
1245 4261 1442 4331 quales
1492 4266 1678 4315 essent
1712 4278 1724 4315 :
1776 4268 1833 4315 et
1894 4279 2019 4317 ecce

2135 3114 2365 3182 oppleta
2396 3128 2604 3181 negare
2632 3112 2857 3165 divinis.
2893 3111 3054 3174 Quod
3086 3127 3218 3164 vero
3258 3111 3466 3163 asseris
3502 3109 3647 3180 quod
3691 3123 3786 3159 san~

2135 3206 2257 3255 ctus
2284 3201 2587 3271 Gregorius
2619 3201 2825 3254 dixerit
2866 3217 2878 3254 :
2922 3202 2981 3254 In
3015 3200 3231 3253 cunctis
3274 3199 3548 3253 fidelibus
3589 3196 3785 3267 Spiritus

2135 3291 2313 3355 venit,
2346 3290 2446 3343 sed
2476 3289 2533 3342 in
2555 3290 2673 3342 solo
2702 3289 3005 3343 Medialore
3040 3293 3358 3358 permanet,
3392 3288 3497 3357 qui
3548 3287 3663 3356 ejus
3705 3284 3787 3336 liu-

2138 3379 2471 3432 manitatem
2526 3394 2826 3447 nunquam
2886 3377 3159 3443 deseruit,
3207 3383 3262 3429 et
3319 3381 3573 3429 caetera;
3630 3372 3785 3426 eadem

2136 3468 2289 3520 enim
2321 3467 2564 3536 replicas
2592 3470 2649 3519 et
2678 3466 2948 3527 inculcas,
2985 3472 3039 3518 et
3068 3464 3242 3519 semel
3270 3464 3594 3533 incongrue
3645 3461 3787 3531 posita

2134 3555 2396 3608 iterando
2420 3556 2667 3608 intentas
2693 3570 2705 3607 :
2740 3570 2926 3625 neque
2955 3554 3023 3607 de
3053 3554 3297 3623 Spiritus
3338 3553 3646 3623 spiratione
3684 3564 3783 3601 con-

2134 3644 2445 3708 tendimus,
2482 3652 2544 3696 ut
2601 3643 2838 3696 dimices
2895 3652 3096 3697 contra
3137 3643 3280 3696 illud
3325 3642 3477 3711 quod
3536 3651 3785 3708 nunquam

2135 3732 2422 3801 objectum
2446 3733 2769 3785 recolimus.

2208 3825 2290 3875 t6.
2331 3821 2474 3877 Nam
2500 3827 2555 3874 et
2584 3820 2724 3874 illud
2749 3819 2902 3890 quod
2928 3820 3069 3873 dicis
3092 3820 3243 3890 quod
3290 3820 3504 3874 Paulus
3542 3802 3786 3888 apostolus

2133 3910 2447 3963 seminibus
2485 3910 2798 3963 secundum
2858 3909 3193 3978 allegoriam
3245 3908 3575 3979 protulerit,
3628 3916 3785 3956 verum

2132 4006 2236 4064 est,
2266 3998 2398 4069 quia
2430 3999 2624 4050 omnia
2655 4014 2783 4067 quas
2816 3999 3055 4067 protulit
3105 3997 3407 4067 allegorice
3441 3994 3693 4065 protulit,
3746 3995 3785 4041 et

2132 4088 2367 4156 mystice
2398 4093 2599 4140 cuncta
2628 4086 3001 4156 intelligendo
3050 4087 3368 4156 perdocuit.
3403 4086 3513 4139 Sed
3569 4078 3787 4148 nunquid

2132 4175 2402 4245 allegoria
2434 4176 2510 4228 ita
2542 4176 2850 4240 inducitur,
2886 4181 2947 4228 ut
2980 4192 3220 4228 erronea
3245 4175 3587 4245 proferatur,
3619 4177 3669 4224 ct
3694 4183 3783 4221 non

2131 4264 2326 4329 latine,
2375 4266 2472 4318 sed
2523 4264 2654 4317 vitio
2698 4264 2837 4317 citer
2886 4263 2904 4298 ί
2956 4265 3119 4333 juxta
3174 4270 3228 4316 te
3283 4261 3684 4333 comparetur?
3736 4260 3785 4309 At

326 4352 495 4405 video
525 4366 648 4403 rem
675 4365 794 4403 non
824 4355 1175 4420 compertam
1209 4349 1488 4419 superbis,
1514 4365 1698 4419 neque
1742 4350 2017 4406 nudatam
2058 4326 2101 4381 D
2126 4354 2395 4422 allegoria
2447 4360 2544 4407 aut
2592 4353 2825 4421 mystice
2871 4358 3061 4406 tamen
3110 4369 3213 4422 per
3261 4353 3522 4421 regulam
3555 4366 3662 4404 non
3702 4346 3783 4399 hoc

325 4440 541 4512 pueris,
574 4439 671 4494 sed
714 4438 935 4492 incessu
977 4438 1277 4503 humilem,
1326 4454 1583 4492 successu
1616 4440 1914 4506 excelsam,
1963 4448 2018 4495 et

324 4531 568 4584 velatam
597 4526 898 4597 mysteriis.
934 4526 1095 4590 Quod
1133 4525 1181 4578 si
1226 4542 1337 4578 non
1370 4530 1505 4579 sunt
1534 4542 1760 4595 semper
1793 4528 2015 4598 simpli-

323 4635 436 4685 ces,
459 4634 563 4671 nec
593 4631 819 4686 semper
844 4613 1152 4684 sophistici,
1185 4619 1249 4666 ut
1281 4613 1402 4683 ipse
1418 4614 1570 4665 visus
1602 4630 1661 4665 es
1697 4616 2015 4684 approbare

321 4711 583 4777 apertum
610 4710 695 4759 est
719 4703 871 4773 quod
930 4718 1031 4773 per
1061 4701 1286 4770 regulas
1336 4716 1450 4754 non
1482 4701 1858 4756 decursarunt
1910 4705 2015 4758 Do-

318 4795 460 4863 nati,
491 4794 629 4847 dum
663 4793 748 4845 vel
798 4791 857 4844 in
913 4790 1198 4860 aliquibus
1247 4786 1585 4857 simpliciter
1617 4794 1749 4841 sunt
1818 4791 2008 4843 locuti.

318 4882 484 4935 Vides
513 4882 649 4951 quia
688 4880 829 4933 mihi
873 4884 969 4931 tua
1001 4878 1189 4931 omnis
1216 4877 1462 4947 palestra
1503 4876 1762 4939 desudat,
1807 4882 1864 4932 et
1914 4884 2013 4934 tua

316 4968 593 5024 invectico
627 4968 769 5021 mihi
811 4968 1063 5036 palmam
1097 4965 1350 5020 vtctoriaa
1384 4974 1548 5035 parat
1584 4980 1595 5020 :
1649 4964 1739 5018 hic
1770 4972 2009 5036 apparet

316 5062 381 5111 ut
430 5057 624 5111 divino
670 5056 941 5109 commoti
987 5056 1202 5125 Spiritu
1231 5068 1405 5126 prout
1464 5054 1862 5124 opportunitas
1900 5056 2011 5111 loci

309 5271 731 5325 mathematicus
774 5272 920 5323 risui
962 5274 1169 5339 pateat,
1233 5274 1283 5324 et
1344 5270 1605 5325 adversus
1658 5270 2005 5338 philosophos

309 5343 600 5411 disputans
665 5343 877 5409 ignoret
936 5342 1192 5408 dogmata
1262 5341 1731 5410 philosophorum;
1810 5348 1860 5394 et
1910 5357 2003 5395 nos

307 5418 416 5519 eti.
439 5484 534 5538 Ms.
574 5484 762 5536 horum
799 5484 972 5549 fuisse
997 5486 1212 5552 penitus
1242 5484 1568 5552 disciplinis.

378 5558 400 5597 b
442 5556 499 5608 F.
534 5553 774 5623 ejusdem
800 5558 997 5623 ipsum.

2125 4442 2332 4495 ordivit
2354 4442 2574 4495 Donati.
2595 4445 2707 4495 Aut
2736 4441 2975 4494 forsitan
2999 4446 3120 4493 tum
3149 4441 3228 4493 ibi
3270 4441 3458 4494 solum
3492 4436 3780 4508 allegorice,

2125 4531 2220 4584 ubi
2252 4531 2537 4598 errouice;
2572 4535 2628 4584 et
2656 4530 2737 4583 ibi
2775 4529 3114 4600 simpliciter
3153 4531 3322 4594 nude,
3380 4528 3476 4581 ubi
3535 4538 3780 4598 gramma-

2122 4618 2275 4673 tice?
2331 4619 2390 4673 Si
2446 4634 2752 4673 erroneum
2795 4619 3010 4672 dictum
3062 4635 3165 4686 per
3220 4622 3399 4670 artem
3447 4615 3641 4670 Donati
3688 4613 3783 4680 ejus

2121 4708 2449 4775 ﬁrmavero,
2480 4725 2607 4761 mox
2663 4707 2967 4776 allegorice
3026 4706 3465 4776 intelligendum
3517 4705 3575 4759 id
3622 4704 3778 4771 ipsum

2120 4797 2273 4867 quod
2315 4812 2618 4849 erroneum
2647 4796 2786 4848 dicis
2817 4812 2937 4849 esse
2986 4796 3314 4866 profusum;
3374 4810 3515 4863 rogo
3555 4798 3615 4847 ut
3654 4790 3782 4843 iden-

2118 4886 2297 4940 tidem
2330 4886 2503 4949 dicas,
2550 4885 2597 4938 si
2645 4884 2859 4954 absque
2911 4884 3185 4951 allegoria
3230 4884 3353 4952 ejus
3402 4880 3777 4952 peritissimum

2118 4973 2445 5043 ubicunque
2467 4975 2676 5043 probas
2709 4979 2992 5027 assertum
3010 4972 3036 5026 ‘I

2190 5065 2271 5115 17.
2306 5062 2409 5116 Sed
2440 5063 2577 5133 quia
2619 5078 2723 5132 per
2757 5068 2938 5116 artem
2997 5062 3105 5114 hoc
3164 5077 3275 5114 non
3329 5062 3587 5115 locutum
3632 5055 3776 5111 fuisse

2184 5281 2205 5304 ο
2244 5272 2301 5323 F.
2332 5272 2483 5324 illum
2512 5276 2708 5340 posset.

2182 5343 2208 5384 ἀ
2248 5343 2368 5408 Ms,
2395 5346 2602 5396 coniceo
2636 5344 2801 5395 hista.

2182 5421 2202 5481 εξ
2242 5414 2300 5465 F.
2326 5428 2669 5481 pomparum.

2181 5480 2202 5517 Τ
2239 5486 2383 5538 Citer
2452 5480 2707 5537 absoleta
2763 5500 2888 5547 vox,

2968 5500 3001 5536 a
3078 5500 3190 5555 qua
3250 5485 3489 5537 citerior.
3583 5485 3632 5540 F.
3704 5480 3765 5531 ri-

2110 5555 2335 5607 tiositer.
