3860 6262
33 286 147 335 437

1622 287 1995 343 EPISTOLzE.

3462 291 3566 344 438

27 433 260 487 negare
294 436 411 473 non
457 422 643 489 vales;
695 422 995 476 extenuari
1042 421 1149 475 hoc
1188 438 1290 492 per
1342 424 1532 476 nescio
1584 439 1757 493 quam
1796 428 1839 478 A
1869 440 2019 477 cesse
2060 431 2145 478 est
2182 426 2335 478 enim
2368 431 2620 478 mentem
2665 430 2821 479 tuam
2853 426 3051 480 tandiu
3098 427 3251 481 illius
3290 428 3562 482 carmini-

26 507 293 562 olimina
348 509 530 580 cupis.
583 510 802 564 Asseris
869 511 1055 564 enim:
1112 512 1240 564 Haec
1298 517 1382 565 est
1436 512 1753 566 benedictio

25 613 155 666 qua
190 598 487 653 benedixit
520 601 670 653 Deus
716 600 960 653 Abrahae
1000 600 1061 653 in
1108 600 1550 671 repromissione
1582 601 1752 655 semi-

29 686 125 737 nis
161 688 317 757 ejus,
354 688 454 759 qui
498 692 585 741 est
627 689 907 753 Christus,
954 693 1009 742 et
1034 689 1290 758 gentium
1326 690 1634 743 vocatione.
1670 690 1754 744 Ibi

27 775 201 829 enim
252 777 507 845 positum
558 782 679 831 est:
727 778 1113 846 Multiplicabo
1163 793 1337 832 semen
1393 786 1544 832 tuum
1595 779 1748 847 (Gen.

26 879 172 928 nu,
216 866 327 932 l7},
377 871 433 918 et
481 870 709 919 caetera.
761 866 1123 936 Adjicisque:
1175 866 1411 937 Tropice
1456 874 1512 921 et
1543 868 1750 937 hyper-

27 953 227 1006 bolice
261 956 486 1008 locutus
537 960 642 1008 est.
692 954 828 1018 Quis
877 956 1032 1008 enim
1066 972 1181 1009 non
1216 957 1425 1024 videat,
1461 957 1611 1026 quod
1657 956 1751 1009 in-

28 1043 521 1112 comparabiliter
564 1043 813 1112 amplius
857 1060 1048 1097 arente
1098 1061 1373 1098 numerus
1416 1062 1589 1115 quam
1628 1061 1750 1098 esse

28 1132 309 1186 omnium
365 1133 667 1186 hominum
720 1132 1030 1186 multitudo
1073 1133 1141 1186 ab
1188 1134 1314 1202 ipso
1353 1134 1537 1188 Adam
1569 1150 1749 1204 usque

27 1218 99 1271 ad
167 1220 489 1274 terminum
543 1220 757 1287 saeculi,
815 1226 1031 1291 quanto
1089 1222 1271 1290 magis
1321 1224 1506 1275 solum
1568 1237 1749 1291 genus

27 1308 329 1364 Abrahae?
390 1310 539 1362 Dum
583 1309 834 1363 nimium
879 1309 1317 1363 contradictioni
1374 1310 1646 1376 inservis,
1694 1316 1750 1364 et

29 1396 103 1449 ad
151 1413 336 1451 omne
386 1398 543 1469 quod
586 1397 795 1452 dicitur
838 1398 1003 1452 obius
1033 1408 1057 1431 δ
1099 1398 1183 1452 ire
1231 1399 1412 1470 cupis,
1447 1399 1602 1453 aliud
1646 1416 1748 1469 pro

33 1485 149 1537 alio
196 1487 558 1556 respondere
596 1492 673 1553 te,
712 1503 744 1540 o
778 1487 1000 1552 dilecte,
1035 1504 1146 1540 non
1178 1488 1350 1553 vides,
1386 1505 1502 1541 non
1533 1488 1748 1542 dictum

35 1575 301 1643 Apostoli
345 1591 447 1644 per
488 1580 668 1628 artem
722 1576 925 1629 Donati
967 1575 1250 1645 digestum
1298 1577 1613 1644 afﬁrmans,
1649 1578 1749 1631 sed

32 1663 507 1716 benedictionem
550 1664 826 1729 Abrahae;
880 1665 1071 1718 nescio
1112 1682 1227 1735 quo
1278 1665 1573 1733 vertiginis
1624 1672 1745 1719 astu

33 1752 356 1806 divertens.
401 1754 467 1806 Et
495 1753 630 1807 licet
678 1753 921 1807 doctoris
954 1770 1088 1808 usus
1129 1755 1203 1806 sis
1232 1754 1292 1807 in
1324 1754 1432 1807 hoc
1466 1754 1585 1808 loco
1617 1771 1744 1807 sen-

38 1841 248 1907 tentia,
293 1858 413 1895 non
464 1842 544 1895 ita
594 1847 657 1896 ut
703 1842 973 1907 aestimas,
1005 1843 1100 1896 sed
1151 1843 1318 1897 aliter
1368 1845 1742 1896 retractanda.

33 1930 185 1983 Audi
233 1934 431 1984 tamen
478 1930 669 1984 verius
703 1935 756 1983 et
788 1930 1083 1985 honestius
1127 1948 1299 2001 quam
1350 1934 1373 1973 b
1418 1948 1741 2001 praepones.

34 2018 184 2070 Audi
209 2023 382 2071 tuum
424 2018 708 2073 Isidorum
748 2018 1132 2089 inquientem:
1173 2020 1554 2088 Multiplicabo
1574 2035 1748 2073 semen

39 2114 193 2159 tuum
243 2110 389 2162 sicut
417 2109 601 2162 stellas
640 2109 783 2175 creti;
826 2108 878 2160 id
932 2113 1017 2161 est
1063 2107 1443 2161 Christianam
1493 2114 1743 2178 gentem,

38 2198 202 2264 cujus
249 2202 313 2249 tu
361 2202 524 2267 pater
572 2196 634 2250 in
674 2197 785 2251 fide
826 2197 1111 2263 subsistis,
1142 2197 1220 2250 sic
1251 2197 1455 2251 faciam
1488 2214 1744 2251 resurre-

39 2284 251 2337 ctionis
280 2284 499 2338 lumine
528 2301 844 2339 coruscare.
884 2285 1097 2340 Deinde
1138 2285 1479 2340 monstravit
1509 2285 1593 2338 illi
1621 2302 1745 2339 are-

44 2388 171 2424 nam
225 2372 425 2439 maris,
461 2378 516 2426 et
558 2373 739 2428 dixit:
782 2374 871 2429 Sic
910 2375 1281 2441 multiplicabo
1309 2389 1482 2428 semen
1515 2379 1664 2428 tuum
1697 2384 1744 2443 υς

40 2462 143 2514 hoc
166 2468 262 2514 est
278 2463 385 2515 erit
401 2463 634 2532 quidem
652 2464 1033 2533 copiosagens
1049 2464 1401 2530 Judaeorum,
1422 2464 1520 2517 sed
1538 2464 1747 2518 sterilis

38 2554 92 2603 et
134 2550 454 2605 infecunda
486 2551 635 2605 sicut
666 2568 840 2606 arena
888 2552 1163 2606 manebit.
1199 2574 1220 2601 ι
1271 2554 1340 2606 Ut
1369 2552 1447 2606 sic
1476 2555 1577 2606 erit
1628 2570 1745 2607 non

41 2639 107 2692 ad
159 2655 480 2693 numerum
537 2640 1033 2710 multiplicationis
1088 2641 1476 2711 comparative
1534 2658 1743 2707 arente,

40 2727 127 2781 vel
170 2729 495 2793 stellarum,
530 2729 828 2796 referatur,
860 2730 957 2784 sed
1002 2731 1072 2784 ad
1117 2730 1348 2784 effectus
1378 2747 1616 2800 operum
1648 2732 1745 2785 de-

46 2818 284 2870 rivetur.
320 2818 409 2873 Sic
458 2822 562 2872 erit
604 2834 779 2873 semen
813 2825 986 2886 tuum,
1021 2835 1135 2873 non
1184 2820 1243 2873 in
1275 2836 1515 2873 numero
1549 2819 1746 2874 stella—

46 2920 175 2957 rum
224 2906 317 2958 vel
362 2905 538 2959 maris
571 2922 759 2959 arenae
792 2906 951 2971 dixit,
988 2908 1084 2961 sed
1132 2908 1201 2961 ad
1250 2908 1483 2961 affectus
1512 2924 1745 2961 earum-

1865 513 1971 566 bus
2004 515 2287 584 occupari,
2316 515 2571 584 quandiu
2595 514 2699 567 sibi
2731 515 2841 567 alia
2860 532 2987 584 quin
3018 516 3171 570 intra
3192 518 3557 587 semetipsam

1865 603 2095 662 recolat,
2143 602 2319 655 simili
2383 602 2569 655 studio
2632 609 2687 655 et
2732 602 3062 656 assiduitate
3119 606 3434 675 perquirat,
3493 623 3556 659 ac

1862 707 1967 760 pro
2014 692 2127 744 illis
2182 691 2554 745 infructuosis
2602 697 2771 761 atque
2823 693 3082 757 terrenis,
3138 694 3458 763 spiritualia
3494 712 3557 747 ac

1862 779 2053 834 divina
2100 780 2396 850 parturiat.
2430 780 2566 843 Quae
2616 796 2745 831 cum
2781 780 3064 849 profunde
3096 788 3321 852 alteque
3353 800 3554 836 conce-

1861 868 2031 936 perit,
2067 874 2236 938 atque
2266 869 2326 921 in
2357 868 2467 921 illis
2490 868 2663 921 fuerit
2693 868 2962 934 enutrita,
2996 871 3082 922 vel
3106 870 3308 938 expelli
3333 870 3554 939 priores

1861 956 2073 1009 sensim
2105 962 2381 1025 poterunt
2412 958 2494 1008 vel
2528 955 2757 1025 penitus
2789 956 3030 1010 aboleri.
3071 978 3090 1004 ι

1934 1048 2017 1099 19.
2060 1046 2383 1098 Secundum
2417 1045 2825 1114 Hieronymum
2850 1045 3001 1114 quod
3028 1045 3097 1097 ad
3129 1061 3403 1115 magnum
3432 1063 3555 1099 ora-

1861 1139 2039 1187 torem
2090 1136 2344 1187 lirmasse
2393 1139 2448 1187 te
2498 1132 2822 1202 applaudis,
2855 1134 3005 1202 quod
3049 1135 3171 1202 jam
3223 1134 3333 1186 alio
3384 1135 3553 1188 modo

1860 1223 2076 1277 dictum
2110 1223 2281 1276 fuisse
2331 1222 2643 1293 cognoscis,
2692 1222 2829 1292 quid
2869 1223 3172 1275 Eustochio
3205 1224 3357 1276 dicat
3400 1224 3552 1277 idem

1858 1316 1915 1365 tu
1951 1312 2071 1381 ipse
2117 1312 2446 1381 diligentius
2490 1312 2733 1377 intuere,
2781 1332 2808 1361 (ι
2858 1312 2967 1364 Nec
3012 1312 3135 1377 tibi,
3181 1312 3279 1379 ait,
3331 1313 3555 1366 deserta

1860 1401 2176 1453 multorum
2208 1400 2342 1453 velis
2376 1400 2577 1467 videri,
2599 1406 2698 1453 aut
2725 1400 2886 1469 lyrici
2916 1403 2941 1441 h
2972 1400 3173 1453 festiva
3204 1401 3575 1454 carminibus~

1859 1494 2042 1542 metro
2073 1489 2287 1541 ludere.
2333 1490 2453 1542 Non
2502 1489 2827 1541 delumbem
2870 1494 3262 1541 matronarum
3313 1489 3549 1543 salivam

1859 1577 2100 1630 delicata
2129 1578 2139 1611 ί
2186 1577 2434 1644 secteris,
2469 1593 2598 1647 quae
2648 1592 2799 1629 nunc
2830 1577 3032 1630 strictis
3076 1578 3366 1646 dentibus,
3399 1595 3551 1631 nunc

1861 1664 2023 1719 labiis
2049 1665 2061 1708 ³
2116 1664 2430 1733 dissolutis,
2459 1666 2870 1719 balvutientem
2902 1665 3158 1734 linguam
3190 1665 3551 1721 indimidiata

1859 1754 2029 1807 verba
2070 1755 2446 1808 moderantur
2475 1755 2524 1822 ιι,
2557 1754 2832 1807 rusticum
2878 1759 3147 1823 putantes
3177 1770 3346 1808 omne
3395 1756 3549 1825 quod

1858 1842 2109 1895 nascitur
2136 1859 2147 1895 ε
2180 1842 2311 1896 inde
2359 1842 2472 1895 illis
2518 1843 2689 1895 etiam
2722 1834 3066 1896 adulterium
3099 1844 3310 1913 lingua:
3340 1844 3544 1913 placet.

1856 1931 1993 1993 Qua}
2020 1930 2176 1985 enim
2209 1931 2650 1983 communicatio
2686 1930 2799 1983 luci
2835 1932 2904 1984 ad
2936 1931 3240 1985 tenebras?
3281 1931 3390 1995 Qui
3412 1948 3546 1984 con-

1858 2036 2053 2072 sensus
2101 2019 2302 2073 Christi
2355 2019 2421 2073 ad
2472 2019 2643 2072 Belial
2674 2020 2759 2087 (II
2804 2021 2932 2076 Cor.
2987 2036 3060 2085 v1,
3110 2021 3191 2086 14,
3235 2022 3355 2089 15)?
3402 2020 3547 2083 Quid

1855 2108 1986 2161 facit
2032 2124 2160 2161 cum
2202 2108 2473 2176 psalterio
2521 2109 2807 2174 Horatius,
2842 2124 2970 2161 cum
3020 2108 3337 2177 evangeliis
3370 2110 3545 2173 Maro,

1857 2212 1986 2249 cum
2028 2197 2297 2264 Apostolo
2347 2195 2582 2249 Cicero?
2630 2197 2827 2249 Nonne
2874 2197 3295 2251 scandalizatur
3347 2197 3544 2259 frater,

1857 2286 1905 2338 si
1934 2290 1987 2337 te
2030 2284 2235 2337 viderit
2271 2284 2331 2337 in
2365 2284 2541 2337 idolio
2581 2285 3056 2338 recumbentem?
3089 2286 3154 2337 Et
3202 2286 3337 2339 licet
3365 2289 3547 2339 omnia

1855 2374 2061 2429 munda
2088 2375 2305 2427 mundis
2338 2374 2469 2445 (Tit.
2504 2391 2540 2433 ι,
2579 2376 2685 2439 15),
2722 2379 2777 2428 et
2813 2374 2952 2428 nihil
2992 2374 3367 2444 rejiciendum
3394 2375 3547 2445 quod

1857 2479 1974 2517 cum
2013 2462 2327 2533 gratiarum
2375 2462 2594 2515 actione
2638 2462 2972 2532 percipitur,
3019 2469 3211 2516 tamen
3259 2463 3432 2516 simul
3461 2464 3545 2517 bi-

1854 2551 1989 2605 bere
2019 2566 2139 2603 non
2178 2550 2452 2604 debemus
2497 2552 2714 2604 calicem
2760 2552 2985 2610 Christi,
3020 2556 3069 2605 et
3100 2552 3317 2604 calicem
3349 2551 3544 2605 daemo-

1854 2643 2069 2693 niorum
2103 2641 2149 2707 (ι
2172 2640 2290 2695 Cor.
2323 2656 2378 2705 x,
2410 2641 2499 2702 20,
2530 2640 2638 2708 30).
2680 2663 2699 2687 ι,

1927 2731 1990 2782 Et
2017 2734 2147 2797 post
2169 2728 2276 2781 ista
2314 2733 2430 2781 tam
2469 2727 2707 2780 fortiora
2738 2732 2969 2798 tamque
3011 2727 3276 2793 valentia,
3311 2727 3551 2780 innectit

1858 2818 1969 2871 alia
2002 2817 2182 2870 multo
2213 2816 2303 2870 liis
2332 2817 2587 2870 fortiora.
2617 2816 3038 2870 Revelationem
3075 2832 3249 2885 quam
3278 2815 3383 2868 sibi
3414 2814 3550 2868 dicit

1859 2923 1889 2958 a
1940 2906 2183 2960 Domino
2233 2906 2540 2959 revelatam
2595 2922 2707 2958 non
2752 2905 2896 2958 lictis
2946 2905 3200 2971 somniis,
3252 2904 3351 2958 sed
3403 2903 3549 2957 veris

50 2993 175 3046 dem
226 3010 454 3061 rerum,
514 3010 656 3065 quas
704 2994 758 3048 ei
810 2996 1089 3059 ostendit,
1136 2996 1380 3065 signavit
1422 3013 1434 3050 :
1499 2998 1588 3052 Sic
1644 2998 1748 3049 erit
1785 3024 1826 3078 ο
1857 2995 2188 3049 verberibus
2217 2995 2324 3048 sibi
2364 2994 2623 3059 inlatam,
2656 2994 2717 3047 in
2753 3011 2864 3064 qua
2897 3012 2955 3047 se
2998 2994 3233 3047 ductum
3259 2994 3329 3047 ad
3356 2994 3548 3047 tribu-

49 3096 218 3135 semen
248 3089 418 3136 tuum.
458 3084 518 3136 In
548 3089 710 3152 parte
738 3084 1129 3153 resplendebit
1159 3085 1404 3155 fulgore,
1437 3089 1493 3139 et
1520 3085 1580 3138 in
1611 3101 1748 3154 par-

50 3174 101 3223 te
140 3171 438 3225 sterilitate
496 3172 604 3225 erit
643 3172 972 3227 omnimode
1020 3174 1393 3227 infecundum
1422 3173 1467 3228 ἀ.
1520 3175 1586 3227 Et
1622 3174 1751 3227 licet

50 3260 266 3329 tropice
311 3265 368 3313 et
432 3260 798 3331 hyperbolice
854 3278 957 3331 per
1012 3263 1572 3331 superabundantem
1624 3267 1748 3315 tro-

49 3364 185 3416 pum
217 3358 239 3381 °
285 3348 508 3402 dicatur
552 3354 743 3403 tamen
790 3351 1025 3420 mystice
1074 3350 1387 3404 identidem
1439 3356 1611 3421 atque
1660 3351 1746 3403 al-

46 3436 315 3506 legorice,
346 3437 507 3490 facile
539 3438 921 3508 intelligentia
953 3439 1263 3492 scientibus
1298 3439 1573 3507 aperitur.

118 3528 203 3579 18.
247 3524 423 3579 Multa
472 3533 637 3579 erant
683 3542 811 3596 quae
859 3526 919 3579 in
975 3527 1411 3581 confirmatione
1461 3527 1745 3581 dictorum

48 3630 309 3667 meorum
358 3615 716 3683 digererem:
762 3616 859 3668 sed
903 3616 1196 3669 fastidium
1248 3616 1555 3670 lectoribus
1600 3617 1745 3670 meis

48 3702 304 3755 dubitavi
334 3702 618 3772 ingerere.
652 3702 872 3757 Sufficit
904 3705 1056 3774 quod
1089 3704 1448 3758 beatissimus
1480 3706 1747 3775 Augusti-

49 3806 150 3843 nus
198 3792 258 3843 in
295 3791 482 3861 primo
517 3791 665 3844 libro
710 3791 1147 3848 Confessionum
1186 3809 1419 3846 suarum
1462 3794 1541 3847 ita
1572 3794 1745 3863 hujus

52 3880 180 3931 artis
224 3880 377 3949 quod
428 3885 721 3934 assecutus
764 3880 951 3935 fuerat
992 3881 1202 3951 peritia
1239 3883 1463 3949 deﬂeat,
1509 3887 1573 3936 ut
1598 3899 1744 3952 pene

54 3984 246 4022 omnes
277 3970 415 4021 artis
463 3969 637 4039 hujus
680 3970 894 4039 peritos
938 3970 999 4022 in
1039 3986 1234 4024 errore
1286 3972 1536 4023 maximo
1570 3971 1745 4024 devo-

54 4057 192 4109 lutos
240 4073 359 4110 non
397 4058 560 4110 siccis
609 4058 788 4111 oculis
840 4059 1054 4129 lugeat.
1109 4060 1172 4112 Et
1218 4059 1415 4112 beatus
1444 4059 1744 4114 Cassianus

54 4161 173 4198 cum
207 4146 400 4199 sodale
452 4162 556 4199 suo
608 4148 892 4201 Germano
922 4148 1223 4216 praeclaro,
1255 4163 1361 4216 pro
1408 4147 1745 4217 hujusmodi

54 4234 320 4289 ﬂentibus
349 4234 668 4304 disciplina:
697 4240 880 4301 reatu,
914 4252 1053 4289 anas
1079 4241 1202 4290 tero
1228 4241 1282 4289 te
1304 4235 1323 4270 τ
1349 4236 1407 4288 in
1441 4236 1743 4289 collatione

55 4328 248 4393 quarta
312 4324 532 4378 decima
602 4324 935 4393 hujusmodi
1002 4325 1468 4394 reciprocationis
1523 4326 1740 4396 accepit

54 4413 388 4466 remedium.
425 4435 450 4461 ‹‹
504 4414 581 4467 De
614 4414 717 4467 hac
761 4414 903 4484 ipsa,
937 4414 1036 4477 ait,
1072 4415 1221 4467 unde
1252 4415 1352 4467 tibi
1383 4414 1739 4485 purgationis

57 4501 294 4555 maxima
325 4503 577 4555 nascitur
607 4502 929 4573 desperatio
963 4503 1140 4557 citum
1179 4504 1315 4556 satis
1345 4508 1513 4573 atque
1544 4503 1739 4556 efficax

58 4590 367 4644 remedium
419 4591 630 4659 poterit
686 4592 918 4658 oboriri,
976 4591 1023 4645 si
1069 4592 1327 4645 eamdem
1381 4591 1737 4661 diligentiam

59 4684 212 4748 atque
242 4680 601 4745 instantiam,
639 4696 811 4750 quam
840 4688 896 4734 te
942 4681 997 4733 in
1032 4680 1186 4733 illius
1218 4680 1585 4734 saecularibus
1614 4685 1725 4734 stu»

58 4765 152 4819 diis
177 4768 450 4822 habuisse
481 4768 694 4836 dixisti,
725 4769 798 4822 ad
842 4783 871 4824 Β
901 4769 1319 4838 scripturarum
1350 4768 1738 4838 spiritualium

57 4855 288 4911 volueris
321 4857 622 4910 lectionem
672 4858 1219 4928 meditationemque
1258 4858 1587 4911 transferre.
1630 4858 1737 4911 Ne-

117 5020 138 5045 ³
174 5013 233 5065 1d
265 5017 370 5081 est,
401 5014 742 5067 contrarius.

116 5084 137 5124 δ
176 5084 229 5137 F.
264 5101 445 5153 quem,
479 5084 538 5137 id
567 5090 652 5137 est
680 5085 993 5138 doctorem.

119 5156 331 5226 {Apud
383 5155 588 5208 Isidor.
645 5171 767 5223 cap.
820 5158 911 5219 12,
960 5172 1055 5226 qq.
1105 5155 1167 5209 in
1210 5156 1420 5222 Genes,
1466 5171 1584 5209 non
1634 5155 1735 5223 ita,

64 5224 179 5298 sed:
218 5224 315 5281 Sic
362 5228 468 5279 erit
518 5228 578 5279 in
608 5224 1190 5298 Amultitudine'semen
1239 5232 1407 5294 tuum,
1458 5243 1587 5298 quae
1619 5228 1740 5281 sola

62 5295 211 5349 verba
240 5312 374 5350 cum
403 5296 817 5364 posterioribus
844 5298 1227 5351 consentiunt.

120 5367 141 5407 ἀ
180 5368 309 5429 MS.,
343 5374 503 5421 erunt
533 5372 678 5421 omni
706 5368 860 5421 modo
889 5369 1194 5434 infecunde.

121 5444 139 5508 ῗ
172 5437 291 5501 Μελ,
326 5454 428 5507 per
455 5439 933 5507 superabundanti
961 5444 1134 5508 tropo.

68 5505 227 5632 halm];
282 5505 343 5564 Α-
384 5505 698 5566 Nesterote:
758 5510 934 5564 abbas
990 5505 1207 5581 quippe
1282 5512 1523 5566 Νθειθνοε
1576 5525 1740 5563 νοω-

1861 3084 1949 3137 nal
1995 3083 2205 3152 judicis
2245 3082 2466 3147 asserit,
2512 3093 2567 3136 et
2612 3098 2714 3152 pro
2761 3082 3221 3153 frequentatione
3268 3082 3547 3136 librorum

1857 3173 2157 3242 gentilium
2187 3172 2392 3225 acriter
2421 3187 2630 3225 czesum
2661 3171 2721 3224 in
2746 3172 3053 3241 praesentia
3079 3172 3419 3241 angelorum
3450 3188 3546 3224 seu

1855 3266 2191 3315 cunctarum
2224 3261 2499 3315 virtutum
2532 3261 2800 3314 ostendit.

1924 3352 2012 3404 20.
2056 3350 2435 3419 Inspiciamus
2466 3349 2673 3402 iterum
2707 3350 2841 3418 quid
2878 3349 2947 3403 de
2982 3350 3089 3402 hoc
3140 3350 3311 3402 etiam
3344 3348 3545 3401 mirifi-

1854 3454 1952 3491 cus
1991 3438 2201 3492 sentiat
2246 3438 2642 3508 Augustinus:
2680 3439 2803 3491 Non
2853 3454 3073 3500 curare,
3122 3438 3331 3507 inquit,
3379 3435 3549 3490 debet

1855 3526 1955 3597 qui
2003 3527 2169 3580 docet
2219 3536 2431 3596 quanta
2477 3525 2825 3595 eloquentia,
2863 3527 2961 3579 sed
3004 3530 3217 3595 quanta
3262 3524 3547 3577 evidentia

1854 3617 2069 3671 doceat.
2102 3617 2277 3686 Cujus
2304 3616 2606 3670 evidentiae
2638 3616 2882 3685 diligens
2920 3615 3203 3685 appetitor
3231 3613 3544 3683 aliquando

1854 3721 1956 3759 nec
1985 3706 2135 3773 leget
2168 3704 2337 3757 verba
2386 3704 2647 3770 cultiora,
2680 3720 2783 3756 nec
2831 3709 2991 3755 curat
3024 3703 3157 3772 quid
3205 3700 3350 3754 bene
3383 3706 3545 3754 sonat

1852 3794 1950 3847 sed
1983 3794 2134 3863 quod
2162 3793 2305 3846 bene
2337 3792 2569 3858 indicet,
2604 3798 2776 3861 atque
2807 3792 3033 3844 intiniet
3059 3791 3210 3860 quod
3244 3790 3542 3843 ostendere

1850 3882 2117 3936 intendit.
2152 3883 2291 3935 Item
2330 3880 2483 3950 ipse:
2523 3880 2689 3934 Bonis
2733 3880 3063 3933 doctoribus
3102 3882 3259 3932 tanta
3302 3878 3542 3931 docendi

1853 3987 1988 4024 cura
2032 3987 2151 4024 esse
2182 3970 2365 4034 debet,
2409 3974 2473 4022 ut
2512 3969 2557 4021 si
2588 3968 2822 4022 verbum
2874 3968 3028 4038 quod
3073 3967 3183 4020 nisi
3232 3967 3542 4020 obscurum

1853 4060 1924 4114 sit
1954 4061 2037 4113 vel
2071 4059 2423 4127 ambiguum,
2460 4059 2703 4111 latinum
2739 4073 2863 4111 esse
2913 4074 3026 4110 non
3076 4056 3270 4126 possit,
3304 4070 3401 4109 ore
3448 4068 3543 4107 au-

1852 4153 1970 4202 tem
2002 4148 2157 4217 vulgi
2196 4147 2404 4201 dicitur
2452 4153 2513 4199 ut
2552 4146 2897 4216 ambiguitas
2928 4145 3357 4215 obscuritasque
3406 4144 3540 4197 vite-

1852 4241 1967 4303 tur,
2016 4252 2136 4290 non
2168 4236 2246 4289 sic
2292 4236 2513 4290 dicatur
2553 4242 2617 4289 ut
2659 4252 2691 4288 a
2735 4235 2935 4300 doctis,
2987 4235 3083 4287 sed
3138 4233 3327 4303 potius
3380 4238 3439 4286 ut
3470 4233 3541 4287 ab

1779 4324 2095 4379 Dindoctis
2144 4324 2254 4378 dici
2316 4326 2478 4378 solet.
2531 4325 2714 4389 Vides,
2772 4341 2803 4377 ο
2857 4324 3085 4386 eximie,
3144 4340 3259 4377 non
3318 4338 3542 4375 curasse

1851 4414 2111 4467 doctores
2147 4413 2206 4466 in
2247 4414 2432 4467 verbis
2460 4413 2835 4483 grammatica
2866 4412 3023 4478 vitia,
3059 4412 3288 4483 quando
3320 4412 3376 4464 in
3413 4426 3540 4463 sen-

1851 4501 2006 4555 sibus
2064 4505 2119 4554 et
2162 4502 2511 4571 profectibus
2558 4506 2682 4555 tuta
2726 4505 2872 4554 esset
2914 4501 3211 4554 sententia.
3271 4498 3542 4568 Nunquid

1848 4606 1965 4643 non
2024 4590 2153 4643 talis
2203 4596 2287 4643 est
2346 4589 2918 4659 hujussanctissimi
2975 4588 3223 4643 doctoris
3282 4588 3537 4651 assertio,

1850 4679 2034 4749 qualis
2080 4684 2136 4733 et
2167 4695 2292 4733 mea
2320 4678 2437 4745 illa,
2474 4686 2670 4732 contra
2710 4695 2879 4747 quam
2927 4677 3028 4742 ais,
3062 4674 3375 4746 professio:
3411 4690 3538 4727 san-

1850 4773 1968 4820 ctos
1996 4772 2051 4821 et
2092 4768 2433 4837 apostolicos
2475 4768 2623 4820 viros
2657 4783 2775 4820 non
2822 4766 3125 4819 verborum
3171 4763 3537 4832 compositio-

1850 4856 2019 4911 nibus
2043 4857 2349 4922 deservire,
2382 4858 2481 4910 sed
2514 4871 2784 4909 sensuum
2824 4854 3061 4907 veritate
3108 4852 3384 4922 gaudere;
3437 4867 3540 4905 nec

1920 5027 1950 5070 Β
1989 5015 2155 5068 Deest
2192 5014 2267 5067 ad
2311 5014 2368 5065 in
2420 5013 2539 5078 Ms.,
2576 5012 2670 5065 sed
2716 5010 2943 5063 restitui
2990 5026 3055 5062 ex
3105 5007 3368 5064 Cassiano
3416 5007 3536 5059 col-

1850 5085 1945 5137 lat.
1980 5101 2090 5149 xw,
2122 5100 2170 5137 c.
2208 5088 2294 5147 13,
2329 5083 2472 5136 sicut
2520 5087 2577 5135 et
2626 5082 2952 5149 sequentia:
2988 5096 3143 5149 quem
3173 5082 3321 5132 intra
3351 5082 3534 5149 semet:

1848 5148 2096 5224 ipsum...
2146 5157 2527 5224 perquirere...
2576 5148 2808 5224 poterit;
2860 5148 3011 5222 quasi
3037 5152 3116 5205 ita
3162 5150 3221 5203 in
3269 5150 3389 5215 Ms.,
3442 5148 3542 5203 sed

1848 5221 1911 5278 ut
1941 5226 1999 5278 in
2032 5221 2183 5278 textu
2218 5241 2283 5277 ex
2313 5223 2576 5278 Cassiano
2609 5221 2871 5287 legenda.

1920 5299 1947 5338 h
1979 5296 2031 5338 ίὶ
2086 5298 2205 5360 Ms.,
2251 5296 2535 5348 lubricis...
2577 5293 2990 5348 delicativam...
3022 5309 3134 5347 nun
3176 5293 3364 5346 clavis.
3410 5290 3540 5346 Hie-

1848 5382 2126 5436 ronymus
2155 5372 2220 5418 ut
2250 5369 2309 5418 in
2340 5369 2518 5417 textu.
3364 5432 3373 5441 _

1920 5433 1945 5470 ¹ι
1990 5438 2150 5489 Deest
2190 5436 2249 5488 in
2297 5437 2392 5489 Ms.
2444 5435 2813 5490 moderantur.
2869 5438 3057 5491 Exstat
3101 5434 3256 5505 apud
3311 5434 3538 5488 Hieron.

1851 5506 2025 5577 Epist.
2060 5509 2151 5572 22,
2185 5507 2366 5560 multo
2398 5510 2527 5577 post
2556 5506 2831 5561 medium.
