3860 6262
256 224 357 278 439

1637 221 1893 276 ALVARI
1935 220 2164 276 COBDU
2176 220 2414 275 BENSIS
3689 212 3771 264 μοι

255 372 359 426 per
404 360 584 408 artem
636 353 839 409 Donati
883 353 1209 414 liberalem;
1244 351 1339 406 sed
1383 368 1484 422 per
1523 351 1942 421 simplicitatem
1983 355 2026 406 A
2057 351 2155 404 ubi
2195 368 2322 404 cum
2371 367 2598 404 summo
2644 349 2830 404 studio
2875 366 2938 403 ac
2979 349 3170 403 labore
3219 347 3463 402 fuerint
3511 344 3801 415 perlecta,.

257 461 484 500 currere
533 443 763 499 Christi.
818 445 950 497 Tale
996 449 1082 496 est
1130 443 1284 513 quod
1328 441 1450 511 ipse
1497 441 1674 496 dicit:
1718 442 1840 494 Non
1871 440 1951 494 sic

258 535 477 589 dicatur
517 538 579 586 ut
622 550 655 585 a
699 532 898 597 doctis,
949 532 1046 585 sed
1086 531 1278 602 potius
1330 539 1391 583 ut
1440 530 1510 583 ab
1566 529 1826 596 indoctis,
1889 535 1950 583 ut

258 638 531 677 sensuum
581 620 787 675 veritas
831 623 1042 691 pateat,
1090 636 1207 673 non
1257 619 1564 672 verborum
1614 618 1951 688 compositio

258 717 497 767 tumeat.

328 804 416 855 21.
461 800 620 864 Quod
696 799 743 852 si
798 798 1038 852 forsitan
1104 797 1307 850 asseris
1381 797 1649 866 psalmos,
1715 799 1772 848 et
1847 793 1951 849 Job

258 889 528 954 historia,
609 888 760 958 apud
837 887 1102 941 Hebraeos
1168 889 1406 940 existere
1473 884 1742 952 metrica,
1811 884 1953 938 scias

261 986 318 1032 te
367 993 485 1031 non
528 976 820 1030 insolubili
880 982 1080 1029 contra
1127 991 1231 1028 nos
1277 975 1574 1028 dimicasse
1622 974 1946 1043 problema.

263 1066 408 1130 Quia
453 1065 600 1119 sicut
643 1066 838 1135 lingua
883 1065 1126 1118 Hebraa
1174 1068 1296 1118 erat
1346 1070 1541 1117 sancta
1597 1068 1652 1116 et
1709 1062 1952 1132 inclyta,

265 1159 321 1207 et
367 1155 427 1206 in
473 1153 789 1224 primordio
845 1153 1048 1206 mundi
1085 1151 1155 1205 ab
1195 1151 1318 1220 ipso
1371 1155 1609 1205 Auctore
1655 1150 1955 1203 hominum

265 1247 621 1307 consecrata;
654 1241 733 1293 ita
764 1241 943 1310 ipsius
973 1241 1188 1310 lingua
1218 1245 1532 1293 metrorum
1560 1240 1810 1293 formula
1842 1255 1956 1292 non

264 1330 488 1399 profani
513 1335 568 1383 et
595 1329 872 1383 idolatria
899 1339 922 1363 δ
949 1330 1181 1383 cultoris
1203 1335 1286 1383 est
1307 1330 1525 1398 regula,
1545 1329 1644 1382 sed
1665 1334 1762 1382 aut
1784 1329 1957 1397 Moysi

264 1417 587 1470 litterarum
615 1417 877 1471 Auctoris
917 1421 1263 1484 commenta,
1299 1421 1398 1470 aut
1435 1423 1585 1470 certe
1626 1416 1803 1470 sancti
1833 1433 1953 1470 om-

262 1506 351 1559 nis
394 1508 418 1548 ι)
461 1506 547 1558 vel
591 1506 887 1576 propheta
932 1507 1252 1575 cujuspiam
1295 1506 1672 1575 inspiratione
1719 1505 1820 1558 Dei
1864 1521 1954 1558 se-

261 1594 569 1666 quentibus
611 1595 991 1665 promulgata.
1026 1595 1137 1647 Nos
1181 1594 1335 1648 enim
1381 1610 1484 1663 pro
1536 1594 1709 1663 hujus
1757 1593 1955 1647 Donati

265 1689 386 1739 arte
428 1685 784 1738 ostendimus
832 1693 873 1749 °,
921 1683 1224 1754 ipsamque
1274 1684 1410 1738 totis
1449 1683 1665 1737 viribus
1711 1682 1954 1738 destrui-

262 1789 424 1842 mus,
477 1789 592 1826 non
662 1772 1036 1826 sanctissima
1094 1773 1307 1843 lingua
1367 1777 1622 1826 tenorem
1681 1789 1956 1826 evacuare

264 1878 612 1932 quownque
656 1861 926 1914 instinctu
978 1861 1323 1932 satagimus;
1370 1862 1504 1932 quia
1540 1865 1756 1915 certum
1804 1861 1956 1932 apud

266 1967 369 2005 nos
411 1951 563 2020 ipsos
603 1950 902 2014 habemus,
936 1950 1092 2020 quod
1143 1951 1329 2004 omnis
1371 1951 1571 2020 lingua
1598 1950 1958 2004 rectitudinis

267 2058 384 2095 sua
444 2040 650 2094 habeat
698 2041 978 2109 regulam,
1040 2055 1145 2110 per
1203 2056 1370 2111 quam
1427 2057 1486 2093 se
1542 2040 1960 2094 rationabiliter

265 2131 478 2184 directe
507 2126 533 2164 ά
564 2128 834 2182 diffundit
879 2129 938 2182 in
990 2129 1287 2183 doctorum
1335 2129 1636 2183 hominum
1689 2134 1954 2200 pectora:

266 2219 362 2273 sed
406 2221 560 2272 tanta
592 2223 676 2270 est
723 2217 932 2272 divinae
979 2217 1372 2288 inspirationis
1411 2218 1638 2289 eloquia
1677 2229 1718 2284 °,
1755 2222 1961 2272 utnon

267 2305 432 2378 quasi
478 2305 818 2360 necessitate
881 2306 1086 2359 alienis
1143 2306 1474 2360 succumbat
1531 2307 1804 2377 eloquiis,
1861 2307 1960 2360 sed

267 2395 601 2450 auctoritate
659 2396 906 2464 quadam
955 2395 1169 2449 nitatur
1223 2395 1440 2448 viribus
1494 2395 1759 2466 propriis.
1814 2395 1962 2449 Audi

267 2501 422 2538 nunc
478 2484 613 2555 quid
669 2483 920 2537 Isidorus
964 2484 1357 2538 sanctissimus
1404 2484 1591 2538 dicat:
1651 2483 1961 2539 Gentilium

270 2573 420 2626 dicta
449 2572 698 2626 exterius
728 2570 747 2606 τ
779 2572 1081 2624 verborum
1121 2572 1452 2642 eloquentia
1484 2576 1686 2637 nitent,
1721 2573 1963 2626 interius

273 2677 448 2714 vacua
501 2660 726 2714 virtutis
772 2660 1050 2729 sapientia
1093 2667 1326 2714 manent
1357 2660 1392 2716 τ.
1441 2663 1682 2732 Eloquia
1713 2675 1742 2716 ς
1772 2666 1964 2715 autem

273 2765 431 2802 sacra
483 2748 730 2802 exterius
777 2747 992 2802 inculta
1036 2749 1224 2803 verbis
1265 2755 1574 2819 apparent,
1624 2749 1964 2804 intrinsecus

271 2842 462 2891 autem
494 2837 902 2908 mysteriorum
950 2837 1229 2908 sapientia
1275 2837 1514 2907 fulgent.
1560 2839 1797 2892 Intende
1828 2839 1964 2909 quid

275 2927 457 2980 dicat:
491 2925 651 2989 Quod
682 2926 1012 2996 eloquentia
1041 2927 1257 2979 inculta
1303 2927 1377 2980 sit
1403 2943 1580 2992 sacra,
1613 2931 1666 2981 et
1695 2944 1812 2981 non
1863 2945 1966 2998 per

274 3021 328 3068 te
364 3015 567 3068 Donati
608 3017 637 3056 ιι
683 3015 894 3067 cultata
927 3014 968 3068 ί.
1023 3015 1165 3068 Item
1215 3015 1369 3084 ipse:
1421 3016 1745 3069 Fastidiosis
1794 3022 1965 3087 atque

277 3103 610 3173 loquacibus
654 3102 963 3172 Scriptura
1009 3107 1220 3156 sancta
1251 3103 1445 3158 minus
1473 3110 1713 3174 propter
1746 3121 1968 3160 sermo-

277 3207 407 3243 nem
467 3189 788 3260 simplicem
848 3191 1112 3260 placent:
1164 3191 1366 3260 gentili
1419 3193 1571 3246 enim
1628 3193 1968 3263 eloquentia

277 3283 606 3349 comparata
648 3277 873 3332 videtur
899 3277 1155 3347 indigna.
1198 3279 1295 3331 llic
1343 3279 1511 3332 etiam
1542 3281 1788 3350 qualiter
1817 3279 1968 3334 Scri—

276 3372 461 3438 ptura
521 3371 726 3420 sancta
777 3382 1098 3420 sermonem
1155 3366 1474 3436 simplicem
1527 3368 1696 3437 dicat,
1754 3384 1966 3438 quaso,

276 3456 585 3528 perpende.
631 3457 770 3511 Item
815 3455 973 3526 ipse:
1007 3455 1462 3526 Simplicioribus
1509 3456 1712 3510 litteris
1739 3473 1855 3510 non
1887 3461 1972 3510 est

275 3545 700 3616 praponendus
727 3546 890 3599 fucus
921 3545 1310 3615 grammatica
1335 3545 1486 3599 artis.
1522 3546 1801 3616 Prospicis
1832 3546 1967 3599 sim-

275 3635 589 3705 plicitatem
621 3634 808 3688 verbis
839 3635 1131 3704 pralatam
1166 3635 1256 3688 hic
1287 3651 1406 3688 esse
1440 3635 1546 3688 arti
1581 3635 1799 3688 Donati.

345 3725 434 3776 22.
484 3722 753 3776 Absculta
819 3723 957 3792 quid
1016 3725 1256 3778 Damaso
1323 3724 1706 3793 Hieronymus
1780 3723 1966 3777 dicat:

279 3835 306 3862 ‹‹
340 3814 678 3867 Damonum
729 3812 888 3866 cibus
932 3817 1018 3866 est
1064 3813 1318 3866 carmina
1366 3818 1688 3881 poetarum,
1736 3813 1970 3866 sacula-

278 3902 354 3954 ris
391 3900 695 3971 sapientia,
743 3901 1159 3955 rhetoricorum
1203 3918 1414 3971 pompa
1463 3903 1793 3955 verborum.
1845 3903 1973 3955 Hac

279 4006 383 4043 sua
411 4005 611 4042 omnes
659 3989 937 4043 suavitate
985 3989 1287 4052 delectant,
1337 3994 1392 4042 et
1436 3990 1574 4043 dum
1625 4006 1792 4045 aures
1838 4006 1970 4044 ver—

280 4079 438 4132 sibus
483 4077 634 4131 dulci
679 4077 1072 4131 modulatione
1103 4078 1498 4131 currentibusi
1559 4079 1813 4148 capiunt,
1849 4079 1971 4133 ani-

281 4182 434 4220 mam
480 4181 708 4235 quoque
757 4170 1077 4235 penetrant,
1113 4173 1169 4219 et
1210 4166 1456 4235 pectoris
1503 4167 1730 4220 interna
1772 4168 1969 4222 devin-

2059 441 2140 494 nil
2185 441 2340 495 aliud
2382 441 2491 494 nisi
2522 441 2756 494 inanem
2806 455 3031 507 sonum,
3059 444 3115 492 et
3159 451 3524 492 sermonum
3585 434 3770 501 strepi-

2058 533 2178 581 tum
2236 529 2350 582 suis
2405 529 2710 583 lectoribus
2771 529 3052 582 tribuunt.
3116 528 3280 581 Nulla
3341 524 3437 579 ibi
3521 522 3773 576 saturitas.

2061 616 2336 681 veritatis,
2383 617 2538 670 nulla
2583 617 2820 686 jn‘tilia
2869 616 3099 670 refectio
3149 615 3480 686 reperitur.
3544 612 3811 666 Studiosi-

2062 705 2348 759 carumin
2397 706 2548 759 fame
2580 707 2730 772 veri;
2775 724 2828 757 ιιι
2877 706 3150 759 virtutum
3199 701 3470 774 penuria
3518 715 3770 772 perseve-

2062 799 2208 846 rant.
2247 794 2370 847 «Et
2409 798 2471 847 tu
2518 793 2658 847 mihi
2707 803 2936 848 sanctos
2979 799 3036 847 et
3076 792 3440 863 apostolicos
3490 791 3653 843 viros
3695 805 3776 857 per
3815 807 3817 833 ε

2062 883 2290 936 inanem
2333 899 2557 950 sonum,
2591 899 2692 954 per
2733 883 2944 937 famem
2977 888 3032 936 et
3063 883 3474 936 maeredinem
3515 877 3776 940 veritatis,

2063 988 2166 1042 per
2193 977 2503 1042 egestatem
2541 972 2798 1042 justitia,
2843 972 2982 1025 dicis
3015 988 3135 1025 esse
3182 969 3504 1024 versatos?
3554 969 3629 1021 Et
3673 977 3778 1036 post
3821 984 3823 987 ·

2064 1061 2242 1114 multa
2273 1060 2458 1114 virilia
2493 1062 2504 1095 ¹
2538 1078 2665 1132 qua
2700 1066 2753 1114 te
2795 1066 3006 1132 tuaque
3045 1066 3311 1114 truncant
3342 1061 3617 1122 asserta,
3652 1061 3778 1124 Apo-
3821 1084 3825 1120 ε,

2065 1150 2196 1204 stoli
2227 1167 2465 1220 repucas
2496 1159 2534 1184 ω
2562 1151 2730 1204 verba
2758 1167 2770 1204 :
2804 1151 2864 1205 Si
2912 1153 3052 1203 enim
3083 1152 3204 1218 quis
3251 1149 3469 1203 viderit
3502 1149 3612 1215 qui
3646 1147 3783 1198 habet
3825 1142 3827 1153 ’

2065 1242 2345 1293 scientiam
2374 1242 2432 1292 in
2464 1239 2628 1292 idolio
2657 1239 2975 1304 recumbere,
3009 1254 3182 1292 nonne
3211 1241 3458 1292 scientia
3497 1237 3652 1303 ejus,
3685 1250 3782 1286 cum
3827 1292 3829 1305 Ι

2065 1331 2137 1382 sit
2167 1330 2404 1394 inﬁrma.
2449 1328 2810 1396 aediﬁcabitur
2857 1328 2931 1381 ad
2974 1327 3450 1391 manducandum,
3483 1331 3545 1378 et
3593 1323 3784 1392 peribit
3828 1393 3829 1400 γ

2066 1419 2313 1485 inﬁrmus
2362 1419 2419 1470 in
2465 1423 2561 1470 tua
2601 1420 2846 1482 scientia,
2893 1419 3091 1482 frater,
3138 1421 3364 1485 propter
3423 1429 3602 1483 quem
3639 1413 3782 1464 Chri-

2065 1512 2179 1560 stus
2209 1513 2449 1560 mortuus
2485 1512 2562 1560 est
2593 1508 2646 1574 (Ι
2674 1507 2793 1562 Cor.
2827 1523 2944 1574 vni,
2983 1507 3113 1576 10)?
3146 1507 3344 1558 Nonne
3383 1503 3514 1557 tibi
3544 1501 3779 1566 videtur,

2068 1596 2146 1649 ait
2172 1610 2220 1659 ιι,
2266 1596 2369 1648 sub
2407 1595 2532 1648 aliis
2577 1594 2764 1648 verbis
2809 1595 3033 1648 dicere:
3074 1596 3154 1648 Ne
3188 1594 3342 1664 legas
3387 1592 3780 1663 philosophos

2067 1690 2124 1739 et
2166 1689 2420 1738 oratores
2451 1688 2669 1755 poetas,
2718 1700 2790 1738 ne
2839 1683 2898 1737 in
2945 1699 3146 1737 eorum
3191 1682 3447 1736 lectione
3506 1679 3779 1750 resquies—

2065 1790 2181 1828 cas.
2222 1796 2250 1822 »
2301 1774 2358 1828 Si
2401 1774 2460 1826 in
2509 1773 2751 1827 lectione
2795 1789 2997 1826 eorum
3046 1772 3382 1826 scandalum
3439 1776 3565 1834 est,
3611 1769 3776 1822 multo

2065 1863 2248 1933 magis
2279 1863 2338 1916 in
2385 1863 2701 1916 docendum
2735 1861 3099 1931 sacrilegium
3131 1866 3233 1914 est.
3269 1862 3338 1915 Et
3367 1865 3517 1930 post
3553 1858 3776 1928 aliqua:

2069 1970 2097 2002 ε(
2128 1955 2200 2006 At
2228 1968 2399 2017 nunc,
2433 1951 2530 2013 ait.
2572 1952 2744 2004 etiam
2793 1951 3114 2004 sacerdotes
3163 1949 3267 2003 Dei
3308 1948 3563 2002 omissis
3611 1947 3775 2000 Evan-

2067 2040 2232 2110 geliis
2291 2045 2346 2094 et
2416 2041 2711 2109 prophetis
2780 2039 3040 2093 videmus
3096 2037 3407 2091 comadias
3473 2036 3682 2089 dicere
3733 2042 3774 2094 ο,

2068 2129 2347 2183 amatoria
2390 2129 2775 2182 bucolicorum
2825 2144 3093 2182 versuum
3141 2127 3314 2180 verba
3364 2131 3646 2187 cantare,
3697 2127 3772 2174 te-

2068 2233 2205 2270 nere
2235 2217 2555 2286 Virgilium,
2589 2222 2645 2270 et
2666 2218 2725 2270 id
2755 2218 2909 2287 quod
2955 2219 3013 2269 in
3044 2216 3239 2287 pueris
3271 2213 3651 2268 necessitatis
3682 2217 3771 2274 est,

2069 2307 2286 2360 crimen
2331 2307 2391 2359 in
2421 2323 2479 2359 se
2507 2307 2690 2360 facere
2720 2307 3042 2360 voluntates
3071 2323 3114 2362 ρ.
3163 2326 3188 2353 ››
3233 2304 3399 2358 Vides
3444 2304 3566 2357 hoc
3614 2300 3772 2354 etiam

2069 2397 2286 2450 crimen
2321 2395 2668 2448 necessitatis
2703 2394 2940 2448 existere
2981 2394 3039 2447 in
3070 2393 3297 2464 pueris;
3348 2399 3405 2446 et
3438 2408 3555 2445 nos
3607 2388 3774 2458 gratia

2070 2485 2355 2549 liberatos,
2419 2489 2477 2537 et
2521 2489 2687 2537 atate
2738 2483 2996 2553 legitima
3037 2483 3157 2552 jam
3200 2483 3450 2547 adultos,
3509 2479 3623 2533 sub
3676 2476 3767 2530 cri-

2073 2573 2226 2627 mina
2258 2572 2482 2626 mittere
2526 2571 2724 2641 cupis?
2755 2573 2897 2625 Item
2937 2571 3199 2624 sensibus
3241 2570 3353 2623 tuis
3401 2570 3530 2639 jam
3566 2569 3768 2622 dictum

2071 2663 2358 2716 doctorem
2395 2662 2462 2715 ad
2506 2661 2788 2714 Acalciam
2837 2670 2860 2703 ίι
2908 2661 3231 2714 iutroniitte
3285 2660 3608 2723 dicentem,
3653 2669 3765 2708 cum

2073 2767 2356 2822 exponere
2422 2751 2592 2804 vellet
2656 2751 2911 2820 Apostoli
2994 2751 3249 2803 dictum:
3320 2750 3394 2804 Ne
3455 2746 3763 2815 tetigeritis,

2072 2856 2240 2908 ""9148
2311 2841 2683 2906 gustaveritis,
2757 2855 2926 2907 neque
2996 2839 3396 2902 tractaveritis;
3457 2851 3587 2904 qua
3655 2835 3767 2885 sunt
3828 2841 3829 2883 ξ

2002 2954 2041 3010 c
2075 2932 2254 2984 omnia
2301 2931 2359 2982 in
2405 2929 2692 2984 interitum
2736 2931 2855 2997 ipso
2901 2942 3003 2981 usu
3045 2926 3337 2981 secundum
3393 2928 3672 2993 praecepta
3724 2925 3764 2971 et

2075 3019 2350 3072 doctrinas
2396 3018 2688 3084 hominum,
2741 3032 2860 3084 qua:
2905 3021 3032 3070 sunt
3075 3018 3338 3069 rationem
3389 3014 3621 3082 quidem
3678 3010 3762 3061 ha-
3828 3009 3829 3014 “

2078 3108 2258 3160 bentia
2299 3109 2582 3174 sapientia
2611 3106 2811 3175 (Colos.
2865 3123 2923 3172 ιι,
2955 3109 3066 3171 21),
3099 3104 3211 3158 ait:
3249 3123 3276 3154 «
3311 3105 3428 3157 Hoc
3473 3101 3605 3155 loco
3655 3100 3761 3166 qui-

2077 3196 2196 3250 dem
2250 3195 2577 3263 conjunctio
2639 3193 2930 3264 superﬂua
2991 3199 3108 3246 est:
3161 3192 3311 3261 quod
3365 3191 3425 3244 in
3480 3188 3762 3261 plerisque

2076 3285 2214 3339 locis
2256 3288 2490 3353 propter
2534 3282 2884 3353 imperitiam
2921 3281 3058 3335 artis
3108 3279 3501 3350 grammatica
3547 3280 3758 3348 aposto-

2077 3374 2263 3428 lorum
2309 3373 2489 3442 egisse
2527 3371 2868 3441 reperimus.
2907 3372 3101 3440 Neque
3133 3369 3288 3422 enim
3319 3367 3585 3438 sequitur
3613 3379 3635 3408 ι·
3659 3361 3756 3424 sed,

2078 3464 2165 3516 vel
2195 3462 2308 3515 alia
2354 3461 2678 3531 conjunctio
2721 3477 2849 3530 qua
2881 3461 3025 3514 solet
3069 3459 3122 3512 ei
3166 3457 3584 3529 prapositioni,
3629 3453 3719 3507 ubi
3745 3456 3758 3481 ⁵

2078 3556 2370 3621 repertum
2412 3549 2604 3614 fuerit,
2638 3549 3003 3618 respondere.
3049 3569 3075 3597 »
3109 3548 3292 3600 Habes
3332 3562 3403 3598 ne
3454 3545 3625 3609 ultra,
3660 3555 3756 3611 quo

2079 3655 2282 3693 nervos
2309 3644 2422 3692 tua
2456 3637 2808 3708 loquacitatis
2837 3637 3147 3691 extendas?
3181 3637 3320 3690 Ecce
3351 3634 3570 3704 apertis
3618 3628 3757 3682 voci-

2079 3729 2205 3794 bus,
2235 3733 2289 3781 et
2329 3743 2473 3797 pene
2515 3725 2898 3796 palpabilibus
2939 3725 3124 3788 rebus,
3155 3723 3400 3778 inscium
3433 3720 3755 3792 Apostolum

2080 3821 2192 3870 tua
2223 3814 2613 3886 grammatica
2641 3815 2804 3885 legis,
2841 3820 2898 3868 et
2929 3819 3078 3868 certe
3111 3812 3523 3884 sapientiorem
3558 3805 3758 3864 cateris

2081 3904 2352 3974 apostolis
2386 3919 2518 3956 eum
2548 3919 2757 3973 negare
2789 3919 2903 3956 non
2933 3903 3103 3955 vales.

2150 3997 2239 4047 23.
2281 3993 2438 4056 Quod
2508 3992 2554 4045 si
2612 3997 2940 4046 nostrorum
2995 3991 3294 4045 doctorum
3349 3988 3653 4042 sententiis
3699 3982 3758 4036 de

2082 4082 2290 4134 sanctis
2336 4081 2710 4151 scriptoribus
2761 4096 2877 4133 non
2931 4078 3270 4150 acquiescis,
3331 4077 3586 4147 ipsorum
3646 4070 3756 4145 phi-

2082 4169 2456 4240 losophorum
2524 4185 2771 4239 quorum
2835 4169 3129 4223 institutus
3183 4183 3241 4220 es
3300 4165 3625 4234 disciplinis
3680 4175 3756 4213 ac-

281 4254 459 4308 ciunt.
501 4275 524 4303 ι
561 4254 628 4307 Ut
674 4269 823 4319 reor,
857 4253 1097 4323 probata
1144 4260 1230 4308 est
1260 4255 1546 4309 saecularis
1587 4256 1825 4310 scientia
1855 4257 1970 4311 da-
2014 4252 2056 4305 D
2087 4259 2314 4330 quiesce
2368 4257 2594 4312 eviratis
2666 4257 2894 4312 veribus
2962 4257 3150 4310 verbis
3204 4260 3260 4308 et
3314 4254 3568 4308 clivosis.
3633 4248 3757 4306 Dicit

283 4357 522 4396 monum
547 4357 668 4396 esse
702 4341 1030 4396 eufrasiam.
1064 4343 1204 4396 Item
1236 4343 1296 4396 in
1328 4345 1809 4416 consequentibus
1839 4346 1978 4417 quid

283 4436 512 4502 promat
535 4431 654 4501 jam
684 4431 822 4486 dicti
852 4431 1106 4486 absculta
1132 4432 1446 4503 emperiam
1473 4431 1519 4485 ιι.
1560 4457 1581 4483 ι
1614 4435 1841 4501 Verum,
1873 4435 1972 4503 ait,

353 4599 379 4622 ιι
416 4590 498 4642 Ita
529 4594 585 4642 et
613 4589 822 4658 passim
855 4589 1007 4658 apud
1039 4589 1199 4651 alios,
1232 4605 1334 4659 pro
1367 4589 1706 4646 idololatria.

355 4663 380 4703 ι)
418 4660 838 4730 Congruentius
870 4662 1122 4714 hominis.

355 4740 376 4765 ο
414 4731 473 4784 Id
503 4739 589 4784 est
618 4733 908 4786 tend-imus.

353 4803 380 4844 d
417 4802 612 4855 Melius
638 4803 866 4856 directa.

354 4886 376 4908 θ
416 4873 473 4925 L.
508 4875 830 4940 eloquentia.

357 4942 374 4977 τ
410 4944 540 5006 ΜΞ..
595 4947 896 4998 anterior...
968 4949 1204 4996 maneat.
1281 4945 1445 5014 Apud
1504 4941 1787 4998 Isidorum
1842 4961 1974 5000 vero

284 5013 384 5066 lib.
419 5030 496 5067 ιιι.
530 5015 688 5085 sent.
713 5031 832 5085 cap.
867 5018 950 5081 l3,
983 5019 1047 5067 ut
1077 5015 1135 5068 in
1167 5013 1340 5069 textu.

358 5097 386 5138 ε
424 5084 591 5152 Apud
624 5084 752 5139 Isid.
782 5084 905 5140 ibi:
963 5087 1311 5154 Eloquentia;
1367 5091 1420 5139 et
1460 5086 1536 5140 ita
1580 5085 1818 5141 Alvarus
1860 5087 1975 5143 im-

287 5154 534 5208 mediate
560 5157 818 5210 resumit.

357 5226 384 5268 ιι
426 5225 482 5278 L.
513 5241 611 5293 per
639 5233 809 5281 artem
839 5231 1060 5284 Donati.

413 5297 640 5376 gutture
668 5315 770 5376 pro
817 5302 1000 5365 colere,
1034 5300 1206 5354 etiam
1237 5301 1390 5372 apud
1419 5299 1560 5354 alios
1605 5300 1819 5354 inﬁma
1849 5301 1972 5354 lati-

286 5371 480 5420 nitatis
512 5371 837 5437 scriptores.

356 5437 878 5512 1_Ms.,rauribus,
950 5441 1048 5496 ubi
1121 5443 1460 5496 amentibus
1521 5442 1673 5512 apud
1740 5442 1972 5496 Hieron.

290 5508 462 5577 Epist.
501 5510 619 5563 146.

2085 4348 2237 4401 enim
2270 4346 2601 4416 Porphirius
2633 4362 2737 4399 nos
2780 4346 3010 4402 intuens
3041 4345 3102 4398 in
3131 4343 3616 4398 contumeliarum
3647 4355 3756 4393 sua-

2086 4452 2212 4489 rum
2268 4441 2467 4489 contra
2529 4434 2836 4489 Ecclesiam
2891 4433 3096 4488 libris:
3154 4433 3494 4495 Adharent,
3566 4428 3754 4500 inquii,

2151 4589 2177 4627 ιι
2217 4592 2352 4646 Vide
2383 4607 2556 4660 supra
2584 4607 2641 4644 n.
2681 4594 2727 4658 1,
2759 4591 2930 4661 hujus
2960 4590 3126 4659 epist.

2158 4665 2169 4697 ¹
2214 4664 2268 4715 F.
2312 4665 2399 4716 vir
2440 4665 2551 4726 ille,
2608 4660 3260 4731 nempe'llieronymus,
3314 4660 3477 4729 cujus
3535 4671 3751 4728 sequen-

2083 4735 2183 4798 tia,
2219 4733 2363 4786 sicut
2389 4737 2443 4786 et
2471 4733 2870 4800 praecedentia,
2902 4738 3037 4784 sunt
3065 4735 3253 4785 verba.

2156 4813 2195 4839 ω
2235 4798 2504 4873 Replicat,
2558 4819 2671 4856 non
2723 4805 2953 4871 replicas
2985 4802 3313 4871 legendum.
3369 4798 3751 4873 Textiis-enim

2084 4876 2202 4940 ille,
2233 4870 2350 4927 non
2381 4891 2554 4944 supra
2586 4875 2644 4926 in
2668 4870 2902 4926 Joannis
2932 4870 3282 4940 Hispalensis
3304 4879 3486 4925 exstat
3509 4870 3747 4942 Epistola,

2083 4947 2178 5000 sed
2209 4947 2267 4998 in
2301 4947 2532 4999 laudata
2564 4944 2900 5014 Hieronymi
2923 4945 2992 4996 ad
3033 4947 3358 4997 Damasum.

2154 5031 2180 5060 η
2221 5019 2343 5084 Ait,
2372 5032 2581 5086 nempe
2616 5016 2870 5080 Hieron.,
2905 5015 3080 5084 Epist.
3123 5016 3239 5068 146.

2154 5096 2177 5122 ο
2216 5089 2380 5157 Apud
2412 5084 2641 5141 Hieron.
2677 5086 2776 5148 ibi,
2817 5102 2934 5139 non
2959 5087 3154 5151 dicere,
3188 5084 3287 5139 sed
3318 5086 3513 5153 legere.

2154 5175 2179 5214 ι’
2222 5160 2279 5212 1..
2312 5160 2627 5226 voluptatis.
2662 5158 2750 5211 Sic
2782 5157 2933 5225 apud
2970 5156 3118 5210 Hier.

2154 5237 2177 5272 'l
2223 5229 2279 5282 L.
2312 5231 2621 5295 Algasiam.
2662 5228 2795 5282 Vide
2829 5228 3002 5296 Epist.
3036 5245 3073 5289 ι,
3102 5244 3157 5280 ιι.
3189 5231 3243 5281 2.

2153 5305 2175 5331 τ
2214 5300 2333 5364 Ms,
2369 5302 2666 5368 sequimur.

2155 5379 2175 5403 '
2214 5371 2392 5433 Adde,
2436 5367 2548 5424 iubi
2597 5369 2832 5439 quidem.
2885 5369 2957 5423 Ex
3009 5369 3355 5440 Hieronymo
3419 5367 3592 5438 Epist.
3653 5369 3745 5422 l5l.

2086 5439 2154 5493 ad
2190 5441 2499 5510 Algasiam,
2535 5446 2738 5511 quast.
2776 5442 2859 5506 l0,
2894 5439 3040 5493 circa
3074 5440 3172 5494 tiu.
