  <div class='ocr_page' id='page_1' title='image "/cluster/home/n/w/nwhite01/storage/ocr_20150623/121/uva.x000827051/230.png"; bbox 0 0 3860 6262; ppageno 0'>
   <div class='ocr_carea' id='block_1_1' title="bbox 52 323 164 377">
    <p class='ocr_par' dir='ltr' id='par_1_1' title="bbox 52 323 164 377">
     <span class='ocr_line' id='line_1_1' title="bbox 52 323 164 377; baseline 0.018 -2"><span class='ocrx_word' id='word_1_1' title='bbox 52 323 130 376; x_wconf 64' lang='grc'><strong>44</strong></span> <span class='ocrx_word' id='word_1_2' title='bbox 146 328 164 377; x_wconf 84' lang='lat' dir='ltr'>t</span> 
     </span>
    </p>
   </div>
   <div class='ocr_carea' id='block_1_2' title="bbox 1638 325 2009 379">
    <p class='ocr_par' dir='ltr' id='par_1_2' title="bbox 1638 325 2009 379">
     <span class='ocr_line' id='line_1_2' title="bbox 1638 325 2009 379; baseline -0.003 0"><span class='ocrx_word' id='word_1_3' title='bbox 1638 325 2009 379; x_wconf 67' lang='lat' dir='ltr'>EPISTOLAS.</span> 
     </span>
    </p>
   </div>
   <div class='ocr_carea' id='block_1_3' title="bbox 3466 321 3568 374">
    <p class='ocr_par' dir='ltr' id='par_1_3' title="bbox 3466 321 3568 374">
     <span class='ocr_line' id='line_1_3' title="bbox 3466 321 3568 374; baseline 0 0"><span class='ocrx_word' id='word_1_4' title='bbox 3466 321 3568 374; x_wconf 71' lang='lat' dir='ltr'>4i2</span> 
     </span>
    </p>
   </div>
   <div class='ocr_carea' id='block_1_4' title="bbox 51 454 3566 529">
    <p class='ocr_par' dir='ltr' id='par_1_4' title="bbox 51 454 3566 529">
     <span class='ocr_line' id='line_1_4' title="bbox 51 454 3566 529; baseline -0.001 -23"><span class='ocrx_word' id='word_1_5' title='bbox 51 455 306 525; x_wconf 84' lang='lat' dir='ltr'>ineptiis</span> <span class='ocrx_word' id='word_1_6' title='bbox 352 454 715 508; x_wconf 73' lang='lat' dir='ltr'>Iudaicarum</span> <span class='ocrx_word' id='word_1_7' title='bbox 767 454 1212 525; x_wconf 87' lang='lat' dir='ltr'>Scripturarum,</span> <span class='ocrx_word' id='word_1_8' title='bbox 1264 454 1323 507; x_wconf 93' lang='lat' dir='ltr'>in</span> <span class='ocrx_word' id='word_1_9' title='bbox 1372 454 1582 524; x_wconf 84' lang='lat' dir='ltr'>quibus</span> <span class='ocrx_word' id='word_1_10' title='bbox 1631 470 1759 508; x_wconf 92' lang='lat' dir='ltr'>cum</span> <span class='ocrx_word' id='word_1_11' title='bbox 1802 459 1845 510; x_wconf 84' lang='lat' dir='ltr'><strong>A</strong></span> <span class='ocrx_word' id='word_1_12' title='bbox 1878 473 2060 511; x_wconf 90' lang='lat' dir='ltr'>nasse.</span> <span class='ocrx_word' id='word_1_13' title='bbox 2095 458 2256 521; x_wconf 84' lang='lat' dir='ltr'>Quod</span> <span class='ocrx_word' id='word_1_14' title='bbox 2290 464 2481 511; x_wconf 89' lang='lat' dir='ltr'>autem</span> <span class='ocrx_word' id='word_1_15' title='bbox 2515 459 2667 525; x_wconf 85' lang='lat' dir='ltr'>dicit,</span> <span class='ocrx_word' id='word_1_16' title='bbox 2702 457 2837 529; x_wconf 85' lang='lat' dir='ltr'>quia</span> <span class='ocrx_word' id='word_1_17' title='bbox 2870 458 3019 511; x_wconf 88' lang='lat' dir='ltr'>Deus</span> <span class='ocrx_word' id='word_1_18' title='bbox 3048 454 3340 509; x_wconf 86' lang='lat' dir='ltr'>hominem</span> <span class='ocrx_word' id='word_1_19' title='bbox 3375 468 3566 507; x_wconf 88' lang='lat' dir='ltr'>susce-</span> 
     </span>
    </p>
   </div>
   <div class='ocr_carea' id='block_1_5' title="bbox 54 542 1771 613">
    <p class='ocr_par' dir='ltr' id='par_1_5' title="bbox 54 542 1771 613">
     <span class='ocr_line' id='line_1_5' title="bbox 54 542 1771 613; baseline 0.001 -18"><span class='ocrx_word' id='word_1_20' title='bbox 54 544 357 597; x_wconf 87' lang='lat' dir='ltr'>absolutio</span> <span class='ocrx_word' id='word_1_21' title='bbox 399 544 486 597; x_wconf 89' lang='lat' dir='ltr'>vel</span> <span class='ocrx_word' id='word_1_22' title='bbox 531 544 854 613; x_wconf 78' lang='lat' dir='ltr'>explanatio</span> <span class='ocrx_word' id='word_1_23' title='bbox 896 544 1054 597; x_wconf 90' lang='lat' dir='ltr'>nulla</span> <span class='ocrx_word' id='word_1_24' title='bbox 1100 542 1193 607; x_wconf 89' lang='lat' dir='ltr'>sit,</span> <span class='ocrx_word' id='word_1_25' title='bbox 1226 543 1296 595; x_wconf 93' lang='lat' dir='ltr'>ad</span> <span class='ocrx_word' id='word_1_26' title='bbox 1332 543 1605 613; x_wconf 90' lang='lat' dir='ltr'>quasdam</span> <span class='ocrx_word' id='word_1_27' title='bbox 1640 560 1771 597; x_wconf 91' lang='lat' dir='ltr'>nar-</span> 
     </span>
    </p>
   </div>
   <div class='ocr_carea' id='block_1_6' title="bbox 57 632 1766 702">
    <p class='ocr_par' dir='ltr' id='par_1_6' title="bbox 57 632 1766 702">
     <span class='ocr_line' id='line_1_6' title="bbox 57 632 1766 702; baseline 0.001 -19"><span class='ocrx_word' id='word_1_28' title='bbox 57 633 328 685; x_wconf 78' lang='lat' dir='ltr'>rationes</span> <span class='ocrx_word' id='word_1_29' title='bbox 379 633 726 702; x_wconf 85' lang='lat' dir='ltr'>incongruas</span> <span class='ocrx_word' id='word_1_30' title='bbox 773 632 1356 702; x_wconf 87' lang='lat' dir='ltr'>inconvenientesqne</span> <span class='ocrx_word' id='word_1_31' title='bbox 1407 638 1766 697; x_wconf 87' lang='lat' dir='ltr'>convertunt,</span> 
     </span>
    </p>
   </div>
   <div class='ocr_carea' id='block_1_7' title="bbox 50 721 1769 791">
    <p class='ocr_par' dir='ltr' id='par_1_7' title="bbox 50 721 1769 791">
     <span class='ocr_line' id='line_1_7' title="bbox 50 721 1769 791; baseline 0.001 -19"><span class='ocrx_word' id='word_1_32' title='bbox 50 736 201 789; x_wconf 75' lang='lat' dir='ltr'>qua</span> <span class='ocrx_word' id='word_1_33' title='bbox 247 738 361 774; x_wconf 92' lang='lat' dir='ltr'>non</span> <span class='ocrx_word' id='word_1_34' title='bbox 401 726 515 774; x_wconf 91' lang='lat' dir='ltr'>tam</span> <span class='ocrx_word' id='word_1_35' title='bbox 562 721 995 791; x_wconf 90' lang='lat' dir='ltr'>explanationes</span> <span class='ocrx_word' id='word_1_36' title='bbox 1040 726 1171 773; x_wconf 90' lang='lat' dir='ltr'>sunt</span> <span class='ocrx_word' id='word_1_37' title='bbox 1220 721 1307 774; x_wconf 86' lang='lat' dir='ltr'>his</span> <span class='ocrx_word' id='word_1_38' title='bbox 1352 738 1479 791; x_wconf 79' lang='lat' dir='ltr'>qua</span> <span class='ocrx_word' id='word_1_39' title='bbox 1531 722 1769 775; x_wconf 85' lang='lat' dir='ltr'>obscura</span> 
     </span>
    </p>
   </div>
   <div class='ocr_carea' id='block_1_8' title="bbox 48 810 1770 881">
    <p class='ocr_par' dir='ltr' id='par_1_8' title="bbox 48 810 1770 881">
     <span class='ocr_line' id='line_1_8' title="bbox 48 810 1770 881; baseline 0.003 -21"><span class='ocrx_word' id='word_1_40' title='bbox 48 816 224 873; x_wconf 85' lang='lat' dir='ltr'>sunt,</span> <span class='ocrx_word' id='word_1_41' title='bbox 274 826 445 881; x_wconf 88' lang='lat' dir='ltr'>quam</span> <span class='ocrx_word' id='word_1_42' title='bbox 496 810 665 864; x_wconf 82' lang='lat' dir='ltr'>laude</span> <span class='ocrx_word' id='word_1_43' title='bbox 713 811 1098 881; x_wconf 82' lang='lat' dir='ltr'>plausumque</span> <span class='ocrx_word' id='word_1_44' title='bbox 1130 810 1538 864; x_wconf 88' lang='lat' dir='ltr'>disserentibus</span> <span class='ocrx_word' id='word_1_45' title='bbox 1571 812 1770 865; x_wconf 83' lang='lat' dir='ltr'>confe-</span> 
     </span>
    </p>
   </div>
   <div class='ocr_carea' id='block_1_9' title="bbox 50 898 1766 969">
    <p class='ocr_par' dir='ltr' id='par_1_9' title="bbox 50 898 1766 969">
     <span class='ocr_line' id='line_1_9' title="bbox 50 898 1766 969; baseline 0.001 -20"><span class='ocrx_word' id='word_1_46' title='bbox 50 904 173 950; x_wconf 88' lang='lat' dir='ltr'>rat.</span> <span class='ocrx_word' id='word_1_47' title='bbox 222 900 363 952; x_wconf 81' lang='lat' dir='ltr'>Nam</span> <span class='ocrx_word' id='word_1_48' title='bbox 405 916 471 952; x_wconf 88' lang='lat' dir='ltr'>ea</span> <span class='ocrx_word' id='word_1_49' title='bbox 511 916 639 969; x_wconf 85' lang='lat' dir='ltr'>qua</span> <span class='ocrx_word' id='word_1_50' title='bbox 684 900 896 969; x_wconf 83' lang='lat' dir='ltr'>Moyses</span> <span class='ocrx_word' id='word_1_51' title='bbox 946 899 1208 969; x_wconf 89' lang='lat' dir='ltr'>agrestici</span> <span class='ocrx_word' id='word_1_52' title='bbox 1256 904 1310 952; x_wconf 87' lang='lat' dir='ltr'>et</span> <span class='ocrx_word' id='word_1_53' title='bbox 1352 898 1597 968; x_wconf 82' lang='lat' dir='ltr'>simplici</span> <span class='ocrx_word' id='word_1_54' title='bbox 1646 916 1766 951; x_wconf 86' lang='lat' dir='ltr'>ser-</span> 
     </span>
    </p>
   </div>
   <div class='ocr_carea' id='block_1_10' title="bbox 49 987 1769 1058">
    <p class='ocr_par' dir='ltr' id='par_1_10' title="bbox 49 987 1769 1058">
     <span class='ocr_line' id='line_1_10' title="bbox 49 987 1769 1058; baseline 0.001 -20"><span class='ocrx_word' id='word_1_55' title='bbox 49 1003 241 1041; x_wconf 85' lang='lat' dir='ltr'>mone</span> <span class='ocrx_word' id='word_1_56' title='bbox 274 988 632 1057; x_wconf 76' lang='lat' dir='ltr'>conscripsit,</span> <span class='ocrx_word' id='word_1_57' title='bbox 666 987 937 1041; x_wconf 87' lang='lat' dir='ltr'>divinitus</span> <span class='ocrx_word' id='word_1_58' title='bbox 978 988 1194 1041; x_wconf 87' lang='lat' dir='ltr'>sancita</span> <span class='ocrx_word' id='word_1_59' title='bbox 1244 992 1301 1040; x_wconf 89' lang='lat' dir='ltr'>et</span> <span class='ocrx_word' id='word_1_60' title='bbox 1349 987 1549 1057; x_wconf 88' lang='lat' dir='ltr'>ﬁguris</span> <span class='ocrx_word' id='word_1_61' title='bbox 1598 992 1769 1058; x_wconf 88' lang='lat' dir='ltr'>atque</span> 
     </span>
    </p>
   </div>
   <div class='ocr_carea' id='block_1_11' title="bbox 49 1074 1767 1145">
    <p class='ocr_par' dir='ltr' id='par_1_11' title="bbox 49 1074 1767 1145">
     <span class='ocr_line' id='line_1_11' title="bbox 49 1074 1767 1145; baseline 0 -18"><span class='ocrx_word' id='word_1_62' title='bbox 49 1076 478 1141; x_wconf 83' lang='lat' dir='ltr'>anigmatibus</span> <span class='ocrx_word' id='word_1_63' title='bbox 528 1076 749 1127; x_wconf 86' lang='lat' dir='ltr'>obtecta</span> <span class='ocrx_word' id='word_1_64' title='bbox 793 1074 1162 1141; x_wconf 91' lang='lat' dir='ltr'>conﬁrmant,</span> <span class='ocrx_word' id='word_1_65' title='bbox 1216 1080 1387 1145; x_wconf 90' lang='lat' dir='ltr'>atque</span> <span class='ocrx_word' id='word_1_66' title='bbox 1439 1075 1767 1145; x_wconf 81' lang='lat' dir='ltr'>ingentibus</span> 
     </span>
    </p>
   </div>
   <div class='ocr_carea' id='block_1_12' title="bbox 50 1164 1767 1233">
    <p class='ocr_par' dir='ltr' id='par_1_12' title="bbox 50 1164 1767 1233">
     <span class='ocr_line' id='line_1_12' title="bbox 50 1164 1767 1233; baseline 0.001 -17"><span class='ocrx_word' id='word_1_67' title='bbox 50 1166 307 1233; x_wconf 80' lang='lat' dir='ltr'>oppleta</span> <span class='ocrx_word' id='word_1_68' title='bbox 335 1164 619 1233; x_wconf 72' lang='lat' dir='ltr'>mysteriis</span> <span class='ocrx_word' id='word_1_69' title='bbox 650 1164 830 1218; x_wconf 80' lang='lat' dir='ltr'>inflati</span> <span class='ocrx_word' id='word_1_70' title='bbox 867 1170 1059 1218; x_wconf 88' lang='lat' dir='ltr'>mente</span> <span class='ocrx_word' id='word_1_71' title='bbox 1092 1181 1155 1217; x_wconf 87' lang='lat' dir='ltr'>ac</span> <span class='ocrx_word' id='word_1_72' title='bbox 1186 1164 1415 1229; x_wconf 88' lang='lat' dir='ltr'>tumidi,</span> <span class='ocrx_word' id='word_1_73' title='bbox 1451 1164 1676 1217; x_wconf 85' lang='lat' dir='ltr'>turbato</span> <span class='ocrx_word' id='word_1_74' title='bbox 1708 1165 1767 1218; x_wconf 90' lang='lat' dir='ltr'>in</span> 
     </span>
    </p>
   </div>
   <div class='ocr_carea' id='block_1_13' title="bbox 50 1253 1769 1324">
    <p class='ocr_par' dir='ltr' id='par_1_13' title="bbox 50 1253 1769 1324">
     <span class='ocr_line' id='line_1_13' title="bbox 50 1253 1769 1324; baseline 0.001 -19"><span class='ocrx_word' id='word_1_75' title='bbox 50 1253 397 1322; x_wconf 74' lang='lat' dir='ltr'>semetipsis</span> <span class='ocrx_word' id='word_1_76' title='bbox 428 1253 668 1306; x_wconf 86' lang='lat' dir='ltr'>rationis</span> <span class='ocrx_word' id='word_1_77' title='bbox 701 1254 969 1307; x_wconf 87' lang='lat' dir='ltr'>humana</span> <span class='ocrx_word' id='word_1_78' title='bbox 997 1253 1239 1323; x_wconf 88' lang='lat' dir='ltr'>judicio,</span> <span class='ocrx_word' id='word_1_79' title='bbox 1273 1258 1627 1307; x_wconf 88' lang='lat' dir='ltr'>sacramenta</span> <span class='ocrx_word' id='word_1_80' title='bbox 1658 1269 1769 1324; x_wconf 89' lang='lat' dir='ltr'>pu-</span> 
     </span>
    </p>
   </div>
   <div class='ocr_carea' id='block_1_14' title="bbox 52 1342 1769 1412">
    <p class='ocr_par' dir='ltr' id='par_1_14' title="bbox 52 1342 1769 1412">
     <span class='ocr_line' id='line_1_14' title="bbox 52 1342 1769 1412; baseline 0.002 -20"><span class='ocrx_word' id='word_1_81' title='bbox 52 1348 213 1408; x_wconf 85' lang='lat' dir='ltr'>tant,</span> <span class='ocrx_word' id='word_1_82' title='bbox 264 1342 329 1393; x_wconf 90' lang='lat' dir='ltr'>in</span> <span class='ocrx_word' id='word_1_83' title='bbox 378 1342 585 1410; x_wconf 89' lang='lat' dir='ltr'>quibus</span> <span class='ocrx_word' id='word_1_84' title='bbox 632 1358 689 1394; x_wconf 89' lang='lat' dir='ltr'>se</span> <span class='ocrx_word' id='word_1_85' title='bbox 739 1342 980 1411; x_wconf 79' lang='lat' dir='ltr'>agrestis</span> <span class='ocrx_word' id='word_1_86' title='bbox 1030 1342 1271 1411; x_wconf 85' lang='lat' dir='ltr'>scriptor</span> <span class='ocrx_word' id='word_1_87' title='bbox 1318 1342 1601 1412; x_wconf 80' lang='lat' dir='ltr'>explicare</span> <span class='ocrx_word' id='word_1_88' title='bbox 1650 1358 1769 1395; x_wconf 92' lang='lat' dir='ltr'>non</span> 
     </span>
    </p>
   </div>
   <div class='ocr_carea' id='block_1_15' title="bbox 50 1430 1767 1500">
    <p class='ocr_par' dir='ltr' id='par_1_15' title="bbox 50 1430 1767 1500">
     <span class='ocr_line' id='line_1_15' title="bbox 50 1430 1767 1500; baseline 0.002 -20"><span class='ocrx_word' id='word_1_89' title='bbox 50 1431 231 1483; x_wconf 81' lang='lat' dir='ltr'>valet.</span> <span class='ocrx_word' id='word_1_90' title='bbox 296 1432 433 1483; x_wconf 84' lang='lat' dir='ltr'>Ecce</span> <span class='ocrx_word' id='word_1_91' title='bbox 485 1430 859 1500; x_wconf 85' lang='lat' dir='ltr'>philosophus</span> <span class='ocrx_word' id='word_1_92' title='bbox 908 1432 1056 1483; x_wconf 90' lang='lat' dir='ltr'>inter</span> <span class='ocrx_word' id='word_1_93' title='bbox 1107 1448 1237 1483; x_wconf 91' lang='lat' dir='ltr'>suos</span> <span class='ocrx_word' id='word_1_94' title='bbox 1292 1431 1536 1495; x_wconf 81' lang='lat' dir='ltr'>nobiles,</span> <span class='ocrx_word' id='word_1_95' title='bbox 1595 1436 1651 1484; x_wconf 91' lang='lat' dir='ltr'>et</span> <span class='ocrx_word' id='word_1_96' title='bbox 1704 1447 1767 1484; x_wconf 84' lang='lat' dir='ltr'>ex</span> 
     </span>
    </p>
   </div>
   <div class='ocr_carea' id='block_1_16' title="bbox 54 1518 1771 1589">
    <p class='ocr_par' dir='ltr' id='par_1_16' title="bbox 54 1518 1771 1589">
     <span class='ocr_line' id='line_1_16' title="bbox 54 1518 1771 1589; baseline 0.001 -18"><span class='ocrx_word' id='word_1_97' title='bbox 54 1526 335 1587; x_wconf 87' lang='lat' dir='ltr'>tempore</span> <span class='ocrx_word' id='word_1_98' title='bbox 365 1518 716 1571; x_wconf 86' lang='lat' dir='ltr'>declamator</span> <span class='ocrx_word' id='word_1_99' title='bbox 746 1518 1007 1587; x_wconf 81' lang='lat' dir='ltr'>insignis,</span> <span class='ocrx_word' id='word_1_100' title='bbox 1044 1519 1291 1589; x_wconf 73' lang='lat' dir='ltr'>Moyst</span> <span class='ocrx_word' id='word_1_101' title='bbox 1322 1519 1678 1589; x_wconf 88' lang='lat' dir='ltr'>imperitum,</span> <span class='ocrx_word' id='word_1_102' title='bbox 1712 1524 1771 1573; x_wconf 89' lang='lat' dir='ltr'>et</span> 
     </span>
    </p>
   </div>
   <div class='ocr_carea' id='block_1_17' title="bbox 56 1606 1768 1676">
    <p class='ocr_par' dir='ltr' id='par_1_17' title="bbox 56 1606 1768 1676">
     <span class='ocr_line' id='line_1_17' title="bbox 56 1606 1768 1676; baseline 0 -17"><span class='ocrx_word' id='word_1_103' title='bbox 56 1612 361 1675; x_wconf 79' lang='lat' dir='ltr'>agrestem</span> <span class='ocrx_word' id='word_1_104' title='bbox 419 1606 754 1676; x_wconf 84' lang='lat' dir='ltr'>scriptorem</span> <span class='ocrx_word' id='word_1_105' title='bbox 813 1607 1094 1676; x_wconf 79' lang='lat' dir='ltr'>explicare</span> <span class='ocrx_word' id='word_1_106' title='bbox 1153 1623 1269 1659; x_wconf 89' lang='lat' dir='ltr'>non</span> <span class='ocrx_word' id='word_1_107' title='bbox 1318 1608 1601 1661; x_wconf 87' lang='lat' dir='ltr'>valentem</span> <span class='ocrx_word' id='word_1_108' title='bbox 1652 1608 1768 1659; x_wconf 87' lang='lat' dir='ltr'>suis</span> 
     </span>
    </p>
   </div>
   <div class='ocr_carea' id='block_1_18' title="bbox 56 1694 1766 1766">
    <p class='ocr_par' dir='ltr' id='par_1_18' title="bbox 56 1694 1766 1766">
     <span class='ocr_line' id='line_1_18' title="bbox 56 1694 1766 1766; baseline 0.002 -20"><span class='ocrx_word' id='word_1_109' title='bbox 56 1695 444 1764; x_wconf 83' lang='lat' dir='ltr'>prosequitur</span> <span class='ocrx_word' id='word_1_110' title='bbox 489 1694 651 1748; x_wconf 87' lang='lat' dir='ltr'>orsis.</span> <span class='ocrx_word' id='word_1_111' title='bbox 689 1697 753 1748; x_wconf 85' lang='lat' dir='ltr'>Et</span> <span class='ocrx_word' id='word_1_112' title='bbox 781 1696 981 1766; x_wconf 88' lang='lat' dir='ltr'>utique</span> <span class='ocrx_word' id='word_1_113' title='bbox 1013 1694 1059 1748; x_wconf 91' lang='lat' dir='ltr'>si</span> <span class='ocrx_word' id='word_1_114' title='bbox 1092 1696 1213 1765; x_wconf 81' lang='lat' dir='ltr'>ejus</span> <span class='ocrx_word' id='word_1_115' title='bbox 1251 1695 1400 1749; x_wconf 90' lang='lat' dir='ltr'>dicta</span> <span class='ocrx_word' id='word_1_116' title='bbox 1440 1712 1544 1765; x_wconf 84' lang='lat' dir='ltr'>per</span> <span class='ocrx_word' id='word_1_117' title='bbox 1589 1700 1766 1749; x_wconf 88' lang='lat' dir='ltr'>artem</span> 
     </span>
    </p>
   </div>
   <div class='ocr_carea' id='block_1_19' title="bbox 59 1782 1767 1853">
    <p class='ocr_par' dir='ltr' id='par_1_19' title="bbox 59 1782 1767 1853">
     <span class='ocr_line' id='line_1_19' title="bbox 59 1782 1767 1853; baseline 0.001 -18"><span class='ocrx_word' id='word_1_118' title='bbox 59 1784 312 1835; x_wconf 86' lang='lat' dir='ltr'>decursa</span> <span class='ocrx_word' id='word_1_119' title='bbox 362 1782 598 1847; x_wconf 80' lang='lat' dir='ltr'>videret,</span> <span class='ocrx_word' id='word_1_120' title='bbox 646 1787 744 1835; x_wconf 87' lang='lat' dir='ltr'>aut</span> <span class='ocrx_word' id='word_1_121' title='bbox 791 1784 1125 1853; x_wconf 89' lang='lat' dir='ltr'>eloquenter</span> <span class='ocrx_word' id='word_1_122' title='bbox 1172 1784 1352 1853; x_wconf 91' lang='lat' dir='ltr'>perite</span> <span class='ocrx_word' id='word_1_123' title='bbox 1390 1799 1495 1853; x_wconf 87' lang='lat' dir='ltr'>per</span> <span class='ocrx_word' id='word_1_124' title='bbox 1534 1784 1767 1837; x_wconf 86' lang='lat' dir='ltr'>sacula-</span> 
     </span>
    </p>
   </div>
   <div class='ocr_carea' id='block_1_20' title="bbox 60 1871 1767 1942">
    <p class='ocr_par' dir='ltr' id='par_1_20' title="bbox 60 1871 1767 1942">
     <span class='ocr_line' id='line_1_20' title="bbox 60 1871 1767 1942; baseline 0.001 -19"><span class='ocrx_word' id='word_1_125' title='bbox 60 1886 183 1923; x_wconf 87' lang='lat' dir='ltr'>rem</span> <span class='ocrx_word' id='word_1_126' title='bbox 221 1872 570 1940; x_wconf 81' lang='lat' dir='ltr'>sapientiam</span> <span class='ocrx_word' id='word_1_127' title='bbox 611 1872 813 1926; x_wconf 75' lang='lat' dir='ltr'>diffusa</span> <span class='ocrx_word' id='word_1_128' title='bbox 856 1871 1140 1942; x_wconf 84' lang='lat' dir='ltr'>probaret,</span> <span class='ocrx_word' id='word_1_129' title='bbox 1178 1888 1295 1925; x_wconf 90' lang='lat' dir='ltr'>non</span> <span class='ocrx_word' id='word_1_130' title='bbox 1339 1888 1471 1926; x_wconf 89' lang='lat' dir='ltr'>eum</span> <span class='ocrx_word' id='word_1_131' title='bbox 1520 1873 1619 1925; x_wconf 89' lang='lat' dir='ltr'>tali</span> <span class='ocrx_word' id='word_1_132' title='bbox 1663 1889 1767 1925; x_wconf 92' lang='lat' dir='ltr'>no-</span> 
     </span>
    </p>
   </div>
   <div class='ocr_carea' id='block_1_21' title="bbox 60 1960 1769 2030">
    <p class='ocr_par' dir='ltr' id='par_1_21' title="bbox 60 1960 1769 2030">
     <span class='ocr_line' id='line_1_21' title="bbox 60 1960 1769 2030; baseline 0.001 -17"><span class='ocrx_word' id='word_1_133' title='bbox 60 1960 222 2013; x_wconf 86' lang='lat' dir='ltr'>mine</span> <span class='ocrx_word' id='word_1_134' title='bbox 254 1960 577 2013; x_wconf 88' lang='lat' dir='ltr'>notandum</span> <span class='ocrx_word' id='word_1_135' title='bbox 612 1964 841 2029; x_wconf 88' lang='lat' dir='ltr'>putaret</span> <span class='ocrx_word' id='word_1_136' title='bbox 876 1975 890 2010; x_wconf 85' lang='lat'><strong>:</strong></span> <span class='ocrx_word' id='word_1_137' title='bbox 924 1960 1018 2014; x_wconf 90' lang='lat' dir='ltr'>sed</span> <span class='ocrx_word' id='word_1_138' title='bbox 1069 1961 1205 2030; x_wconf 89' lang='lat' dir='ltr'>quia</span> <span class='ocrx_word' id='word_1_139' title='bbox 1254 1967 1315 2014; x_wconf 89' lang='lat' dir='ltr'>ut</span> <span class='ocrx_word' id='word_1_140' title='bbox 1360 1977 1489 2014; x_wconf 82' lang='lat' dir='ltr'>vere</span> <span class='ocrx_word' id='word_1_141' title='bbox 1538 1960 1769 2030; x_wconf 85' lang='lat' dir='ltr'>gentilis</span> 
     </span>
    </p>
   </div>
   <div class='ocr_carea' id='block_1_22' title="bbox 63 2038 1768 2118">
    <p class='ocr_par' dir='ltr' id='par_1_22' title="bbox 63 2038 1768 2118">
     <span class='ocr_line' id='line_1_22' title="bbox 63 2038 1768 2118; baseline 0 -17"><span class='ocrx_word' id='word_1_142' title='bbox 63 2050 119 2101; x_wconf 90' lang='lat' dir='ltr'>in</span> <span class='ocrx_word' id='word_1_143' title='bbox 154 2050 338 2102; x_wconf 86' lang='lat' dir='ltr'>verba</span> <span class='ocrx_word' id='word_1_144' title='bbox 382 2049 521 2102; x_wconf 87' lang='lat' dir='ltr'>foris</span> <span class='ocrx_word' id='word_1_145' title='bbox 552 2054 819 2102; x_wconf 88' lang='lat' dir='ltr'>ornatum</span> <span class='ocrx_word' id='word_1_146' title='bbox 866 2065 979 2103; x_wconf 93' lang='lat' dir='ltr'>non</span> <span class='ocrx_word' id='word_1_147' title='bbox 1016 2048 1174 2112; x_wconf 82' lang='lat' dir='ltr'>vidit,</span> <span class='ocrx_word' id='word_1_148' title='bbox 1211 2038 1768 2118; x_wconf 35' lang='lat' dir='ltr'>fulgorem‘interio-</span> 
     </span>
    </p>
   </div>
   <div class='ocr_carea' id='block_1_23' title="bbox 64 2137 1769 2207">
    <p class='ocr_par' dir='ltr' id='par_1_23' title="bbox 64 2137 1769 2207">
     <span class='ocr_line' id='line_1_23' title="bbox 64 2137 1769 2207; baseline 0.001 -17"><span class='ocrx_word' id='word_1_149' title='bbox 64 2154 185 2190; x_wconf 84' lang='lat' dir='ltr'>rem</span> <span class='ocrx_word' id='word_1_150' title='bbox 235 2138 452 2190; x_wconf 89' lang='lat' dir='ltr'>rimare</span> <span class='ocrx_word' id='word_1_151' title='bbox 498 2137 757 2190; x_wconf 88' lang='lat' dir='ltr'>nescivit.</span> <span class='ocrx_word' id='word_1_152' title='bbox 810 2141 894 2192; x_wconf 82' lang='lat' dir='ltr'>An</span> <span class='ocrx_word' id='word_1_153' title='bbox 934 2138 1113 2191; x_wconf 88' lang='lat' dir='ltr'>sancti</span> <span class='ocrx_word' id='word_1_154' title='bbox 1144 2138 1397 2207; x_wconf 81' lang='lat' dir='ltr'>Apostoli</span> <span class='ocrx_word' id='word_1_155' title='bbox 1428 2139 1575 2192; x_wconf 88' lang='lat' dir='ltr'>dicta</span> <span class='ocrx_word' id='word_1_156' title='bbox 1606 2138 1769 2207; x_wconf 91' lang='lat' dir='ltr'>igno-</span> 
     </span>
    </p>
   </div>
   <div class='ocr_carea' id='block_1_24' title="bbox 66 2224 1769 2296">
    <p class='ocr_par' dir='ltr' id='par_1_24' title="bbox 66 2224 1769 2296">
     <span class='ocr_line' id='line_1_24' title="bbox 66 2224 1769 2296; baseline 0.001 -18"><span class='ocrx_word' id='word_1_157' title='bbox 66 2226 238 2279; x_wconf 85' lang='lat' dir='ltr'>randa</span> <span class='ocrx_word' id='word_1_158' title='bbox 275 2226 562 2291; x_wconf 87' lang='lat' dir='ltr'>transivit,</span> <span class='ocrx_word' id='word_1_159' title='bbox 600 2224 699 2296; x_wconf 91' lang='lat' dir='ltr'>qui</span> <span class='ocrx_word' id='word_1_160' title='bbox 739 2226 1005 2279; x_wconf 80' lang='lat' dir='ltr'>Habemus</span> <span class='ocrx_word' id='word_1_161' title='bbox 1047 2227 1358 2280; x_wconf 78' lang='lat' dir='ltr'>thesaurum</span> <span class='ocrx_word' id='word_1_162' title='bbox 1399 2226 1769 2280; x_wconf 80' lang='lat' dir='ltr'>absconditum</span> 
     </span>
    </p>
   </div>
   <div class='ocr_carea' id='block_1_25' title="bbox 62 2315 1214 2384">
    <p class='ocr_par' dir='ltr' id='par_1_25' title="bbox 62 2315 1214 2384">
     <span class='ocr_line' id='line_1_25' title="bbox 62 2315 1214 2384; baseline 0 -17"><span class='ocrx_word' id='word_1_163' title='bbox 62 2318 119 2368; x_wconf 84' lang='lat' dir='ltr'>in</span> <span class='ocrx_word' id='word_1_164' title='bbox 146 2318 301 2368; x_wconf 73' lang='lat' dir='ltr'>vasis</span> <span class='ocrx_word' id='word_1_165' title='bbox 320 2316 590 2383; x_wconf 75' lang='lat' dir='ltr'>ﬁctilibus</span> <span class='ocrx_word' id='word_1_166' title='bbox 621 2316 697 2383; x_wconf 84' lang='lat' dir='ltr'>(II</span> <span class='ocrx_word' id='word_1_167' title='bbox 726 2317 845 2371; x_wconf 83' lang='lat' dir='ltr'>Cor.</span> <span class='ocrx_word' id='word_1_168' title='bbox 879 2331 951 2380; x_wconf 84' lang='lat' dir='ltr'>iv,</span> <span class='ocrx_word' id='word_1_169' title='bbox 986 2317 1033 2384; x_wconf 81' lang='lat'>7)</span> <span class='ocrx_word' id='word_1_170' title='bbox 1062 2315 1214 2369; x_wconf 90' lang='lat' dir='ltr'>dicit.</span> 
     </span>
    </p>
   </div>
   <div class='ocr_carea' id='block_1_26' title="bbox 134 2404 1766 2475">
    <p class='ocr_par' dir='ltr' id='par_1_26' title="bbox 134 2404 1766 2475">
     <span class='ocr_line' id='line_1_26' title="bbox 134 2404 1766 2475; baseline 0.001 -20"><span class='ocrx_word' id='word_1_171' title='bbox 134 2406 223 2456; x_wconf 70' lang='lat' dir='ltr'>2i».</span> <span class='ocrx_word' id='word_1_172' title='bbox 291 2404 423 2457; x_wconf 88' lang='lat' dir='ltr'>Dies</span> <span class='ocrx_word' id='word_1_173' title='bbox 472 2404 635 2469; x_wconf 81' lang='lat' dir='ltr'>milii,</span> <span class='ocrx_word' id='word_1_174' title='bbox 694 2404 1033 2475; x_wconf 89' lang='lat' dir='ltr'>priusquam</span> <span class='ocrx_word' id='word_1_175' title='bbox 1092 2404 1389 2457; x_wconf 90' lang='lat' dir='ltr'>sententia</span> <span class='ocrx_word' id='word_1_176' title='bbox 1451 2404 1766 2469; x_wconf 92' lang='lat' dir='ltr'>doctorum,</span> 
     </span>
    </p>
   </div>
   <div class='ocr_carea' id='block_1_27' title="bbox 66 2492 1769 2557">
    <p class='ocr_par' dir='ltr' id='par_1_27' title="bbox 66 2492 1769 2557">
     <span class='ocr_line' id='line_1_27' title="bbox 66 2492 1769 2557; baseline 0 -12"><span class='ocrx_word' id='word_1_177' title='bbox 66 2493 361 2557; x_wconf 88' lang='lat' dir='ltr'>deﬁcient,</span> <span class='ocrx_word' id='word_1_178' title='bbox 408 2492 456 2546; x_wconf 92' lang='lat' dir='ltr'>si</span> <span class='ocrx_word' id='word_1_179' title='bbox 505 2493 765 2545; x_wconf 90' lang='lat' dir='ltr'>omnium</span> <span class='ocrx_word' id='word_1_180' title='bbox 811 2493 1110 2546; x_wconf 90' lang='lat' dir='ltr'>doctorum</span> <span class='ocrx_word' id='word_1_181' title='bbox 1158 2492 1469 2547; x_wconf 86' lang='lat' dir='ltr'>sententias</span> <span class='ocrx_word' id='word_1_182' title='bbox 1512 2495 1769 2546; x_wconf 88' lang='lat' dir='ltr'>maluero</span> 
     </span>
    </p>
   </div>
   <div class='ocr_carea' id='block_1_28' title="bbox 67 2580 1771 2648">
    <p class='ocr_par' dir='ltr' id='par_1_28' title="bbox 67 2580 1771 2648">
     <span class='ocr_line' id='line_1_28' title="bbox 67 2580 1771 2648; baseline 0.003 -17"><span class='ocrx_word' id='word_1_183' title='bbox 67 2595 383 2648; x_wconf 81' lang='lat' dir='ltr'>congerere</span> <span class='ocrx_word' id='word_1_184' title='bbox 433 2580 566 2633; x_wconf 86' lang='lat' dir='ltr'>huic</span> <span class='ocrx_word' id='word_1_185' title='bbox 608 2584 817 2633; x_wconf 86' lang='lat' dir='ltr'>nostra</span> <span class='ocrx_word' id='word_1_186' title='bbox 858 2580 1159 2634; x_wconf 83' lang='lat' dir='ltr'>assertioni</span> <span class='ocrx_word' id='word_1_187' title='bbox 1198 2582 1551 2635; x_wconf 86' lang='lat' dir='ltr'>coharentes</span> <span class='ocrx_word' id='word_1_188' title='bbox 1590 2588 1645 2635; x_wconf 92' lang='lat' dir='ltr'>et</span> <span class='ocrx_word' id='word_1_189' title='bbox 1682 2599 1771 2636; x_wconf 87' lang='lat' dir='ltr'>va-</span> 
     </span>
    </p>
   </div>
   <div class='ocr_carea' id='block_1_29' title="bbox 68 2668 1771 2741">
    <p class='ocr_par' dir='ltr' id='par_1_29' title="bbox 68 2668 1771 2741">
     <span class='ocr_line' id='line_1_29' title="bbox 68 2668 1771 2741; baseline 0.001 -19"><span class='ocrx_word' id='word_1_190' title='bbox 68 2668 201 2722; x_wconf 87' lang='lat' dir='ltr'>lide.</span> <span class='ocrx_word' id='word_1_191' title='bbox 236 2670 381 2732; x_wconf 83' lang='lat' dir='ltr'>Qua</span> <span class='ocrx_word' id='word_1_192' title='bbox 412 2670 546 2739; x_wconf 91' lang='lat' dir='ltr'>quia</span> <span class='ocrx_word' id='word_1_193' title='bbox 579 2671 775 2723; x_wconf 88' lang='lat' dir='ltr'>multa</span> <span class='ocrx_word' id='word_1_194' title='bbox 808 2674 957 2736; x_wconf 90' lang='lat' dir='ltr'>sunt,</span> <span class='ocrx_word' id='word_1_195' title='bbox 994 2674 1047 2723; x_wconf 90' lang='lat' dir='ltr'>et</span> <span class='ocrx_word' id='word_1_196' title='bbox 1090 2686 1235 2740; x_wconf 91' lang='lat' dir='ltr'>pene</span> <span class='ocrx_word' id='word_1_197' title='bbox 1275 2687 1307 2723; x_wconf 90' lang='lat' dir='ltr'>a</span> <span class='ocrx_word' id='word_1_198' title='bbox 1345 2671 1504 2724; x_wconf 92' lang='lat' dir='ltr'>nullo</span> <span class='ocrx_word' id='word_1_199' title='bbox 1543 2670 1771 2741; x_wconf 88' lang='lat' dir='ltr'>penitus</span> 
     </span>
    </p>
   </div>
   <div class='ocr_carea' id='block_1_30' title="bbox 71 2758 1769 2828">
    <p class='ocr_par' dir='ltr' id='par_1_30' title="bbox 71 2758 1769 2828">
     <span class='ocr_line' id='line_1_30' title="bbox 71 2758 1769 2828; baseline 0.001 -18"><span class='ocrx_word' id='word_1_200' title='bbox 71 2758 495 2828; x_wconf 85' lang='lat' dir='ltr'>sapientissimo</span> <span class='ocrx_word' id='word_1_201' title='bbox 542 2758 909 2828; x_wconf 81' lang='lat' dir='ltr'>explicanda,</span> <span class='ocrx_word' id='word_1_202' title='bbox 951 2763 1254 2813; x_wconf 88' lang='lat' dir='ltr'>contentus</span> <span class='ocrx_word' id='word_1_203' title='bbox 1303 2776 1400 2813; x_wconf 89' lang='lat' dir='ltr'>ero</span> <span class='ocrx_word' id='word_1_204' title='bbox 1444 2761 1564 2813; x_wconf 92' lang='lat' dir='ltr'>istis</span> <span class='ocrx_word' id='word_1_205' title='bbox 1606 2760 1769 2813; x_wconf 90' lang='lat' dir='ltr'>testi-</span> 
     </span>
    </p>
   </div>
   <div class='ocr_carea' id='block_1_31' title="bbox 74 2847 1769 2918">
    <p class='ocr_par' dir='ltr' id='par_1_31' title="bbox 74 2847 1769 2918">
     <span class='ocr_line' id='line_1_31' title="bbox 74 2847 1769 2918; baseline 0.002 -20"><span class='ocrx_word' id='word_1_206' title='bbox 74 2847 278 2899; x_wconf 88' lang='lat' dir='ltr'>moniis</span> <span class='ocrx_word' id='word_1_207' title='bbox 308 2853 429 2899; x_wconf 88' lang='lat' dir='ltr'>tam</span> <span class='ocrx_word' id='word_1_208' title='bbox 461 2856 485 2879; x_wconf 78' lang='grc'>⁸</span> <span class='ocrx_word' id='word_1_209' title='bbox 516 2847 785 2916; x_wconf 72' lang='lat' dir='ltr'>praeﬁxis,</span> <span class='ocrx_word' id='word_1_210' title='bbox 818 2852 875 2901; x_wconf 89' lang='lat' dir='ltr'>et</span> <span class='ocrx_word' id='word_1_211' title='bbox 905 2847 973 2901; x_wconf 90' lang='lat' dir='ltr'>ad</span> <span class='ocrx_word' id='word_1_212' title='bbox 1002 2848 1314 2901; x_wconf 90' lang='lat' dir='ltr'>secundam</span> <span class='ocrx_word' id='word_1_213' title='bbox 1345 2849 1769 2918; x_wconf 89' lang='lat' dir='ltr'>oppositionem</span> 
     </span>
    </p>
   </div>
   <div class='ocr_carea' id='block_1_32' title="bbox 72 2935 1767 3006">
    <p class='ocr_par' dir='ltr' id='par_1_32' title="bbox 72 2935 1767 3006">
     <span class='ocr_line' id='line_1_32' title="bbox 72 2935 1767 3006; baseline 0.001 -18"><span class='ocrx_word' id='word_1_214' title='bbox 72 2952 162 2988; x_wconf 90' lang='lat' dir='ltr'>me</span> <span class='ocrx_word' id='word_1_215' title='bbox 209 2935 528 2989; x_wconf 88' lang='lat' dir='ltr'>identidem</span> <span class='ocrx_word' id='word_1_216' title='bbox 570 2943 799 3006; x_wconf 90' lang='lat' dir='ltr'>patrum</span> <span class='ocrx_word' id='word_1_217' title='bbox 850 2936 1245 2991; x_wconf 86' lang='lat' dir='ltr'>decedentium</span> <span class='ocrx_word' id='word_1_218' title='bbox 1285 2939 1310 2979; x_wconf 76' lang='lat' dir='ltr'>b</span> <span class='ocrx_word' id='word_1_219' title='bbox 1349 2944 1570 2991; x_wconf 89' lang='lat' dir='ltr'>armato</span> <span class='ocrx_word' id='word_1_220' title='bbox 1618 2938 1767 2991; x_wconf 88' lang='lat' dir='ltr'>telis.</span> 
     </span>
    </p>
   </div>
   <div class='ocr_carea' id='block_1_33' title="bbox 76 3025 1768 3095">
    <p class='ocr_par' dir='ltr' id='par_1_33' title="bbox 76 3025 1768 3095">
     <span class='ocr_line' id='line_1_33' title="bbox 76 3025 1768 3095; baseline 0.001 -19"><span class='ocrx_word' id='word_1_221' title='bbox 76 3025 251 3093; x_wconf 83' lang='lat' dir='ltr'>Igitur</span> <span class='ocrx_word' id='word_1_222' title='bbox 281 3026 593 3077; x_wconf 89' lang='lat' dir='ltr'>sententias</span> <span class='ocrx_word' id='word_1_223' title='bbox 625 3025 921 3078; x_wconf 89' lang='lat' dir='ltr'>doctorum</span> <span class='ocrx_word' id='word_1_224' title='bbox 967 3042 999 3078; x_wconf 91' lang='lat' dir='ltr'>a</span> <span class='ocrx_word' id='word_1_225' title='bbox 1032 3025 1195 3079; x_wconf 90' lang='lat' dir='ltr'>nobis</span> <span class='ocrx_word' id='word_1_226' title='bbox 1237 3042 1341 3095; x_wconf 91' lang='lat' dir='ltr'>pro</span> <span class='ocrx_word' id='word_1_227' title='bbox 1385 3027 1599 3080; x_wconf 90' lang='lat' dir='ltr'>unione</span> <span class='ocrx_word' id='word_1_228' title='bbox 1644 3026 1768 3080; x_wconf 85' lang='lat' dir='ltr'>Filii</span> 
     </span>
    </p>
   </div>
   <div class='ocr_carea' id='block_1_34' title="bbox 79 3112 1769 3181">
    <p class='ocr_par' dir='ltr' id='par_1_34' title="bbox 79 3112 1769 3181">
     <span class='ocr_line' id='line_1_34' title="bbox 79 3112 1769 3181; baseline 0.001 -16"><span class='ocrx_word' id='word_1_229' title='bbox 79 3114 174 3165; x_wconf 82' lang='lat' dir='ltr'>Dei</span> <span class='ocrx_word' id='word_1_230' title='bbox 221 3112 472 3181; x_wconf 88' lang='lat' dir='ltr'>digestas</span> <span class='ocrx_word' id='word_1_231' title='bbox 517 3114 585 3166; x_wconf 91' lang='lat' dir='ltr'>de</span> <span class='ocrx_word' id='word_1_232' title='bbox 638 3118 976 3167; x_wconf 88' lang='lat' dir='ltr'>naturarum</span> <span class='ocrx_word' id='word_1_233' title='bbox 1029 3114 1392 3167; x_wconf 87' lang='lat' dir='ltr'>distinctione</span> <span class='ocrx_word' id='word_1_234' title='bbox 1439 3115 1511 3168; x_wconf 89' lang='lat' dir='ltr'>ab</span> <span class='ocrx_word' id='word_1_235' title='bbox 1557 3114 1769 3168; x_wconf 90' lang='lat' dir='ltr'>eisdem</span> 
     </span>
    </p>
   </div>
   <div class='ocr_carea' id='block_1_35' title="bbox 78 3200 1771 3273">
    <p class='ocr_par' dir='ltr' id='par_1_35' title="bbox 78 3200 1771 3273">
     <span class='ocr_line' id='line_1_35' title="bbox 78 3200 1771 3273; baseline 0.002 -20"><span class='ocrx_word' id='word_1_236' title='bbox 78 3200 443 3271; x_wconf 87' lang='lat' dir='ltr'>depromptas</span> <span class='ocrx_word' id='word_1_237' title='bbox 492 3218 660 3255; x_wconf 90' lang='lat' dir='ltr'>conas</span> <span class='ocrx_word' id='word_1_238' title='bbox 700 3212 720 3236; x_wconf 75' lang='grc' dir='ltr'><strong>ο</strong></span> <span class='ocrx_word' id='word_1_239' title='bbox 762 3203 1062 3267; x_wconf 89' lang='lat' dir='ltr'>subruere,</span> <span class='ocrx_word' id='word_1_240' title='bbox 1108 3219 1426 3273; x_wconf 90' lang='lat' dir='ltr'>eorumque</span> <span class='ocrx_word' id='word_1_241' title='bbox 1473 3204 1622 3257; x_wconf 88' lang='lat' dir='ltr'>dicta</span> <span class='ocrx_word' id='word_1_242' title='bbox 1666 3204 1771 3257; x_wconf 87' lang='lat' dir='ltr'>sibi</span> 
     </span>
    </p>
   </div>
   <div class='ocr_carea' id='block_1_36' title="bbox 80 3290 1775 3359">
    <p class='ocr_par' dir='ltr' id='par_1_36' title="bbox 80 3290 1775 3359">
     <span class='ocr_line' id='line_1_36' title="bbox 80 3290 1775 3359; baseline 0.003 -18"><span class='ocrx_word' id='word_1_243' title='bbox 80 3290 475 3359; x_wconf 86' lang='lat' dir='ltr'>impugnantia</span> <span class='ocrx_word' id='word_1_244' title='bbox 520 3307 639 3343; x_wconf 92' lang='lat' dir='ltr'>non</span> <span class='ocrx_word' id='word_1_245' title='bbox 685 3307 887 3344; x_wconf 87' lang='lat' dir='ltr'>verens</span> <span class='ocrx_word' id='word_1_246' title='bbox 936 3292 1258 3359; x_wconf 86' lang='lat' dir='ltr'>ostendere,</span> <span class='ocrx_word' id='word_1_247' title='bbox 1312 3308 1413 3345; x_wconf 91' lang='lat' dir='ltr'>nec</span> <span class='ocrx_word' id='word_1_248' title='bbox 1459 3292 1609 3345; x_wconf 81' lang='lat' dir='ltr'>beati</span> <span class='ocrx_word' id='word_1_249' title='bbox 1658 3294 1775 3347; x_wconf 79' lang='lat' dir='ltr'>Au-</span> 
     </span>
    </p>
   </div>
   <div class='ocr_carea' id='block_1_37' title="bbox 38 3377 1775 3449">
    <p class='ocr_par' dir='ltr' id='par_1_37' title="bbox 38 3377 1775 3449">
     <span class='ocr_line' id='line_1_37' title="bbox 38 3377 1775 3449; baseline 0.002 -19"><span class='ocrx_word' id='word_1_250' title='bbox 38 3428 41 3431; x_wconf 36' lang='grc' dir='ltr'><strong>λ</strong></span> <span class='ocrx_word' id='word_1_251' title='bbox 80 3377 289 3446; x_wconf 83' lang='lat' dir='ltr'>gustini</span> <span class='ocrx_word' id='word_1_252' title='bbox 315 3377 547 3448; x_wconf 88' lang='lat' dir='ltr'>eloquia</span> <span class='ocrx_word' id='word_1_253' title='bbox 586 3379 850 3442; x_wconf 88' lang='lat' dir='ltr'>destruis,</span> <span class='ocrx_word' id='word_1_254' title='bbox 902 3378 998 3432; x_wconf 89' lang='lat' dir='ltr'>sed</span> <span class='ocrx_word' id='word_1_255' title='bbox 1048 3380 1228 3433; x_wconf 89' lang='lat' dir='ltr'>sancti</span> <span class='ocrx_word' id='word_1_256' title='bbox 1266 3380 1596 3449; x_wconf 81' lang='lat' dir='ltr'>Hieronymi</span> <span class='ocrx_word' id='word_1_257' title='bbox 1643 3396 1775 3433; x_wconf 90' lang='lat' dir='ltr'>con-</span> 
     </span>
    </p>
   </div>
   <div class='ocr_carea' id='block_1_38' title="bbox 79 3467 1774 3538">
    <p class='ocr_par' dir='ltr' id='par_1_38' title="bbox 79 3467 1774 3538">
     <span class='ocr_line' id='line_1_38' title="bbox 79 3467 1774 3538; baseline 0.002 -20"><span class='ocrx_word' id='word_1_258' title='bbox 79 3471 162 3517; x_wconf 85' lang='lat' dir='ltr'>tra</span> <span class='ocrx_word' id='word_1_259' title='bbox 198 3482 328 3519; x_wconf 87' lang='lat' dir='ltr'>eum</span> <span class='ocrx_word' id='word_1_260' title='bbox 384 3467 533 3519; x_wconf 89' lang='lat' dir='ltr'>dicta</span> <span class='ocrx_word' id='word_1_261' title='bbox 585 3467 850 3537; x_wconf 85' lang='lat' dir='ltr'>opponis,</span> <span class='ocrx_word' id='word_1_262' title='bbox 903 3472 1284 3538; x_wconf 87' lang='lat' dir='ltr'>utrorumque</span> <span class='ocrx_word' id='word_1_263' title='bbox 1327 3468 1669 3522; x_wconf 89' lang='lat' dir='ltr'>sententiam</span> <span class='ocrx_word' id='word_1_264' title='bbox 1715 3470 1774 3521; x_wconf 90' lang='lat' dir='ltr'>in</span> 
     </span>
    </p>
   </div>
   <div class='ocr_carea' id='block_1_39' title="bbox 82 3551 1773 3625">
    <p class='ocr_par' dir='ltr' id='par_1_39' title="bbox 82 3551 1773 3625">
     <span class='ocr_line' id='line_1_39' title="bbox 82 3551 1773 3625; baseline 0.004 -23"><span class='ocrx_word' id='word_1_265' title='bbox 82 3551 254 3604; x_wconf 87' lang='lat' dir='ltr'>rixam</span> <span class='ocrx_word' id='word_1_266' title='bbox 294 3553 546 3619; x_wconf 90' lang='lat' dir='ltr'>mittens,</span> <span class='ocrx_word' id='word_1_267' title='bbox 581 3558 638 3605; x_wconf 91' lang='lat' dir='ltr'>et</span> <span class='ocrx_word' id='word_1_268' title='bbox 686 3552 745 3605; x_wconf 91' lang='lat' dir='ltr'>in</span> <span class='ocrx_word' id='word_1_269' title='bbox 794 3552 1012 3623; x_wconf 87' lang='lat' dir='ltr'>seipsos</span> <span class='ocrx_word' id='word_1_270' title='bbox 1061 3554 1368 3607; x_wconf 83' lang='lat' dir='ltr'>surrexisse</span> <span class='ocrx_word' id='word_1_271' title='bbox 1418 3559 1588 3625; x_wconf 86' lang='lat' dir='ltr'>atque</span> <span class='ocrx_word' id='word_1_272' title='bbox 1641 3571 1773 3608; x_wconf 90' lang='lat' dir='ltr'>con-</span> 
     </span>
    </p>
   </div>
   <div class='ocr_carea' id='block_1_40' title="bbox 83 3639 1776 3696">
    <p class='ocr_par' dir='ltr' id='par_1_40' title="bbox 83 3639 1776 3696">
     <span class='ocr_line' id='line_1_40' title="bbox 83 3639 1776 3696; baseline 0.003 -6"><span class='ocrx_word' id='word_1_273' title='bbox 83 3644 163 3690; x_wconf 85' lang='lat' dir='ltr'>tra</span> <span class='ocrx_word' id='word_1_274' title='bbox 218 3656 277 3691; x_wconf 86' lang='lat' dir='ltr'>se</span> <span class='ocrx_word' id='word_1_275' title='bbox 335 3640 554 3692; x_wconf 90' lang='lat' dir='ltr'>locutos</span> <span class='ocrx_word' id='word_1_276' title='bbox 605 3639 779 3693; x_wconf 85' lang='lat' dir='ltr'>fuisse</span> <span class='ocrx_word' id='word_1_277' title='bbox 830 3640 1155 3695; x_wconf 89' lang='lat' dir='ltr'>ostendens.</span> <span class='ocrx_word' id='word_1_278' title='bbox 1208 3641 1316 3695; x_wconf 90' lang='lat' dir='ltr'>Sed</span> <span class='ocrx_word' id='word_1_279' title='bbox 1369 3642 1513 3695; x_wconf 89' lang='lat' dir='ltr'>absit</span> <span class='ocrx_word' id='word_1_280' title='bbox 1558 3647 1619 3694; x_wconf 90' lang='lat' dir='ltr'>ut</span> <span class='ocrx_word' id='word_1_281' title='bbox 1668 3644 1776 3696; x_wconf 90' lang='lat' dir='ltr'>hoc</span> 
     </span>
    </p>
   </div>
   <div class='ocr_carea' id='block_1_41' title="bbox 83 3728 1774 3799">
    <p class='ocr_par' dir='ltr' id='par_1_41' title="bbox 83 3728 1774 3799">
     <span class='ocr_line' id='line_1_41' title="bbox 83 3728 1774 3799; baseline 0.003 -21"><span class='ocrx_word' id='word_1_282' title='bbox 83 3728 423 3781; x_wconf 87' lang='lat' dir='ltr'>credendum</span> <span class='ocrx_word' id='word_1_283' title='bbox 458 3728 626 3781; x_wconf 88' lang='lat' dir='ltr'>alicui</span> <span class='ocrx_word' id='word_1_284' title='bbox 657 3730 741 3781; x_wconf 86' lang='lat' dir='ltr'>vel</span> <span class='ocrx_word' id='word_1_285' title='bbox 772 3730 1075 3798; x_wconf 87' lang='lat' dir='ltr'>paululum</span> <span class='ocrx_word' id='word_1_286' title='bbox 1108 3730 1455 3799; x_wconf 88' lang='lat' dir='ltr'>intelligenti</span> <span class='ocrx_word' id='word_1_287' title='bbox 1486 3730 1774 3797; x_wconf 87' lang='lat' dir='ltr'>videatur;</span> 
     </span>
    </p>
   </div>
   <div class='ocr_carea' id='block_1_42' title="bbox 83 3816 1776 3884">
    <p class='ocr_par' dir='ltr' id='par_1_42' title="bbox 83 3816 1776 3884">
     <span class='ocr_line' id='line_1_42' title="bbox 83 3816 1776 3884; baseline 0.002 -17"><span class='ocrx_word' id='word_1_288' title='bbox 83 3820 233 3868; x_wconf 85' lang='lat' dir='ltr'>tanto</span> <span class='ocrx_word' id='word_1_289' title='bbox 262 3817 449 3884; x_wconf 84' lang='lat' dir='ltr'>magis</span> <span class='ocrx_word' id='word_1_290' title='bbox 489 3816 589 3869; x_wconf 90' lang='lat' dir='ltr'>tibi</span> <span class='ocrx_word' id='word_1_291' title='bbox 623 3822 782 3869; x_wconf 90' lang='lat' dir='ltr'>tanto</span> <span class='ocrx_word' id='word_1_292' title='bbox 822 3822 878 3869; x_wconf 90' lang='lat' dir='ltr'>et</span> <span class='ocrx_word' id='word_1_293' title='bbox 923 3817 1022 3869; x_wconf 91' lang='lat' dir='ltr'>tali</span> <span class='ocrx_word' id='word_1_294' title='bbox 1053 3817 1175 3869; x_wconf 91' lang='lat' dir='ltr'>viro</span> <span class='ocrx_word' id='word_1_295' title='bbox 1206 3817 1445 3870; x_wconf 89' lang='lat' dir='ltr'>scientia</span> <span class='ocrx_word' id='word_1_296' title='bbox 1476 3824 1532 3871; x_wconf 90' lang='lat' dir='ltr'>et</span> <span class='ocrx_word' id='word_1_297' title='bbox 1564 3819 1776 3871; x_wconf 86' lang='lat' dir='ltr'>libera-</span> 
     </span>
    </p>
   </div>
   <div class='ocr_carea' id='block_1_43' title="bbox 84 3903 1773 3977">
    <p class='ocr_par' dir='ltr' id='par_1_43' title="bbox 84 3903 1773 3977">
     <span class='ocr_line' id='line_1_43' title="bbox 84 3903 1773 3977; baseline 0.003 -22"><span class='ocrx_word' id='word_1_298' title='bbox 84 3903 225 3956; x_wconf 87' lang='lat' dir='ltr'>libus</span> <span class='ocrx_word' id='word_1_299' title='bbox 257 3905 475 3957; x_wconf 88' lang='lat' dir='ltr'>artibus</span> <span class='ocrx_word' id='word_1_300' title='bbox 517 3904 839 3959; x_wconf 88' lang='lat' dir='ltr'>inlustrato.</span> <span class='ocrx_word' id='word_1_301' title='bbox 880 3907 990 3958; x_wconf 90' lang='lat' dir='ltr'>Nos</span> <span class='ocrx_word' id='word_1_302' title='bbox 1031 3904 1185 3959; x_wconf 88' lang='lat' dir='ltr'>enim</span> <span class='ocrx_word' id='word_1_303' title='bbox 1227 3922 1357 3976; x_wconf 87' lang='lat' dir='ltr'>qua</span> <span class='ocrx_word' id='word_1_304' title='bbox 1391 3906 1639 3960; x_wconf 85' lang='lat' dir='ltr'>diximus</span> <span class='ocrx_word' id='word_1_305' title='bbox 1672 3922 1773 3977; x_wconf 90' lang='lat' dir='ltr'>pro</span> 
     </span>
    </p>
   </div>
   <div class='ocr_carea' id='block_1_44' title="bbox 86 3993 1774 4065">
    <p class='ocr_par' dir='ltr' id='par_1_44' title="bbox 86 3993 1774 4065">
     <span class='ocr_line' id='line_1_44' title="bbox 86 3993 1774 4065; baseline 0.002 -20"><span class='ocrx_word' id='word_1_306' title='bbox 86 3994 291 4046; x_wconf 89' lang='lat' dir='ltr'>unione</span> <span class='ocrx_word' id='word_1_307' title='bbox 321 4009 587 4063; x_wconf 68' lang='lat' dir='ltr'>persona:</span> <span class='ocrx_word' id='word_1_308' title='bbox 619 3993 960 4046; x_wconf 89' lang='lat' dir='ltr'>certavimus</span> <span class='ocrx_word' id='word_1_309' title='bbox 992 4010 1005 4047; x_wconf 88' lang='lat'><strong>:</strong></span> <span class='ocrx_word' id='word_1_310' title='bbox 1052 4010 1349 4065; x_wconf 82' lang='lat' dir='ltr'>unumque</span> <span class='ocrx_word' id='word_1_311' title='bbox 1394 3996 1680 4048; x_wconf 91' lang='lat' dir='ltr'>Christum</span> <span class='ocrx_word' id='word_1_312' title='bbox 1716 3996 1774 4048; x_wconf 88' lang='lat' dir='ltr'>in</span> 
     </span>
    </p>
   </div>
   <div class='ocr_carea' id='block_1_45' title="bbox 86 4081 1771 4153">
    <p class='ocr_par' dir='ltr' id='par_1_45' title="bbox 86 4081 1771 4153">
     <span class='ocr_line' id='line_1_45' title="bbox 86 4081 1771 4153; baseline 0.001 -19"><span class='ocrx_word' id='word_1_313' title='bbox 86 4082 299 4135; x_wconf 86' lang='lat' dir='ltr'>duabus</span> <span class='ocrx_word' id='word_1_314' title='bbox 363 4083 586 4135; x_wconf 88' lang='lat' dir='ltr'>naturis</span> <span class='ocrx_word' id='word_1_315' title='bbox 653 4081 1113 4152; x_wconf 89' lang='lat' dir='ltr'>intelligentibus</span> <span class='ocrx_word' id='word_1_316' title='bbox 1176 4084 1322 4137; x_wconf 89' lang='lat' dir='ltr'>bene</span> <span class='ocrx_word' id='word_1_317' title='bbox 1379 4083 1771 4153; x_wconf 80' lang='lat' dir='ltr'>probavimus.</span> 
     </span>
    </p>
   </div>
   <div class='ocr_carea' id='block_1_46' title="bbox 86 4170 1770 4241">
    <p class='ocr_par' dir='ltr' id='par_1_46' title="bbox 86 4170 1770 4241">
     <span class='ocr_line' id='line_1_46' title="bbox 86 4170 1770 4241; baseline 0.001 -18"><span class='ocrx_word' id='word_1_318' title='bbox 86 4171 217 4223; x_wconf 81' lang='lat' dir='ltr'>Nam</span> <span class='ocrx_word' id='word_1_319' title='bbox 248 4170 407 4240; x_wconf 90' lang='lat' dir='ltr'>quod</span> <span class='ocrx_word' id='word_1_320' title='bbox 451 4170 681 4223; x_wconf 88' lang='lat' dir='ltr'>beatum</span> <span class='ocrx_word' id='word_1_321' title='bbox 726 4172 1133 4241; x_wconf 83' lang='lat' dir='ltr'>Hieronymum</span> <span class='ocrx_word' id='word_1_322' title='bbox 1175 4172 1416 4225; x_wconf 87' lang='lat' dir='ltr'>sensisse</span> <span class='ocrx_word' id='word_1_323' title='bbox 1450 4172 1770 4237; x_wconf 87' lang='lat' dir='ltr'>contendis,</span> 
     </span>
    </p>
   </div>
   <div class='ocr_carea' id='block_1_47' title="bbox 86 4258 1774 4328">
    <p class='ocr_par' dir='ltr' id='par_1_47' title="bbox 86 4258 1774 4328">
     <span class='ocr_line' id='line_1_47' title="bbox 86 4258 1774 4328; baseline 0.001 -17"><span class='ocrx_word' id='word_1_324' title='bbox 86 4259 147 4311; x_wconf 88' lang='lat' dir='ltr'>de</span> <span class='ocrx_word' id='word_1_325' title='bbox 179 4258 528 4328; x_wconf 80' lang='lat' dir='ltr'>preprietate</span> <span class='ocrx_word' id='word_1_326' title='bbox 562 4262 898 4312; x_wconf 87' lang='lat' dir='ltr'>naturarum</span> <span class='ocrx_word' id='word_1_327' title='bbox 928 4259 1038 4312; x_wconf 93' lang='lat' dir='ltr'>hoc</span> <span class='ocrx_word' id='word_1_328' title='bbox 1069 4258 1231 4311; x_wconf 90' lang='lat' dir='ltr'>illum</span> <span class='ocrx_word' id='word_1_329' title='bbox 1272 4260 1528 4328; x_wconf 88' lang='lat' dir='ltr'>proferre</span> <span class='ocrx_word' id='word_1_330' title='bbox 1562 4260 1774 4313; x_wconf 85' lang='lat' dir='ltr'>sentire</span> 
     </span>
    </p>
   </div>
   <div class='ocr_carea' id='block_1_48' title="bbox 87 4347 1241 4421">
    <p class='ocr_par' dir='ltr' id='par_1_48' title="bbox 87 4347 1241 4421">
     <span class='ocr_line' id='line_1_48' title="bbox 87 4347 1241 4421; baseline 0.003 -23"><span class='ocrx_word' id='word_1_331' title='bbox 87 4347 272 4421; x_wconf 85' lang='lat' dir='ltr'>debes,</span> <span class='ocrx_word' id='word_1_332' title='bbox 324 4362 439 4399; x_wconf 91' lang='lat' dir='ltr'>non</span> <span class='ocrx_word' id='word_1_333' title='bbox 493 4362 599 4416; x_wconf 92' lang='lat' dir='ltr'>pro</span> <span class='ocrx_word' id='word_1_334' title='bbox 653 4347 870 4400; x_wconf 91' lang='lat' dir='ltr'>unione</span> <span class='ocrx_word' id='word_1_335' title='bbox 918 4363 1180 4417; x_wconf 88' lang='lat' dir='ltr'>persona</span> <span class='ocrx_word' id='word_1_336' title='bbox 1230 4364 1241 4401; x_wconf 95' lang='lat'>:</span> 
     </span>
    </p>
   </div>
   <div class='ocr_carea' id='block_1_49' title="bbox 90 4435 1776 4507">
    <p class='ocr_par' dir='ltr' id='par_1_49' title="bbox 90 4435 1776 4507">
     <span class='ocr_line' id='line_1_49' title="bbox 90 4435 1776 4507; baseline 0.001 -20"><span class='ocrx_word' id='word_1_337' title='bbox 90 4436 220 4488; x_wconf 89' lang='lat' dir='ltr'>duos</span> <span class='ocrx_word' id='word_1_338' title='bbox 274 4435 528 4489; x_wconf 86' lang='lat' dir='ltr'>Christos</span> <span class='ocrx_word' id='word_1_339' title='bbox 582 4435 642 4488; x_wconf 91' lang='lat' dir='ltr'>in</span> <span class='ocrx_word' id='word_1_340' title='bbox 702 4435 1129 4507; x_wconf 86' lang='lat' dir='ltr'>quaviscunque</span> <span class='ocrx_word' id='word_1_341' title='bbox 1177 4436 1459 4506; x_wconf 90' lang='lat' dir='ltr'>scriptura</span> <span class='ocrx_word' id='word_1_342' title='bbox 1502 4437 1776 4490; x_wconf 89' lang='lat' dir='ltr'>discretos</span> 
     </span>
    </p>
   </div>
   <div class='ocr_carea' id='block_1_50' title="bbox 90 4524 1778 4595">
    <p class='ocr_par' dir='ltr' id='par_1_50' title="bbox 90 4524 1778 4595">
     <span class='ocr_line' id='line_1_50' title="bbox 90 4524 1778 4595; baseline 0.001 -18"><span class='ocrx_word' id='word_1_343' title='bbox 90 4525 343 4595; x_wconf 85' lang='lat' dir='ltr'>perlegis.</span> <span class='ocrx_word' id='word_1_344' title='bbox 378 4524 533 4579; x_wconf 90' lang='lat' dir='ltr'>Sicut</span> <span class='ocrx_word' id='word_1_345' title='bbox 566 4524 708 4578; x_wconf 84' lang='lat' dir='ltr'>dixit</span> <span class='ocrx_word' id='word_1_346' title='bbox 739 4541 752 4578; x_wconf 90' lang='lat'>:</span> <span class='ocrx_word' id='word_1_347' title='bbox 796 4526 919 4578; x_wconf 83' lang='lat' dir='ltr'>Non</span> <span class='ocrx_word' id='word_1_348' title='bbox 946 4534 1099 4594; x_wconf 75' lang='lat' dir='ltr'>&quot;ergo</span> <span class='ocrx_word' id='word_1_349' title='bbox 1138 4531 1343 4579; x_wconf 89' lang='lat' dir='ltr'>natura</span> <span class='ocrx_word' id='word_1_350' title='bbox 1377 4526 1661 4595; x_wconf 84' lang='lat' dir='ltr'>unigeniti</span> <span class='ocrx_word' id='word_1_351' title='bbox 1694 4530 1778 4579; x_wconf 89' lang='lat' dir='ltr'>est</span> 
     </span>
    </p>
   </div>
   <div class='ocr_carea' id='block_1_51' title="bbox 93 4613 1775 4685">
    <p class='ocr_par' dir='ltr' id='par_1_51' title="bbox 93 4613 1775 4685">
     <span class='ocr_line' id='line_1_51' title="bbox 93 4613 1775 4685; baseline 0.002 -20"><span class='ocrx_word' id='word_1_352' title='bbox 93 4614 522 4683; x_wconf 85' lang='lat' dir='ltr'>primogenitus,</span> <span class='ocrx_word' id='word_1_353' title='bbox 558 4614 655 4667; x_wconf 85' lang='lat' dir='ltr'>sed</span> <span class='ocrx_word' id='word_1_354' title='bbox 696 4619 936 4683; x_wconf 89' lang='lat' dir='ltr'>propter</span> <span class='ocrx_word' id='word_1_355' title='bbox 978 4613 1303 4668; x_wconf 89' lang='lat' dir='ltr'>societatem</span> <span class='ocrx_word' id='word_1_356' title='bbox 1347 4615 1633 4685; x_wconf 89' lang='lat' dir='ltr'>unigeniti</span> <span class='ocrx_word' id='word_1_357' title='bbox 1677 4616 1775 4669; x_wconf 91' lang='lat' dir='ltr'>Dei</span> 
     </span>
    </p>
   </div>
   <div class='ocr_carea' id='block_1_52' title="bbox 95 4703 1777 4773">
    <p class='ocr_par' dir='ltr' id='par_1_52' title="bbox 95 4703 1777 4773">
     <span class='ocr_line' id='line_1_52' title="bbox 95 4703 1777 4773; baseline 0.003 -20"><span class='ocrx_word' id='word_1_358' title='bbox 95 4703 415 4772; x_wconf 87' lang='lat' dir='ltr'>unigenitus</span> <span class='ocrx_word' id='word_1_359' title='bbox 470 4707 573 4756; x_wconf 87' lang='lat' dir='ltr'>est.</span> <span class='ocrx_word' id='word_1_360' title='bbox 634 4703 798 4756; x_wconf 85' lang='lat' dir='ltr'>Vides</span> <span class='ocrx_word' id='word_1_361' title='bbox 855 4703 991 4773; x_wconf 89' lang='lat' dir='ltr'>quia</span> <span class='ocrx_word' id='word_1_362' title='bbox 1046 4707 1383 4757; x_wconf 87' lang='lat' dir='ltr'>naturarum</span> <span class='ocrx_word' id='word_1_363' title='bbox 1439 4704 1777 4773; x_wconf 84' lang='lat' dir='ltr'>explicuerit</span> 
     </span>
    </p>
   </div>
   <div class='ocr_carea' id='block_1_53' title="bbox 95 4792 1771 4862">
    <p class='ocr_par' dir='ltr' id='par_1_53' title="bbox 95 4792 1771 4862">
     <span class='ocr_line' id='line_1_53' title="bbox 95 4792 1771 4862; baseline 0.001 -19"><span class='ocrx_word' id='word_1_364' title='bbox 95 4792 516 4859; x_wconf 85' lang='lat' dir='ltr'>proprietatem,</span> <span class='ocrx_word' id='word_1_365' title='bbox 575 4808 693 4845; x_wconf 88' lang='lat' dir='ltr'>non</span> <span class='ocrx_word' id='word_1_366' title='bbox 758 4809 1014 4862; x_wconf 85' lang='lat' dir='ltr'>persona</span> <span class='ocrx_word' id='word_1_367' title='bbox 1074 4793 1402 4846; x_wconf 79' lang='lat' dir='ltr'>distinxerit</span> <span class='ocrx_word' id='word_1_368' title='bbox 1470 4794 1771 4847; x_wconf 89' lang='lat' dir='ltr'>unitatem.</span> 
     </span>
    </p>
   </div>
   <div class='ocr_carea' id='block_1_54' title="bbox 96 4880 1773 4951">
    <p class='ocr_par' dir='ltr' id='par_1_54' title="bbox 96 4880 1773 4951">
     <span class='ocr_line' id='line_1_54' title="bbox 96 4880 1773 4951; baseline 0.002 -18"><span class='ocrx_word' id='word_1_369' title='bbox 96 4880 221 4933; x_wconf 80' lang='lat' dir='ltr'>Nam</span> <span class='ocrx_word' id='word_1_370' title='bbox 264 4882 467 4951; x_wconf 91' lang='lat' dir='ltr'>utique</span> <span class='ocrx_word' id='word_1_371' title='bbox 513 4882 825 4934; x_wconf 82' lang='lat' dir='ltr'>secundum</span> <span class='ocrx_word' id='word_1_372' title='bbox 861 4882 1213 4935; x_wconf 91' lang='lat' dir='ltr'>divinitatem</span> <span class='ocrx_word' id='word_1_373' title='bbox 1256 4888 1335 4935; x_wconf 89' lang='lat' dir='ltr'>est</span> <span class='ocrx_word' id='word_1_374' title='bbox 1379 4884 1547 4947; x_wconf 90' lang='lat' dir='ltr'>Deus,</span> <span class='ocrx_word' id='word_1_375' title='bbox 1590 4888 1647 4936; x_wconf 90' lang='lat' dir='ltr'>et</span> <span class='ocrx_word' id='word_1_376' title='bbox 1686 4899 1773 4936; x_wconf 90' lang='lat' dir='ltr'>se-</span> 
     </span>
    </p>
   </div>
   <div class='ocr_carea' id='block_1_55' title="bbox 95 4969 1772 5026">
    <p class='ocr_par' dir='ltr' id='par_1_55' title="bbox 95 4969 1772 5026">
     <span class='ocr_line' id='line_1_55' title="bbox 95 4969 1772 5026; baseline 0.005 -8"><span class='ocrx_word' id='word_1_377' title='bbox 95 4969 330 5022; x_wconf 89' lang='lat' dir='ltr'>cundum</span> <span class='ocrx_word' id='word_1_378' title='bbox 378 4970 799 5024; x_wconf 83' lang='lat' dir='ltr'>humanitatem</span> <span class='ocrx_word' id='word_1_379' title='bbox 844 4971 1017 5024; x_wconf 90' lang='lat' dir='ltr'>homo</span> <span class='ocrx_word' id='word_1_380' title='bbox 1062 4976 1146 5024; x_wconf 90' lang='lat' dir='ltr'>est</span> <span class='ocrx_word' id='word_1_381' title='bbox 1188 4987 1373 5025; x_wconf 89' lang='lat' dir='ltr'>verus.</span> <span class='ocrx_word' id='word_1_382' title='bbox 1421 4972 1527 5026; x_wconf 91' lang='lat' dir='ltr'>Sed</span> <span class='ocrx_word' id='word_1_383' title='bbox 1563 4971 1772 5026; x_wconf 88' lang='lat' dir='ltr'>iterum</span> 
     </span>
    </p>
   </div>
   <div class='ocr_carea' id='block_1_56' title="bbox 94 5055 1774 5130">
    <p class='ocr_par' dir='ltr' id='par_1_56' title="bbox 94 5055 1774 5130">
     <span class='ocr_line' id='line_1_56' title="bbox 94 5055 1774 5130; baseline 0.004 -23"><span class='ocrx_word' id='word_1_384' title='bbox 94 5055 253 5111; x_wconf 89' lang='lat' dir='ltr'>libere</span> <span class='ocrx_word' id='word_1_385' title='bbox 286 5064 342 5111; x_wconf 89' lang='lat' dir='ltr'>et</span> <span class='ocrx_word' id='word_1_386' title='bbox 366 5063 701 5111; x_wconf 78' lang='lat' dir='ltr'>constanter</span> <span class='ocrx_word' id='word_1_387' title='bbox 721 5060 998 5128; x_wconf 88' lang='lat' dir='ltr'>proﬁteor</span> <span class='ocrx_word' id='word_1_388' title='bbox 1020 5060 1079 5112; x_wconf 91' lang='lat' dir='ltr'>in</span> <span class='ocrx_word' id='word_1_389' title='bbox 1104 5064 1341 5130; x_wconf 88' lang='lat' dir='ltr'>utraque</span> <span class='ocrx_word' id='word_1_390' title='bbox 1364 5066 1569 5114; x_wconf 90' lang='lat' dir='ltr'>natura</span> <span class='ocrx_word' id='word_1_391' title='bbox 1593 5077 1774 5114; x_wconf 89' lang='lat' dir='ltr'>unum</span> 
     </span>
    </p>
   </div>
   <div class='ocr_carea' id='block_1_57' title="bbox 98 5145 1774 5218">
    <p class='ocr_par' dir='ltr' id='par_1_57' title="bbox 98 5145 1774 5218">
     <span class='ocr_line' id='line_1_57' title="bbox 98 5145 1774 5218; baseline 0.004 -21"><span class='ocrx_word' id='word_1_392' title='bbox 98 5145 366 5199; x_wconf 83' lang='lat' dir='ltr'>Christum</span> <span class='ocrx_word' id='word_1_393' title='bbox 408 5146 674 5211; x_wconf 86' lang='lat' dir='ltr'>existere,</span> <span class='ocrx_word' id='word_1_394' title='bbox 710 5151 765 5200; x_wconf 89' lang='lat' dir='ltr'>et</span> <span class='ocrx_word' id='word_1_395' title='bbox 802 5164 981 5200; x_wconf 91' lang='lat' dir='ltr'>unum</span> <span class='ocrx_word' id='word_1_396' title='bbox 1025 5148 1229 5202; x_wconf 83' lang='lat' dir='ltr'>Filium</span> <span class='ocrx_word' id='word_1_397' title='bbox 1274 5148 1572 5218; x_wconf 88' lang='lat' dir='ltr'>proprium</span> <span class='ocrx_word' id='word_1_398' title='bbox 1619 5165 1774 5216; x_wconf 89' lang='lat' dir='ltr'>esse;</span> 
     </span>
    </p>
   </div>
   <div class='ocr_carea' id='block_1_58' title="bbox 98 5234 1774 5307">
    <p class='ocr_par' dir='ltr' id='par_1_58' title="bbox 98 5234 1774 5307">
     <span class='ocr_line' id='line_1_58' title="bbox 98 5234 1774 5307; baseline 0.004 -22"><span class='ocrx_word' id='word_1_399' title='bbox 98 5248 197 5287; x_wconf 89' lang='lat' dir='ltr'>non</span> <span class='ocrx_word' id='word_1_400' title='bbox 242 5234 401 5301; x_wconf 91' lang='lat' dir='ltr'>duos,</span> <span class='ocrx_word' id='word_1_401' title='bbox 454 5240 518 5288; x_wconf 89' lang='lat' dir='ltr'>ut</span> <span class='ocrx_word' id='word_1_402' title='bbox 558 5235 712 5289; x_wconf 87' lang='lat' dir='ltr'>visus</span> <span class='ocrx_word' id='word_1_403' title='bbox 760 5241 846 5289; x_wconf 89' lang='lat' dir='ltr'>est</span> <span class='ocrx_word' id='word_1_404' title='bbox 896 5236 1207 5307; x_wconf 88' lang='lat' dir='ltr'>Elipandus</span> <span class='ocrx_word' id='word_1_405' title='bbox 1246 5238 1551 5292; x_wconf 85' lang='lat' dir='ltr'>hareticus</span> <span class='ocrx_word' id='word_1_406' title='bbox 1592 5239 1774 5292; x_wconf 91' lang='lat' dir='ltr'>nomi-</span> 
     </span>
    </p>
   </div>
   <div class='ocr_carea' id='block_1_59' title="bbox 156 5391 433 5459">
    <p class='ocr_par' dir='ltr' id='par_1_59' title="bbox 156 5391 433 5459">
     <span class='ocr_line' id='line_1_59' title="bbox 156 5391 433 5459; baseline 0.004 -15"><span class='ocrx_word' id='word_1_407' title='bbox 156 5398 178 5422; x_wconf 78' lang='grc'>⁸</span> <span class='ocrx_word' id='word_1_408' title='bbox 212 5391 267 5444; x_wconf 82' lang='lat' dir='ltr'>F.</span> <span class='ocrx_word' id='word_1_409' title='bbox 291 5391 433 5459; x_wconf 89' lang='lat' dir='ltr'>jam.</span> 
     </span>
    </p>
   </div>
   <div class='ocr_carea' id='block_1_60' title="bbox 158 5462 725 5528">
    <p class='ocr_par' dir='ltr' id='par_1_60' title="bbox 158 5462 725 5528">
     <span class='ocr_line' id='line_1_60' title="bbox 158 5462 725 5528; baseline 0.004 -13"><span class='ocrx_word' id='word_1_410' title='bbox 158 5463 179 5502; x_wconf 73' lang='grc' dir='ltr'>ί)</span> <span class='ocrx_word' id='word_1_411' title='bbox 212 5462 265 5517; x_wconf 82' lang='lat' dir='ltr'>F.</span> <span class='ocrx_word' id='word_1_412' title='bbox 298 5463 725 5528; x_wconf 76' lang='lat' dir='ltr'>defendentium.</span> 
     </span>
    </p>
   </div>
   <div class='ocr_carea' id='block_1_61' title="bbox 160 5533 716 5588">
    <p class='ocr_par' dir='ltr' id='par_1_61' title="bbox 160 5533 716 5588">
     <span class='ocr_line' id='line_1_61' title="bbox 160 5533 716 5588; baseline 0.005 -3"><span class='ocrx_word' id='word_1_413' title='bbox 160 5540 176 5563; x_wconf 72' lang='grc' dir='ltr'><em>τ</em></span> <span class='ocrx_word' id='word_1_414' title='bbox 207 5533 357 5587; x_wconf 85' lang='lat' dir='ltr'>Idem</span> <span class='ocrx_word' id='word_1_415' title='bbox 389 5551 456 5587; x_wconf 90' lang='lat' dir='ltr'>ac</span> <span class='ocrx_word' id='word_1_416' title='bbox 484 5536 716 5588; x_wconf 79' lang='lat' dir='ltr'>conaris.</span> 
     </span>
    </p>
   </div>
   <div class='ocr_carea' id='block_1_62' title="bbox 164 5601 1769 5679">
    <p class='ocr_par' dir='ltr' id='par_1_62' title="bbox 164 5601 1769 5679">
     <span class='ocr_line' id='line_1_62' title="bbox 164 5601 1769 5679; baseline 0.002 -24"><span class='ocrx_word' id='word_1_417' title='bbox 164 5601 330 5669; x_wconf 67' lang='lat' dir='ltr'>dM5,,</span> <span class='ocrx_word' id='word_1_418' title='bbox 392 5605 544 5674; x_wconf 86' lang='lat' dir='ltr'>quod</span> <span class='ocrx_word' id='word_1_419' title='bbox 600 5606 883 5661; x_wconf 84' lang='lat' dir='ltr'>nascendo.</span> <span class='ocrx_word' id='word_1_420' title='bbox 946 5607 1165 5662; x_wconf 86' lang='lat' dir='ltr'>Nedum</span> <span class='ocrx_word' id='word_1_421' title='bbox 1228 5612 1417 5661; x_wconf 90' lang='lat' dir='ltr'>autem</span> <span class='ocrx_word' id='word_1_422' title='bbox 1472 5607 1621 5679; x_wconf 88' lang='lat' dir='ltr'>apud</span> <span class='ocrx_word' id='word_1_423' title='bbox 1683 5606 1769 5660; x_wconf 84' lang='lat' dir='ltr'>Li-</span> 
     </span>
    </p>
   </div>
   <div class='ocr_carea' id='block_1_63' title="bbox 1882 543 3568 615">
    <p class='ocr_par' dir='ltr' id='par_1_63' title="bbox 1882 543 3568 615">
     <span class='ocr_line' id='line_1_63' title="bbox 1882 543 3568 615; baseline -0.003 -17"><span class='ocrx_word' id='word_1_424' title='bbox 1882 551 2059 615; x_wconf 86' lang='lat' dir='ltr'>perat,</span> <span class='ocrx_word' id='word_1_425' title='bbox 2089 551 2143 599; x_wconf 87' lang='lat' dir='ltr'>et</span> <span class='ocrx_word' id='word_1_426' title='bbox 2175 562 2275 615; x_wconf 90' lang='lat' dir='ltr'>per</span> <span class='ocrx_word' id='word_1_427' title='bbox 2305 553 2551 599; x_wconf 91' lang='lat' dir='ltr'>mortem</span> <span class='ocrx_word' id='word_1_428' title='bbox 2581 547 2765 600; x_wconf 88' lang='lat' dir='ltr'>crucis</span> <span class='ocrx_word' id='word_1_429' title='bbox 2795 545 3207 614; x_wconf 90' lang='lat' dir='ltr'>relinquendus</span> <span class='ocrx_word' id='word_1_430' title='bbox 3239 547 3359 596; x_wconf 90' lang='lat' dir='ltr'>erat</span> <span class='ocrx_word' id='word_1_431' title='bbox 3389 559 3419 594; x_wconf 87' lang='lat' dir='ltr'>a</span> <span class='ocrx_word' id='word_1_432' title='bbox 3454 543 3568 595; x_wconf 91' lang='lat' dir='ltr'>Deo</span> 
     </span>
    </p>
   </div>
   <div class='ocr_carea' id='block_1_64' title="bbox 1879 631 3568 706">
    <p class='ocr_par' dir='ltr' id='par_1_64' title="bbox 1879 631 3568 706">
     <span class='ocr_line' id='line_1_64' title="bbox 1879 631 3568 706; baseline -0.003 -18"><span class='ocrx_word' id='word_1_433' title='bbox 1879 652 2059 706; x_wconf 90' lang='lat' dir='ltr'>usque</span> <span class='ocrx_word' id='word_1_434' title='bbox 2096 636 2163 689; x_wconf 90' lang='lat' dir='ltr'>ad</span> <span class='ocrx_word' id='word_1_435' title='bbox 2205 636 2702 701; x_wconf 87' lang='lat' dir='ltr'>resurrectionem,</span> <span class='ocrx_word' id='word_1_436' title='bbox 2745 650 2856 687; x_wconf 91' lang='lat' dir='ltr'>non</span> <span class='ocrx_word' id='word_1_437' title='bbox 2908 635 3015 687; x_wconf 85' lang='lat' dir='ltr'>hoc</span> <span class='ocrx_word' id='word_1_438' title='bbox 3058 632 3185 685; x_wconf 90' lang='lat' dir='ltr'>ideo</span> <span class='ocrx_word' id='word_1_439' title='bbox 3230 631 3367 685; x_wconf 81' lang='lat' dir='ltr'>dicit</span> <span class='ocrx_word' id='word_1_440' title='bbox 3415 631 3568 700; x_wconf 92' lang='lat' dir='ltr'>quod</span> 
     </span>
    </p>
   </div>
   <div class='ocr_carea' id='block_1_65' title="bbox 1881 718 3569 792">
    <p class='ocr_par' dir='ltr' id='par_1_65' title="bbox 1881 718 3569 792">
     <span class='ocr_line' id='line_1_65' title="bbox 1881 718 3569 792; baseline -0.004 -16"><span class='ocrx_word' id='word_1_441' title='bbox 1881 723 2217 777; x_wconf 79' lang='lat' dir='ltr'>derelictum</span> <span class='ocrx_word' id='word_1_442' title='bbox 2253 740 2382 777; x_wconf 90' lang='lat' dir='ltr'>eum</span> <span class='ocrx_word' id='word_1_443' title='bbox 2418 723 2683 787; x_wconf 88' lang='lat' dir='ltr'>afﬁrmet,</span> <span class='ocrx_word' id='word_1_444' title='bbox 2721 722 2873 792; x_wconf 89' lang='lat' dir='ltr'>quod</span> <span class='ocrx_word' id='word_1_445' title='bbox 2908 723 3076 791; x_wconf 84' lang='lat' dir='ltr'>longe</span> <span class='ocrx_word' id='word_1_446' title='bbox 3119 724 3204 773; x_wconf 89' lang='lat' dir='ltr'>est</span> <span class='ocrx_word' id='word_1_447' title='bbox 3237 736 3267 771; x_wconf 93' lang='lat' dir='ltr'>a</span> <span class='ocrx_word' id='word_1_448' title='bbox 3310 718 3569 772; x_wconf 87' lang='lat' dir='ltr'>sensibus</span> 
     </span>
    </p>
   </div>
   <div class='ocr_carea' id='block_1_66' title="bbox 1880 807 3564 879">
    <p class='ocr_par' dir='ltr' id='par_1_66' title="bbox 1880 807 3564 879">
     <span class='ocr_line' id='line_1_66' title="bbox 1880 807 3564 879; baseline -0.003 -13"><span class='ocrx_word' id='word_1_449' title='bbox 1880 812 2109 866; x_wconf 90' lang='lat' dir='ltr'>nostris.</span> <span class='ocrx_word' id='word_1_450' title='bbox 2158 812 2259 866; x_wconf 86' lang='lat' dir='ltr'>Sed</span> <span class='ocrx_word' id='word_1_451' title='bbox 2312 818 2372 865; x_wconf 92' lang='lat' dir='ltr'>ut</span> <span class='ocrx_word' id='word_1_452' title='bbox 2421 814 2622 866; x_wconf 86' lang='lat' dir='ltr'>Beatus</span> <span class='ocrx_word' id='word_1_453' title='bbox 2666 810 2993 864; x_wconf 77' lang='lat' dir='ltr'>Libanensis</span> <span class='ocrx_word' id='word_1_454' title='bbox 3034 809 3330 879; x_wconf 80' lang='lat' dir='ltr'>presbyter</span> <span class='ocrx_word' id='word_1_455' title='bbox 3371 807 3511 861; x_wconf 84' lang='lat' dir='ltr'>dixit</span> <span class='ocrx_word' id='word_1_456' title='bbox 3551 823 3564 861; x_wconf 90' lang='lat'>:</span> 
     </span>
    </p>
   </div>
   <div class='ocr_carea' id='block_1_67' title="bbox 1883 896 3567 972">
    <p class='ocr_par' dir='ltr' id='par_1_67' title="bbox 1883 896 3567 972">
     <span class='ocr_line' id='line_1_67' title="bbox 1883 896 3567 972; baseline -0.005 -16"><span class='ocrx_word' id='word_1_457' title='bbox 1883 904 2006 956; x_wconf 88' lang='lat' dir='ltr'>Non</span> <span class='ocrx_word' id='word_1_458' title='bbox 2056 902 2208 972; x_wconf 89' lang='lat' dir='ltr'>quod</span> <span class='ocrx_word' id='word_1_459' title='bbox 2272 900 2546 955; x_wconf 89' lang='lat' dir='ltr'>Divinitas</span> <span class='ocrx_word' id='word_1_460' title='bbox 2604 900 2903 969; x_wconf 88' lang='lat' dir='ltr'>reliquerit</span> <span class='ocrx_word' id='word_1_461' title='bbox 2952 914 3181 951; x_wconf 90' lang='lat' dir='ltr'>carnem</span> <span class='ocrx_word' id='word_1_462' title='bbox 3239 913 3419 961; x_wconf 87' lang='lat' dir='ltr'>suam,</span> <span class='ocrx_word' id='word_1_463' title='bbox 3470 896 3567 949; x_wconf 89' lang='lat' dir='ltr'>sed</span> 
     </span>
    </p>
   </div>
   <div class='ocr_carea' id='block_1_68' title="bbox 1879 986 3570 1062">
    <p class='ocr_par' dir='ltr' id='par_1_68' title="bbox 1879 986 3570 1062">
     <span class='ocr_line' id='line_1_68' title="bbox 1879 986 3570 1062; baseline -0.004 -18"><span class='ocrx_word' id='word_1_464' title='bbox 1879 992 2030 1062; x_wconf 91' lang='lat' dir='ltr'>quod</span> <span class='ocrx_word' id='word_1_465' title='bbox 2080 1008 2193 1045; x_wconf 88' lang='lat' dir='ltr'>non</span> <span class='ocrx_word' id='word_1_466' title='bbox 2242 990 2654 1045; x_wconf 89' lang='lat' dir='ltr'>commoritura</span> <span class='ocrx_word' id='word_1_467' title='bbox 2706 995 2828 1043; x_wconf 90' lang='lat' dir='ltr'>erat</span> <span class='ocrx_word' id='word_1_468' title='bbox 2867 1004 2992 1042; x_wconf 92' lang='lat' dir='ltr'>cum</span> <span class='ocrx_word' id='word_1_469' title='bbox 3039 1003 3207 1039; x_wconf 91' lang='lat' dir='ltr'>carne</span> <span class='ocrx_word' id='word_1_470' title='bbox 3246 1001 3392 1038; x_wconf 82' lang='lat' dir='ltr'>sua:</span> <span class='ocrx_word' id='word_1_471' title='bbox 3435 986 3570 1054; x_wconf 90' lang='lat' dir='ltr'>quia</span> 
     </span>
    </p>
   </div>
   <div class='ocr_carea' id='block_1_69' title="bbox 1877 1073 3565 1150">
    <p class='ocr_par' dir='ltr' id='par_1_69' title="bbox 1877 1073 3565 1150">
     <span class='ocr_line' id='line_1_69' title="bbox 1877 1073 3565 1150; baseline -0.005 -17"><span class='ocrx_word' id='word_1_472' title='bbox 1877 1082 1957 1133; x_wconf 91' lang='lat' dir='ltr'>sic</span> <span class='ocrx_word' id='word_1_473' title='bbox 1988 1081 2046 1133; x_wconf 91' lang='lat' dir='ltr'>in</span> <span class='ocrx_word' id='word_1_474' title='bbox 2086 1081 2345 1150; x_wconf 74' lang='lat' dir='ltr'>sepulcro</span> <span class='ocrx_word' id='word_1_475' title='bbox 2391 1096 2617 1133; x_wconf 81' lang='lat' dir='ltr'>carnem</span> <span class='ocrx_word' id='word_1_476' title='bbox 2652 1096 2812 1132; x_wconf 86' lang='lat' dir='ltr'>suam</span> <span class='ocrx_word' id='word_1_477' title='bbox 2849 1076 3265 1131; x_wconf 82' lang='lat' dir='ltr'>commanendo</span> <span class='ocrx_word' id='word_1_478' title='bbox 3306 1090 3420 1126; x_wconf 88' lang='lat' dir='ltr'>non</span> <span class='ocrx_word' id='word_1_479' title='bbox 3465 1073 3565 1127; x_wconf 88' lang='lat' dir='ltr'>de-</span> 
     </span>
    </p>
   </div>
   <div class='ocr_carea' id='block_1_70' title="bbox 1880 1164 3566 1239">
    <p class='ocr_par' dir='ltr' id='par_1_70' title="bbox 1880 1164 3566 1239">
     <span class='ocr_line' id='line_1_70' title="bbox 1880 1164 3566 1239; baseline -0.006 -16"><span class='ocrx_word' id='word_1_480' title='bbox 1880 1170 2075 1236; x_wconf 86' lang='lat' dir='ltr'>seruit,</span> <span class='ocrx_word' id='word_1_481' title='bbox 2112 1169 2257 1223; x_wconf 87' lang='lat' dir='ltr'>sicut</span> <span class='ocrx_word' id='word_1_482' title='bbox 2300 1168 2357 1222; x_wconf 93' lang='lat' dir='ltr'>in</span> <span class='ocrx_word' id='word_1_483' title='bbox 2394 1174 2554 1223; x_wconf 87' lang='lat' dir='ltr'>utero</span> <span class='ocrx_word' id='word_1_484' title='bbox 2601 1168 2846 1239; x_wconf 78' lang='lat' dir='ltr'>Virginis</span> <span class='ocrx_word' id='word_1_485' title='bbox 2885 1164 3276 1220; x_wconf 83' lang='lat' dir='ltr'>connasccndo</span> <span class='ocrx_word' id='word_1_486' title='bbox 3306 1165 3330 1204; x_wconf 75' lang='grc' dir='ltr'>ἀ</span> <span class='ocrx_word' id='word_1_487' title='bbox 3375 1164 3566 1215; x_wconf 86' lang='lat' dir='ltr'>ﬁrma-</span> 
     </span>
    </p>
   </div>
   <div class='ocr_carea' id='block_1_71' title="bbox 1878 1250 3570 1328">
    <p class='ocr_par' dir='ltr' id='par_1_71' title="bbox 1878 1250 3570 1328">
     <span class='ocr_line' id='line_1_71' title="bbox 1878 1250 3570 1328; baseline -0.005 -17"><span class='ocrx_word' id='word_1_488' title='bbox 1878 1258 1973 1311; x_wconf 88' lang='lat' dir='ltr'>vit.</span> <span class='ocrx_word' id='word_1_489' title='bbox 2015 1257 2169 1311; x_wconf 73' lang='lat' dir='ltr'>Fidei</span> <span class='ocrx_word' id='word_1_490' title='bbox 2209 1274 2346 1328; x_wconf 88' lang='lat' dir='ltr'>ergo</span> <span class='ocrx_word' id='word_1_491' title='bbox 2386 1262 2594 1311; x_wconf 83' lang='lat' dir='ltr'>nostra</span> <span class='ocrx_word' id='word_1_492' title='bbox 2637 1258 2715 1311; x_wconf 91' lang='lat' dir='ltr'>sic</span> <span class='ocrx_word' id='word_1_493' title='bbox 2760 1256 3043 1320; x_wconf 86' lang='lat' dir='ltr'>convenit,</span> <span class='ocrx_word' id='word_1_494' title='bbox 3100 1260 3161 1306; x_wconf 91' lang='lat' dir='ltr'>ut</span> <span class='ocrx_word' id='word_1_495' title='bbox 3203 1254 3371 1305; x_wconf 91' lang='lat' dir='ltr'>homo</span> <span class='ocrx_word' id='word_1_496' title='bbox 3418 1250 3570 1303; x_wconf 87' lang='lat' dir='ltr'>ﬁlius</span> 
     </span>
    </p>
   </div>
   <div class='ocr_carea' id='block_1_72' title="bbox 1878 1340 3571 1415">
    <p class='ocr_par' dir='ltr' id='par_1_72' title="bbox 1878 1340 3571 1415">
     <span class='ocr_line' id='line_1_72' title="bbox 1878 1340 3571 1415; baseline -0.006 -14"><span class='ocrx_word' id='word_1_497' title='bbox 1878 1348 2025 1401; x_wconf 90' lang='lat' dir='ltr'>dicat</span> <span class='ocrx_word' id='word_1_498' title='bbox 2072 1368 2082 1401; x_wconf 93' lang='lat'><strong>:</strong></span> <span class='ocrx_word' id='word_1_499' title='bbox 2129 1348 2304 1412; x_wconf 83' lang='lat' dir='ltr'>Quare</span> <span class='ocrx_word' id='word_1_500' title='bbox 2343 1364 2423 1400; x_wconf 88' lang='lat' dir='ltr'>me</span> <span class='ocrx_word' id='word_1_501' title='bbox 2463 1348 2842 1415; x_wconf 76' lang='lat' dir='ltr'>deretiquisti?</span> <span class='ocrx_word' id='word_1_502' title='bbox 2887 1344 3109 1413; x_wconf 81' lang='lat' dir='ltr'>(Matth.</span> <span class='ocrx_word' id='word_1_503' title='bbox 3159 1358 3330 1404; x_wconf 77' lang='lat' dir='ltr'>xxvii,</span> <span class='ocrx_word' id='word_1_504' title='bbox 3374 1340 3467 1409; x_wconf 76' lang='grc'>46)</span> <span class='ocrx_word' id='word_1_505' title='bbox 3515 1344 3571 1392; x_wconf 89' lang='lat' dir='ltr'>et</span> 
     </span>
    </p>
   </div>
   <div class='ocr_carea' id='block_1_73' title="bbox 1879 1430 3575 1505">
    <p class='ocr_par' dir='ltr' id='par_1_73' title="bbox 1879 1430 3575 1505">
     <span class='ocr_line' id='line_1_73' title="bbox 1879 1430 3575 1505; baseline -0.005 -17"><span class='ocrx_word' id='word_1_506' title='bbox 1879 1436 2026 1488; x_wconf 83' lang='lat' dir='ltr'>Deus</span> <span class='ocrx_word' id='word_1_507' title='bbox 2059 1435 2227 1499; x_wconf 89' lang='lat' dir='ltr'>ﬁlius,</span> <span class='ocrx_word' id='word_1_508' title='bbox 2263 1436 2519 1505; x_wconf 87' lang='lat' dir='ltr'>quicum</span> <span class='ocrx_word' id='word_1_509' title='bbox 2565 1437 2727 1489; x_wconf 87' lang='lat' dir='ltr'>Patre</span> <span class='ocrx_word' id='word_1_510' title='bbox 2769 1434 3004 1505; x_wconf 83' lang='lat' dir='ltr'>aqualis</span> <span class='ocrx_word' id='word_1_511' title='bbox 3053 1437 3156 1496; x_wconf 87' lang='lat' dir='ltr'>est,</span> <span class='ocrx_word' id='word_1_512' title='bbox 3210 1431 3359 1482; x_wconf 87' lang='lat' dir='ltr'>dicat</span> <span class='ocrx_word' id='word_1_513' title='bbox 3404 1444 3417 1481; x_wconf 88' lang='lat'>:</span> <span class='ocrx_word' id='word_1_514' title='bbox 3469 1430 3575 1497; x_wconf 76' lang='lat' dir='ltr'>Qui</span> 
     </span>
    </p>
   </div>
   <div class='ocr_carea' id='block_1_74' title="bbox 1878 1518 3567 1591">
    <p class='ocr_par' dir='ltr' id='par_1_74' title="bbox 1878 1518 3567 1591">
     <span class='ocr_line' id='line_1_74' title="bbox 1878 1518 3567 1591; baseline -0.004 -15"><span class='ocrx_word' id='word_1_515' title='bbox 1878 1539 1958 1576; x_wconf 87' lang='lat' dir='ltr'>me</span> <span class='ocrx_word' id='word_1_516' title='bbox 1991 1526 2141 1577; x_wconf 81' lang='lat' dir='ltr'>misit</span> <span class='ocrx_word' id='word_1_517' title='bbox 2174 1540 2375 1577; x_wconf 88' lang='lat' dir='ltr'>mecum</span> <span class='ocrx_word' id='word_1_518' title='bbox 2405 1529 2504 1591; x_wconf 79' lang='lat' dir='ltr'>est,</span> <span class='ocrx_word' id='word_1_519' title='bbox 2535 1540 2627 1577; x_wconf 83' lang='lat' dir='ltr'>nec</span> <span class='ocrx_word' id='word_1_520' title='bbox 2665 1539 2743 1575; x_wconf 87' lang='lat' dir='ltr'>me</span> <span class='ocrx_word' id='word_1_521' title='bbox 2772 1523 3062 1589; x_wconf 77' lang='lat' dir='ltr'>dereliquit</span> <span class='ocrx_word' id='word_1_522' title='bbox 3103 1523 3275 1589; x_wconf 84' lang='lat' dir='ltr'>(Joan.</span> <span class='ocrx_word' id='word_1_523' title='bbox 3310 1534 3425 1578; x_wconf 84' lang='lat' dir='ltr'>vm.</span> <span class='ocrx_word' id='word_1_524' title='bbox 3457 1518 3567 1581; x_wconf 77' lang='grc'>49).</span> 
     </span>
    </p>
   </div>
   <div class='ocr_carea' id='block_1_75' title="bbox 1880 1606 3567 1682">
    <p class='ocr_par' dir='ltr' id='par_1_75' title="bbox 1880 1606 3567 1682">
     <span class='ocr_line' id='line_1_75' title="bbox 1880 1606 3567 1682; baseline -0.005 -18"><span class='ocrx_word' id='word_1_525' title='bbox 1880 1612 1944 1664; x_wconf 86' lang='lat' dir='ltr'>Et</span> <span class='ocrx_word' id='word_1_526' title='bbox 1987 1628 2116 1664; x_wconf 91' lang='lat' dir='ltr'>cum</span> <span class='ocrx_word' id='word_1_527' title='bbox 2166 1628 2229 1664; x_wconf 83' lang='lat' dir='ltr'>ex</span> <span class='ocrx_word' id='word_1_528' title='bbox 2278 1617 2524 1682; x_wconf 87' lang='lat' dir='ltr'>utroque</span> <span class='ocrx_word' id='word_1_529' title='bbox 2570 1628 2717 1664; x_wconf 91' lang='lat' dir='ltr'>unus</span> <span class='ocrx_word' id='word_1_530' title='bbox 2762 1611 2835 1663; x_wconf 90' lang='lat' dir='ltr'>sit</span> <span class='ocrx_word' id='word_1_531' title='bbox 2879 1610 3075 1674; x_wconf 85' lang='lat' dir='ltr'>Filius,</span> <span class='ocrx_word' id='word_1_532' title='bbox 3118 1606 3433 1660; x_wconf 79' lang='lat' dir='ltr'>cavendum</span> <span class='ocrx_word' id='word_1_533' title='bbox 3467 1610 3567 1668; x_wconf 87' lang='lat' dir='ltr'>est,</span> 
     </span>
    </p>
   </div>
   <div class='ocr_carea' id='block_1_76' title="bbox 1880 1698 3570 1771">
    <p class='ocr_par' dir='ltr' id='par_1_76' title="bbox 1880 1698 3570 1771">
     <span class='ocr_line' id='line_1_76' title="bbox 1880 1698 3570 1771; baseline -0.004 -19"><span class='ocrx_word' id='word_1_534' title='bbox 1880 1716 1951 1752; x_wconf 88' lang='lat' dir='ltr'>ne</span> <span class='ocrx_word' id='word_1_535' title='bbox 1987 1700 2195 1771; x_wconf 90' lang='lat' dir='ltr'>aliquis</span> <span class='ocrx_word' id='word_1_536' title='bbox 2241 1701 2390 1754; x_wconf 90' lang='lat' dir='ltr'>dicat</span> <span class='ocrx_word' id='word_1_537' title='bbox 2435 1718 2446 1753; x_wconf 92' lang='lat'>:</span> <span class='ocrx_word' id='word_1_538' title='bbox 2496 1702 2676 1753; x_wconf 84' lang='lat' dir='ltr'>Homo</span> <span class='ocrx_word' id='word_1_539' title='bbox 2719 1704 2802 1752; x_wconf 89' lang='lat' dir='ltr'>est</span> <span class='ocrx_word' id='word_1_540' title='bbox 2841 1703 3117 1759; x_wconf 87' lang='lat' dir='ltr'>mortuus,</span> <span class='ocrx_word' id='word_1_541' title='bbox 3152 1702 3206 1749; x_wconf 90' lang='lat' dir='ltr'>et</span> <span class='ocrx_word' id='word_1_542' title='bbox 3247 1698 3393 1750; x_wconf 90' lang='lat' dir='ltr'>Deus</span> <span class='ocrx_word' id='word_1_543' title='bbox 3438 1709 3570 1747; x_wconf 89' lang='lat' dir='ltr'>eum</span> 
     </span>
    </p>
   </div>
   <div class='ocr_carea' id='block_1_77' title="bbox 1880 1785 3570 1857">
    <p class='ocr_par' dir='ltr' id='par_1_77' title="bbox 1880 1785 3570 1857">
     <span class='ocr_line' id='line_1_77' title="bbox 1880 1785 3570 1857; baseline -0.005 -15"><span class='ocrx_word' id='word_1_544' title='bbox 1880 1791 2162 1843; x_wconf 86' lang='lat' dir='ltr'>excitavit.</span> <span class='ocrx_word' id='word_1_545' title='bbox 2225 1790 2338 1842; x_wconf 91' lang='lat' dir='ltr'>Hoc</span> <span class='ocrx_word' id='word_1_546' title='bbox 2403 1789 2487 1842; x_wconf 90' lang='lat' dir='ltr'>illi</span> <span class='ocrx_word' id='word_1_547' title='bbox 2554 1789 2751 1843; x_wconf 85' lang='lat' dir='ltr'>dicunt</span> <span class='ocrx_word' id='word_1_548' title='bbox 2810 1786 2908 1857; x_wconf 92' lang='lat' dir='ltr'>qui</span> <span class='ocrx_word' id='word_1_549' title='bbox 2973 1785 3283 1839; x_wconf 82' lang='lat' dir='ltr'>secundum</span> <span class='ocrx_word' id='word_1_550' title='bbox 3338 1798 3570 1836; x_wconf 84' lang='lat' dir='ltr'>carnem</span> 
     </span>
    </p>
   </div>
   <div class='ocr_carea' id='block_1_78' title="bbox 1877 1873 3573 1951">
    <p class='ocr_par' dir='ltr' id='par_1_78' title="bbox 1877 1873 3573 1951">
     <span class='ocr_line' id='line_1_78' title="bbox 1877 1873 3573 1951; baseline -0.006 -19"><span class='ocrx_word' id='word_1_551' title='bbox 1877 1880 2192 1951; x_wconf 75' lang='lat' dir='ltr'>pradicant</span> <span class='ocrx_word' id='word_1_552' title='bbox 2223 1878 2573 1949; x_wconf 86' lang='lat' dir='ltr'>adoptivum,</span> <span class='ocrx_word' id='word_1_553' title='bbox 2608 1883 2665 1931; x_wconf 91' lang='lat' dir='ltr'>et</span> <span class='ocrx_word' id='word_1_554' title='bbox 2698 1876 3013 1931; x_wconf 88' lang='lat' dir='ltr'>secundum</span> <span class='ocrx_word' id='word_1_555' title='bbox 3050 1873 3405 1928; x_wconf 85' lang='lat' dir='ltr'>divinitatem</span> <span class='ocrx_word' id='word_1_556' title='bbox 3439 1887 3573 1941; x_wconf 86' lang='lat' dir='ltr'>pro-</span> 
     </span>
    </p>
   </div>
   <div class='ocr_carea' id='block_1_79' title="bbox 1876 1969 2089 2041">
    <p class='ocr_par' dir='ltr' id='par_1_79' title="bbox 1876 1969 2089 2041">
     <span class='ocr_line' id='line_1_79' title="bbox 1876 1969 2089 2041; baseline -0.009 -18"><span class='ocrx_word' id='word_1_557' title='bbox 1876 1969 2089 2041; x_wconf 88' lang='lat' dir='ltr'>prium.</span> 
     </span>
    </p>
   </div>
   <div class='ocr_carea' id='block_1_80' title="bbox 1948 2136 3573 2211">
    <p class='ocr_par' dir='ltr' id='par_1_80' title="bbox 1948 2136 3573 2211">
     <span class='ocr_line' id='line_1_80' title="bbox 1948 2136 3573 2211; baseline -0.005 -14"><span class='ocrx_word' id='word_1_558' title='bbox 1948 2148 2036 2198; x_wconf 79' lang='lat'>25.</span> <span class='ocrx_word' id='word_1_559' title='bbox 2074 2145 2295 2197; x_wconf 88' lang='lat' dir='ltr'>Dictum</span> <span class='ocrx_word' id='word_1_560' title='bbox 2330 2159 2459 2196; x_wconf 86' lang='lat' dir='ltr'>vero</span> <span class='ocrx_word' id='word_1_561' title='bbox 2497 2142 2550 2196; x_wconf 89' lang='lat' dir='ltr'>S.</span> <span class='ocrx_word' id='word_1_562' title='bbox 2604 2139 2936 2211; x_wconf 85' lang='lat' dir='ltr'>Hieronymi</span> <span class='ocrx_word' id='word_1_563' title='bbox 2980 2155 3013 2192; x_wconf 92' lang='lat' dir='ltr'>a</span> <span class='ocrx_word' id='word_1_564' title='bbox 3052 2144 3131 2205; x_wconf 88' lang='lat' dir='ltr'>te,</span> <span class='ocrx_word' id='word_1_565' title='bbox 3177 2138 3376 2192; x_wconf 84' lang='lat' dir='ltr'>dilecte</span> <span class='ocrx_word' id='word_1_566' title='bbox 3417 2136 3573 2208; x_wconf 91' lang='lat' dir='ltr'>posi-</span> 
     </span>
    </p>
   </div>
   <div class='ocr_carea' id='block_1_81' title="bbox 1878 2224 3573 2300">
    <p class='ocr_par' dir='ltr' id='par_1_81' title="bbox 1878 2224 3573 2300">
     <span class='ocr_line' id='line_1_81' title="bbox 1878 2224 3573 2300; baseline -0.005 -15"><span class='ocrx_word' id='word_1_567' title='bbox 1878 2236 2024 2299; x_wconf 89' lang='lat' dir='ltr'>tum,</span> <span class='ocrx_word' id='word_1_568' title='bbox 2071 2232 2147 2284; x_wconf 90' lang='lat' dir='ltr'>ita</span> <span class='ocrx_word' id='word_1_569' title='bbox 2195 2230 2589 2300; x_wconf 89' lang='lat' dir='ltr'>accipiendum</span> <span class='ocrx_word' id='word_1_570' title='bbox 2637 2230 2838 2299; x_wconf 90' lang='lat' dir='ltr'>procul</span> <span class='ocrx_word' id='word_1_571' title='bbox 2884 2227 3055 2281; x_wconf 90' lang='lat' dir='ltr'>dubio</span> <span class='ocrx_word' id='word_1_572' title='bbox 3102 2226 3387 2296; x_wconf 81' lang='lat' dir='ltr'>congruit,</span> <span class='ocrx_word' id='word_1_573' title='bbox 3439 2224 3573 2295; x_wconf 91' lang='lat' dir='ltr'>quia</span> 
     </span>
    </p>
   </div>
   <div class='ocr_carea' id='block_1_82' title="bbox 1877 2315 3574 2384">
    <p class='ocr_par' dir='ltr' id='par_1_82' title="bbox 1877 2315 3574 2384">
     <span class='ocr_line' id='line_1_82' title="bbox 1877 2315 3574 2384; baseline -0.003 -11"><span class='ocrx_word' id='word_1_574' title='bbox 1877 2319 2207 2373; x_wconf 88' lang='lat' dir='ltr'>humanitas</span> <span class='ocrx_word' id='word_1_575' title='bbox 2252 2319 2523 2372; x_wconf 89' lang='lat' dir='ltr'>derelicta</span> <span class='ocrx_word' id='word_1_576' title='bbox 2566 2321 2648 2370; x_wconf 89' lang='lat' dir='ltr'>est</span> <span class='ocrx_word' id='word_1_577' title='bbox 2698 2333 2731 2369; x_wconf 91' lang='lat' dir='ltr'>a</span> <span class='ocrx_word' id='word_1_578' title='bbox 2780 2315 3074 2369; x_wconf 88' lang='lat' dir='ltr'>divinitate</span> <span class='ocrx_word' id='word_1_579' title='bbox 3126 2332 3227 2368; x_wconf 90' lang='lat' dir='ltr'>sua</span> <span class='ocrx_word' id='word_1_580' title='bbox 3280 2330 3409 2367; x_wconf 87' lang='lat' dir='ltr'>cum</span> <span class='ocrx_word' id='word_1_581' title='bbox 3460 2331 3574 2384; x_wconf 89' lang='lat' dir='ltr'>qua</span> 
     </span>
    </p>
   </div>
   <div class='ocr_carea' id='block_1_83' title="bbox 1878 2402 3571 2477">
    <p class='ocr_par' dir='ltr' id='par_1_83' title="bbox 1878 2402 3571 2477">
     <span class='ocr_line' id='line_1_83' title="bbox 1878 2402 3571 2477; baseline -0.005 -16"><span class='ocrx_word' id='word_1_582' title='bbox 1878 2408 2001 2477; x_wconf 90' lang='lat' dir='ltr'>ipsa</span> <span class='ocrx_word' id='word_1_583' title='bbox 2034 2408 2203 2461; x_wconf 90' lang='lat' dir='ltr'>tertia</span> <span class='ocrx_word' id='word_1_584' title='bbox 2241 2412 2325 2461; x_wconf 91' lang='lat' dir='ltr'>est</span> <span class='ocrx_word' id='word_1_585' title='bbox 2367 2408 2427 2460; x_wconf 91' lang='lat' dir='ltr'>in</span> <span class='ocrx_word' id='word_1_586' title='bbox 2472 2407 2750 2459; x_wconf 85' lang='lat' dir='ltr'>Trimtate</span> <span class='ocrx_word' id='word_1_587' title='bbox 2793 2420 3059 2475; x_wconf 90' lang='lat' dir='ltr'>persona.</span> <span class='ocrx_word' id='word_1_588' title='bbox 3102 2403 3207 2457; x_wconf 88' lang='lat' dir='ltr'>Sed</span> <span class='ocrx_word' id='word_1_589' title='bbox 3252 2402 3387 2473; x_wconf 88' lang='lat' dir='ltr'>quia</span> <span class='ocrx_word' id='word_1_590' title='bbox 3430 2402 3571 2455; x_wconf 89' lang='lat' dir='ltr'>divi-</span> 
     </span>
    </p>
   </div>
   <div class='ocr_carea' id='block_1_84' title="bbox 1878 2490 3572 2563">
    <p class='ocr_par' dir='ltr' id='par_1_84' title="bbox 1878 2490 3572 2563">
     <span class='ocr_line' id='line_1_84' title="bbox 1878 2490 3572 2563; baseline -0.005 -14"><span class='ocrx_word' id='word_1_591' title='bbox 1878 2494 2024 2549; x_wconf 88' lang='lat' dir='ltr'>nitas</span> <span class='ocrx_word' id='word_1_592' title='bbox 2055 2495 2201 2548; x_wconf 91' lang='lat' dir='ltr'>mori</span> <span class='ocrx_word' id='word_1_593' title='bbox 2232 2511 2347 2547; x_wconf 90' lang='lat' dir='ltr'>non</span> <span class='ocrx_word' id='word_1_594' title='bbox 2381 2498 2627 2563; x_wconf 89' lang='lat' dir='ltr'>poterat,</span> <span class='ocrx_word' id='word_1_595' title='bbox 2661 2493 2788 2545; x_wconf 89' lang='lat' dir='ltr'>ideo</span> <span class='ocrx_word' id='word_1_596' title='bbox 2824 2492 2988 2563; x_wconf 90' lang='lat' dir='ltr'>quasi</span> <span class='ocrx_word' id='word_1_597' title='bbox 3031 2492 3091 2544; x_wconf 90' lang='lat' dir='ltr'>in</span> <span class='ocrx_word' id='word_1_598' title='bbox 3134 2508 3193 2543; x_wconf 88' lang='lat' dir='ltr'>se</span> <span class='ocrx_word' id='word_1_599' title='bbox 3243 2490 3359 2543; x_wconf 86' lang='lat' dir='ltr'>sola</span> <span class='ocrx_word' id='word_1_600' title='bbox 3408 2495 3572 2542; x_wconf 87' lang='lat' dir='ltr'>natu-</span> 
     </span>
    </p>
   </div>
   <div class='ocr_carea' id='block_1_85' title="bbox 1878 2579 3574 2652">
    <p class='ocr_par' dir='ltr' id='par_1_85' title="bbox 1878 2579 3574 2652">
     <span class='ocr_line' id='line_1_85' title="bbox 1878 2579 3574 2652; baseline -0.005 -15"><span class='ocrx_word' id='word_1_601' title='bbox 1878 2584 2074 2637; x_wconf 89' lang='lat' dir='ltr'>raliter</span> <span class='ocrx_word' id='word_1_602' title='bbox 2120 2583 2450 2637; x_wconf 89' lang='lat' dir='ltr'>humanitas</span> <span class='ocrx_word' id='word_1_603' title='bbox 2499 2582 2823 2652; x_wconf 87' lang='lat' dir='ltr'>passionem</span> <span class='ocrx_word' id='word_1_604' title='bbox 2880 2581 3115 2634; x_wconf 84' lang='lat' dir='ltr'>ferebat.</span> <span class='ocrx_word' id='word_1_605' title='bbox 3167 2579 3336 2633; x_wconf 84' lang='lat' dir='ltr'>Miror</span> <span class='ocrx_word' id='word_1_606' title='bbox 3382 2584 3574 2630; x_wconf 88' lang='lat' dir='ltr'>tamen</span> 
     </span>
    </p>
   </div>
   <div class='ocr_carea' id='block_1_86' title="bbox 1881 2666 3573 2743">
    <p class='ocr_par' dir='ltr' id='par_1_86' title="bbox 1881 2666 3573 2743">
     <span class='ocr_line' id='line_1_86' title="bbox 1881 2666 3573 2743; baseline -0.005 -17"><span class='ocrx_word' id='word_1_607' title='bbox 1881 2673 2171 2743; x_wconf 91' lang='lat' dir='ltr'>quomodo</span> <span class='ocrx_word' id='word_1_608' title='bbox 2205 2688 2335 2725; x_wconf 90' lang='lat' dir='ltr'>eum</span> <span class='ocrx_word' id='word_1_609' title='bbox 2377 2671 2469 2725; x_wconf 88' lang='lat' dir='ltr'>hic</span> <span class='ocrx_word' id='word_1_610' title='bbox 2513 2671 2844 2724; x_wconf 87' lang='lat' dir='ltr'>derelictum</span> <span class='ocrx_word' id='word_1_611' title='bbox 2895 2687 2925 2723; x_wconf 89' lang='lat' dir='ltr'>a</span> <span class='ocrx_word' id='word_1_612' title='bbox 2974 2670 3087 2722; x_wconf 89' lang='lat' dir='ltr'>Deo</span> <span class='ocrx_word' id='word_1_613' title='bbox 3135 2684 3307 2722; x_wconf 86' lang='lat' dir='ltr'>ausus</span> <span class='ocrx_word' id='word_1_614' title='bbox 3352 2672 3438 2720; x_wconf 88' lang='lat' dir='ltr'>est</span> <span class='ocrx_word' id='word_1_615' title='bbox 3482 2666 3573 2718; x_wconf 82' lang='lat' dir='ltr'>di—</span> 
     </span>
    </p>
   </div>
   <div class='ocr_carea' id='block_1_87' title="bbox 1879 2755 3573 2828">
    <p class='ocr_par' dir='ltr' id='par_1_87' title="bbox 1879 2755 3573 2828">
     <span class='ocr_line' id='line_1_87' title="bbox 1879 2755 3573 2828; baseline -0.005 -15"><span class='ocrx_word' id='word_1_616' title='bbox 1879 2776 2027 2825; x_wconf 90' lang='lat' dir='ltr'>cere,</span> <span class='ocrx_word' id='word_1_617' title='bbox 2066 2776 2195 2812; x_wconf 90' lang='lat' dir='ltr'>cum</span> <span class='ocrx_word' id='word_1_618' title='bbox 2229 2759 2287 2811; x_wconf 93' lang='lat' dir='ltr'>in</span> <span class='ocrx_word' id='word_1_619' title='bbox 2316 2765 2415 2811; x_wconf 88' lang='lat' dir='ltr'>tua</span> <span class='ocrx_word' id='word_1_620' title='bbox 2447 2758 2711 2828; x_wconf 89' lang='lat' dir='ltr'>epistola,</span> <span class='ocrx_word' id='word_1_621' title='bbox 2760 2756 2897 2809; x_wconf 91' lang='lat' dir='ltr'>dum</span> <span class='ocrx_word' id='word_1_622' title='bbox 2943 2755 3098 2809; x_wconf 89' lang='lat' dir='ltr'>aliud</span> <span class='ocrx_word' id='word_1_623' title='bbox 3133 2755 3233 2820; x_wconf 89' lang='lat' dir='ltr'>ais,</span> <span class='ocrx_word' id='word_1_624' title='bbox 3276 2768 3573 2823; x_wconf 86' lang='lat' dir='ltr'>nunquam</span> 
     </span>
    </p>
   </div>
   <div class='ocr_carea' id='block_1_88' title="bbox 1882 2842 3573 2913">
    <p class='ocr_par' dir='ltr' id='par_1_88' title="bbox 1882 2842 3573 2913">
     <span class='ocr_line' id='line_1_88' title="bbox 1882 2842 3573 2913; baseline -0.007 -9"><span class='ocrx_word' id='word_1_625' title='bbox 1882 2849 2213 2904; x_wconf 90' lang='lat' dir='ltr'>derelictum</span> <span class='ocrx_word' id='word_1_626' title='bbox 2273 2848 2423 2901; x_wconf 89' lang='lat' dir='ltr'>visus</span> <span class='ocrx_word' id='word_1_627' title='bbox 2477 2851 2562 2901; x_wconf 85' lang='lat' dir='ltr'>est</span> <span class='ocrx_word' id='word_1_628' title='bbox 2620 2845 2955 2911; x_wconf 82' lang='lat' dir='ltr'>afﬁrmasse,</span> <span class='ocrx_word' id='word_1_629' title='bbox 3017 2844 3115 2898; x_wconf 89' lang='lat' dir='ltr'>ubi</span> <span class='ocrx_word' id='word_1_630' title='bbox 3173 2860 3237 2897; x_wconf 86' lang='lat' dir='ltr'>ex</span> <span class='ocrx_word' id='word_1_631' title='bbox 3298 2842 3573 2913; x_wconf 87' lang='lat' dir='ltr'>praclaro</span> 
     </span>
    </p>
   </div>
   <div class='ocr_carea' id='block_1_89' title="bbox 1881 2931 3570 3008">
    <p class='ocr_par' dir='ltr' id='par_1_89' title="bbox 1881 2931 3570 3008">
     <span class='ocr_line' id='line_1_89' title="bbox 1881 2931 3570 3008; baseline -0.006 -16"><span class='ocrx_word' id='word_1_632' title='bbox 1881 2938 2154 3008; x_wconf 83' lang='lat' dir='ltr'>Gregorio</span> <span class='ocrx_word' id='word_1_633' title='bbox 2198 2944 2391 2990; x_wconf 90' lang='lat' dir='ltr'>nostra</span> <span class='ocrx_word' id='word_1_634' title='bbox 2425 2937 2689 2989; x_wconf 89' lang='lat' dir='ltr'>ﬁrmatur</span> <span class='ocrx_word' id='word_1_635' title='bbox 2718 2935 2976 2989; x_wconf 90' lang='lat' dir='ltr'>assertio.</span> <span class='ocrx_word' id='word_1_636' title='bbox 3014 2933 3224 2986; x_wconf 86' lang='lat' dir='ltr'>Dixisse</span> <span class='ocrx_word' id='word_1_637' title='bbox 3256 2932 3409 2985; x_wconf 89' lang='lat' dir='ltr'>enim</span> <span class='ocrx_word' id='word_1_638' title='bbox 3443 2931 3525 2983; x_wconf 91' lang='lat' dir='ltr'>ais</span> <span class='ocrx_word' id='word_1_639' title='bbox 3557 2946 3570 2983; x_wconf 74' lang='grc' dir='ltr'>ε</span> 
     </span>
    </p>
   </div>
   <div class='ocr_carea' id='block_1_90' title="bbox 1880 3016 3574 3093">
    <p class='ocr_par' dir='ltr' id='par_1_90' title="bbox 1880 3016 3574 3093">
     <span class='ocr_line' id='line_1_90' title="bbox 1880 3016 3574 3093; baseline -0.006 -16"><span class='ocrx_word' id='word_1_640' title='bbox 1880 3025 1943 3077; x_wconf 90' lang='lat' dir='ltr'>In</span> <span class='ocrx_word' id='word_1_641' title='bbox 1988 3023 2201 3077; x_wconf 88' lang='lat' dir='ltr'>cunctis</span> <span class='ocrx_word' id='word_1_642' title='bbox 2248 3039 2497 3093; x_wconf 89' lang='lat' dir='ltr'>namque</span> <span class='ocrx_word' id='word_1_643' title='bbox 2547 3021 2814 3076; x_wconf 88' lang='lat' dir='ltr'>ﬁdelibus</span> <span class='ocrx_word' id='word_1_644' title='bbox 2862 3020 3096 3090; x_wconf 90' lang='lat' dir='ltr'>spiritus</span> <span class='ocrx_word' id='word_1_645' title='bbox 3144 3018 3320 3085; x_wconf 84' lang='lat' dir='ltr'>venit,</span> <span class='ocrx_word' id='word_1_646' title='bbox 3369 3016 3466 3070; x_wconf 85' lang='lat' dir='ltr'>sed</span> <span class='ocrx_word' id='word_1_647' title='bbox 3516 3016 3574 3068; x_wconf 92' lang='lat' dir='ltr'>in</span> 
     </span>
    </p>
   </div>
   <div class='ocr_carea' id='block_1_91' title="bbox 1881 3105 3573 3181">
    <p class='ocr_par' dir='ltr' id='par_1_91' title="bbox 1881 3105 3573 3181">
     <span class='ocr_line' id='line_1_91' title="bbox 1881 3105 3573 3181; baseline -0.005 -16"><span class='ocrx_word' id='word_1_648' title='bbox 1881 3113 2003 3166; x_wconf 89' lang='lat' dir='ltr'>solo</span> <span class='ocrx_word' id='word_1_649' title='bbox 2066 3112 2373 3167; x_wconf 78' lang='lat' dir='ltr'>Mediatore</span> <span class='ocrx_word' id='word_1_650' title='bbox 2433 3118 2747 3180; x_wconf 88' lang='lat' dir='ltr'>permanet,</span> <span class='ocrx_word' id='word_1_651' title='bbox 2804 3110 2903 3181; x_wconf 89' lang='lat' dir='ltr'>qui</span> <span class='ocrx_word' id='word_1_652' title='bbox 2967 3110 3090 3178; x_wconf 87' lang='lat' dir='ltr'>ejus</span> <span class='ocrx_word' id='word_1_653' title='bbox 3157 3105 3573 3161; x_wconf 86' lang='lat' dir='ltr'>humanitatem</span> 
     </span>
    </p>
   </div>
   <div class='ocr_carea' id='block_1_92' title="bbox 1882 3195 3574 3271">
    <p class='ocr_par' dir='ltr' id='par_1_92' title="bbox 1882 3195 3574 3271">
     <span class='ocr_line' id='line_1_92' title="bbox 1882 3195 3574 3271; baseline -0.005 -17"><span class='ocrx_word' id='word_1_654' title='bbox 1882 3217 2177 3271; x_wconf 89' lang='lat' dir='ltr'>nunquam</span> <span class='ocrx_word' id='word_1_655' title='bbox 2221 3200 2493 3254; x_wconf 90' lang='lat' dir='ltr'>deseruit.</span> <span class='ocrx_word' id='word_1_656' title='bbox 2547 3200 2602 3253; x_wconf 92' lang='lat' dir='ltr'>Si</span> <span class='ocrx_word' id='word_1_657' title='bbox 2645 3216 2762 3252; x_wconf 92' lang='lat' dir='ltr'>non</span> <span class='ocrx_word' id='word_1_658' title='bbox 2814 3204 2899 3251; x_wconf 88' lang='lat' dir='ltr'>est</span> <span class='ocrx_word' id='word_1_659' title='bbox 2942 3198 3185 3260; x_wconf 88' lang='lat' dir='ltr'>deserta,</span> <span class='ocrx_word' id='word_1_660' title='bbox 3232 3212 3337 3249; x_wconf 85' lang='lat' dir='ltr'>nec</span> <span class='ocrx_word' id='word_1_661' title='bbox 3378 3195 3574 3265; x_wconf 90' lang='lat' dir='ltr'>utique</span> 
     </span>
    </p>
   </div>
   <div class='ocr_carea' id='block_1_93' title="bbox 1882 3284 3577 3355">
    <p class='ocr_par' dir='ltr' id='par_1_93' title="bbox 1882 3284 3577 3355">
     <span class='ocr_line' id='line_1_93' title="bbox 1882 3284 3577 3355; baseline -0.006 -13"><span class='ocrx_word' id='word_1_662' title='bbox 1882 3288 2174 3342; x_wconf 89' lang='lat' dir='ltr'>derelicta.</span> <span class='ocrx_word' id='word_1_663' title='bbox 2226 3289 2362 3352; x_wconf 85' lang='lat' dir='ltr'>Qua</span> <span class='ocrx_word' id='word_1_664' title='bbox 2418 3305 2551 3343; x_wconf 82' lang='lat' dir='ltr'>vero</span> <span class='ocrx_word' id='word_1_665' title='bbox 2610 3304 2677 3341; x_wconf 86' lang='lat' dir='ltr'>ex</span> <span class='ocrx_word' id='word_1_666' title='bbox 2739 3293 2932 3340; x_wconf 87' lang='lat' dir='ltr'>sancto</span> <span class='ocrx_word' id='word_1_667' title='bbox 2998 3284 3318 3355; x_wconf 79' lang='lat' dir='ltr'>Augustino</span> <span class='ocrx_word' id='word_1_668' title='bbox 3379 3287 3577 3333; x_wconf 86' lang='lat' dir='ltr'>contra</span> 
     </span>
    </p>
   </div>
   <div class='ocr_carea' id='block_1_94' title="bbox 1882 3370 3574 3442">
    <p class='ocr_par' dir='ltr' id='par_1_94' title="bbox 1882 3370 3574 3442">
     <span class='ocr_line' id='line_1_94' title="bbox 1882 3370 3574 3442; baseline -0.006 -11"><span class='ocrx_word' id='word_1_669' title='bbox 1882 3378 2266 3431; x_wconf 86' lang='lat' dir='ltr'>Priscillianos</span> <span class='ocrx_word' id='word_1_670' title='bbox 2320 3377 2527 3431; x_wconf 86' lang='lat' dir='ltr'>dixisse</span> <span class='ocrx_word' id='word_1_671' title='bbox 2579 3377 2848 3442; x_wconf 89' lang='lat' dir='ltr'>intendis,</span> <span class='ocrx_word' id='word_1_672' title='bbox 2908 3391 3010 3428; x_wconf 88' lang='lat' dir='ltr'>nec</span> <span class='ocrx_word' id='word_1_673' title='bbox 3066 3370 3432 3428; x_wconf 88' lang='lat' dir='ltr'>mutabilitati</span> <span class='ocrx_word' id='word_1_674' title='bbox 3488 3370 3574 3422; x_wconf 88' lang='lat' dir='ltr'>vel</span> 
     </span>
    </p>
   </div>
   <div class='ocr_carea' id='block_1_95' title="bbox 1881 3459 3575 3531">
    <p class='ocr_par' dir='ltr' id='par_1_95' title="bbox 1881 3459 3575 3531">
     <span class='ocr_line' id='line_1_95' title="bbox 1881 3459 3575 3531; baseline -0.005 -14"><span class='ocrx_word' id='word_1_675' title='bbox 1881 3464 2242 3518; x_wconf 86' lang='lat' dir='ltr'>conversioni</span> <span class='ocrx_word' id='word_1_676' title='bbox 2308 3463 2668 3517; x_wconf 85' lang='lat' dir='ltr'>divinitatem</span> <span class='ocrx_word' id='word_1_677' title='bbox 2736 3462 3027 3531; x_wconf 85' lang='lat' dir='ltr'>subjacere</span> <span class='ocrx_word' id='word_1_678' title='bbox 3094 3459 3363 3525; x_wconf 90' lang='lat' dir='ltr'>causaris,</span> <span class='ocrx_word' id='word_1_679' title='bbox 3425 3461 3575 3510; x_wconf 88' lang='lat' dir='ltr'>certe</span> 
     </span>
    </p>
   </div>
   <div class='ocr_carea' id='block_1_96' title="bbox 1882 3544 3567 3620">
    <p class='ocr_par' dir='ltr' id='par_1_96' title="bbox 1882 3544 3567 3620">
     <span class='ocr_line' id='line_1_96' title="bbox 1882 3544 3567 3620; baseline -0.006 -14"><span class='ocrx_word' id='word_1_680' title='bbox 1882 3554 2005 3606; x_wconf 88' lang='lat' dir='ltr'>hac</span> <span class='ocrx_word' id='word_1_681' title='bbox 2037 3569 2166 3605; x_wconf 86' lang='lat' dir='ltr'>vere</span> <span class='ocrx_word' id='word_1_682' title='bbox 2198 3552 2515 3619; x_wconf 84' lang='lat' dir='ltr'>contendis,</span> <span class='ocrx_word' id='word_1_683' title='bbox 2549 3553 2643 3605; x_wconf 90' lang='lat' dir='ltr'>sed</span> <span class='ocrx_word' id='word_1_684' title='bbox 2677 3556 2875 3604; x_wconf 90' lang='lat' dir='ltr'>contra</span> <span class='ocrx_word' id='word_1_685' title='bbox 2899 3565 3071 3620; x_wconf 87' lang='lat' dir='ltr'>quem</span> <span class='ocrx_word' id='word_1_686' title='bbox 3092 3548 3213 3617; x_wconf 89' lang='lat' dir='ltr'>ipse</span> <span class='ocrx_word' id='word_1_687' title='bbox 3238 3563 3351 3600; x_wconf 92' lang='lat' dir='ltr'>non</span> <span class='ocrx_word' id='word_1_688' title='bbox 3374 3544 3567 3599; x_wconf 90' lang='lat' dir='ltr'>habes.</span> 
     </span>
    </p>
   </div>
   <div class='ocr_carea' id='block_1_97' title="bbox 1884 3633 3572 3711">
    <p class='ocr_par' dir='ltr' id='par_1_97' title="bbox 1884 3633 3572 3711">
     <span class='ocr_line' id='line_1_97' title="bbox 1884 3633 3572 3711; baseline -0.004 -17"><span class='ocrx_word' id='word_1_689' title='bbox 1884 3643 2077 3711; x_wconf 87' lang='lat' dir='ltr'>Neque</span> <span class='ocrx_word' id='word_1_690' title='bbox 2110 3640 2263 3693; x_wconf 92' lang='lat' dir='ltr'>enim</span> <span class='ocrx_word' id='word_1_691' title='bbox 2297 3640 2558 3705; x_wconf 91' lang='lat' dir='ltr'>dicimus,</span> <span class='ocrx_word' id='word_1_692' title='bbox 2602 3644 2700 3692; x_wconf 90' lang='lat' dir='ltr'>aut</span> <span class='ocrx_word' id='word_1_693' title='bbox 2746 3637 3163 3691; x_wconf 89' lang='lat' dir='ltr'>humanitatem</span> <span class='ocrx_word' id='word_1_694' title='bbox 3204 3636 3263 3691; x_wconf 85' lang='lat' dir='ltr'>in</span> <span class='ocrx_word' id='word_1_695' title='bbox 3306 3633 3572 3687; x_wconf 85' lang='lat' dir='ltr'>divinita-</span> 
     </span>
    </p>
   </div>
   <div class='ocr_carea' id='block_1_98' title="bbox 1882 3726 3574 3794">
    <p class='ocr_par' dir='ltr' id='par_1_98' title="bbox 1882 3726 3574 3794">
     <span class='ocr_line' id='line_1_98' title="bbox 1882 3726 3574 3794; baseline -0.005 -11"><span class='ocrx_word' id='word_1_696' title='bbox 1882 3733 1999 3783; x_wconf 88' lang='lat' dir='ltr'>tem</span> <span class='ocrx_word' id='word_1_697' title='bbox 2050 3734 2348 3794; x_wconf 88' lang='lat' dir='ltr'>mutatam,</span> <span class='ocrx_word' id='word_1_698' title='bbox 2404 3734 2499 3782; x_wconf 85' lang='lat' dir='ltr'>aut</span> <span class='ocrx_word' id='word_1_699' title='bbox 2543 3728 2897 3781; x_wconf 89' lang='lat' dir='ltr'>divinitatem</span> <span class='ocrx_word' id='word_1_700' title='bbox 2952 3726 3011 3778; x_wconf 90' lang='lat' dir='ltr'>in</span> <span class='ocrx_word' id='word_1_701' title='bbox 3055 3739 3285 3777; x_wconf 88' lang='lat' dir='ltr'>carnem</span> <span class='ocrx_word' id='word_1_702' title='bbox 3333 3738 3574 3776; x_wconf 87' lang='lat' dir='ltr'>conver-</span> 
     </span>
    </p>
   </div>
   <div class='ocr_carea' id='block_1_99' title="bbox 1882 3813 3572 3888">
    <p class='ocr_par' dir='ltr' id='par_1_99' title="bbox 1882 3813 3572 3888">
     <span class='ocr_line' id='line_1_99' title="bbox 1882 3813 3572 3888; baseline -0.005 -17"><span class='ocrx_word' id='word_1_703' title='bbox 1882 3835 2027 3887; x_wconf 87' lang='lat' dir='ltr'>sam,</span> <span class='ocrx_word' id='word_1_704' title='bbox 2059 3834 2162 3872; x_wconf 89' lang='lat' dir='ltr'>nec</span> <span class='ocrx_word' id='word_1_705' title='bbox 2202 3823 2579 3888; x_wconf 88' lang='lat' dir='ltr'>augmentum</span> <span class='ocrx_word' id='word_1_706' title='bbox 2628 3815 2815 3869; x_wconf 87' lang='lat' dir='ltr'>eidem</span> <span class='ocrx_word' id='word_1_707' title='bbox 2849 3813 3286 3883; x_wconf 86' lang='lat' dir='ltr'>simplicissima</span> <span class='ocrx_word' id='word_1_708' title='bbox 3334 3817 3572 3877; x_wconf 74' lang='lat' dir='ltr'>natura,</span> 
     </span>
    </p>
   </div>
   <div class='ocr_carea' id='block_1_100' title="bbox 1884 3900 3574 3975">
    <p class='ocr_par' dir='ltr' id='par_1_100' title="bbox 1884 3900 3574 3975">
     <span class='ocr_line' id='line_1_100' title="bbox 1884 3900 3574 3975; baseline -0.006 -13"><span class='ocrx_word' id='word_1_709' title='bbox 1884 3924 1987 3961; x_wconf 91' lang='lat' dir='ltr'>nec</span> <span class='ocrx_word' id='word_1_710' title='bbox 2020 3907 2087 3961; x_wconf 91' lang='lat' dir='ltr'>de</span> <span class='ocrx_word' id='word_1_711' title='bbox 2117 3906 2326 3960; x_wconf 89' lang='lat' dir='ltr'>talibus</span> <span class='ocrx_word' id='word_1_712' title='bbox 2356 3904 2726 3975; x_wconf 87' lang='lat' dir='ltr'>blasphemiis</span> <span class='ocrx_word' id='word_1_713' title='bbox 2763 3920 2893 3957; x_wconf 91' lang='lat' dir='ltr'>cum</span> <span class='ocrx_word' id='word_1_714' title='bbox 2926 3917 3219 3973; x_wconf 90' lang='lat' dir='ltr'>quoquam</span> <span class='ocrx_word' id='word_1_715' title='bbox 3263 3900 3574 3971; x_wconf 88' lang='lat' dir='ltr'>aliquando</span> 
     </span>
    </p>
   </div>
   <div class='ocr_carea' id='block_1_101' title="bbox 1882 3990 3571 4063">
    <p class='ocr_par' dir='ltr' id='par_1_101' title="bbox 1882 3990 3571 4063">
     <span class='ocr_line' id='line_1_101' title="bbox 1882 3990 3571 4063; baseline -0.005 -14"><span class='ocrx_word' id='word_1_716' title='bbox 1882 3996 2309 4062; x_wconf 90' lang='lat' dir='ltr'>contendimus;</span> <span class='ocrx_word' id='word_1_717' title='bbox 2380 3996 2474 4047; x_wconf 88' lang='lat' dir='ltr'>sed</span> <span class='ocrx_word' id='word_1_718' title='bbox 2546 3993 2730 4047; x_wconf 89' lang='lat' dir='ltr'>veraci</span> <span class='ocrx_word' id='word_1_719' title='bbox 2788 3992 3183 4063; x_wconf 85' lang='lat' dir='ltr'>persecutione</span> <span class='ocrx_word' id='word_1_720' title='bbox 3255 3990 3571 4055; x_wconf 85' lang='lat' dir='ltr'>ﬁrmamus,</span> 
     </span>
    </p>
   </div>
   <div class='ocr_carea' id='block_1_102' title="bbox 1886 4080 3574 4146">
    <p class='ocr_par' dir='ltr' id='par_1_102' title="bbox 1886 4080 3574 4146">
     <span class='ocr_line' id='line_1_102' title="bbox 1886 4080 3574 4146; baseline -0.006 -7"><span class='ocrx_word' id='word_1_721' title='bbox 1886 4087 2062 4139; x_wconf 87' lang='lat' dir='ltr'>Deum</span> <span class='ocrx_word' id='word_1_722' title='bbox 2092 4085 2387 4138; x_wconf 88' lang='lat' dir='ltr'>hominem</span> <span class='ocrx_word' id='word_1_723' title='bbox 2421 4084 2631 4136; x_wconf 90' lang='lat' dir='ltr'>factum</span> <span class='ocrx_word' id='word_1_724' title='bbox 2661 4081 2946 4134; x_wconf 87' lang='lat' dir='ltr'>Christum</span> <span class='ocrx_word' id='word_1_725' title='bbox 2981 4080 3418 4146; x_wconf 73' lang='lat' dir='ltr'>H‘edemptorem</span> <span class='ocrx_word' id='word_1_726' title='bbox 3452 4093 3574 4130; x_wconf 89' lang='lat' dir='ltr'>om-</span> 
     </span>
    </p>
   </div>
   <div class='ocr_carea' id='block_1_103' title="bbox 1886 4168 3575 4240">
    <p class='ocr_par' dir='ltr' id='par_1_103' title="bbox 1886 4168 3575 4240">
     <span class='ocr_line' id='line_1_103' title="bbox 1886 4168 3575 4240; baseline -0.005 -15"><span class='ocrx_word' id='word_1_727' title='bbox 1886 4173 2066 4238; x_wconf 91' lang='lat' dir='ltr'>nium,</span> <span class='ocrx_word' id='word_1_728' title='bbox 2103 4188 2303 4240; x_wconf 90' lang='lat' dir='ltr'>unum,</span> <span class='ocrx_word' id='word_1_729' title='bbox 2337 4188 2452 4225; x_wconf 91' lang='lat' dir='ltr'>non</span> <span class='ocrx_word' id='word_1_730' title='bbox 2486 4172 2631 4224; x_wconf 90' lang='lat' dir='ltr'>duos</span> <span class='ocrx_word' id='word_1_731' title='bbox 2676 4170 2821 4223; x_wconf 89' lang='lat' dir='ltr'>ﬁlios</span> <span class='ocrx_word' id='word_1_732' title='bbox 2867 4168 3177 4239; x_wconf 83' lang='lat' dir='ltr'>disjunctos</span> <span class='ocrx_word' id='word_1_733' title='bbox 3208 4172 3263 4220; x_wconf 90' lang='lat' dir='ltr'>et</span> <span class='ocrx_word' id='word_1_734' title='bbox 3295 4184 3325 4219; x_wconf 91' lang='lat' dir='ltr'>a</span> <span class='ocrx_word' id='word_1_735' title='bbox 3357 4182 3414 4219; x_wconf 91' lang='lat' dir='ltr'>se</span> <span class='ocrx_word' id='word_1_736' title='bbox 3447 4181 3575 4236; x_wconf 88' lang='lat' dir='ltr'>per-</span> 
     </span>
    </p>
   </div>
   <div class='ocr_carea' id='block_1_104' title="bbox 1884 4255 3580 4326">
    <p class='ocr_par' dir='ltr' id='par_1_104' title="bbox 1884 4255 3580 4326">
     <span class='ocr_line' id='line_1_104' title="bbox 1884 4255 3580 4326; baseline -0.005 -12"><span class='ocrx_word' id='word_1_737' title='bbox 1884 4278 2157 4315; x_wconf 87' lang='lat' dir='ltr'>sonarum</span> <span class='ocrx_word' id='word_1_738' title='bbox 2190 4261 2513 4315; x_wconf 83' lang='lat' dir='ltr'>diversitate</span> <span class='ocrx_word' id='word_1_739' title='bbox 2546 4259 2839 4324; x_wconf 89' lang='lat' dir='ltr'>discretos,</span> <span class='ocrx_word' id='word_1_740' title='bbox 2873 4258 2966 4311; x_wconf 87' lang='lat' dir='ltr'>sed</span> <span class='ocrx_word' id='word_1_741' title='bbox 2992 4273 3193 4323; x_wconf 89' lang='lat' dir='ltr'>unum,</span> <span class='ocrx_word' id='word_1_742' title='bbox 3222 4261 3278 4309; x_wconf 90' lang='lat' dir='ltr'>et</span> <span class='ocrx_word' id='word_1_743' title='bbox 3299 4272 3399 4326; x_wconf 90' lang='lat' dir='ltr'>per</span> <span class='ocrx_word' id='word_1_744' title='bbox 3420 4255 3580 4307; x_wconf 89' lang='lat' dir='ltr'>unio-</span> 
     </span>
    </p>
   </div>
   <div class='ocr_carea' id='block_1_105' title="bbox 1294 4344 3577 4419">
    <p class='ocr_par' dir='ltr' id='par_1_105' title="bbox 1294 4344 3577 4419">
     <span class='ocr_line' id='line_1_105' title="bbox 1294 4344 3577 4419; baseline -0.002 -19"><span class='ocrx_word' id='word_1_745' title='bbox 1294 4348 1429 4418; x_wconf 90' lang='lat' dir='ltr'>quia</span> <span class='ocrx_word' id='word_1_746' title='bbox 1474 4364 1772 4418; x_wconf 88' lang='lat' dir='ltr'>nunquam</span> <span class='ocrx_word' id='word_1_747' title='bbox 1815 4355 1857 4409; x_wconf 86' lang='grc' dir='ltr'>Ι)</span> <span class='ocrx_word' id='word_1_748' title='bbox 1882 4365 2015 4403; x_wconf 89' lang='lat' dir='ltr'>nem</span> <span class='ocrx_word' id='word_1_749' title='bbox 2056 4365 2313 4419; x_wconf 88' lang='lat' dir='ltr'>persona</span> <span class='ocrx_word' id='word_1_750' title='bbox 2360 4347 2680 4417; x_wconf 89' lang='lat' dir='ltr'>proprium,</span> <span class='ocrx_word' id='word_1_751' title='bbox 2714 4362 2831 4400; x_wconf 89' lang='lat' dir='ltr'>non</span> <span class='ocrx_word' id='word_1_752' title='bbox 2861 4345 3210 4415; x_wconf 90' lang='lat' dir='ltr'>adoptivum.</span> <span class='ocrx_word' id='word_1_753' title='bbox 3250 4344 3402 4397; x_wconf 86' lang='lat' dir='ltr'>Beati</span> <span class='ocrx_word' id='word_1_754' title='bbox 3439 4345 3577 4397; x_wconf 89' lang='lat' dir='ltr'>Leo-</span> 
     </span>
    </p>
   </div>
   <div class='ocr_carea' id='block_1_106' title="bbox 1886 4433 3579 4506">
    <p class='ocr_par' dir='ltr' id='par_1_106' title="bbox 1886 4433 3579 4506">
     <span class='ocr_line' id='line_1_106' title="bbox 1886 4433 3579 4506; baseline -0.004 -15"><span class='ocrx_word' id='word_1_755' title='bbox 1886 4438 1975 4491; x_wconf 92' lang='lat' dir='ltr'>nis</span> <span class='ocrx_word' id='word_1_756' title='bbox 2012 4438 2203 4503; x_wconf 89' lang='lat' dir='ltr'>verba,</span> <span class='ocrx_word' id='word_1_757' title='bbox 2252 4443 2306 4491; x_wconf 91' lang='lat' dir='ltr'>et</span> <span class='ocrx_word' id='word_1_758' title='bbox 2353 4438 2409 4491; x_wconf 92' lang='lat' dir='ltr'>S.</span> <span class='ocrx_word' id='word_1_759' title='bbox 2462 4436 2792 4506; x_wconf 85' lang='lat' dir='ltr'>Hieronymi</span> <span class='ocrx_word' id='word_1_760' title='bbox 2832 4435 3153 4489; x_wconf 88' lang='lat' dir='ltr'>veneranda</span> <span class='ocrx_word' id='word_1_761' title='bbox 3191 4433 3437 4502; x_wconf 89' lang='lat' dir='ltr'>eloquia,</span> <span class='ocrx_word' id='word_1_762' title='bbox 3479 4448 3579 4485; x_wconf 89' lang='lat' dir='ltr'>seu</span> 
     </span>
    </p>
   </div>
   <div class='ocr_carea' id='block_1_107' title="bbox 1885 4520 3575 4595">
    <p class='ocr_par' dir='ltr' id='par_1_107' title="bbox 1885 4520 3575 4595">
     <span class='ocr_line' id='line_1_107' title="bbox 1885 4520 3575 4595; baseline -0.005 -15"><span class='ocrx_word' id='word_1_763' title='bbox 1885 4526 2181 4580; x_wconf 84' lang='lat' dir='ltr'>Athanasii</span> <span class='ocrx_word' id='word_1_764' title='bbox 2229 4526 2491 4595; x_wconf 77' lang='lat' dir='ltr'>praclari</span> <span class='ocrx_word' id='word_1_765' title='bbox 2540 4526 2882 4579; x_wconf 90' lang='lat' dir='ltr'>sententiam</span> <span class='ocrx_word' id='word_1_766' title='bbox 2933 4524 3031 4578; x_wconf 91' lang='lat' dir='ltr'>diu</span> <span class='ocrx_word' id='word_1_767' title='bbox 3070 4540 3133 4576; x_wconf 91' lang='lat' dir='ltr'>ac</span> <span class='ocrx_word' id='word_1_768' title='bbox 3172 4524 3316 4575; x_wconf 86' lang='lat' dir='ltr'>bene</span> <span class='ocrx_word' id='word_1_769' title='bbox 3356 4520 3575 4585; x_wconf 86' lang='lat' dir='ltr'>rimavi,</span> 
     </span>
    </p>
   </div>
   <div class='ocr_carea' id='block_1_108' title="bbox 1886 4609 3575 4679">
    <p class='ocr_par' dir='ltr' id='par_1_108' title="bbox 1886 4609 3575 4679">
     <span class='ocr_line' id='line_1_108' title="bbox 1886 4609 3575 4679; baseline -0.004 -9"><span class='ocrx_word' id='word_1_770' title='bbox 1886 4623 1943 4670; x_wconf 92' lang='lat' dir='ltr'>et</span> <span class='ocrx_word' id='word_1_771' title='bbox 1987 4621 2103 4669; x_wconf 88' lang='lat' dir='ltr'>tota</span> <span class='ocrx_word' id='word_1_772' title='bbox 2152 4616 2295 4669; x_wconf 89' lang='lat' dir='ltr'>mihi</span> <span class='ocrx_word' id='word_1_773' title='bbox 2343 4632 2456 4668; x_wconf 90' lang='lat' dir='ltr'>non</span> <span class='ocrx_word' id='word_1_774' title='bbox 2505 4614 2817 4679; x_wconf 88' lang='lat' dir='ltr'>adversata,</span> <span class='ocrx_word' id='word_1_775' title='bbox 2871 4614 2965 4666; x_wconf 89' lang='lat' dir='ltr'>sed</span> <span class='ocrx_word' id='word_1_776' title='bbox 3016 4614 3395 4665; x_wconf 81' lang='lat' dir='ltr'>consentanea</span> <span class='ocrx_word' id='word_1_777' title='bbox 3442 4609 3575 4663; x_wconf 88' lang='lat' dir='ltr'>vidi.</span> 
     </span>
    </p>
   </div>
   <div class='ocr_carea' id='block_1_109' title="bbox 1886 4699 3575 4773">
    <p class='ocr_par' dir='ltr' id='par_1_109' title="bbox 1886 4699 3575 4773">
     <span class='ocr_line' id='line_1_109' title="bbox 1886 4699 3575 4773; baseline -0.005 -15"><span class='ocrx_word' id='word_1_778' title='bbox 1886 4705 2029 4770; x_wconf 85' lang='lat' dir='ltr'>Quia</span> <span class='ocrx_word' id='word_1_779' title='bbox 2066 4722 2183 4759; x_wconf 91' lang='lat' dir='ltr'>non</span> <span class='ocrx_word' id='word_1_780' title='bbox 2222 4722 2325 4773; x_wconf 87' lang='lat' dir='ltr'>pro</span> <span class='ocrx_word' id='word_1_781' title='bbox 2358 4721 2604 4773; x_wconf 90' lang='lat' dir='ltr'>persona</span> <span class='ocrx_word' id='word_1_782' title='bbox 2635 4702 2858 4760; x_wconf 89' lang='lat' dir='ltr'>Christi.</span> <span class='ocrx_word' id='word_1_783' title='bbox 2895 4718 3023 4770; x_wconf 85' lang='lat' dir='ltr'>qua</span> <span class='ocrx_word' id='word_1_784' title='bbox 3058 4716 3190 4763; x_wconf 86' lang='lat' dir='ltr'>una,</span> <span class='ocrx_word' id='word_1_785' title='bbox 3224 4704 3303 4751; x_wconf 89' lang='lat' dir='ltr'>est</span> <span class='ocrx_word' id='word_1_786' title='bbox 3337 4699 3575 4761; x_wconf 84' lang='lat' dir='ltr'>dictum,</span> 
     </span>
    </p>
   </div>
   <div class='ocr_carea' id='block_1_110' title="bbox 1884 4786 3579 4866">
    <p class='ocr_par' dir='ltr' id='par_1_110' title="bbox 1884 4786 3579 4866">
     <span class='ocr_line' id='line_1_110' title="bbox 1884 4786 3579 4866; baseline -0.005 -19"><span class='ocrx_word' id='word_1_787' title='bbox 1884 4795 1979 4849; x_wconf 87' lang='lat' dir='ltr'>sed</span> <span class='ocrx_word' id='word_1_788' title='bbox 2022 4812 2124 4866; x_wconf 92' lang='lat' dir='ltr'>pro</span> <span class='ocrx_word' id='word_1_789' title='bbox 2166 4799 2501 4847; x_wconf 88' lang='lat' dir='ltr'>naturarum</span> <span class='ocrx_word' id='word_1_790' title='bbox 2534 4798 2557 4824; x_wconf 85' lang='lat'>°</span> <span class='ocrx_word' id='word_1_791' title='bbox 2604 4792 2973 4862; x_wconf 89' lang='lat' dir='ltr'>proprietate,</span> <span class='ocrx_word' id='word_1_792' title='bbox 3026 4804 3153 4859; x_wconf 91' lang='lat' dir='ltr'>qua</span> <span class='ocrx_word' id='word_1_793' title='bbox 3202 4786 3263 4840; x_wconf 89' lang='lat' dir='ltr'>in</span> <span class='ocrx_word' id='word_1_794' title='bbox 3315 4803 3383 4839; x_wconf 88' lang='lat' dir='ltr'>eo</span> <span class='ocrx_word' id='word_1_795' title='bbox 3426 4786 3579 4839; x_wconf 89' lang='lat' dir='ltr'>bina</span> 
     </span>
    </p>
   </div>
   <div class='ocr_carea' id='block_1_111' title="bbox 1885 4874 3576 4953">
    <p class='ocr_par' dir='ltr' id='par_1_111' title="bbox 1885 4874 3576 4953">
     <span class='ocr_line' id='line_1_111' title="bbox 1885 4874 3576 4953; baseline -0.005 -17"><span class='ocrx_word' id='word_1_796' title='bbox 1885 4889 2036 4952; x_wconf 89' lang='lat' dir='ltr'>sunt,</span> <span class='ocrx_word' id='word_1_797' title='bbox 2067 4883 2306 4953; x_wconf 89' lang='lat' dir='ltr'>cognovi</span> <span class='ocrx_word' id='word_1_798' title='bbox 2339 4882 2649 4948; x_wconf 86' lang='lat' dir='ltr'>digestum.</span> <span class='ocrx_word' id='word_1_799' title='bbox 2698 4882 2926 4933; x_wconf 84' lang='lat' dir='ltr'>Beatum</span> <span class='ocrx_word' id='word_1_800' title='bbox 2966 4878 3325 4931; x_wconf 85' lang='lat' dir='ltr'>Ambrosium</span> <span class='ocrx_word' id='word_1_801' title='bbox 3367 4874 3576 4928; x_wconf 87' lang='lat' dir='ltr'>identi-</span> 
     </span>
    </p>
   </div>
   <div class='ocr_carea' id='block_1_112' title="bbox 1883 4962 3577 5040">
    <p class='ocr_par' dir='ltr' id='par_1_112' title="bbox 1883 4962 3577 5040">
     <span class='ocr_line' id='line_1_112' title="bbox 1883 4962 3577 5040; baseline -0.006 -15"><span class='ocrx_word' id='word_1_802' title='bbox 1883 4972 2011 5025; x_wconf 90' lang='lat' dir='ltr'>dem</span> <span class='ocrx_word' id='word_1_803' title='bbox 2045 4971 2183 5024; x_wconf 88' lang='lat' dir='ltr'>talia</span> <span class='ocrx_word' id='word_1_804' title='bbox 2214 4975 2575 5040; x_wconf 88' lang='lat' dir='ltr'>prosecutum</span> <span class='ocrx_word' id='word_1_805' title='bbox 2611 4968 2897 5038; x_wconf 72' lang='lat' dir='ltr'>producis,</span> <span class='ocrx_word' id='word_1_806' title='bbox 2928 4970 2982 5018; x_wconf 91' lang='lat' dir='ltr'>et</span> <span class='ocrx_word' id='word_1_807' title='bbox 3012 4970 3208 5018; x_wconf 88' lang='lat' dir='ltr'>contra</span> <span class='ocrx_word' id='word_1_808' title='bbox 3237 4962 3577 5033; x_wconf 82' lang='lat' dir='ltr'>Appollina-</span> 
     </span>
    </p>
   </div>
   <div class='ocr_carea' id='block_1_113' title="bbox 1883 5053 3573 5127">
    <p class='ocr_par' dir='ltr' id='par_1_113' title="bbox 1883 5053 3573 5127">
     <span class='ocr_line' id='line_1_113' title="bbox 1883 5053 3573 5127; baseline -0.006 -13"><span class='ocrx_word' id='word_1_809' title='bbox 1883 5061 2049 5114; x_wconf 86' lang='lat' dir='ltr'>ristas</span> <span class='ocrx_word' id='word_1_810' title='bbox 2093 5060 2478 5113; x_wconf 87' lang='lat' dir='ltr'>decertantem</span> <span class='ocrx_word' id='word_1_811' title='bbox 2524 5057 2800 5127; x_wconf 85' lang='lat' dir='ltr'>injungis,</span> <span class='ocrx_word' id='word_1_812' title='bbox 2845 5054 3007 5123; x_wconf 88' lang='lat' dir='ltr'>quasi</span> <span class='ocrx_word' id='word_1_813' title='bbox 3051 5069 3157 5123; x_wconf 92' lang='lat' dir='ltr'>ego</span> <span class='ocrx_word' id='word_1_814' title='bbox 3196 5053 3573 5119; x_wconf 87' lang='lat' dir='ltr'>divinitatem,</span> 
     </span>
    </p>
   </div>
   <div class='ocr_carea' id='block_1_114' title="bbox 1883 5140 3578 5212">
    <p class='ocr_par' dir='ltr' id='par_1_114' title="bbox 1883 5140 3578 5212">
     <span class='ocr_line' id='line_1_114' title="bbox 1883 5140 3578 5212; baseline -0.007 -7"><span class='ocrx_word' id='word_1_815' title='bbox 1883 5156 1940 5205; x_wconf 90' lang='lat' dir='ltr'>et</span> <span class='ocrx_word' id='word_1_816' title='bbox 1988 5165 2214 5202; x_wconf 87' lang='lat' dir='ltr'>carnem</span> <span class='ocrx_word' id='word_1_817' title='bbox 2264 5146 2434 5200; x_wconf 86' lang='lat' dir='ltr'>unius</span> <span class='ocrx_word' id='word_1_818' title='bbox 2482 5144 2813 5198; x_wconf 88' lang='lat' dir='ltr'>substantia</span> <span class='ocrx_word' id='word_1_819' title='bbox 2848 5142 3055 5208; x_wconf 90' lang='lat' dir='ltr'>dicam,</span> <span class='ocrx_word' id='word_1_820' title='bbox 3092 5146 3149 5195; x_wconf 87' lang='lat' dir='ltr'>et</span> <span class='ocrx_word' id='word_1_821' title='bbox 3180 5141 3394 5212; x_wconf 86' lang='lat' dir='ltr'>apertis</span> <span class='ocrx_word' id='word_1_822' title='bbox 3428 5140 3578 5195; x_wconf 87' lang='lat' dir='ltr'>voci-</span> 
     </span>
    </p>
   </div>
   <div class='ocr_carea' id='block_1_115' title="bbox 1880 5230 3580 5303">
    <p class='ocr_par' dir='ltr' id='par_1_115' title="bbox 1880 5230 3580 5303">
     <span class='ocr_line' id='line_1_115' title="bbox 1880 5230 3580 5303; baseline -0.005 -11"><span class='ocrx_word' id='word_1_823' title='bbox 1880 5238 1988 5293; x_wconf 87' lang='lat' dir='ltr'>bus</span> <span class='ocrx_word' id='word_1_824' title='bbox 2028 5238 2168 5291; x_wconf 89' lang='lat' dir='ltr'>duas</span> <span class='ocrx_word' id='word_1_825' title='bbox 2212 5236 2273 5289; x_wconf 91' lang='lat' dir='ltr'>in</span> <span class='ocrx_word' id='word_1_826' title='bbox 2322 5249 2387 5287; x_wconf 91' lang='lat' dir='ltr'>eo</span> <span class='ocrx_word' id='word_1_827' title='bbox 2433 5239 2668 5288; x_wconf 84' lang='lat' dir='ltr'>naturas</span> <span class='ocrx_word' id='word_1_828' title='bbox 2715 5232 3065 5303; x_wconf 88' lang='lat' dir='ltr'>distinguam</span> <span class='ocrx_word' id='word_1_829' title='bbox 3106 5231 3141 5286; x_wconf 74' lang='lat'>&#39;.</span> <span class='ocrx_word' id='word_1_830' title='bbox 3198 5231 3377 5285; x_wconf 89' lang='lat' dir='ltr'>Diluis</span> <span class='ocrx_word' id='word_1_831' title='bbox 3426 5230 3580 5301; x_wconf 89' lang='lat' dir='ltr'>quod</span> 
     </span>
    </p>
   </div>
   <div class='ocr_carea' id='block_1_116' title="bbox 1878 5389 3575 5464">
    <p class='ocr_par' dir='ltr' id='par_1_116' title="bbox 1878 5389 3575 5464">
     <span class='ocr_line' id='line_1_116' title="bbox 1878 5389 3575 5464; baseline -0.003 -17"><span class='ocrx_word' id='word_1_832' title='bbox 1878 5394 2216 5459; x_wconf 88' lang='lat' dir='ltr'>hanensem,</span> <span class='ocrx_word' id='word_1_833' title='bbox 2262 5392 2359 5447; x_wconf 89' lang='lat' dir='ltr'>sed</span> <span class='ocrx_word' id='word_1_834' title='bbox 2399 5407 2573 5461; x_wconf 90' lang='lat' dir='ltr'>supra</span> <span class='ocrx_word' id='word_1_835' title='bbox 2616 5390 2786 5461; x_wconf 87' lang='lat' dir='ltr'>Epist.</span> <span class='ocrx_word' id='word_1_836' title='bbox 2827 5407 2862 5457; x_wconf 78' lang='grc' dir='ltr'>ι,</span> <span class='ocrx_word' id='word_1_837' title='bbox 2895 5406 2952 5445; x_wconf 93' lang='lat' dir='ltr'>n.</span> <span class='ocrx_word' id='word_1_838' title='bbox 3004 5396 3053 5457; x_wconf 82' lang='lat'>5,</span> <span class='ocrx_word' id='word_1_839' title='bbox 3086 5389 3334 5464; x_wconf 86' lang='lat' dir='ltr'>legimus</span> <span class='ocrx_word' id='word_1_840' title='bbox 3378 5403 3575 5445; x_wconf 78' lang='lat' dir='ltr'>conua-</span> 
     </span>
    </p>
   </div>
   <div class='ocr_carea' id='block_1_117' title="bbox 1879 5465 2090 5520">
    <p class='ocr_par' dir='ltr' id='par_1_117' title="bbox 1879 5465 2090 5520">
     <span class='ocr_line' id='line_1_117' title="bbox 1879 5465 2090 5520; baseline -0.019 0"><span class='ocrx_word' id='word_1_841' title='bbox 1879 5465 2090 5520; x_wconf 82' lang='lat' dir='ltr'>scendo.</span> 
     </span>
    </p>
   </div>
   <div class='ocr_carea' id='block_1_118' title="bbox 1953 5536 2761 5603">
    <p class='ocr_par' dir='ltr' id='par_1_118' title="bbox 1953 5536 2761 5603">
     <span class='ocr_line' id='line_1_118' title="bbox 1953 5536 2761 5603; baseline -0.004 -15"><span class='ocrx_word' id='word_1_842' title='bbox 1953 5540 1975 5566; x_wconf 82' lang='lat'><strong><em>°</em></strong></span> <span class='ocrx_word' id='word_1_843' title='bbox 2005 5536 2125 5597; x_wconf 85' lang='lat' dir='ltr'>Ms.,</span> <span class='ocrx_word' id='word_1_844' title='bbox 2157 5550 2257 5603; x_wconf 83' lang='lat' dir='ltr'>pro</span> <span class='ocrx_word' id='word_1_845' title='bbox 2289 5550 2385 5599; x_wconf 85' lang='lat' dir='ltr'>per</span> <span class='ocrx_word' id='word_1_846' title='bbox 2413 5538 2761 5587; x_wconf 83' lang='lat' dir='ltr'>naturarum.</span> 
     </span>
    </p>
   </div>
   <div class='ocr_carea' id='block_1_119' title="bbox 1955 5604 2943 5675">
    <p class='ocr_par' dir='ltr' id='par_1_119' title="bbox 1955 5604 2943 5675">
     <span class='ocr_line' id='line_1_119' title="bbox 1955 5604 2943 5675; baseline 0.001 -15"><span class='ocrx_word' id='word_1_847' title='bbox 1955 5605 1969 5640; x_wconf 68' lang='grc' dir='ltr'><em>ί</em></span> <span class='ocrx_word' id='word_1_848' title='bbox 2006 5606 2135 5675; x_wconf 88' lang='lat' dir='ltr'>Leg.</span> <span class='ocrx_word' id='word_1_849' title='bbox 2173 5611 2403 5661; x_wconf 79' lang='lat' dir='ltr'>naturas</span> <span class='ocrx_word' id='word_1_850' title='bbox 2435 5621 2549 5659; x_wconf 90' lang='lat' dir='ltr'>non</span> <span class='ocrx_word' id='word_1_851' title='bbox 2582 5604 2943 5672; x_wconf 77' lang='lat' dir='ltr'>distinguam.</span> 
     </span>
    </p>
   </div>
  </div>
