3860 6262
274 259 366 312 ἒ43
1626 256 1879 312 ALVARI
1919 257 2147 314 CORDU
2160 257 2395 313 BENSIS
3682 256 3769 308 iii

263 262 366 312 443

270 392 462 446 nullus
492 391 703 459 objicit,
738 394 793 441 et
830 389 901 442 ad
942 404 1007 441 ea
1051 389 1120 442 de
1165 388 1373 459 quibus
1418 387 1787 458 conquereris
1819 388 1961 443 nihil
2001 392 2044 442 A
2072 393 2329 457 generat.
2380 388 2442 439 Et
2476 387 2567 440 hic
2600 386 2728 457 quis
2768 387 2941 440 homo
2985 388 3149 441 Pater
3191 403 3322 440 caro
3361 402 3631 451 carnem,
3675 403 3771 440 non

271 478 662 534 confirmativa
690 477 1022 547 respondes.

341 572 428 622 26.
472 567 629 631 Quod
674 583 805 619 vero
857 564 1121 636 Ephesini
1166 565 1365 635 synodi
1412 565 1560 618 dicta
1609 565 1830 618 conaris
1878 566 1962 620 in-

270 657 543 727 fringere,
578 657 755 709 miror
786 662 837 709 te
880 656 985 708 hoc
1039 661 1229 708 mente
1281 656 1366 708 vel
1416 655 1659 707 voluisse
1702 658 1962 719 tractare,

272 750 483 817 quanto
528 744 709 814 magis
757 743 980 813 scriptis
1026 742 1434 814 prolixioribus
1480 742 1772 796 ventilare.
1819 741 1967 794 Dicis

272 834 424 887 enim
462 851 474 887 :
509 833 568 888 Si
599 832 808 886 dixeris
839 832 992 903 quod
1028 831 1260 901 propria
1303 837 1388 884 est
1430 831 1527 885 Dei
1566 833 1744 883 Patris
1776 830 1965 891 Verbi,

272 924 425 992 quod
476 921 657 975 sancti
707 923 900 974 Patres
947 920 1183 973 minime
1233 920 1403 973 credo
1454 926 1515 972 ut
1566 920 1642 971 ita
1688 918 1964 984 dixerint;

272 1026 407 1080 ergo
444 1009 815 1063 Sabelliniam
865 1008 1132 1061 haeresim
1176 1017 1200 1040 ιι
1246 1014 1471 1060 secutus
1519 1006 1822 1074 videberis,
1868 1006 1969 1075 qui

273 1099 411 1151 dicis
443 1098 596 1170 quod
629 1098 860 1169 propria
902 1102 986 1150 est
1017 1096 1183 1149 Verbi
1216 1096 1314 1149 Dei
1354 1112 1483 1148 caro
1516 1096 1717 1158 Patris,
1752 1101 1808 1148 et
1838 1111 1968 1165 pro-

274 1187 399 1257 pria
428 1193 513 1240 est
541 1187 725 1249 Verbi,
756 1186 905 1256 quod
939 1189 1129 1237 sancta
1157 1184 1405 1254 synodus
1430 1184 1709 1254 Ephesiua
1732 1183 1969 1237 minime

272 1276 483 1329 docuit.
537 1277 696 1330 Certe
745 1274 1038 1344 cognoscis
1082 1289 1198 1325 non
1239 1288 1423 1325 meam
1466 1271 1832 1338 sententiam,
1869 1271 1969 1325 sed

272 1363 543 1434 Ephesiui
576 1364 797 1417 concilii
831 1362 1154 1432 protulisse,
1191 1368 1254 1415 ut
1297 1369 1358 1414 tu
1408 1362 1565 1414 testis
1613 1378 1670 1413 es
1710 1361 1872 1413 mihi.
1908 1362 1971 1414 Et

271 1468 384 1522 quo
413 1458 575 1521 pacto
605 1468 775 1504 ausus
808 1467 865 1502 es
894 1451 1081 1503 dicere
1113 1451 1263 1519 quod
1300 1450 1477 1502 sant-ti
1509 1450 1704 1502 Patres
1734 1449 1969 1502 minime

269 1542 436 1594 credo
484 1545 543 1593 ut
584 1539 872 1593 dixerint?
916 1539 1185 1609 Nunquid
1222 1538 1314 1591 isti
1354 1538 1533 1591 sancti
1579 1554 1691 1590 non
1738 1538 1972 1591 fuerunt

268 1630 481 1696 Patres,
517 1629 617 1699 qui
648 1629 935 1699 Ephesino
968 1627 1209 1680 concilio
1240 1627 1596 1696 praefuerunt
1623 1626 1968 1696 praesentes?

271 1717 419 1771 Dicis
468 1733 603 1787 ergo
663 1734 675 1770 :
731 1716 1113 1770 Sabellianam
1160 1716 1419 1769 haeresim
1473 1721 1697 1769 secutus
1748 1714 1969 1768 videbe-

269 1806 347 1859 ris
383 1822 397 1859 :
430 1823 532 1859 cur
561 1806 669 1859 hoc
703 1806 843 1858 mihi
874 1806 1128 1858 attitulas
1160 1808 1203 1871 Ι),
1247 1810 1304 1858 et
1344 1805 1412 1858 de
1453 1805 1696 1857 aliorum
1736 1808 1966 1858 senten-

270 1894 349 1947 tia
379 1912 470 1948 me
502 1896 747 1964 plectere
778 1894 1051 1947 festinas?
1091 1894 1359 1963 Nunquid
1408 1894 1708 1964 proprium
1751 1893 1965 1963 aliquid

272 1983 428 2036 dixi?
471 1985 676 2037 Eorum
723 1984 873 2037 dicta
921 1999 1049 2036 mea
1092 1984 1303 2052 scripta
1350 1984 1589 2035 sonavit.
1645 1982 1739 2035 Dic
1781 1998 1915 2052 ergo
1952 1999 1964 2036 :

269 2072 651 2127 Sabellianam
702 2071 964 2125 haeresim
1008 2072 1189 2125 secuti
1236 2077 1368 2124 sunt
1421 2071 1695 2140 Ephesiui
1744 2071 1967 2124 concilii

269 2160 614 2214 sanctissimi
670 2162 880 2224 Patres,
933 2162 1031 2230 qui
1082 2161 1353 2213 dixerunt
1398 2160 1549 2230 quod
1596 2162 1833 2230 propria
1882 2165 1967 2213 est

269 2265 398 2302 caro
439 2248 621 2319 ipsius
671 2247 835 2300 Verbi
880 2249 977 2301 Dei
1029 2247 1228 2314 Patris,
1274 2253 1329 2300 et
1376 2247 1608 2317 propria
1639 2254 1723 2300 est
1760 2247 1965 2301 Verbi?

269 2338 376 2391 Sed
419 2338 575 2403 audi,
628 2354 659 2389 o
706 2343 1035 2389 nostrorum
1083 2342 1412 2405 temporum
1465 2336 1808 2400 Aristarche,
1852 2353 1965 2406 quo

269 2425 462 2479 animo
509 2426 615 2478 hoc
660 2424 925 2478 dixerunt
976 2441 988 2477 :
1044 2424 1276 2494 propria
1315 2430 1399 2476 est
1433 2440 1550 2477 non
1581 2425 1764 2477 solum
1801 2424 1966 2477 Verbi

268 2515 370 2568 Dei
411 2514 613 2579 Patris,
656 2514 751 2566 sed
795 2514 964 2566 etiam
1008 2513 1181 2579 Patri,
1236 2513 1371 2583 quia
1430 2514 1658 2567 Verbum
1702 2529 1825 2567 caro
1872 2516 1963 2580 fa-

268 2612 410 2657 ctum
456 2608 553 2669 est,
606 2607 656 2656 et
698 2602 967 2655 habitarit
1000 2604 1056 2655 in
1086 2602 1258 2669 nobis,
1294 2617 1409 2653 non
1440 2600 1498 2653 in
1530 2617 1697 2654 carne
1732 2618 1963 2654 conver—

268 2708 415 2758 sum,
450 2692 535 2743 vel
573 2695 636 2743 ut
665 2690 803 2743 dicis
848 2695 1152 2755 mutatum,
1199 2690 1297 2743 sed
1344 2690 1403 2743 in
1446 2706 1616 2744 carne
1660 2706 1841 2743 unum
1876 2690 1962 2743 Fi-

264 2780 407 2833 lium
455 2780 756 2850 proprium
803 2778 1034 2833 factum.
1089 2778 1327 2849 Propria
1375 2783 1458 2832 est
1495 2794 1623 2831 caro
1667 2779 1819 2833 Patri
1860 2795 1965 2849 per

262 2869 672 2938 proprietatem
707 2868 828 2937 ejus
860 2868 1045 2921 Verbi.
1082 2869 1226 2933 Non,
1261 2868 1411 2937 quod
1446 2867 1611 2935 absit,
1645 2872 1708 2921 ut
1738 2884 1867 2922 caro
1900 2884 1964 2921 ex

262 2958 555 3012 divinitate
588 2958 768 3011 Patris
801 2957 873 3009 sit
904 2963 1153 3027 sumpta,
1196 2973 1229 3009 a
1265 2957 1436 3010 Maria
1474 2957 1698 3027 virgine
1737 2974 1964 3028 semper

264 3052 546 3115 suscepta,
598 3046 694 3099 sed
743 3062 858 3098 una
903 3062 1034 3099 cum
1082 3045 1378 3100 divinitate
1424 3061 1546 3112 sua,
1592 3046 1761 3100 tertia
1796 3048 1866 3100 sit
1903 3048 1963 3100 in

262 3133 539 3190 Trinitate
570 3149 837 3203 persona.

337 3226 425 3276 27.
461 3222 619 3285 Quod
656 3222 703 3274 si
734 3220 1051 3275 secundum
1095 3222 1341 3275 Verbum
1371 3223 1526 3276 Patri
1558 3226 1642 3276 est
1672 3222 1961 3292 proprius,

267 3316 319 3367 et
360 3310 674 3364 secundum
720 3326 949 3364 carnem
1000 3315 1085 3363 est
1130 3310 1449 3381 adoptivus,
1488 3310 1608 3380 jam
1659 3327 1793 3381 ergo
1840 3328 1963 3366 sur-

270 3400 419 3455 rexit
450 3401 509 3453 in
542 3406 699 3468 parte
744 3404 927 3453 vestra
976 3399 1114 3452 olim
1164 3404 1427 3453 mortuus
1474 3399 1801 3469 Elipandus.
1856 3402 1963 3455 Nos

269 3506 387 3544 non
414 3488 792 3544 Sabellianam
820 3488 1196 3559 praedicamus
1219 3494 1329 3541 tres
1352 3505 1623 3558 personas
1646 3490 1957 3556 credentes,

268 3595 373 3633 nec
402 3578 731 3648 adoptivam
775 3594 1005 3631 carnem
1049 3577 1261 3632 Christi
1303 3577 1628 3645 asserimus,
1659 3594 1840 3631 unum
1872 3579 1962 3634 Fi-

268 3666 409 3720 lium
433 3666 732 3737 proprium
764 3683 881 3720 non
913 3666 1056 3720 duos
1085 3667 1355 3720 veraciter
1375 3667 1771 3737 praedicantes.
1798 3668 1961 3731 Quod

269 3755 315 3808 si
353 3755 647 3825 prOpriam
694 3772 810 3808 non
857 3755 997 3809 dicis
1039 3755 1214 3823 Patri,
1259 3757 1584 3826 adoptivam
1633 3774 1769 3828 ergo
1811 3758 1962 3811 Patri

267 3844 549 3898 videberis
589 3844 895 3899 afﬁrmare.
931 3844 1037 3899 Sed
1074 3846 1207 3899 audi
1247 3847 1492 3916 qualiter
1539 3851 1593 3900 te
1640 3852 1738 3900 tuo
1789 3847 1963 3901 truci-

268 3932 367 3986 des
410 3949 561 3987 ense.
603 3934 682 3985 Eo
726 3938 985 4002 tempore
1026 3951 1139 4004 quo
1186 3935 1447 4004 Elipandi
1488 3937 1608 3988 lues
1637 3952 1844 3990 vesano
1875 3936 1961 3989 fu-

266 4037 397 4075 rore
450 4028 705 4074 nostram
758 4022 1015 4075 vastabat
1070 4022 1446 4091 provinciam,
1507 4028 1563 4076 et
1614 4024 1902 4078 crudelior
1942 4034 1961 4058 ο

267 4108 565 4161 barbarico
615 4109 807 4177 gladio
861 4108 1058 4162 lethali
1105 4115 1335 4179 pectora
1383 4110 1695 4180 dissipabat
1739 4114 1962 4167 fortiter

268 4196 491 4249 rumfea
539 4194 594 4259 ἀς
647 4202 831 4250 vester
889 4213 1043 4250 nunc
1099 4198 1406 4267 requisitus
1465 4199 1767 4270 episcopus
1820 4203 1961 4255 Teu-

2074 476 2373 545 Spiritum,
2426 480 2679 545 generat.
2731 474 2813 527 lbi
2871 475 3016 527 Deus
3069 475 3236 528 Pater
3290 481 3346 527 et
3399 479 3680 527 naturam
3728 482 3773 527 et

2074 581 2398 634 personam,
2443 564 2534 617 hic
2580 564 2749 616 homo
2798 564 2964 615 Pater
3006 567 3230 615 tantum
3279 567 3555 615 naturam
3607 579 3620 615 :
3672 579 3769 614 non

2073 669 2396 724 personam.
2430 652 2511 706 lbi
2553 658 2862 722 antequam
2905 657 3169 705 naturam
3215 651 3473 704 hominis
3526 652 3768 717 suscipe-

2073 747 2180 803 ret,
2213 741 2524 795 subsistens
2557 741 2745 793 divina
2787 756 3029 810 persona
3076 740 3322 809 amplius
3366 740 3679 809 augmenti
3719 744 3767 791 ut
3834 740 3835 779 ἶ

2076 832 2175 885 Dei
2220 832 2393 885 Filius
2426 831 2672 883 fateatur
2704 829 2739 895 ί,
2773 829 2967 883 divina
3010 830 3309 899 generatio
3352 828 3634 882 obtinuit.
3687 829 3766 882 Hic

2076 925 2139 972 ut
2169 919 2296 989 quis
2328 919 2481 971 ﬁlius
2521 918 2772 970 hominis
2811 918 3074 982 fateatur,
3109 916 3289 969 multo
3324 916 3526 969 minus
3562 916 3767 979 habuit,

2076 1008 2174 1079 qui
2228 1007 2350 1060 sine
2405 1022 2648 1076 persona
2699 1011 2922 1059 tantum
2976 1023 3007 1058 a
3056 1007 3220 1058 Patre
3271 1010 3551 1058 naturam
3601 1006 3768 1059 carnis

2077 1102 2345 1167 suscepit.
2385 1097 2541 1150 Unde
2586 1097 2823 1149 omnino
2867 1095 2992 1166 quis
3034 1104 3130 1147 aut
3163 1095 3374 1149 dividat
3405 1110 3651 1147 omnem
3684 1095 3769 1147 ho-

2076 1185 2249 1240 minis
2309 1184 2516 1249 filium,
2582 1190 2681 1237 aut
2740 1184 3028 1237 Christum
3087 1199 3149 1235 ex
3205 1188 3452 1253 utroque
3518 1183 3768 1253 praedicet

2078 1289 2276 1327 unum.
2309 1273 2507 1326 Omnis
2552 1273 2706 1324 enim
2752 1272 2818 1324 ad
2865 1272 2965 1324 Dei
3006 1270 3317 1340 imaginem
3357 1271 3654 1335 conditus,
3686 1288 3771 1340 per

2078 1378 2251 1432 quem
2306 1361 2496 1431 imago
2552 1360 2651 1413 Dei
2709 1360 3021 1426 descendit,
3085 1376 3199 1413 non
3255 1359 3366 1412 nisi
3424 1359 3773 1413 dissimiliter

2078 1451 2306 1519 genitus
2354 1466 2417 1501 ex
2472 1454 2715 1518 utroque
2764 1454 3002 1519 parente
3054 1448 3260 1501 existit.
3304 1449 3504 1501 Primo
3550 1454 3711 1501 natus
3744 1468 3769 1501 a

2078 1539 2261 1603 Patre,
2296 1538 2620 1609 incognitus
2654 1545 2844 1591 manet
2871 1554 2971 1608 pro
3003 1542 3281 1607 tempore.
3316 1538 3572 1591 Demum
3605 1538 3767 1590 nasci-

2081 1632 2173 1682 tur
2202 1644 2234 1680 a
2262 1633 2459 1693 matre,
2493 1632 2547 1681 et
2579 1628 2803 1682 videtur
2830 1627 2887 1680 in
2920 1627 3174 1681 homine.
3209 1629 3377 1681 Pater
3406 1632 3644 1681 tantum
3664 1629 3766 1681 sine

2076 1733 2321 1788 persona
2366 1721 2652 1783 naturam,
2700 1721 2886 1770 mater
2933 1732 3065 1770 vero
3107 1721 3171 1770 ut
3214 1722 3483 1770 naturam
3524 1722 3766 1787 generat,

2076 1812 2131 1861 et
2179 1822 2505 1875 personam.
2559 1806 2664 1860 Sed
2715 1806 2774 1858 in
2824 1822 2941 1859 una
2988 1822 3230 1875 persona
3276 1811 3592 1876 utramque
3644 1806 3764 1858 sub-

2075 1896 2344 1948 stantiam
2390 1914 2402 1948 :
2458 1910 2629 1947 unam
2678 1910 2707 1948 e
2759 1894 3064 1947 visceribus
3105 1892 3350 1964 propriis
3390 1893 3690 1963 gignendo
3718 1895 3765 1944 in

2074 1986 2316 2038 fratrum
2349 1984 2685 2041 transmisit,
2719 1982 2891 2036 aliam
2924 2000 3038 2036 non
3069 2000 3101 2036 a
3140 1982 3456 2036 visceribus
3491 1982 3763 2052 proditam

2073 2089 2204 2127 cum
2262 2072 2456 2142 genita
2510 2072 2836 2141 parturivit.
2897 2072 3055 2126 Unde
3100 2072 3159 2124 in
3208 2071 3598 2142 gignentibus
3653 2088 3764 2123 caro

2073 2167 2300 2216 tantum
2340 2161 2408 2214 de
2451 2177 2622 2214 carne
2662 2167 2814 2226 nata,
2860 2161 3053 2214 anima
3094 2177 3228 2213 vero
3280 2178 3312 2213 a
3363 2162 3485 2214 Deo
3529 2160 3767 2213 noscitur

2073 2255 2403 2319 propagata.
2440 2250 2821 2319 Quapropter,
2855 2249 2898 2301 si
2936 2254 3173 2319 uterque
3205 2264 3412 2319 parens
3464 2265 3497 2301 e
3551 2248 3764 2318 proprio

2073 2339 2131 2391 in
2184 2339 2322 2392 Filio
2373 2338 2623 2391 animam
2672 2355 2790 2391 non
2832 2337 3060 2408 genuit;
3096 2354 3232 2408 ergo
3265 2337 3579 2407 adoptivus
3610 2337 3687 2389 illi
3718 2338 3765 2388 in

2075 2427 2267 2479 anima
2299 2426 2527 2481 exstitit.
2566 2426 2955 2490 Quamobrem
2987 2427 3033 2479 si
3064 2426 3155 2479 cui
3204 2427 3392 2496 placet
3440 2430 3765 2479 naturarum

2075 2515 2500 2569 distinctionem
2556 2516 2612 2568 in
2662 2515 2897 2586 proprio
2944 2521 2998 2569 et
3044 2515 3310 2584 adoptivo
3358 2515 3484 2568 tilio
3530 2514 3764 2568 dividere

2074 2603 2381 2671 Christum,
2433 2604 2647 2657 dividat
2693 2603 2988 2657 hominem
3037 2617 3067 2659 ε
3117 2604 3354 2657 omnino
3406 2602 3665 2656 hominis
3715 2602 3763 2654 ti-

2072 2693 2235 2746 lium.
2282 2693 2385 2746 Sed
2439 2692 2573 2760 quia
2613 2693 2759 2746 ratio
2799 2693 3051 2745 veritatis
3094 2696 3396 2762 repugnat,
3432 2708 3499 2745 ex
3536 2695 3763 2760 utroque

2074 2782 2189 2834 Deo
2224 2780 2395 2846 Patri,
2429 2797 2495 2833 ex
2541 2786 2783 2851 utroque
2830 2780 2887 2833 in
2930 2786 3175 2851 utroque
3219 2780 3469 2851 parenti,
3509 2780 3762 2851 proprius

2070 2869 2245 2923 Filius
2280 2875 2667 2938 agnoscatur:
2717 2869 2853 2940 quia
2900 2869 2959 2922 in
3006 2874 3249 2939 utroque
3298 2885 3415 2922 non
3469 2869 3587 2922 nisi
3634 2883 3761 2920 unus

2002 2990 2042 3046 Ο
2070 2959 2448 3027 personaliter
2487 2963 2585 3012 aut
2629 2958 2766 3025 Dei,
2816 2963 2916 3011 aut
2961 2957 3214 3011 hominis
3281 2957 3461 3011 Filius
3536 2958 3759 3011 demon-

2074 3052 2305 3101 stratur.

2144 3140 2232 3189 29.
2287 3136 2430 3189 Illud
2484 3151 2616 3189 vero
2664 3135 2946 3189 Vincentii
2995 3134 3173 3189 nostri
3221 3135 3439 3189 dictum
3487 3135 3645 3206 quod
3686 3135 3758 3186 in-

2072 3225 2297 3294 fringis,
2333 3241 2445 3295 quo
2475 3224 2669 3278 animo
2703 3224 2918 3278 dictum
2951 3224 3057 3277 fuit
3092 3224 3384 3278 advertere
3415 3225 3616 3278 debes.
3652 3224 3759 3277 Non

2074 3313 2226 3366 enim
2260 3313 2369 3366 hoc
2400 3312 2637 3383 protulit
2668 3318 2731 3365 ut
2771 3328 3000 3365 carnem
3044 3312 3251 3366 Christi
3298 3312 3599 3366 conditam
3647 3316 3761 3364 ante

2074 3402 2280 3456 saecula
2313 3401 2646 3469 affirmaret,
2684 3401 2782 3454 sed
2827 3406 2888 3455 ut
2928 3418 3100 3454 unam
3147 3417 3457 3472 personam
3509 3401 3675 3455 Verbi
3717 3406 3763 3453 et

2072 3490 2258 3544 carnis
2307 3491 2651 3544 ostenderet.
2706 3490 2852 3543 Dicis
2902 3491 3053 3543 enim
3107 3507 3119 3543 :
3178 3511 3205 3539 ‹‹
3246 3491 3349 3544 Illa
3389 3490 3569 3545 facies
3607 3504 3763 3560 quam

2073 3582 2310 3634 colonus
2359 3579 2608 3650 paradisi
2657 3579 2848 3649 fugiit,
2892 3579 3145 3649 subjecta
3193 3583 3457 3631 creatura
3504 3579 3634 3643 fuit,
3678 3576 3763 3629 sed

2073 3684 2190 3721 non
2223 3668 2291 3722 de
2332 3668 2549 3722 semine
2584 3668 2755 3722 David
2803 3672 2953 3735 nata,
2988 3667 3085 3722 sed
3120 3667 3375 3721 nondum
3407 3667 3679 3721 divinitas
3705 3682 3761 3718 ex

2073 3757 2250 3826 stirpe
2308 3757 2487 3810 David
2543 3762 2867 3826 corporata,
2926 3757 3022 3810 sed
3077 3756 3335 3809 nondum
3394 3755 3456 3809 in
3516 3762 3759 3825 tempore

2070 3851 2221 3899 nata.
2276 3866 2303 3893 ››
2356 3846 2491 3899 Ecce
2545 3861 2672 3915 quae
2722 3844 2894 3913 paulo
2947 3849 3079 3898 ante
3134 3844 3423 3898 refutabas
3472 3844 3759 3898 manifeste

2070 3934 2289 4004 profers
2322 3939 2492 4004 atque
2517 3933 2883 3999 confirmans,
2919 3933 3057 3986 dum
3088 3932 3226 3986 dicis
3258 3948 3271 3986 :
3307 3951 3334 3983 α
3365 3933 3475 3987 Sed
3512 3932 3756 3987 nondum

2072 4021 2340 4076 divinitas
2383 4037 2451 4074 ex
2491 4021 2664 4092 stirpe
2708 4021 2877 4074 David
2910 4027 3229 4090 corporata.
3266 4042 3291 4069 ››
3332 4021 3469 4085 Οἱ]ᾶέ
3503 4021 3756 4076 divinitas

2070 4127 2135 4163 ex
2192 4109 2366 4179 stirpe
2426 4110 2604 4163 David
2655 4110 2871 4163 exstitit
2922 4109 3263 4178 corporata?
3320 4111 3377 4164 Si
3439 4111 3587 4173 Filii,
3633 4124 3754 4177 ergo

2067 4199 2303 4269 propria
2348 4198 2499 4252 Patri
2538 4204 2623 4251 est
2659 4198 2823 4251 facta.
2857 4198 3250 4267 Reprehendis
3282 4199 3667 4262 Vincentium,
3697 4196 3757 4249 de

268 4284 421 4350 dula,
456 4289 585 4353 post
613 4285 790 4338 multa
820 4291 875 4338 et
902 4285 1057 4337 varia
1088 4286 1155 4339 de
1187 4287 1538 4357 proprietate
1565 4288 1957 4343 Christivene-
2000 4289 2044 4344 D
2070 4288 2421 4359 prOprietate
2462 4304 2718 4356 personae
2762 4287 2887 4341 Filii
2928 4287 3144 4356 optime
3178 4287 3542 4353 sentientem,
3578 4292 3757 4339 etnon

270 4373 447 4427 randa
480 4373 728 4444 eloquia,
762 4373 861 4427 tali
895 4373 1009 4426 fine
1050 4375 1228 4429 totius
1257 4391 1374 4428 sua:
1405 4376 1796 4447 dispositionis
1827 4394 1957 4430 con-

268 4461 435 4515 clusit
478 4462 752 4532 epitoma,
802 4468 865 4516 ut
911 4462 1124 4516 diceret
1174 4480 1186 4517 :
1240 4463 1296 4517 Si
1336 4464 1464 4533 quis
1495 4480 1723 4519 carnem
1755 4467 1963 4521 Christi

267 4549 591 4619 adoptivam
622 4550 829 4607 dixerit
858 4550 1031 4615 Patri,
1066 4552 1373 4605 anathema
1404 4552 1493 4605 sit.
1526 4556 1727 4607 Amen.

338 4639 425 4691 28.
463 4636 608 4690 Audi
654 4637 793 4705 quid
831 4637 1128 4691 Basiliscus
1177 4638 1449 4708 Elipando
1493 4640 1642 4693 dicat
1692 4682 1704 4694 .
1757 4641 1959 4706 Adicit,

266 4724 473 4794 inquit,
506 4724 633 4795 quis
669 4741 681 4779 :
720 4726 863 4779 Deus
895 4727 1063 4779 Pater
1091 4742 1321 4779 carnem
1357 4743 1474 4780 non
1506 4728 1725 4797 genuit.
1763 4730 1964 4783 Fateor

267 4813 389 4883 ipse
434 4814 569 4884 quia
617 4830 845 4868 carnem
895 4831 1010 4868 non
1061 4815 1280 4885 genuit,
1339 4818 1435 4870 sed
1488 4817 1692 4870 Filium
1736 4823 1759 4848 °
1803 4818 1963 4889 cujus

268 4918 395 4956 caro
439 4908 525 4956 est
567 4903 786 4974 genuit.
832 4904 942 4957 Nec
982 4904 1113 4974 quis
1143 4905 1318 4958 homo
1364 4906 1425 4959 in
1471 4905 1679 4960 Filium
1709 4907 1963 4963 animam

268 4996 520 5060 generat,
574 4992 672 5045 sed
715 5008 947 5047 carnem
998 4994 1160 5063 cujus
1193 5000 1278 5048 est
1306 4995 1559 5049 animam
1592 5000 1846 5067 generat.
1883 4996 1965 5050 Ibi

269 5079 425 5133 enim
482 5081 630 5133 Deus
684 5082 850 5135 Pater
899 5080 1143 5152 Spiritus
1192 5082 1493 5154 Spiritum,
1544 5100 1659 5138 non
1710 5100 1962 5150 carnem,

312 5234 603 5311 _a_Voeem
652 5237 895 5291 haeresim
947 5239 1311 5311 praetermisit
1365 5239 1538 5310 hujus
1578 5238 1826 5311 scriptor
1881 5255 1966 5311 co-

269 5303 427 5428 gigis.
472 5306 661 5361 Exstat
701 5324 873 5378 supra
914 5303 1082 5380 epist.
1132 5314 1184 5377 3,
1228 5326 1288 5365 n.
1334 5315 1387 5378 7,
1434 5303 1492 5367 et
1530 5310 1621 5365 hic
1660 5303 1851 5364 statim
1881 5310 1963 5364 in-

340 5416 373 5489 i;
396 5446 516 5515 Ms.,
550 5448 624 5501 ad
654 5450 832 5503 titula.

340 5517 587 5594 caliter,
638 5521 945 5576 crudeliter.
998 5524 1163 5594 Apud
1216 5526 1392 5579 Bravo
1448 5524 1509 5577 in
1561 5524 1735 5579 Catal.
1786 5523 1956 5592 episc.

269 5587 542 5653 Cordub.,
574 5607 702 5662 pag.
742 5594 858 5646 107.

2072 4375 2318 4430 advertis
2360 4377 2729 4445 Evangelium
2776 4376 2881 4429 hoc
2926 4376 3077 4429 idem
3124 4377 3377 4446 apertius
3420 4376 3755 4430 confirman-

2070 4468 2184 4517 tem
2224 4481 2235 4516 :
2269 4466 2429 4519 Nemo
2460 4464 2704 4518 ascendit
2739 4467 2795 4517 in
2838 4465 3042 4529 caelum,
3085 4466 3196 4517 nisi
3239 4466 3337 4533 qui
3387 4463 3663 4518 descendit
3701 4459 3757 4511 de

2071 4554 2215 4617 cwlo,
2270 4551 2420 4619 ﬁlius
2465 4553 2697 4605 hominis
2748 4555 2845 4620 qui
2900 4558 2976 4605 est
3020 4555 3078 4605 in
3124 4554 3248 4605 cmlo
3298 4554 3477 4621 (Joan.
3538 4569 3617 4615 ιιι,
3663 4548 3752 4612 l3).

2073 4643 2302 4695 Necnon
2353 4647 2407 4694 et
2454 4641 2595 4695 illud
2645 4658 2657 4695 :
2709 4642 2838 4696 Cum
2886 4641 3135 4695 videritis
3184 4643 3358 4708 ﬁlium
3406 4642 3638 4693 hominis
3682 4652 3756 4690 as-

2070 4730 2373 4783 cendentem
2420 4730 2513 4783 ubi
2551 4734 2668 4783 erat
2710 4733 2868 4798 prius
2916 4729 3098 4797 (Joan.
3150 4746 3223 4796 VI,
3279 4728 3388 4797 63).
3452 4729 3555 4782 Dic
3602 4726 3752 4790 mihi,

2072 4818 2170 4872 ubi
2219 4824 2339 4871 erat
2385 4819 2535 4871 filius
2583 4817 2836 4872 hominis
2885 4817 3219 4888 priusquam
3268 4832 3500 4870 carnem
3546 4816 3755 4884 accipe-

2071 4909 2197 4961 ret?
2240 4906 2297 4961 Si
2341 4906 2401 4960 in
2442 4909 2604 4973 cmlo,
2651 4922 2752 4960 cur
2795 4922 2931 4976 ergo
2978 4906 3198 4974 accepit
3236 4921 3490 4971 carnem,
3526 4905 3626 4976 qui
3648 4908 3751 4973 jam

2071 5011 2303 5049 carnem
2359 4996 2626 5062 habebat,
2682 4995 2821 5066 quia
2872 4994 3021 5055 dicit
3061 4996 3239 5063 ﬁlium
3294 4995 3555 5061 hominis,
3607 4994 3754 5047 utet

2071 5100 2202 5137 eum
2249 5083 2573 5139 ostenderet
2618 5100 2717 5154 per
2768 5082 3040 5137 unionem
3095 5098 3355 5153 persona:
3410 5100 3443 5136 a
3491 5079 3754 5153 principio

2140 5239 2168 5277 ἀ
2200 5241 2261 5295 Id
2289 5246 2392 5304 est,
2424 5242 2718 5310 romphza,
2746 5240 2987 5310 gladius.

2142 5317 2164 5343 °
2197 5314 2318 5379 Ms.,
2344 5314 2509 5380 ﬁlius.

2144 5380 2163 5418 τ
2194 5383 2252 5436 Id
2285 5390 2370 5436 est
2398 5383 2636 5437 dicatur.

2142 5467 2173 5507 ε
2205 5455 2367 5507 Forte
2398 5470 2622 5521 omnem,
2661 5457 2723 5508 ut
2756 5453 2930 5525 paulo
2966 5458 3096 5508 ante
3130 5451 3407 5523 scriptum
3436 5457 3537 5515 est,
3571 5462 3751 5508 omnem

2070 5524 2300 5581 hominis
2330 5526 2524 5593 ﬁlium.
