3860 6262
76 305 203 356 445

1807 306 2178 361 ΕΡΙὸΤΟΙπΕ.
3506 308 3608 360 446

69 451 242 501 esse,
277 440 485 489 eteum
520 436 814 490 hominem
847 434 1207 490 nominatum
1236 434 1423 489 fuisse.
1480 436 1619 489 Nam
1658 436 1794 490 dum
1834 437 1881 489 A
1910 440 1967 490 et
1996 436 2101 490 hoc
2131 436 2342 507 incipio
2376 437 2613 506 perdere
2636 437 2789 507 quod
2812 436 3002 490 credo.
3042 457 3069 487 ι)
3103 439 3245 490 Ante
3271 436 3426 490 enim
3458 453 3605 507 prae-

67 524 235 576 dicit
264 524 445 593 filium
474 526 727 591 hominis,
761 523 1008 578 ostendit
1056 540 1187 577 eum
1218 524 1403 578 ﬁlium
1434 541 1555 578 esse
1589 524 1795 578 Mariae.

68 612 209 665 Ista
262 630 393 683 qua).
443 614 740 667 Vincentio
776 614 1167 667 eruditissimo
1219 614 1443 683 objicis,
1495 614 1798 682 Evangelio

68 703 461 755 sanctissimo
517 703 709 772 iujice,
753 708 807 755 et
858 703 995 756 illud
1054 703 1263 756 iterum
1325 705 1447 772 ejus
1499 703 1797 774 eloquium

66 786 241 843 vide.
277 790 567 845 Abraham
614 792 915 845 exsultavit
967 797 1031 846 ut
1076 792 1283 845 videret
1312 792 1453 845 diem
1506 808 1716 858 meum;
1749 797 1798 845 et

66 880 237 933 vidit
258 887 310 933 et
341 885 565 948 gavisus
587 887 661 936 est
685 882 857 951 (Joan.
899 898 1017 948 vui,
1051 884 1134 948 56)
1170 899 1181 935 :
1218 889 1274 936 et
1303 898 1577 953 cognosce
1618 884 1795 936 Abra-

70 968 228 1020 liam
282 972 598 1035 subiectam
641 978 981 1039 creaturam,
1017 987 1131 1024 non
1158 971 1403 1025 formam
1442 972 1796 1025 incarnatam

66 1058 331 1110 vidisse.
373 1060 437 1112 Et
474 1059 614 1112 scito
648 1059 783 1128 quia
815 1060 935 1112 haec
986 1069 1010 1092 ³
1042 1076 1155 1112 non
1188 1061 1501 1113 secundum
1535 1066 1797 1113 naturam

65 1146 283 1197 carnis
332 1147 639 1215 profertur,
698 1148 791 1200 sed
842 1148 1157 1200 secundum
1207 1148 1484 1201 unitatem
1535 1165 1796 1219 persona:

66 1233 383 1287 ﬁrmatur.
420 1236 575 1289 Absit
617 1236 771 1289 enim
804 1253 831 1288 a
877 1236 1038 1291 nobis
1067 1242 1127 1289 ut
1162 1236 1523 1290 incarnatum
1591 1238 1795 1291 Filium

66 1329 225 1374 ante
279 1328 545 1393 tempora
600 1324 890 1377 saecularia
946 1325 1199 1392 aliunde,
1251 1330 1307 1379 et
1359 1343 1470 1379 non
1525 1326 1594 1379 de
1625 1328 1798 1381 Maria

70 1427 330 1480 semper
364 1413 610 1481 virgine,
645 1414 1023 1482 proferamus.
1053 1414 1213 1466 Absit
1245 1414 1474 1478 iterum,
1509 1420 1566 1467 et
1596 1416 1796 1484 procul

70 1501 154 1551 sit
186 1518 222 1552 a
264 1501 532 1554 sensibus
564 1503 797 1569 nostris,
831 1506 891 1554 ut
922 1518 1024 1572 per
1065 1502 1337 1555 unionem’
1365 1519 1625 1573 personae
1658 1504 1737 1556 illi
1767 1521 1797 1555 a

74 1588 266 1642 Maria
293 1590 530 1644 initium
564 1593 785 1645 demus.

155 1680 250 1731 30.
290 1678 477 1732 Velim
523 1680 615 1733 hic
658 1680 1001 1749 respondeas
1047 1679 1209 1745 mihi,
1261 1684 1451 1734 utrum
1510 1680 1793 1734 Christum

74 1764 144 1817 in
176 1771 433 1836 utraque
486 1774 689 1821 natura
716 1784 914 1821 verum
963 1773 1019 1821 et
1063 1784 1241 1822 unum
1291 1769 1545 1838 proferas
1591 1770 1793 1823 Filium

80 1856 302 1919 Deum,
339 1872 410 1907 an
444 1855 502 1908 in
536 1872 649 1909 una
682 1859 878 1922 Deum,
912 1858 967 1909 in
1006 1856 1116 1910 alia
1163 1858 1469 1926 separatim
1502 1858 1793 1911 hominem

74 1944 278 1997 solum
315 1948 377 1997 et
421 1960 654 2014 purum.
695 1946 891 1999 Utrum
930 1962 1158 1999 carnem
1210 1946 1419 2000 Christi
1464 1948 1793 2000 creatricem

78 2032 363 2084 omnium
398 2033 715 2086 secundum
748 2034 1020 2086 unionem
1052 2049 1313 2103 personae
1343 2033 1503 2101 dicis,
1536 2050 1608 2087 an
1640 2052 1794 2088 crea-

76 2126 279 2173 turam
315 2128 520 2190 aperta
553 2139 684 2174 voce
706 2123 1002 2175 defendis?
1040 2123 1202 2185 Quod
1233 2124 1279 2175 si
1312 2139 1442 2177 eum
1475 2130 1796 2177 creaturam

80 2215 343 2275 tantum,
395 2215 452 2263 et
490 2227 602 2263 non
628 2211 874 2264 adstruis
905 2216 1241 2277 creatorem,
1294 2219 1347 2266 te
1404 2212 1593 2281 ipsum
1647 2230 1798 2266 com-

80 2298 301 2366 probas
366 2305 866 2368 transgressorem,
914 2300 1014 2370 qui
1078 2301 1465 2369 praetermisso
1534 2303 1797 2355 Creatore

84 2387 234 2439 colla
267 2386 520 2440 inclinas
568 2393 862 2441 creaturae.
901 2388 986 2442 Dii
1027 2389 1203 2453 enim,
1239 2390 1337 2460 qui
1380 2407 1494 2443 non
1541 2391 1799 2443 fecerunt

83 2476 300 2529 cmlum
336 2481 397 2529 et
426 2480 660 2542 terram,
694 2482 931 2547 pereant
963 2477 1032 2531 de
1065 2478 1168 2531 sub
1199 2479 1359 2532 caelo.
1416 2480 1483 2532 Et
1536 2480 1632 2533 ubi
1693 2480 1800 2532 erit

85 2564 232 2617 illud
270 2564 429 2634 quod
481 2565 771 2636 legimus:
827 2566 1066 2631 Quorum
1103 2573 1308 2635 patres,
1362 2572 1412 2621 et
1467 2584 1533 2622 ea:
1603 2570 1799 2637 quibus

89 2655 345 2707 Christus
406 2657 504 2721 qui
557 2660 634 2707 est
675 2656 965 2708 secundum
1012 2671 1249 2725 carnem,
1300 2659 1437 2710 Deus
1496 2658 1799 2711 benedictus

90 2747 153 2797 in
200 2745 425 2798 secula.
466 2747 641 2798 Amen
687 2746 865 2814 (Rom.
917 2762 990 2810 ix,
1034 2747 1105 2815 5).
1169 2747 1235 2799 Et
1268 2746 1407 2799 illud
1441 2747 1591 2800 beati
1631 2748 1801 2801 Joan-

92 2832 227 2886 nis:
276 2833 498 2887 Scimus
536 2837 669 2902 quia
700 2835 871 2887 Filius
925 2836 1016 2887 Dei
1057 2838 1221 2900 venit,
1263 2840 1320 2887 et
1348 2851 1577 2888 carnem
1618 2836 1801 2890 induit

93 2921 277 2973 nostri
335 2937 530 2987 causa,
583 2926 638 2974 et
689 2938 885 2991 passus
932 2927 1035 2987 est,
1085 2928 1141 2976 et
1186 2924 1540 2989 resurrexit;
1590 2924 1676 2977 hic
1725 2930 1801 2978 est

1911 525 2183 578 miserat:
2250 546 2271 573 ι
2340 527 2452 595 Ego
2494 542 2606 579 non
2656 526 2916 596 intelligo
2974 526 3126 580 aliud
3184 526 3499 589 sedentem,
3548 531 3604 580 et

1908 613 2064 666 aliud
2096 614 2425 679 scabellum,
2459 615 2553 667 sed
2590 620 2770 667 totum
2832 615 2887 668 in
2938 616 3159 669 Christo
3209 617 3448 669 thronus
3494 620 3598 668 est.

1908 702 2121 765 Quaerit
2150 708 2201 755 et
2242 703 2397 768 dicit,
2432 719 2608 773 quare
2660 704 2746 756 vel
2786 720 2983 773 quare,
3042 704 3330 773 quomodo
3378 706 3450 758 sit
3509 720 3603 757 ne-

1908 790 2022 844 scio
2060 807 2071 844 :
2106 798 2161 844 et
2190 795 2382 845 tamen
2412 792 2580 845 credo
2629 792 2785 862 quod
2829 791 2919 843 sit.
2954 813 2979 839 »
3015 793 3334 859 Quomodo,
3386 794 3598 863 inquis,

1908 878 2160 933 dicemus
2192 896 2357 933 verus
2392 880 2537 933 Deus
2568 884 2623 932 et
2652 895 2820 932 verus
2853 880 3062 933 homo?
3092 879 3237 933 Audi
3271 881 3595 949 quomodo:

1909 968 2229 1022 Secundum
2264 985 2493 1022 carnem
2526 968 2719 1035 homo,
2754 970 3068 1022 secundum
3092 968 3327 1021 verbum
3368 970 3596 1022 Deusd:

1907 1058 2003 1111 sed
2034 1075 2165 1113 caro
2200 1062 2255 1111 et
2300 1058 2548 1111 Verbum
2593 1074 2741 1110 unus
2775 1057 2968 1121 Filius,
3015 1059 3159 1111 Deus
3189 1073 3354 1109 verus
3384 1063 3437 1109 et
3480 1074 3601 1110 cer-

1906 1152 2016 1200 tus.
2052 1152 2095 1200 Λ
2128 1153 2307 1201 matre
2338 1152 2503 1200 natus
2531 1151 2592 1200 ut
2625 1147 2764 1200 dicis
2814 1154 3099 1217 tempore,
3152 1146 3247 1199 sed
3296 1146 3599 1214 sempiter-

1906 1253 2014 1289 nus
2044 1254 2075 1289 a
2105 1238 2287 1290 Patre.
2322 1236 2431 1290 Sed
2466 1252 2705 1307 sequere
2738 1237 3054 1289 clausulam
3094 1241 3271 1289 totam
3307 1251 3320 1287 :
3382 1234 3602 1287 duabus

1905 1325 1964 1377 in
1996 1325 2323 1379 substantiis
2371 1341 2613 1389 persona
2660 1327 2779 1378 sola
2812 1331 2895 1378 est
2926 1324 3201 1378 numinis.
3255 1324 3417 1387 Quod
3467 1339 3600 1376 vero

1906 1430 2023 1467 non
2057 1414 2358 1467 derelictus
2389 1414 2494 1467 fuit
2530 1432 2561 1467 a
2594 1414 2918 1480 Divinitate,
2967 1414 3084 1483 jam
3116 1417 3394 1483 quantum
3448 1412 3601 1465 valui

1906 1503 1961 1556 in
1995 1503 2185 1573 priore
2216 1502 2456 1572 epistola
2488 1502 2735 1556 dilucide
2766 1502 3063 1555 doctorum
3096 1502 3311 1553 tlueuta
3341 1501 3596 1567 ﬁrmavi;

1908 1597 1965 1645 et
1996 1597 2178 1644 totum
2227 1591 2334 1644 hoc
2377 1590 2669 1653 recensiri,
2717 1606 3024 1643 onerosum
3076 1589 3399 1659 legentibus
3433 1588 3548 1643 vidi
3584 1606 3596 1643 :

1908 1680 2226 1749 praesertim
2256 1696 2385 1733 cum
2426 1696 2459 1731 a
2491 1683 2546 1732 te
2590 1679 2791 1733 dilecte
2829 1694 2943 1732 non
2975 1678 3149 1731 fuerit
3203 1683 3595 1744 extenuatum,

1905 1786 2011 1822 nec
2034 1769 2094 1822 in
2123 1768 2317 1838 aliqua
2347 1773 2505 1836 parte
2536 1776 2751 1821 temere
2782 1767 3075 1821 violatum.
3131 1766 3319 1819 Sancti
3352 1768 3596 1836 Fulgen-

1902 1858 1985 1924 tii,
2021 1857 2107 1910 vel
2150 1857 2297 1910 beati
2332 1857 2681 1926 Hieronymi,
2715 1873 2811 1909 seu
2845 1854 3107 1926 praeclari
3140 1855 3467 1924 Augustini,
3513 1856 3598 1909 vel

1903 1946 2397 2014 aliorum,validas
2450 1962 2615 1999 voces
2673 1945 2911 2010 intexui,
2964 1960 3105 2015 quas
3165 1959 3269 1997 nec
3327 1944 3600 2013 infrigere

1903 2036 2154 2100 voluisti,
2189 2051 2293 2088 nec
2320 2034 2588 2101 debuisti,
2622 2034 2862 2088 forsitan
2893 2050 2995 2087 nec
3030 2033 3273 2087 valuisti.
3326 2035 3453 2086 Haec
3496 2049 3599 2103 pro

1902 2131 2073 2195 captu
2103 2124 2311 2177 virium
2344 2140 2603 2177 mearum
2654 2122 2883 2193 digessi,
2915 2127 2969 2175 et
3001 2138 3115 2175 non
3160 2128 3439 2192 quantum
3497 2122 3597 2175 de-

1903 2214 2022 2280 bui,
2056 2214 2138 2267 vel
2173 2219 2453 2282 quantum
2501 2212 2749 2282 dignitas
2793 2211 3045 2265 materiae
3098 2211 3443 2279 postulabat,
3504 2212 3598 2265 sed

1905 2308 2182 2373 quantum
2217 2318 2382 2371 posse
2408 2300 2551 2354 mihi
2582 2300 2813 2365 exstitit,
2839 2300 3019 2370 posui.
3080 2300 3399 2353 Praesertim
3442 2300 3597 2370 quia,

1907 2399 1967 2446 ut
1995 2408 2084 2445 me
2113 2391 2358 2460 amplius
2390 2389 2558 2455 nosti,
2583 2390 2930 2443 hebetudine
2972 2388 3255 2442 detineort
3286 2387 3517 2457 linguae,
3545 2393 3601 2441 et

1906 2480 2229 2552 preepedior
2280 2479 2497 2549 ingenii
2546 2478 2831 2532 tarditate.
2860 2479 3044 2531 Tuum
3094 2482 3195 2543 est,
3254 2474 3603 2529 reverendis-

1907 2570 2070 2637 sime,
2124 2569 2367 2639 probare
2408 2567 2560 2638 quod
2597 2567 2732 2634 dixi,
2783 2572 2839 2620 et
2872 2566 3140 2636 deinceps
3202 2580 3315 2618 non
3370 2580 3601 2634 progre-

1907 2661 2040 2713 dere
2069 2659 2127 2711 in
2160 2658 2315 2711 aliud
2345 2656 2496 2727 quod
2529 2673 2642 2709 non
2673 2656 2850 2726 possit
2875 2654 3123 2709 defendi.

1982 2748 2067 2801 32.
2101 2745 2359 2815 Illudque
2391 2745 2600 2799 iterum
2630 2744 2869 2799 Junnilii
2912 2744 3169 2797 reducito
3227 2743 3405 2796 menti
3443 2759 3455 2795 :
3512 2741 3603 2795 Di-

1908 2836 2156 2901 stinctio,
2197 2834 2749 2900 unitio,alternatio.
2792 2834 3087 2887 Distinctio
3120 2836 3207 2886 est
3250 2832 3425 2899 enim,
3475 2848 3606 2902 quae

1909 2924 2222 2977 secundum
2283 2929 2513 2976 naturas
2572 2922 2844 2993 loquitur,
2907 2927 2972 2975 ut
3032 2921 3355 2974 inconfusas
3404 2936 3603 2973 earum

94 3024 251 3061 verus
288 3008 457 3072 Deus,
488 3014 538 3061 et
569 3012 685 3063 vita
724 3015 925 3064 aeterna
957 3012 1007 3077 (Ι
1032 3013 1187 3064 Joan.
1233 3028 1284 3077 v,
1319 3012 1431 3080 20).
1471 3013 1534 3065 Et
1597 3014 1802 3065 Paulus
1842 3040 1880 3093 ρ
1915 3014 2287 3082 proprietates
2335 3012 2610 3065 ostendat.
2680 3011 2869 3065 Unitio
2916 3027 3047 3081 quae
3109 3010 3167 3063 in
3198 3026 3316 3063 una
3362 3025 3608 3079 persona

94 3096 309 3149 iterum
348 3113 360 3149 :
411 3099 609 3152 Notum
648 3099 799 3151 vobis
838 3101 930 3165 sit,
981 3102 1207 3167 fratres,
1246 3103 1376 3168 quia
1425 3102 1799 3169 Evangelium,

97 3186 242 3253 quod
268 3186 670 3254 evangelizavi,
715 3203 821 3241 non
853 3193 931 3241 est
960 3188 1252 3242 secundum
1285 3190 1568 3255 hominem,
1632 3205 1800 3257 neque

96 3276 163 3326 ab
194 3276 413 3326 homine
441 3277 626 3342 accepi
654 3276 820 3341 illud;
872 3292 1043 3344 neque
1094 3277 1290 3343 didici,
1324 3278 1419 3331 sed
1457 3294 1557 3347 per
1594 3279 1798 3331 revela-

95 3366 294 3415 tionem
340 3364 483 3416 Jesu
520 3364 725 3418 Christi
758 3366 899 3431 (Gal.
941 3382 978 3429 ι,
1034 3366 1140 3435 Η).
1172 3366 1331 3430 Quod
1372 3367 1418 3419 si
1472 3368 1796 3421 Creatorem

97 3466 227 3503 eum
265 3467 330 3504 ex
388 3452 545 3505 omni
594 3459 753 3521 parte
813 3453 1017 3521 credis,
1068 3471 1185 3507 non
1247 3458 1429 3508 solum
1474 3472 1605 3509 eum
1665 3460 1797 3508 ante

94 3539 276 3592 Adam
314 3540 456 3593 velis
499 3540 643 3593 nolis
700 3541 989 3611 probabis,
1051 3559 1247 3597 verum
1306 3544 1477 3598 etiam
1511 3546 1581 3598 ab
1631 3544 1797 3597 initio

100 3629 218 3682 sine
255 3628 422 3682 initio
448 3628 623 3684 fuisse
653 3630 944 3685 defendes.

168 3720 228 3771 3t
292 3718 371 3770 De
429 3718 625 3771 anima
670 3734 802 3772 vero
855 3719 1060 3774 Christi
1115 3721 1391 3791 disputas,
1452 3727 1509 3777 et
1552 3739 1679 3777 eam
1728 3725 1797 3778 de

100 3805 321 3858 semine
351 3806 527 3859 David
560 3822 679 3859 non
710 3823 829 3860 esse
862 3807 1139 3876 decertas,
1175 3810 1336 3879 quasi
1355 3826 1455 3863 nos
1485 3812 1553 3865 de
1581 3812 1797 3865 semine

101 3909 224 3947 eam
261 3894 433 3948 David
465 3895 781 3949 dixerimus
818 3897 1183 3967 descendere,
1234 3904 1330 3952 aut
1362 3900 1431 3953 de
1477 3902 1799 3970 proprieta-

103 3982 167 4034 tis
228 3989 454 4037 naturaa
526 3984 901 4038 humanitatis
959 3986 1180 4039 diversa
1251 3988 1483 4041 sentire.
1552 3990 1798 4043 Dicimus

102 4070 252 4123 enim
291 4088 406 4124 non
438 4072 589 4141 quod
640 4072 992 4139 humanitas,
1044 4075 1096 4129 id
1135 4082 1220 4129 est
1271 4093 1474 4147 corpus
1505 4083 1559 4131 et
1610 4080 1800 4133 anima

102 4157 166 4209 ab
216 4159 383 4212 initio
422 4159 598 4213 fuerit
627 4167 948 4229 corporata,
1004 4163 1100 4215 sed
1138 4164 1273 4233 quia
1302 4181 1404 4234 per
1429 4166 1798 4220 indissolubi-

100 4246 205 4298 lem
240 4248 401 4301 verbi
460 4248 558 4302 Dei
589 4250 1046 4319 conjunctionem
1078 4253 1269 4306 uniter
1315 4253 1373 4306 in
1406 4254 1529 4324 ipso
1586 4256 1796 4325 princi-

100 4334 188 4403 pio
218 4335 438 4390 exstitit
469 4342 721 4405 operata.
753 4338 1069 4405 Quomodo,
1104 4341 1295 4395 nescio

102 4429 182 4475 ctu
218 4425 451 4495 assequi
479 4442 595 4479 non
628 4429 653 4469 δ
683 4428 862 4493 valeo,
896 4430 1207 4484 secundum
1240 4432 1395 4501 quod
1425 4433 1623 4486 beatus
1656 4451 1794 4502 pro-

102 4512 199 4566 fert
254 4515 669 4584 Augustinus:
728 4537 755 4564 ‹‹
813 4518 946 4583 Hoc,
993 4517 1267 4589 ait,[ﬁdes
1326 4521 1536 4588 credat,
1590 4522 1795 4576 intelli-

102 4604 348 4670 gentiam
386 4619 503 4657 non
536 4604 793 4675 requirat
830 4621 842 4658 :
881 4622 951 4660 ne
1006 4612 1105 4661 aut
1134 4623 1251 4661 non
1294 4609 1591 4663 inventum
1633 4617 1795 4680 putet

101 4688 447 4753 incredibile,
516 4698 613 4745 aut
666 4698 957 4763 repertum
1018 4712 1135 4749 non
1182 4697 1373 4751 credat
1417 4698 1789 4767 singulare.»

100 4778 300 4833 Taliter
339 4786 396 4833 et
448 4780 503 4834 S.
542 4781 922 4852 Hieronymus
954 4784 1229 4854 eloquens
1285 4786 1421 4840 dicit
1453 4803 1466 4840 :
1497 4806 1523 4837 ‹‹
1576 4788 1792 4842 Miraris

99 4867 139 4917 si
166 4867 428 4937 ignorem
453 4869 524 4921 de
546 4878 566 4902 °
585 4869 899 4924 divinitatis
932 4873 1288 4942 mysterium,
1319 4891 1447 4927 cum
1470 4892 1559 4929 me
1600 4876 1789 4942 ipsum

100 4956 360 5008 nesciam.
396 4956 723 5025 Interrogas
754 4973 843 5011 me
876 4961 1167 5028 quomodo
1199 4960 1466 5015 divinitas
1505 4968 1560 5016 et
1606 4964 1789 5018 incar-

98 5044 238 5097 natio
276 5060 459 5097 unum
512 5044 606 5109 sit,
640 5061 768 5097 cum
815 5062 921 5115 ego
954 5048 1205 5102 nesciam
1246 5051 1539 5120 quomodo
1579 5052 1783 5106 vivam.

101 5129 264 5185 Deum
336 5132 711 5199 intellexisse,
778 5134 1088 5190 credidisse
1161 5142 1290 5191 est:
1364 5140 1541 5192 Deum
1599 5156 1787 5209 nosse,

100 5220 321 5275 adorare
352 5227 456 5275 est.
515 5221 737 5276 Sufﬁcit
766 5222 909 5277 mihi
944 5224 1087 5278 scire
1118 5226 1270 5295 quod
1301 5228 1469 5281 credo
1520 5228 1649 5298 plus
1689 5245 1786 5281 au-

100 5312 196 5363 tem
226 5326 335 5363 nec
366 5311 519 5376 volo,
557 5327 660 5364 nec
701 5311 892 5382 cupio.
922 5312 996 5367 .Si
1044 5313 1293 5384 amplius
1342 5315 1483 5369 scire
1528 5316 1779 5384 voluero,

158 5460 178 5484 ³
215 5453 381 5507 Forte
415 5453 543 5507 hoc.

160 5524 181 5565 ι)
218 5526 384 5598 Deest
416 5540 526 5598 non
570 5524 629 5577 in
661 5540 767 5578 ms.
808 5526 880 5579 Ex
919 5527 1400 5598 consequentibus
1442 5531 1632 5582 autem
1688 5544 1786 5598 pa-

104 5595 169 5645 tet
195 5595 585 5650 adhibendam
613 5612 733 5649 esse
767 5595 1154 5666 negationem.

1909 3103 2187 3155 unitatem
2217 3101 2459 3156 duarum
2492 3099 2688 3153 asserit
2720 3104 3073 3153 naturarum.
3106 3099 3446 3163 Alternatio,
3475 3114 3603 3168 quae

1906 3190 1968 3243 in
1999 3217 2021 3244 ο
2076 3192 2329 3244 humana
2360 3190 2589 3254 divinis,
2621 3196 2677 3242 et
2716 3189 2907 3242 divina
2940 3188 3207 3242 humanis
3237 3203 3249 3241 :
3284 3194 3600 3257 utrumque

1906 3279 2115 3333 inuno
2164 3280 2322 3347 Filio,
2380 3284 2441 3333 ut
2494 3278 2883 3342 inconfusum,
2939 3277 3018 3331 ita
3062 3276 3397 3341 indivisum,
3463 3276 3599 3329 assi-

1906 3374 2089 3438 gnat:
2150 3370 2296 3421 hanc
2346 3368 2810 3430 alternationem,
2859 3367 2993 3420 dum
3049 3366 3168 3435 ipse
3215 3382 3332 3419 non
3364 3365 3599 3433 nescias,

1909 3458 2158 3528 qualiter
2204 3456 2579 3526 praetergredi
2625 3472 2796 3509 causa
2828 3455 3091 3509 vincendi
3135 3455 3448 3524 procuras?
3497 3456 3599 3508 Se-

1905 3548 2153 3600 cundum
2209 3546 2354 3599 hanc
2386 3544 2827 3599 alternationem
2885 3543 3165 3596 Vincentii
3216 3543 3397 3596 nostri
3453 3542 3602 3596 dicta

1904 3635 2183 3705 intellige,
2221 3641 2276 3688 et
2309 3635 2478 3703 plane
2518 3649 2649 3686 eum
2696 3649 2814 3686 non
2863 3632 3073 3685 dicebis
3126 3647 3361 3685 errasse.
3400 3630 3601 3694 Quaero

1902 3724 2098 3794 igitur,
2133 3729 2188 3777 et
2213 3724 2420 3776 iterum
2454 3738 2672 3792 quaero,
2727 3727 2786 3775 ut
2828 3738 2860 3774 a
2890 3725 2988 3773 tuo
3022 3720 3350 3789 hujusmodi
3386 3723 3602 3773 asserta

1907 3815 2102 3869 demas
2138 3811 2469 3883 perenniter
2499 3810 2714 3874 animo,
2766 3824 2871 3861 nec
2916 3810 2985 3862 de
3035 3815 3149 3861 tam
3179 3807 3598 3861 difﬁcilioribus

1906 3901 2325 3975 quaestionibus
2380 3900 2619 3969 abrupte
2677 3903 2732 3951 et
2780 3898 2989 3951 leuiter
3038 3897 3310 3967 disputet,
3362 3896 3431 3950 de
3461 3912 3594 3967 quo,

1906 3992 2070 4056 absit,
2102 4005 2310 4043 nomen
2340 3987 2604 4041 catholici
2635 3986 2860 4057 perdas,
2894 3990 2951 4039 et
2984 3984 3398 4038 inﬁrmioribus
3433 4000 3597 4037 scan-

1906 4082 2099 4135 dalum
2148 4080 2248 4131 has
2286 4093 2299 4130 :
2334 4077 2470 4148 quia
2506 4077 2625 4129 haec
2659 4076 2819 4129 malae
2850 4075 3180 4128 assertionis
3224 4074 3455 4127 inventa
3496 4090 3597 4125 au-

1907 4170 2087 4230 dacia,
2135 4166 2393 4237 perﬁdiae
2443 4171 2498 4219 et
2529 4165 2842 4235 impietatis
2876 4169 2960 4217 est
3004 4180 3217 4227 massa;
3253 4168 3308 4217 et
3336 4164 3455 4233 jam
3505 4178 3600 4216 an-

1905 4258 2140 4328 tiquitas
2196 4274 2229 4309 a
2299 4254 2629 4309 doctoribus
2684 4252 3023 4307 inlustribus
3077 4252 3349 4308 radicitus
3396 4268 3598 4322 ampu-

1333 4358 1346 4395 :
1383 4343 1517 4412 quia
1564 4344 1790 4398 intelle-
1836 4342 1878 4396 D
1907 4351 2040 4399 tata.

1977 4437 2062 4489 33.
2118 4431 2457 4496 Nestoriani,
2511 4437 2570 4484 ut
2620 4430 2699 4483 ait
2746 4434 2941 4483 noster
2998 4431 3193 4483 lumen
3240 4429 3512 4489 lsidorus,
3568 4446 3601 4482 a

1904 4520 2163 4576 Nestorio
2229 4520 2860 4589 ConstantinOpolitano
2923 4519 3189 4589 episcopo
3259 4518 3597 4587 nuncupati,

1903 4609 2001 4679 qui
2038 4610 2100 4663 B.
2142 4609 2373 4663 Mariam
2406 4608 2699 4678 Virginem
2729 4624 2845 4660 non
2878 4607 2998 4671 Dei,
3032 4606 3127 4659 sed
3160 4605 3410 4659 hominis
3442 4622 3595 4658 asse-

1901 4698 2019 4751 ruit
2055 4698 2426 4767 genetricem,
2478 4702 2539 4749 ut
2584 4696 2756 4749 aliam
2808 4710 3111 4765 personam
3164 4694 3372 4759 carnis,
3425 4694 3596 4747 aliam

1899 4786 2111 4840 faceret
2153 4786 2398 4841 deitatis.
2452 4787 2561 4839 Nec
2611 4801 2786 4838 unum
2845 4783 3130 4838 Christum
3165 4782 3332 4835 verbo
3392 4783 3494 4835 Dei
3541 4789 3599 4837 et

1898 4891 2068 4929 carne
2116 4876 2373 4937 credidit,
2419 4874 2513 4925 sed
2572 4872 2898 4943 separatim,
2933 4877 3106 4940 atque
3146 4870 3481 4939 sejunctim;
3517 4873 3597 4925 al-

1897 4969 2087 5019 terum
2128 4964 2249 5031 Dei,
2307 4964 2547 5015 alterum
2609 4961 2859 5015 hominis
2908 4960 3255 5028 praedicavit.
3313 4958 3597 5013 Memento

1897 5053 2041 5107 illud
2083 5051 2300 5123 egregii
2328 5049 2635 5120 Augustini
2678 5047 3065 5118 responsionis
3107 5047 3401 5118 eloquium
3438 5066 3449 5102 :
3494 5049 3595 5102 Illa

1897 5157 2142 5212 persona
2182 5155 2353 5212 quam
2385 5138 2583 5209 genuit
2613 5139 2779 5191 Pater
2811 5142 2942 5189 ante
2988 5138 3216 5204 saecula,
3264 5137 3448 5206 ipsam
3494 5154 3593 5208 ge-

1898 5228 2026 5283 nuit
2080 5230 2251 5299 Virgo
2281 5243 2412 5281 cum
2464 5242 2655 5280 carne.
2703 5230 2885 5296 Atque
2935 5226 3077 5280 illud
3136 5226 3191 5281 S.
3224 5226 3461 5280 Joannis
3492 5226 3591 5279 ad-

1898 5322 2101 5371 verte:
2146 5320 2260 5384 Ego
2288 5331 2407 5370 sum
2464 5334 2497 5365 α
2528 5320 2586 5368 et
2622 5335 2683 5381 ω,
2739 5317 2951 5384 primus
3002 5320 3052 5369 et
3099 5317 3446 5379 novissimus,
3498 5316 3594 5384 qui

1967 5467 1989 5492 ο
2029 5459 2109 5511 De
2134 5457 2452 5511 redundare
2486 5454 2727 5510 videtur.

1966 5530 1993 5571 d
2032 5529 2153 5593 Ms.,
2187 5532 2418 5583 Deum...
2442 5543 2725 5582 carnem...
2758 5542 2945 5593 unum,
2972 5532 3079 5582 etc.

1965 5609 1986 5635 ο
2032 5601 2161 5669 Leg.
2201 5604 2254 5654 et
2277 5602 2534 5654 humana.
