3860 6262
230 241 330 293 447
1612 239 1866 295 ALVARI
1905 237 2385 295 COltDUBENSIS

3666 238 3753 291 448

230 380 603 443 fuimcrtuus,
634 384 684 431 et
731 394 843 432 ecce
870 393 988 432 sum
1031 381 1213 432 vivens
1262 381 1320 432 in
1348 379 1544 432 saecula
1585 378 1913 431 seculorum.
1957 378 1999 429 A
2031 375 2134 428 bus
2161 376 2369 429 dictam
2412 374 2760 446 perlegimus
2807 376 3006 443 (Eccli.
3057 394 3187 436 χχιι.
3240 378 3323 447 6).
3392 378 3523 431 Hoc
3579 377 3753 430 solum

230 468 403 520 Amen
451 467 638 534 (Apoc.
691 484 725 519 1.
785 468 889 535 17).
940 467 1007 519 Et
1055 466 1377 535 propheta:
1434 468 1495 521 Si
1540 468 1727 533 afﬁget
1776 468 1926 519 homo

232 558 394 608 Deum
441 571 616 621 suum,
669 558 931 623 quoniam
981 570 1072 608 vos
1119 557 1385 623 afﬁxistis
1421 556 1538 608 me?
1576 556 1791 624 (Malae.
1843 571 1923 618 ιιι,

230 643 300 705 8).
374 644 529 697 Unde
580 652 635 697 et
685 644 993 697 Dominum
1042 644 1239 714 gloria)
1299 644 1626 696 crucilixum
1681 643 1926 711 legimus

231 732 283 799 (Ι
305 733 423 786 Cor.
452 749 509 797 ιι,
551 734 624 801 8),
657 748 789 786 cum
822 732 878 784 in
908 732 1016 785 hoc
1045 731 1200 801 quod
1249 732 1523 785 Dominus
1572 731 1769 800 gloria:
1819 736 1922 797 est,

228 820 411 873 crucis
444 837 555 873 non
585 820 828 874 sensisse
860 821 1226 890 diSpendium
1262 820 1334 872 sit
1365 829 1602 873 certum.

300 911 385 963 34.
432 909 670 963 Concilii
722 910 988 979 Ephesini
1018 925 1286 978 percurre
1320 910 1647 970 sententias,
1694 913 1751 962 et
1792 908 1924 962 Hie-

231 999 459 1068 ronymi
487 998 766 1067 praeclari,
801 1016 895 1052 seu
963 998 1261 1069 Fulgentii,
1319 999 1403 1049 vel
1444 999 1705 1060 aliorum,
1742 996 1921 1050 maxi-

235 1103 437 1156 meque
468 1103 616 1155 pene
660 1088 935 1156 temporis
986 1086 1163 1139 nostri
1215 1086 1369 1139 Beati
1417 1085 1746 1139 Libanensis
1792 1102 1921 1155 pre-

230 1176 463 1245 sbyteri,
502 1176 754 1245 etplane
801 1191 1100 1245 nunquam
1140 1181 1374 1244 propter
1419 1179 1805 1227 assumentem
1838 1191 1927 1227 ve-

231 1264 459 1317 nerabis
489 1268 867 1333 assumptum,
900 1280 1004 1317 nec
1029 1268 1264 1333 propter
1292 1263 1637 1316 invisibilem
1665 1262 1926 1316 adorabis

229 1350 531 1413 visibilem,
562 1352 658 1404 sed
690 1357 1047 1421 assumptum
1100 1358 1155 1405 et
1187 1359 1595 1415 assumentem,
1656 1352 1924 1404 invisibi-

230 1441 341 1493 lem
396 1444 451 1493 et
498 1440 800 1504 visibilem,
861 1456 1041 1493 unum
1099 1457 1224 1492 mox
1270 1446 1431 1493 tuum
1492 1441 1789 1493 venerabis
1835 1441 1923 1494 vel

229 1528 489 1585 omnium
526 1529 983 1598 Redemptorem.
1026 1529 1156 1582 llaec
1179 1530 1320 1582 fides
1352 1536 1436 1582 est
1468 1529 1734 1599 Ephesini
1790 1546 1921 1583 con-

229 1616 361 1681 cilii,
399 1617 520 1670 hree
550 1622 603 1669 et
633 1623 831 1670 nostra
862 1617 1162 1687 professio.
1198 1619 1306 1670 Pro
1351 1618 1456 1670 hac
1486 1618 1678 1684 etiam,
1730 1618 1778 1671 si
1833 1635 1923 1671 res

229 1706 496 1774 exegerit,
548 1705 736 1773 gladio
783 1706 1062 1759 cervicem
1116 1706 1404 1775 praebebo.
1464 1706 1649 1760 Unum
1699 1711 1919 1760 tantum

228 1793 289 1846 in
318 1794 495 1847 tinem
529 1795 701 1863 hujus
731 1795 984 1864 epistolas
1015 1795 1264 1847 fraterno
1304 1810 1546 1863 suggero
1598 1811 1753 1847 more
1795 1811 1806 1847 :
1864 1799 1925 1847 ut

229 1898 474 1953 quaeque
506 1884 725 1953 digesta
754 1888 908 1949 sunt,
952 1899 1071 1936 non
1123 1890 1352 1953 accepta
1403 1884 1515 1936 sint
1556 1883 1735 1936 dure:
1788 1883 1924 1953 quia

230 1986 347 2023 non
370 1971 688 2025 intentione
720 1972 993 2035 victoriae,
1036 1972 1133 2025 sed
1165 1971 1419 2024 veritatis
1474 1972 1797 2025 intentione
1861 1972 1922 2025 in

229 2059 351 2113 haec
400 2060 570 2113 verba
621 2060 904 2113 descendi.
962 2060 1221 2113 Vestrum
1279 2065 1475 2130 estque
1533 2061 1683 2113 dicta
1731 2061 1922 2115 minus

230 2149 345 2202 sale
377 2149 609 2203 condire
645 2166 658 2202 :
693 2166 721 2202 e
776 2148 1110 2202 verbositati
1159 2150 1242 2201 vel
1278 2149 1582 2219 imperitiae
1633 2166 1774 2203 mea:
1820 2167 1920 2204 ve-

231 2237 385 2290 niam
423 2238 738 2307 impertire.
789 2237 973 2290 Semel
1020 2237 1175 2290 enim
1226 2238 1408 2291 fassus
1452 2254 1599 2304 sum,
1654 2255 1770 2292 non
1822 2256 1925 2309 per

228 2332 407 2379 artem
468 2327 674 2380 Donati
722 2327 1006 2393 incedere,
1065 2326 1162 2380 sed
1220 2326 1536 2379 inscientia:
1583 2343 1727 2380 mem
1780 2327 1923 2380 mihi

230 2415 547 2483 congenitze
587 2415 855 2470 innitere.
897 2416 1007 2467 Nec
1037 2416 1119 2467 fas
1153 2419 1255 2480 est,
1306 2419 1365 2468 ut
1394 2417 1555 2485 cujus
1587 2419 1784 2468 contra
1834 2431 1924 2468 re-

230 2504 422 2572 gulam
452 2518 645 2570 surgo,
685 2519 696 2566 ;
734 2502 912 2571 ipsius
943 2504 1156 2571 regula:
1187 2519 1360 2573 quam
1406 2503 1634 2556 destruo
1662 2503 1922 2556 incedam

230 2595 420 2659 tropo.
467 2590 637 2643 Miror
688 2595 883 2643 tamen
925 2607 1025 2643 cur
1059 2582 1366 2644 Varronem
1414 2596 1661 2658 secutus,
1716 2592 1797 2643 lac
1837 2591 1921 2643 di-

230 2694 356 2733 cere
403 2679 693 2732 volueris:
753 2696 881 2732 cum
940 2682 1123 2733 Caesar
1170 2679 1364 2734 dicat:
1427 2681 1657 2734 Nullum
1712 2696 1923 2733 nomen

229 2767 450 2821 duabus
482 2768 787 2820 terminare
820 2767 1025 2821 litteris
1081 2769 1276 2822 mutis.
1333 2770 1438 2823 Sed
1498 2769 1617 2822 haec
1674 2774 1730 2821 et
1763 2769 1918 2821 alias.

301 2857 385 2908 35.
444 2856 603 2908 Nunc
657 2856 725 2908 ad
772 2856 1127 2925 propositum
1185 2863 1553 2923 revertamus,
1618 2862 1673 2910 et
1730 2857 1923 2911 omnia

2035 465 2094 517 in
2130 464 2426 535 procinctu
2485 468 2507 507 b
2564 464 2983 534 respondimus,
3045 468 3180 537 quia
3227 468 3272 520 si
3327 482 3482 520 caro
3545 464 3747 517 Christi

2036 555 2162 608 ideo
2196 571 2310 608 non
2338 559 2424 609 est
2455 554 2606 608 Patri
2647 555 2901 624 propria,
2937 555 3071 625 quia
3114 572 3228 609 non
3261 557 3383 609 fuit
3435 553 3516 608 ab
3553 554 3747 608 eodem

2037 648 2319 712 suscepta;
2358 659 2492 711 ergo
2524 659 2627 696 nec
2664 643 2836 697 Filius
2868 642 2923 696 in
2957 643 3251 697 divinitate
3296 650 3478 697 totus
3514 648 3604 695 est
3632 658 3751 710 pro-

2034 729 2213 800 prius,
2247 730 2377 800 quia
2410 746 2522 783 non
2556 735 2639 782 est
2670 746 2794 783 cum
2831 732 2994 783 Patre
3024 747 3135 783 una
3166 747 3457 801 persona,
3506 746 3619 784 nec
3665 747 3750 799 pa-

2036 820 2173 872 riter
2223 820 2532 872 humanam
2587 818 2820 871 induitc
2872 819 3135 872 formam.
3198 823 3267 873 At
3321 820 3381 872 si
3450 818 3750 887 proprium

2036 909 2199 960 Patre
2231 907 2370 959 dicis
2398 906 2454 959 iu
2485 911 2600 958 toto
2636 906 2862 972 Filium,
2899 912 2956 959 et
3002 922 3119 959 non
3147 923 3212 959 ex
3247 909 3433 960 Patre
3471 906 3747 976 praedicas

2035 994 2395 1065 adoptivum;
2420 996 2714 1064 propriam
2745 1011 2997 1060 carnem,
3025 994 3163 1048 velis
3184 996 3354 1061 nolis,
3398 997 3584 1049 Patre
3617 995 3752 1047 dice-

2033 1083 2137 1150 bis,
2172 1083 2293 1137 sine
2331 1100 2442 1154 qua
2492 1085 2713 1136 tertiam
2746 1083 2979 1136 credere
3023 1083 3082 1136 in
3114 1082 3403 1137 Trinitate
3448 1098 3752 1151 personam

2034 1188 2150 1225 non
2175 1174 2345 1226 vales.
2395 1174 2521 1243 Ipsa
2554 1174 2707 1225 enim
2744 1177 2829 1225 est
2864 1173 3009 1225 Deus
3059 1178 3117 1225 et
3163 1172 3337 1225 homo
3379 1172 3569 1225 tertia
3632 1188 3753 1240 per-

2034 1278 2173 1315 sona
2202 1262 2447 1331 perfecta
2479 1267 2533 1313 et
2564 1264 2752 1330 plena,
2788 1265 2864 1327 et,
2898 1266 2960 1313 ut
3005 1261 3195 1325 credo,
3230 1277 3262 1313 a
3303 1262 3494 1313 Patre
3529 1265 3590 1311 et
3636 1259 3751 1329 Spi-

2032 1350 2143 1403 ritu
2178 1356 2370 1403 sancto
2400 1350 2456 1403 iu
2492 1350 2671 1402 nihilo
2715 1350 2999 1402 minorata
3030 1366 3042 1402 :
3077 1349 3187 1401 nisi
3238 1348 3503 1401 forsitan
3550 1348 3747 1401 Filium

2033 1440 2333 1509 proprium
2363 1438 2606 1491 Verbum
2655 1440 3054 1491 tantummodo
3097 1438 3303 1502 credis,
3338 1443 3402 1491 et
3438 1453 3660 1506 corpus
3690 1436 3748 1487 ab

2033 1530 2232 1582 eodem
2265 1534 2594 1597 susceptum
2625 1528 2771 1580 sicut
2799 1528 3205 1580 indumentum
3236 1526 3597 1595 deposuisse
3654 1526 3747 1577 ite-

2032 1634 2160 1671 rum
2190 1617 2344 1671 unde
2385 1622 2674 1686 sumptum
2730 1615 2916 1668 fuerat
2958 1615 3116 1668 dicis.
3166 1616 3278 1667 Aut
3310 1621 3606 1684 quartam
3638 1629 3748 1683 per-

2031 1724 2233 1760 sonam
2266 1712 2531 1760 naturam
2556 1706 2870 1759 humanam
2900 1704 3107 1757 asseris
3138 1720 3277 1766 esse,
3307 1710 3363 1757 et
3394 1720 3529 1757 non
3564 1701 3745 1756 Trini-

2031 1801 2227 1862 tatem,
2260 1797 2357 1848 sed
2390 1796 2831 1865 quaternitatem
2860 1794 3041 1846 libera
3074 1807 3206 1844 voce
3236 1792 3537 1845 defendis.

2102 1889 2187 1939 37.
2220 1884 2378 1948 Quod
2438 1900 2570 1936 vero
2612 1883 2947 1952 scriptorem
3001 1885 3256 1934 erratum
3307 1879 3603 1945 causaris,
3662 1895 3745 1933 ne-

2030 1973 2143 2027 scio
2171 1990 2271 2025 cur
2302 1973 2406 2025 hoc
2433 1972 2691 2025 indidere
2732 1972 2998 2025 volueris.
3036 1971 3145 2024 Nos
3187 1969 3341 2024 enim
3390 1968 3739 2023 sententiam

2029 2061 2299 2131 Ephesini
2349 2061 2573 2114 consilii
2633 2061 2917 2131 integram
2974 2060 3291 2130 posuimus,
3343 2059 3628 2129 nihilque
3680 2058 3739 2110 de

2030 2150 2261 2221 proprio
2294 2151 2354 2202 in
2375 2150 2573 2203 eadem
2606 2149 3030 2218 augmentando
3064 2148 3445 2214 confecimus,
3499 2163 3609 2200 nec
3652 2146 3736 2199 de-

2031 2241 2240 2292 mendo
2271 2238 2635 2291 detraximus.
2673 2237 2834 2299 Quod
2867 2237 2915 2290 si
2943 2237 3219 2306 syllabam
3288 2236 3605 2305 demptam
3654 2238 3737 2285 aut

2030 2334 2258 2381 auctam
2288 2327 2574 2380 inveneris
2605 2327 2673 2380 de
2702 2327 2824 2396 ipsa
2869 2326 3154 2379 sententia
3202 2324 3484 2395 Ephesini
3546 2322 3735 2394 synodi

2032 2433 2202 2487 quam
2237 2416 2520 2485 infringis,
2556 2416 2698 2468 scire
2730 2414 2902 2468 debes
2934 2414 3091 2484 quod
3120 2413 3389 2467 velocitas
3414 2414 3534 2466 hoc
3566 2416 3736 2481 patra-

2030 2506 2174 2558 verit
2203 2504 2516 2574 scriptoris,
2559 2519 2676 2556 non
2726 2503 2969 2555 intentio
3008 2502 3195 2555 aliena
3244 2501 3556 2555 dictantis:
3613 2500 3733 2569 quia

2030 2594 2408 2660 incongruum
2441 2600 2545 2658 est,
2588 2599 2645 2646 et
2688 2608 2831 2663 pene
2884 2591 3043 2645 stulti
3094 2590 3346 2644 hominis
3394 2596 3456 2643 et
3527 2588 3731 2651 vesani,

2029 2682 2356 2735 testimonia
2395 2682 2693 2734 doctorum
2724 2681 2782 2733 in
2826 2680 3098 2749 suffragio
3130 2680 3365 2750 proprio
3405 2680 3515 2745 uti,
3567 2684 3623 2731 et
3673 2678 3731 2730 de

2030 2770 2264 2841 proprio
2317 2771 2461 2823 hanc
2529 2769 2871 2822 sententiam
2927 2769 3220 2838 polluere;
3292 2784 3356 2820 ac
3418 2766 3732 2837 disputanti

2031 2864 2227 2911 contra
2260 2875 2317 2911 se
2363 2858 2752 2927 responsionis
2798 2859 3052 2927 linguam
3095 2873 3199 2926 per
3246 2856 3559 2909 stultitiam
3609 2870 3729 2924 pro-

231 2959 359 3012 quae
416 2944 627 3012 scripta
679 2950 830 3009 sunt,
887 2945 1098 2997 amoris
1155 2961 1324 2998 causa
1384 2946 1533 2999 dicta
1588 2946 1915 3016 probemus.
1958 2956 1995 3010 C
2031 2947 2215 3016 priam
2244 2946 2430 3000 acrius
2460 2962 2681 3000 acuere.
2718 2946 2862 3013 Noli,
2896 2946 3386 3009 reverendissime,
3425 2946 3485 2997 in
3518 2949 3729 2997 tantum

231 3033 355 3085 Non
384 3031 539 3083 enim
570 3030 889 3085 inimieanti
921 3032 1131 3097 studio,
1165 3033 1266 3086 sed
1296 3034 1511 3087 amanti
1546 3039 1672 3088 voto
1731 3039 1925 3088 sancta

230 3119 462 3189 digessi,
486 3118 545 3172 in
577 3136 645 3173 ea
673 3136 801 3191 quae
834 3126 888 3173 te
929 3120 1275 3186 crudelibus,
1308 3126 1371 3175 ut
1410 3122 1616 3189 dicitis,
1666 3123 1924 3177 trabibus

230 3207 568 3273 demulcavi,
594 3213 650 3262 et
680 3213 743 3261 ut
762 3213 902 3278 puto
926 3209 1373 3278 profectuosum,
1407 3226 1542 3263 nam
1574 3227 1691 3264 non
1721 3211 1924 3265 inutile

229 3296 356 3363 fuit,
400 3300 461 3349 ut
493 3301 622 3366 pote
645 3297 741 3367 qui
762 3312 1101 3367 responsum
1125 3298 1426 3368 multijam
1454 3299 1734 3368 temporis
1765 3300 1923 3355 debi-

230 3389 354 3439 tum
386 3384 683 3438 severitate
728 3401 851 3450 sua,
894 3384 1008 3438 imo
1049 3386 1380 3453 rusticitate,
1414 3387 1693 3454 exhibuit,
1738 3393 1795 3442 et
1830 3394 1922 3442 ta-

230 3478 451 3527 centem
485 3478 541 3527 et
570 3474 670 3528 diu
715 3474 946 3528 silentio
978 3475 1322 3543 studentem,
1365 3475 1426 3529 in
1469 3476 1698 3548 eloquio
1730 3493 1923 3531 erum-

229 3579 365 3634 pere
396 3563 546 3617 fecit.
573 3564 845 3617 Praestitit
872 3564 1027 3634 quod
1068 3563 1569 3635 blandiloquacida
1598 3575 1622 3600 δ
1671 3582 1788 3620 non
1829 3583 1923 3620 va-

230 3652 358 3719 luit,
406 3656 461 3705 et
510 3651 896 3706 desideratum
955 3652 1117 3706 nobis
1158 3652 1323 3707 amici
1377 3653 1694 3708 indiculum
1747 3655 1922 3708 misit.

234 3740 346 3793 Nec
374 3755 465 3793 me
491 3740 887 3794 Antisthenem
920 3742 1349 3811 philosophum,
1384 3747 1555 3813 teque
1582 3743 1920 3813 Diogenem,

230 3844 446 3882 asseras
485 3845 633 3895 esse;
678 3846 803 3884 cum
848 3847 963 3884 non
1022 3830 1385 3900 discipulum,
1435 3832 1535 3885 sed
1580 3832 1922 3902 magistrum

231 3917 291 3969 in
312 3918 579 3972 omnibus
600 3920 884 3988 approbes
914 3918 1059 3987 fore,
1090 3921 1223 3990 quia
1246 3936 1363 3973 non
1393 3920 1611 3989 praebes
1643 3928 1813 3990 caput
1841 3922 1921 3974 fe-

230 4006 397 4058 rienti
454 4012 512 4058 et
565 4006 874 4072 submittis,
925 4008 1025 4059 sed
1087 4007 1398 4060 accerrimo
1451 4009 1784 4079 crudelique
1830 4026 1921 4063 me

232 4093 367 4146 satis
419 4109 688 4146 mucrone
736 4095 898 4162 petis.
950 4095 1047 4149 Hic
1092 4100 1245 4149 certe
1287 4100 1373 4149 est
1416 4096 1783 4150 Antisthenes
1824 4097 1923 4167 qui

232 4196 360 4233 cum
391 4180 637 4250 gloriose
668 4182 951 4235 docuisset
979 4182 1360 4251 {rhetoricam,
1412 4184 1769 4256 audissetque
1822 4187 1922 4239 So-

232 4274 465 4334 cratem,
501 4268 701 4321 dixisse
734 4269 915 4323 fertur
960 4271 1027 4323 ad
1059 4270 1363 4341 discipulos
1397 4287 1408 4324 :
1450 4271 1634 4339 Abite,
1695 4278 1749 4327 et
1792 4290 1919 4327 ma—
1958 4258 2001 4311 D

233 4356 476 4427 gistrum
509 4358 793 4426 quaerite:
841 4373 946 4427 ego
978 4358 1132 4411 enim
1177 4359 1296 4428 jam
1350 4361 1556 4429 reperi.
1602 4361 1709 4415 Sed
1758 4362 1918 4433 quid,

233 4462 448 4516 quaeso,
482 4446 807 4499 amantibus
858 4446 1106 4499 durum?
1144 4448 1282 4517 quid
1332 4449 1530 4502 amicis
1558 4450 1772 4519 poterit
1802 4468 1922 4505 esse

233 4548 514 4598 severum,
547 4549 676 4587 cum
722 4551 821 4587 nec
868 4535 993 4604 ipsa
1036 4550 1189 4589 mors
1220 4542 1408 4606 potest
1454 4538 1723 4593 divellere
1781 4556 1922 4609 quos

232 4621 475 4675 charitas
505 4622 917 4677 indissolubilis
945 4626 1201 4694 junxerit
1228 4626 1472 4680 Christi?

304 4714 388 4765 36.
423 4712 740 4766 Secundam
776 4712 1075 4782 epistolam
1124 4720 1370 4768 vestram
1423 4715 1616 4769 tristes
1662 4721 1718 4769 et
1774 4733 1921 4787 pene

235 4802 303 4855 ad
332 4802 584 4855 infernos
607 4818 787 4872 usque
811 4801 1091 4856 dimersos
1123 4803 1465 4873 accepimus,
1491 4808 1546 4857 et
1574 4805 1662 4858 vel
1680 4811 1924 4875 quantu-

234 4888 583 4959 lumcunque
622 4889 682 4941 in
726 4889 1021 4942 doloribus
1070 4891 1328 4945 solamen
1378 4907 1445 4945 ex
1502 4891 1670 4945 amici
1716 4893 1925 4964 scripta

233 4992 336 5030 nos
371 4977 635 5031 habuisse
666 4977 1058 5042 cognovimus.
1090 4980 1173 5033 Ad
1206 4996 1379 5050 quam
1427 4982 1775 5052 respondere
1844 4983 1924 5036 nil

235 5082 353 5134 prae
398 5065 662 5136 lacrymis
691 5064 1005 5135 potuimus,
1030 5068 1165 5138 quia
1195 5074 1250 5122 et
1289 5070 1504 5124 musica
1536 5070 1596 5125 in
1636 5072 1793 5125 luctu
1822 5072 1927 5125 im-

235 5160 545 5223 portunam
578 5155 665 5209 vel
696 5155 1159 5226 intempestivam
1187 5160 1575 5215 narrationem
1608 5178 1641 5214 a
1690 5160 1925 5231 majori-

304 5308 328 5332 ⁸
366 5299 430 5353 Id
460 5303 545 5352 est
575 5298 1060 5368 blandiloquentia.

303 5372 328 5411 b
356 5370 478 5438 Ms.,
516 5373 804 5437 procincte.

305 5449 325 5474 °
362 5441 476 5507 Ms.,
508 5440 710 5494 induti.

305 5509 331 5545 δ
370 5513 488 5579 Ms.,
530 5514 795 5565 minuere.

2036 3052 2138 3089 nos
2169 3037 2373 3089 stultos
2402 3040 2623 3105 putare,
2656 3040 2722 3088 ut
2746 3035 2995 3088 aetismes
3026 3050 3129 3087 nos
3161 3034 3220 3087 in
3252 3034 3443 3086 aliena
3480 3032 3724 3087 editione

2035 3124 2227 3194 aliqua
2257 3123 2518 3177 minuere
2548 3124 2594 3189 ά,
2628 3127 2727 3177 aut
2756 3139 2916 3176 secus
2951 3139 3123 3193 quam
3155 3122 3406 3191 positum
3443 3126 3554 3187 est,
3590 3121 3725 3174 dicta

2034 3214 2318 3283 majorum
2363 3211 2673 3266 temeritati
2730 3211 3014 3282 petulanti
3062 3227 3359 3280 usurpare.
3418 3212 3539 3263 Hoc
3587 3208 3725 3261 enim

2032 3301 2259 3371 profani
2301 3306 2406 3366 est,
2444 3305 2501 3354 et
2553 3300 2842 3369 sacrilegas
2890 3298 3117 3366 mentis,
3167 3314 3284 3351 non
3330 3297 3602 3351 catholici
3646 3295 3722 3347 vel

2034 3391 2606 3460 quantulumcunque
2660 3384 2864 3441 fidelis.
2922 3387 3077 3451 Quod
3147 3386 3194 3438 si
3251 3386 3448 3455 aliqua
3508 3386 3725 3454 dempta

2033 3479 2299 3533 invenisti
2328 3478 2416 3532 vel
2449 3482 2631 3539 aucta,
2664 3476 2723 3529 in
2746 3477 2951 3546 synodi
2983 3476 3160 3529 sancti
3192 3492 3221 3527 a
3254 3474 3421 3528 nobis
3454 3471 3723 3541 excerptis

2033 3568 2294 3635 decretis,
2326 3567 2571 3621 membri
2604 3567 2816 3635 deputa
2849 3566 3033 3634 culpas
3066 3564 3315 3618 exterius
3356 3562 3659 3617 servientis
3683 3566 3719 3621 ⁸,

2033 3674 2149 3712 ηοιι
2194 3656 2373 3710 menti
2405 3656 2646 3709 interius
2697 3654 3048 3723 praesidenti.
3086 3653 3238 3719 Vale,
3273 3653 3354 3706 mi
3389 3653 3643 3714 domine,
3674 3656 3721 3702 et

2034 3762 2263 3817 semper
2330 3745 2391 3799 in
2460 3745 2738 3799 fructibus
2802 3744 3225 3814 Scripturarum
3290 3742 3422 3795 laeta
3471 3739 3721 3811 gramina

2034 3851 2222 3905 carpe.

2850 3938 2909 3991 V.

2371 4077 2494 4115 ITEM
2534 4079 2658 4116 ALIA
2698 4078 2860 4115 EIDEM
2899 4070 3090 4115 ΙΟΑΝΝΙ
3133 4076 3372 4115 DIBECTA.

2275 4167 2502 4221 Aurelio
2536 4167 2723 4221 Flavio
2754 4168 2949 4221 JOANNI
2977 4167 3184 4220 Paulus
3212 4170 3487 4220 ALVARUS.

2107 4280 2153 4329 l.
2190 4276 2320 4328 Post
2348 4273 2793 4345 disputationem
2826 4273 3138 4327 inscientia:
3172 4278 3381 4326 nostrm
3404 4274 3474 4325 de
3510 4270 3711 4326 duabus

2032 4364 2445 4435 quaestionibus
2472 4379 2589 4416 non
2620 4362 2989 4428 sufficienter,
3011 4366 3075 4414 ut
3104 4366 3237 4430 pote
3265 4366 3440 4413 tantas
3471 4358 3712 4413 materia:

2030 4457 2465 4523 congruentem,
2483 4454 2580 4504 sed
2603 4451 2994 4504 mediocritate
3018 4450 3235 4519 ingenii
3253 4450 3431 4501 nostri
3449 4450 3705 4517 undique,

2032 4558 2151 4595 non
2175 4541 2382 4606 medie,
2411 4546 2817 4609 temperatzm;
2844 4541 3119 4591 hactenus
3140 4537 3289 4601 silui,
3323 4544 3380 4591 et
3412 4538 3473 4591 in
3506 4532 3711 4606 cmpto‘

2032 4630 2260 4683 silentio
2293 4630 2655 4683 decreveram
2704 4643 3060 4695 permanere,
3112 4642 3415 4696 quousque
3452 4626 3709 4693 rescripto

2031 4716 2375 4788 eloquentia:
2402 4720 2601 4769 vestra:
2635 4720 2731 4768 aut
2764 4714 3118 4777 retunderer,
3148 4718 3246 4765 aut
3265 4714 3543 4781 probarer
3570 4730 3581 4766 :
3626 4710 3709 4763 sed

2031 4806 2167 4877 quia
2194 4821 2353 4859 amor
2382 4805 2666 4865 internus,
2698 4808 2797 4855 aut
2826 4802 2873 4854 si
2902 4801 3321 4855 commodatius
3348 4802 3560 4855 dicitur
3587 4801 3709 4854 dile-

2032 4895 2165 4960 ctio,
2199 4910 2327 4965 quas
2360 4892 2605 4946 Charitas
2632 4892 2820 4960 aptius
2853 4890 2911 4943 in
2933 4889 3142 4942 divinis
3162 4890 3553 4943 voluminibus
3582 4903 3707 4942 nun-

2033 4988 2296 5053 cupatur,
2321 4982 2549 5034 interna
2577 4980 2842 5033 obtinens
2872 4982 3084 5042 extuat,
3108 4984 3164 5031 et
3185 4979 3472 5032 extuando
3497 4978 3709 5033 modum

2034 5088 2150 5126 non
2182 5074 2396 5135 servat;
2448 5069 2580 5122 inde
2611 5068 2872 5121 ordinem
2907 5066 3252 5119 litterizandi
3303 5082 3419 5119 non
3484 5080 3706 5123 servans.

2034 5166 2203 5229 atque
2236 5156 2686 5212 extraordinario
2723 5171 2882 5209 more
2915 5171 3005 5209 me
3053 5159 3235 5208 totum
3282 5155 3403 5225 ipse
3440 5160 3708 5210 comatum

2104 5310 2125 5335 °
2155 5301 2277 5361 Ms.,
2309 5316 2376 5353 ea:
2404 5304 2617 5368 scerpta
2645 5299 2861 5354 decreta
2894 5312 2906 5352 :
2932 5297 3159 5352 membri
3195 5297 3397 5367 deputo
3421 5297 3589 5369 culpa
3626 5312 3705 5350 er-

2039 5374 2205 5425 terius
2236 5372 2509 5424 serbienti.

2111 5440 2127 5476 τ
2165 5442 2523 5511 Ms.,incepto.
