  <div class='ocr_page' id='page_1' title='image "/cluster/home/n/w/nwhite01/storage/ocr_20150623/121/uva.x000827051/234.png"; bbox 0 0 3860 6262; ppageno 0'>
   <div class='ocr_carea' id='block_1_1' title="bbox 82 335 3593 391">
    <p class='ocr_par' dir='ltr' id='par_1_1' title="bbox 82 335 3593 391">
     <span class='ocr_line' id='line_1_1' title="bbox 82 335 3593 391; baseline 0.001 -4"><span class='ocrx_word' id='word_1_1' title='bbox 82 336 182 387; x_wconf 60' lang='grc'><strong>449</strong></span> <span class='ocrx_word' id='word_1_2' title='bbox 1654 335 2029 390; x_wconf 63' lang='grc' dir='ltr'><strong>ΕΙηὸΤΟΙιᾸΞ.</strong></span> <span class='ocrx_word' id='word_1_3' title='bbox 3298 366 3303 367; x_wconf 53' lang='grc' dir='ltr'><em>ν</em></span> <span class='ocrx_word' id='word_1_4' title='bbox 3489 339 3593 391; x_wconf 65' lang='grc'><strong>450</strong></span> 
     </span>
    </p>
   </div>
   <div class='ocr_carea' id='block_1_2' title="bbox 78 465 3035 537">
    <p class='ocr_par' dir='ltr' id='par_1_2' title="bbox 78 465 3035 537">
     <span class='ocr_line' id='line_1_2' title="bbox 78 465 3035 537; baseline 0 -16"><span class='ocrx_word' id='word_1_5' title='bbox 78 484 196 521; x_wconf 91' lang='lat' dir='ltr'><strong>non</strong></span> <span class='ocrx_word' id='word_1_6' title='bbox 226 468 512 533; x_wconf 85' lang='lat' dir='ltr'><strong>nesciens,</strong></span> <span class='ocrx_word' id='word_1_7' title='bbox 547 473 604 520; x_wconf 81' lang='lat' dir='ltr'><strong>et</strong></span> <span class='ocrx_word' id='word_1_8' title='bbox 649 466 891 537; x_wconf 90' lang='lat' dir='ltr'><strong>primus,</strong></span> <span class='ocrx_word' id='word_1_9' title='bbox 943 471 996 520; x_wconf 89' lang='lat' dir='ltr'><strong>et</strong></span> <span class='ocrx_word' id='word_1_10' title='bbox 1042 465 1287 530; x_wconf 89' lang='lat' dir='ltr'><strong>medius,</strong></span> <span class='ocrx_word' id='word_1_11' title='bbox 1339 470 1391 519; x_wconf 86' lang='lat' dir='ltr'><strong>et</strong></span> <span class='ocrx_word' id='word_1_12' title='bbox 1448 465 1788 519; x_wconf 79' lang='lat' dir='ltr'><strong>novissimus</strong></span> <span class='ocrx_word' id='word_1_13' title='bbox 1827 470 1869 521; x_wconf 82' lang='lat' dir='ltr'><strong>A</strong></span> <span class='ocrx_word' id='word_1_14' title='bbox 1900 472 2021 519; x_wconf 72' lang='lat' dir='ltr'>tum</span> <span class='ocrx_word' id='word_1_15' title='bbox 2068 466 2549 522; x_wconf 88' lang='lat' dir='ltr'><strong>delectamentum</strong></span> <span class='ocrx_word' id='word_1_16' title='bbox 2585 473 2669 521; x_wconf 89' lang='lat' dir='ltr'><strong>est</strong></span> <span class='ocrx_word' id='word_1_17' title='bbox 2707 468 2984 522; x_wconf 80' lang='lat' dir='ltr'><strong>secuturis</strong></span> <span class='ocrx_word' id='word_1_18' title='bbox 3023 486 3035 523; x_wconf 91' lang='lat'>:</span> 
     </span>
    </p>
   </div>
   <div class='ocr_carea' id='block_1_3' title="bbox 77 554 1785 625">
    <p class='ocr_par' dir='ltr' id='par_1_3' title="bbox 77 554 1785 625">
     <span class='ocr_line' id='line_1_3' title="bbox 77 554 1785 625; baseline 0.001 -19"><span class='ocrx_word' id='word_1_19' title='bbox 77 557 329 625; x_wconf 91' lang='lat' dir='ltr'><strong>scriptor</strong></span> <span class='ocrx_word' id='word_1_20' title='bbox 358 557 566 608; x_wconf 82' lang='lat' dir='ltr'><strong>accedo</strong></span> <span class='ocrx_word' id='word_1_21' title='bbox 597 556 867 609; x_wconf 86' lang='lat' dir='ltr'><strong>verbosus</strong></span> <span class='ocrx_word' id='word_1_22' title='bbox 894 571 906 609; x_wconf 89' lang='lat'><strong>:</strong></span> <span class='ocrx_word' id='word_1_23' title='bbox 941 560 1002 608; x_wconf 88' lang='lat' dir='ltr'><strong>ut</strong></span> <span class='ocrx_word' id='word_1_24' title='bbox 1040 554 1138 625; x_wconf 88' lang='lat' dir='ltr'><strong>qui</strong></span> <span class='ocrx_word' id='word_1_25' title='bbox 1168 554 1227 607; x_wconf 92' lang='lat' dir='ltr'><strong>in</strong></span> <span class='ocrx_word' id='word_1_26' title='bbox 1257 554 1423 608; x_wconf 90' lang='lat' dir='ltr'><strong>initio</strong></span> <span class='ocrx_word' id='word_1_27' title='bbox 1463 555 1686 624; x_wconf 88' lang='lat' dir='ltr'><strong>impuli,</strong></span> <span class='ocrx_word' id='word_1_28' title='bbox 1728 560 1785 607; x_wconf 91' lang='lat' dir='ltr'><strong>et</strong></span> 
     </span>
    </p>
   </div>
   <div class='ocr_carea' id='block_1_4' title="bbox 74 642 1785 713">
    <p class='ocr_par' dir='ltr' id='par_1_4' title="bbox 74 642 1785 713">
     <span class='ocr_line' id='line_1_4' title="bbox 74 642 1785 713; baseline 0 -18"><span class='ocrx_word' id='word_1_29' title='bbox 74 644 139 696; x_wconf 89' lang='lat' dir='ltr'><strong>in</strong></span> <span class='ocrx_word' id='word_1_30' title='bbox 178 644 368 698; x_wconf 88' lang='lat' dir='ltr'><strong>medio</strong></span> <span class='ocrx_word' id='word_1_31' title='bbox 399 650 586 713; x_wconf 82' lang='lat' dir='ltr'><strong>ccepta</strong></span> <span class='ocrx_word' id='word_1_32' title='bbox 625 643 890 708; x_wconf 84' lang='lat' dir='ltr'><strong>disserui,</strong></span> <span class='ocrx_word' id='word_1_33' title='bbox 948 643 1282 696; x_wconf 80' lang='lat' dir='ltr'>concludam</span> <span class='ocrx_word' id='word_1_34' title='bbox 1323 643 1382 695; x_wconf 93' lang='lat' dir='ltr'><strong>in</strong></span> <span class='ocrx_word' id='word_1_35' title='bbox 1435 642 1627 696; x_wconf 87' lang='lat' dir='ltr'><strong>finem.</strong></span> <span class='ocrx_word' id='word_1_36' title='bbox 1673 645 1785 696; x_wconf 90' lang='lat' dir='ltr'><strong>Hoc</strong></span> 
     </span>
    </p>
   </div>
   <div class='ocr_carea' id='block_1_5' title="bbox 73 726 1785 802">
    <p class='ocr_par' dir='ltr' id='par_1_5' title="bbox 73 726 1785 802">
     <span class='ocr_line' id='line_1_5' title="bbox 73 726 1785 802; baseline 0 -18"><span class='ocrx_word' id='word_1_37' title='bbox 73 732 277 802; x_wconf 88' lang='lat' dir='ltr'><strong>itaque</strong></span> <span class='ocrx_word' id='word_1_38' title='bbox 322 732 566 787; x_wconf 82' lang='lat' dir='ltr'><strong>faciliter</strong></span> <span class='ocrx_word' id='word_1_39' title='bbox 616 733 932 796; x_wconf 83' lang='lat' dir='ltr'><strong>crederem,</strong></span> <span class='ocrx_word' id='word_1_40' title='bbox 984 732 1030 784; x_wconf 92' lang='lat' dir='ltr'>si</span> <span class='ocrx_word' id='word_1_41' title='bbox 1084 726 1211 785; x_wconf 88' lang='lat' dir='ltr'><strong>eum</strong></span> <span class='ocrx_word' id='word_1_42' title='bbox 1264 737 1495 801; x_wconf 82' lang='lat' dir='ltr'><strong>pectore</strong></span> <span class='ocrx_word' id='word_1_43' title='bbox 1545 732 1724 785; x_wconf 89' lang='lat' dir='ltr'><strong>inscio</strong></span> <span class='ocrx_word' id='word_1_44' title='bbox 1761 741 1785 765; x_wconf 66' lang='grc' dir='ltr'><strong><em>λ</em></strong></span> 
     </span>
    </p>
   </div>
   <div class='ocr_carea' id='block_1_6' title="bbox 72 820 1782 891">
    <p class='ocr_par' dir='ltr' id='par_1_6' title="bbox 72 820 1782 891">
     <span class='ocr_line' id='line_1_6' title="bbox 72 820 1782 891; baseline -0.001 -17"><span class='ocrx_word' id='word_1_45' title='bbox 72 822 458 891; x_wconf 77' lang='lat' dir='ltr'><strong>disputarem.</strong></span> <span class='ocrx_word' id='word_1_46' title='bbox 504 826 573 876; x_wconf 77' lang='lat' dir='ltr'><strong>At</strong></span> <span class='ocrx_word' id='word_1_47' title='bbox 601 838 729 875; x_wconf 87' lang='lat' dir='ltr'><strong>cum</strong></span> <span class='ocrx_word' id='word_1_48' title='bbox 773 825 993 874; x_wconf 85' lang='lat' dir='ltr'><strong>constet</strong></span> <span class='ocrx_word' id='word_1_49' title='bbox 1027 820 1209 874; x_wconf 83' lang='lat' dir='ltr'><strong>Latini</strong></span> <span class='ocrx_word' id='word_1_50' title='bbox 1250 821 1459 891; x_wconf 83' lang='lat' dir='ltr'>eloquii</span> <span class='ocrx_word' id='word_1_51' title='bbox 1522 820 1782 887; x_wconf 79' lang='lat' dir='ltr'><strong>fluvium,</strong></span> 
     </span>
    </p>
   </div>
   <div class='ocr_carea' id='block_1_7' title="bbox 69 909 1784 980">
    <p class='ocr_par' dir='ltr' id='par_1_7' title="bbox 69 909 1784 980">
     <span class='ocr_line' id='line_1_7' title="bbox 69 909 1784 980; baseline 0.001 -18"><span class='ocrx_word' id='word_1_52' title='bbox 69 912 195 963; x_wconf 88' lang='lat' dir='ltr'><strong>imo</strong></span> <span class='ocrx_word' id='word_1_53' title='bbox 226 911 502 964; x_wconf 76' lang='lat' dir='ltr'><strong>torrentis</strong></span> <span class='ocrx_word' id='word_1_54' title='bbox 551 910 832 980; x_wconf 79' lang='lat' dir='ltr'><strong>impetum</strong></span> <span class='ocrx_word' id='word_1_55' title='bbox 868 909 1143 962; x_wconf 87' lang='lat' dir='ltr'><strong>fluentem</strong></span> <span class='ocrx_word' id='word_1_56' title='bbox 1194 909 1480 979; x_wconf 88' lang='lat' dir='ltr'><strong>impetisse</strong></span> <span class='ocrx_word' id='word_1_57' title='bbox 1537 910 1784 963; x_wconf 86' lang='lat' dir='ltr'><strong>vitreum</strong></span> 
     </span>
    </p>
   </div>
   <div class='ocr_carea' id='block_1_8' title="bbox 71 997 1784 1069">
    <p class='ocr_par' dir='ltr' id='par_1_8' title="bbox 71 997 1784 1069">
     <span class='ocr_line' id='line_1_8' title="bbox 71 997 1784 1069; baseline 0.001 -20"><span class='ocrx_word' id='word_1_58' title='bbox 71 998 478 1064; x_wconf 86' lang='lat' dir='ltr'><strong>elementum;</strong></span> <span class='ocrx_word' id='word_1_59' title='bbox 506 1015 618 1069; x_wconf 92' lang='lat' dir='ltr'><strong>quo</strong></span> <span class='ocrx_word' id='word_1_60' title='bbox 651 1004 816 1067; x_wconf 90' lang='lat' dir='ltr'><strong>pacto</strong></span> <span class='ocrx_word' id='word_1_61' title='bbox 848 998 1117 1051; x_wconf 69' lang='lat' dir='ltr'><strong>(ludendi</strong></span> <span class='ocrx_word' id='word_1_62' title='bbox 1150 998 1293 1050; x_wconf 83' lang='lat' dir='ltr'><strong>mihi</strong></span> <span class='ocrx_word' id='word_1_63' title='bbox 1327 998 1436 1050; x_wconf 91' lang='lat' dir='ltr'><strong>erit</strong></span> <span class='ocrx_word' id='word_1_64' title='bbox 1467 998 1597 1050; x_wconf 85' lang='lat' dir='ltr'><strong>data</strong></span> <span class='ocrx_word' id='word_1_65' title='bbox 1646 997 1784 1050; x_wconf 86' lang='lat' dir='ltr'><strong>faci-</strong></span> 
     </span>
    </p>
   </div>
   <div class='ocr_carea' id='block_1_9' title="bbox 71 1085 1785 1157">
    <p class='ocr_par' dir='ltr' id='par_1_9' title="bbox 71 1085 1785 1157">
     <span class='ocr_line' id='line_1_9' title="bbox 71 1085 1785 1157; baseline 0 -18"><span class='ocrx_word' id='word_1_66' title='bbox 71 1088 229 1153; x_wconf 87' lang='lat' dir='ltr'><strong>litas,</strong></span> <span class='ocrx_word' id='word_1_67' title='bbox 269 1088 365 1140; x_wconf 90' lang='lat' dir='ltr'>cui</span> <span class='ocrx_word' id='word_1_68' title='bbox 397 1092 452 1140; x_wconf 89' lang='lat' dir='ltr'><strong>et</strong></span> <span class='ocrx_word' id='word_1_69' title='bbox 472 1088 701 1157; x_wconf 90' lang='lat' dir='ltr'><strong>copiosa</strong></span> <span class='ocrx_word' id='word_1_70' title='bbox 732 1089 757 1129; x_wconf 72' lang='grc' dir='ltr'><strong>ι)</strong></span> <span class='ocrx_word' id='word_1_71' title='bbox 783 1087 1079 1139; x_wconf 77' lang='lat' dir='ltr'><strong>assertoris</strong></span> <span class='ocrx_word' id='word_1_72' title='bbox 1112 1085 1450 1152; x_wconf 74' lang='lat' dir='ltr'><strong>fecunditas,</strong></span> <span class='ocrx_word' id='word_1_73' title='bbox 1482 1090 1536 1139; x_wconf 91' lang='lat' dir='ltr'><strong>et</strong></span> <span class='ocrx_word' id='word_1_74' title='bbox 1566 1086 1785 1156; x_wconf 81' lang='lat' dir='ltr'>proprii</span> 
     </span>
    </p>
   </div>
   <div class='ocr_carea' id='block_1_10' title="bbox 70 1174 1787 1243">
    <p class='ocr_par' dir='ltr' id='par_1_10' title="bbox 70 1174 1787 1243">
     <span class='ocr_line' id='line_1_10' title="bbox 70 1174 1787 1243; baseline 0.002 -18"><span class='ocrx_word' id='word_1_75' title='bbox 70 1174 311 1241; x_wconf 77' lang='lat' dir='ltr'>ingenii</span> <span class='ocrx_word' id='word_1_76' title='bbox 333 1176 586 1239; x_wconf 83' lang='lat' dir='ltr'><strong>tarditas,</strong></span> <span class='ocrx_word' id='word_1_77' title='bbox 620 1182 676 1228; x_wconf 92' lang='lat' dir='ltr'><strong>et</strong></span> <span class='ocrx_word' id='word_1_78' title='bbox 705 1175 905 1227; x_wconf 85' lang='lat' dir='ltr'><strong>talenti</strong></span> <span class='ocrx_word' id='word_1_79' title='bbox 934 1175 1133 1227; x_wconf 92' lang='lat' dir='ltr'><strong>crediti</strong></span> <span class='ocrx_word' id='word_1_80' title='bbox 1175 1175 1366 1226; x_wconf 84' lang='lat' dir='ltr'><strong>obviat</strong></span> <span class='ocrx_word' id='word_1_81' title='bbox 1394 1174 1641 1243; x_wconf 86' lang='lat' dir='ltr'><strong>parvitas</strong></span> <span class='ocrx_word' id='word_1_82' title='bbox 1664 1174 1689 1226; x_wconf 69' lang='grc' dir='ltr'><strong>’ἶ</strong></span> <span class='ocrx_word' id='word_1_83' title='bbox 1724 1177 1787 1228; x_wconf 85' lang='lat' dir='ltr'><strong>Et</strong></span> 
     </span>
    </p>
   </div>
   <div class='ocr_carea' id='block_1_11' title="bbox 70 1262 1782 1327">
    <p class='ocr_par' dir='ltr' id='par_1_11' title="bbox 70 1262 1782 1327">
     <span class='ocr_line' id='line_1_11' title="bbox 70 1262 1782 1327; baseline 0.001 -13"><span class='ocrx_word' id='word_1_84' title='bbox 70 1264 211 1316; x_wconf 89' lang='lat' dir='ltr'><strong>licet</strong></span> <span class='ocrx_word' id='word_1_85' title='bbox 250 1264 430 1316; x_wconf 85' lang='lat' dir='ltr'><strong>insita</strong></span> <span class='ocrx_word' id='word_1_86' title='bbox 484 1263 842 1316; x_wconf 77' lang='lat' dir='ltr'><strong>naturalibus</strong></span> <span class='ocrx_word' id='word_1_87' title='bbox 874 1262 1016 1316; x_wconf 91' lang='lat' dir='ltr'><strong>locis</strong></span> <span class='ocrx_word' id='word_1_88' title='bbox 1056 1262 1257 1316; x_wconf 82' lang='lat' dir='ltr'><strong>existat</strong></span> <span class='ocrx_word' id='word_1_89' title='bbox 1289 1263 1551 1315; x_wconf 80' lang='lat' dir='ltr'><strong>voluntas</strong></span> <span class='ocrx_word' id='word_1_90' title='bbox 1586 1262 1683 1315; x_wconf 87' lang='lat' dir='ltr'><strong>Dei</strong></span> <span class='ocrx_word' id='word_1_91' title='bbox 1717 1272 1734 1294; x_wconf 65' lang='grc' dir='ltr'><em>τ</em></span> <span class='ocrx_word' id='word_1_92' title='bbox 1768 1303 1782 1327; x_wconf 87' lang='grc'><em>,</em></span> 
     </span>
    </p>
   </div>
   <div class='ocr_carea' id='block_1_12' title="bbox 71 1351 1784 1421">
    <p class='ocr_par' dir='ltr' id='par_1_12' title="bbox 71 1351 1784 1421">
     <span class='ocr_line' id='line_1_12' title="bbox 71 1351 1784 1421; baseline 0.002 -19"><span class='ocrx_word' id='word_1_93' title='bbox 71 1356 273 1405; x_wconf 85' lang='lat' dir='ltr'><strong>tamen</strong></span> <span class='ocrx_word' id='word_1_94' title='bbox 308 1352 559 1405; x_wconf 83' lang='lat' dir='ltr'><strong>demitur</strong></span> <span class='ocrx_word' id='word_1_95' title='bbox 599 1351 950 1421; x_wconf 89' lang='lat' dir='ltr'><strong>opplementi</strong></span> <span class='ocrx_word' id='word_1_96' title='bbox 981 1352 1241 1416; x_wconf 74' lang='lat' dir='ltr'><strong>facultas,</strong></span> <span class='ocrx_word' id='word_1_97' title='bbox 1290 1352 1341 1403; x_wconf 92' lang='lat' dir='ltr'><strong>ei</strong></span> <span class='ocrx_word' id='word_1_98' title='bbox 1390 1357 1537 1404; x_wconf 91' lang='lat' dir='ltr'><strong>certe</strong></span> <span class='ocrx_word' id='word_1_99' title='bbox 1569 1352 1661 1404; x_wconf 88' lang='lat' dir='ltr'><strong>cui</strong></span> <span class='ocrx_word' id='word_1_100' title='bbox 1717 1368 1784 1405; x_wconf 82' lang='lat' dir='ltr'><strong>ex</strong></span> 
     </span>
    </p>
   </div>
   <div class='ocr_carea' id='block_1_13' title="bbox 71 1440 1785 1511">
    <p class='ocr_par' dir='ltr' id='par_1_13' title="bbox 71 1440 1785 1511">
     <span class='ocr_line' id='line_1_13' title="bbox 71 1440 1785 1511; baseline 0.001 -18"><span class='ocrx_word' id='word_1_101' title='bbox 71 1442 237 1493; x_wconf 90' lang='lat' dir='ltr'><strong>omni</strong></span> <span class='ocrx_word' id='word_1_102' title='bbox 269 1447 436 1511; x_wconf 89' lang='lat' dir='ltr'><strong>parte</strong></span> <span class='ocrx_word' id='word_1_103' title='bbox 462 1441 739 1494; x_wconf 88' lang='lat' dir='ltr'><strong>indicitur</strong></span> <span class='ocrx_word' id='word_1_104' title='bbox 771 1440 1172 1494; x_wconf 80' lang='lat' dir='ltr'><strong>remorationis</strong></span> <span class='ocrx_word' id='word_1_105' title='bbox 1218 1440 1504 1493; x_wconf 86' lang='lat' dir='ltr'><strong>debilitas.</strong></span> <span class='ocrx_word' id='word_1_106' title='bbox 1548 1442 1785 1495; x_wconf 84' lang='lat' dir='ltr'><strong>Inchoa-</strong></span> 
     </span>
    </p>
   </div>
   <div class='ocr_carea' id='block_1_14' title="bbox 70 1529 1782 1599">
    <p class='ocr_par' dir='ltr' id='par_1_14' title="bbox 70 1529 1782 1599">
     <span class='ocr_line' id='line_1_14' title="bbox 70 1529 1782 1599; baseline 0.002 -18"><span class='ocrx_word' id='word_1_107' title='bbox 70 1530 147 1581; x_wconf 91' lang='lat' dir='ltr'><strong>tio</strong></span> <span class='ocrx_word' id='word_1_108' title='bbox 211 1532 373 1582; x_wconf 89' lang='lat' dir='ltr'><strong>enim</strong></span> <span class='ocrx_word' id='word_1_109' title='bbox 416 1544 487 1584; x_wconf 80' lang='lat' dir='ltr'><strong>ex</strong></span> <span class='ocrx_word' id='word_1_110' title='bbox 522 1536 719 1583; x_wconf 90' lang='lat' dir='ltr'><strong>nostro</strong></span> <span class='ocrx_word' id='word_1_111' title='bbox 750 1534 832 1582; x_wconf 88' lang='lat' dir='ltr'><strong>est</strong></span> <span class='ocrx_word' id='word_1_112' title='bbox 888 1545 1066 1599; x_wconf 88' lang='lat' dir='ltr'><strong>pensa</strong></span> <span class='ocrx_word' id='word_1_113' title='bbox 1099 1529 1366 1595; x_wconf 88' lang='lat' dir='ltr'><strong>arbitrio;</strong></span> <span class='ocrx_word' id='word_1_114' title='bbox 1401 1530 1689 1583; x_wconf 79' lang='lat' dir='ltr'><strong>conclusio</strong></span> <span class='ocrx_word' id='word_1_115' title='bbox 1721 1529 1782 1583; x_wconf 88' lang='lat' dir='ltr'><strong>in</strong></span> 
     </span>
    </p>
   </div>
   <div class='ocr_carea' id='block_1_15' title="bbox 73 1619 1785 1688">
    <p class='ocr_par' dir='ltr' id='par_1_15' title="bbox 73 1619 1785 1688">
     <span class='ocr_line' id='line_1_15' title="bbox 73 1619 1785 1688; baseline 0.001 -19"><span class='ocrx_word' id='word_1_116' title='bbox 73 1625 459 1688; x_wconf 86' lang='lat' dir='ltr'><strong>utrorumque</strong></span> <span class='ocrx_word' id='word_1_117' title='bbox 496 1619 946 1687; x_wconf 85' lang='lat' dir='ltr'><strong>manetjudicio.</strong></span> <span class='ocrx_word' id='word_1_118' title='bbox 1000 1620 1301 1687; x_wconf 77' lang='lat' dir='ltr'><strong>Nunquam</strong></span> <span class='ocrx_word' id='word_1_119' title='bbox 1351 1619 1504 1671; x_wconf 87' lang='lat' dir='ltr'><strong>enim</strong></span> <span class='ocrx_word' id='word_1_120' title='bbox 1556 1619 1785 1671; x_wconf 76' lang='lat' dir='ltr'><strong>sedatur</strong></span> 
     </span>
    </p>
   </div>
   <div class='ocr_carea' id='block_1_16' title="bbox 72 1703 1783 1774">
    <p class='ocr_par' dir='ltr' id='par_1_16' title="bbox 72 1703 1783 1774">
     <span class='ocr_line' id='line_1_16' title="bbox 72 1703 1783 1774; baseline 0.001 -16"><span class='ocrx_word' id='word_1_121' title='bbox 72 1706 402 1774; x_wconf 79' lang='lat' dir='ltr'><strong>responsio,</strong></span> <span class='ocrx_word' id='word_1_122' title='bbox 433 1705 542 1757; x_wconf 84' lang='lat' dir='ltr'><strong>nisi</strong></span> <span class='ocrx_word' id='word_1_123' title='bbox 584 1706 743 1774; x_wconf 89' lang='lat' dir='ltr'><strong>prius</strong></span> <span class='ocrx_word' id='word_1_124' title='bbox 782 1711 1180 1758; x_wconf 86' lang='lat' dir='ltr'><strong>converseatur</strong></span> <span class='ocrx_word' id='word_1_125' title='bbox 1231 1703 1255 1738; x_wconf 75' lang='grc' dir='ltr'><em>δ</em></span> <span class='ocrx_word' id='word_1_126' title='bbox 1314 1705 1573 1758; x_wconf 75' lang='lat' dir='ltr'><strong>invectio.</strong></span> <span class='ocrx_word' id='word_1_127' title='bbox 1628 1708 1689 1759; x_wconf 82' lang='lat' dir='ltr'><strong>Et</strong></span> <span class='ocrx_word' id='word_1_128' title='bbox 1722 1707 1783 1760; x_wconf 91' lang='lat' dir='ltr'><strong>ﬁt</strong></span> 
     </span>
    </p>
   </div>
   <div class='ocr_carea' id='block_1_17' title="bbox 72 1793 1783 1859">
    <p class='ocr_par' dir='ltr' id='par_1_17' title="bbox 72 1793 1783 1859">
     <span class='ocr_line' id='line_1_17' title="bbox 72 1793 1783 1859; baseline 0.001 -13"><span class='ocrx_word' id='word_1_129' title='bbox 72 1794 338 1846; x_wconf 75' lang='lat' dir='ltr'><strong>flexuosa</strong></span> <span class='ocrx_word' id='word_1_130' title='bbox 367 1794 650 1856; x_wconf 85' lang='lat' dir='ltr'><strong>catenula,</strong></span> <span class='ocrx_word' id='word_1_131' title='bbox 684 1799 739 1845; x_wconf 92' lang='lat' dir='ltr'><strong>et</strong></span> <span class='ocrx_word' id='word_1_132' title='bbox 796 1793 1099 1845; x_wconf 83' lang='lat' dir='ltr'><strong>catenatim</strong></span> <span class='ocrx_word' id='word_1_133' title='bbox 1149 1793 1439 1846; x_wconf 87' lang='lat' dir='ltr'><strong>contentio</strong></span> <span class='ocrx_word' id='word_1_134' title='bbox 1515 1794 1783 1859; x_wconf 80' lang='lat' dir='ltr'><strong>flexuosa,</strong></span> 
     </span>
    </p>
   </div>
   <div class='ocr_carea' id='block_1_18' title="bbox 72 1882 1786 1951">
    <p class='ocr_par' dir='ltr' id='par_1_18' title="bbox 72 1882 1786 1951">
     <span class='ocr_line' id='line_1_18' title="bbox 72 1882 1786 1951; baseline 0.001 -18"><span class='ocrx_word' id='word_1_135' title='bbox 72 1899 201 1951; x_wconf 67' lang='lat' dir='ltr'><strong>quae.</strong></span> <span class='ocrx_word' id='word_1_136' title='bbox 238 1899 347 1935; x_wconf 84' lang='lat' dir='ltr'><strong>nec</strong></span> <span class='ocrx_word' id='word_1_137' title='bbox 379 1882 797 1934; x_wconf 82' lang='lat' dir='ltr'><strong>invectiouibus</strong></span> <span class='ocrx_word' id='word_1_138' title='bbox 830 1882 1077 1934; x_wconf 88' lang='lat' dir='ltr'><strong>cluditur</strong></span> <span class='ocrx_word' id='word_1_139' title='bbox 1106 1891 1149 1947; x_wconf 71' lang='grc' dir='ltr'><strong>θ,</strong></span> <span class='ocrx_word' id='word_1_140' title='bbox 1180 1898 1281 1935; x_wconf 77' lang='lat' dir='ltr'><strong>nec</strong></span> <span class='ocrx_word' id='word_1_141' title='bbox 1320 1883 1786 1951; x_wconf 80' lang='lat' dir='ltr'><strong>responsionibus</strong></span> 
     </span>
    </p>
   </div>
   <div class='ocr_carea' id='block_1_19' title="bbox 72 1968 1786 2039">
    <p class='ocr_par' dir='ltr' id='par_1_19' title="bbox 72 1968 1786 2039">
     <span class='ocr_line' id='line_1_19' title="bbox 72 1968 1786 2039; baseline 0.001 -17"><span class='ocrx_word' id='word_1_142' title='bbox 72 1970 445 2023; x_wconf 84' lang='lat' dir='ltr'><strong>terminatur.</strong></span> <span class='ocrx_word' id='word_1_143' title='bbox 500 1972 629 2024; x_wconf 65' lang='lat' dir='ltr'><strong>llzec</strong></span> <span class='ocrx_word' id='word_1_144' title='bbox 673 1968 825 2022; x_wconf 91' lang='lat' dir='ltr'><strong>inter</strong></span> <span class='ocrx_word' id='word_1_145' title='bbox 878 1970 1184 2039; x_wconf 70' lang='lat' dir='ltr'><strong>prmcipuze</strong></span> <span class='ocrx_word' id='word_1_146' title='bbox 1242 1970 1584 2039; x_wconf 69' lang='lat' dir='ltr'><strong>eloquentize</strong></span> <span class='ocrx_word' id='word_1_147' title='bbox 1636 1972 1786 2024; x_wconf 86' lang='lat' dir='ltr'><strong>viros</strong></span> 
     </span>
    </p>
   </div>
   <div class='ocr_carea' id='block_1_20' title="bbox 75 2058 1784 2130">
    <p class='ocr_par' dir='ltr' id='par_1_20' title="bbox 75 2058 1784 2130">
     <span class='ocr_line' id='line_1_20' title="bbox 75 2058 1784 2130; baseline 0.001 -19"><span class='ocrx_word' id='word_1_148' title='bbox 75 2076 224 2129; x_wconf 66' lang='lat' dir='ltr'><strong>saepe</strong></span> <span class='ocrx_word' id='word_1_149' title='bbox 259 2060 603 2126; x_wconf 82' lang='lat' dir='ltr'><strong>intenditur,</strong></span> <span class='ocrx_word' id='word_1_150' title='bbox 636 2059 831 2112; x_wconf 82' lang='lat' dir='ltr'><strong>crebre</strong></span> <span class='ocrx_word' id='word_1_151' title='bbox 854 2058 1186 2128; x_wconf 83' lang='lat' dir='ltr'><strong>inquiritur,</strong></span> <span class='ocrx_word' id='word_1_152' title='bbox 1220 2059 1549 2130; x_wconf 84' lang='lat' dir='ltr'><strong>frequenter</strong></span> <span class='ocrx_word' id='word_1_153' title='bbox 1581 2066 1784 2129; x_wconf 58' lang='lat' dir='ltr'><strong>praue-</strong></span> 
     </span>
    </p>
   </div>
   <div class='ocr_carea' id='block_1_21' title="bbox 78 2147 1786 2216">
    <p class='ocr_par' dir='ltr' id='par_1_21' title="bbox 78 2147 1786 2216">
     <span class='ocr_line' id='line_1_21' title="bbox 78 2147 1786 2216; baseline -0.001 -15"><span class='ocrx_word' id='word_1_154' title='bbox 78 2151 247 2201; x_wconf 75' lang='lat' dir='ltr'><strong>xitur.</strong></span> <span class='ocrx_word' id='word_1_155' title='bbox 289 2147 471 2201; x_wconf 77' lang='lat' dir='ltr'><strong>Habet</strong></span> <span class='ocrx_word' id='word_1_156' title='bbox 502 2148 951 2200; x_wconf 89' lang='lat' dir='ltr'><strong>emolumentum</strong></span> <span class='ocrx_word' id='word_1_157' title='bbox 998 2147 1487 2216; x_wconf 71' lang='lat' dir='ltr'><strong>aequiperationis,</strong></span> <span class='ocrx_word' id='word_1_158' title='bbox 1536 2148 1581 2200; x_wconf 90' lang='lat' dir='ltr'><strong>si</strong></span> <span class='ocrx_word' id='word_1_159' title='bbox 1635 2148 1786 2201; x_wconf 87' lang='lat' dir='ltr'><strong>inter</strong></span> 
     </span>
    </p>
   </div>
   <div class='ocr_carea' id='block_1_22' title="bbox 79 2236 1787 2305">
    <p class='ocr_par' dir='ltr' id='par_1_22' title="bbox 79 2236 1787 2305">
     <span class='ocr_line' id='line_1_22' title="bbox 79 2236 1787 2305; baseline 0.001 -17"><span class='ocrx_word' id='word_1_160' title='bbox 79 2254 241 2305; x_wconf 85' lang='lat' dir='ltr'><strong>pares</strong></span> <span class='ocrx_word' id='word_1_161' title='bbox 274 2238 404 2289; x_wconf 76' lang='lat' dir='ltr'><strong>haec</strong></span> <span class='ocrx_word' id='word_1_162' title='bbox 434 2237 633 2289; x_wconf 89' lang='lat' dir='ltr'><strong>eadem</strong></span> <span class='ocrx_word' id='word_1_163' title='bbox 662 2236 1019 2288; x_wconf 80' lang='lat' dir='ltr'><strong>distendatur</strong></span> <span class='ocrx_word' id='word_1_164' title='bbox 1051 2237 1220 2289; x_wconf 87' lang='lat' dir='ltr'><strong>funis.</strong></span> <span class='ocrx_word' id='word_1_165' title='bbox 1256 2242 1322 2290; x_wconf 79' lang='lat' dir='ltr'><strong>At</strong></span> <span class='ocrx_word' id='word_1_166' title='bbox 1366 2237 1410 2288; x_wconf 95' lang='lat' dir='ltr'><strong>si</strong></span> <span class='ocrx_word' id='word_1_167' title='bbox 1454 2237 1606 2290; x_wconf 89' lang='lat' dir='ltr'><strong>inter</strong></span> <span class='ocrx_word' id='word_1_168' title='bbox 1653 2236 1787 2289; x_wconf 68' lang='lat' dir='ltr'>inm-</span> 
     </span>
    </p>
   </div>
   <div class='ocr_carea' id='block_1_23' title="bbox 78 2324 1787 2395">
    <p class='ocr_par' dir='ltr' id='par_1_23' title="bbox 78 2324 1787 2395">
     <span class='ocr_line' id='line_1_23' title="bbox 78 2324 1787 2395; baseline 0.001 -18"><span class='ocrx_word' id='word_1_169' title='bbox 78 2326 280 2395; x_wconf 86' lang='lat' dir='ltr'><strong>quales</strong></span> <span class='ocrx_word' id='word_1_170' title='bbox 315 2325 676 2395; x_wconf 83' lang='lat' dir='ltr'><strong>protrahitur</strong></span> <span class='ocrx_word' id='word_1_171' title='bbox 726 2324 913 2389; x_wconf 91' lang='lat' dir='ltr'><strong>restis,</strong></span> <span class='ocrx_word' id='word_1_172' title='bbox 964 2324 1231 2393; x_wconf 73' lang='lat' dir='ltr'><strong>dejicitur</strong></span> <span class='ocrx_word' id='word_1_173' title='bbox 1274 2325 1478 2394; x_wconf 84' lang='lat' dir='ltr'><strong>impos,</strong></span> <span class='ocrx_word' id='word_1_174' title='bbox 1546 2324 1787 2395; x_wconf 83' lang='lat' dir='ltr'><strong>erigitur</strong></span> 
     </span>
    </p>
   </div>
   <div class='ocr_carea' id='block_1_24' title="bbox 78 2412 1783 2483">
    <p class='ocr_par' dir='ltr' id='par_1_24' title="bbox 78 2412 1783 2483">
     <span class='ocr_line' id='line_1_24' title="bbox 78 2412 1783 2483; baseline 0 -16"><span class='ocrx_word' id='word_1_175' title='bbox 78 2414 256 2476; x_wconf 86' lang='lat' dir='ltr'><strong>fortis,</strong></span> <span class='ocrx_word' id='word_1_176' title='bbox 284 2414 441 2466; x_wconf 82' lang='lat' dir='ltr'><strong>vires</strong></span> <span class='ocrx_word' id='word_1_177' title='bbox 473 2413 809 2482; x_wconf 83' lang='lat' dir='ltr'><strong>tripudiant,</strong></span> <span class='ocrx_word' id='word_1_178' title='bbox 834 2412 1098 2466; x_wconf 82' lang='lat' dir='ltr'><strong>debilitas</strong></span> <span class='ocrx_word' id='word_1_179' title='bbox 1124 2412 1322 2483; x_wconf 83' lang='lat' dir='ltr'><strong>gemit.</strong></span> <span class='ocrx_word' id='word_1_180' title='bbox 1348 2414 1441 2467; x_wconf 79' lang='lat' dir='ltr'><strong>Est</strong></span> <span class='ocrx_word' id='word_1_181' title='bbox 1474 2417 1528 2465; x_wconf 85' lang='lat' dir='ltr'><strong>et</strong></span> <span class='ocrx_word' id='word_1_182' title='bbox 1548 2414 1783 2467; x_wconf 89' lang='lat' dir='ltr'><strong>tertium</strong></span> 
     </span>
    </p>
   </div>
   <div class='ocr_carea' id='block_1_25' title="bbox 78 2500 1783 2570">
    <p class='ocr_par' dir='ltr' id='par_1_25' title="bbox 78 2500 1783 2570">
     <span class='ocr_line' id='line_1_25' title="bbox 78 2500 1783 2570; baseline 0 -16"><span class='ocrx_word' id='word_1_183' title='bbox 78 2518 189 2554; x_wconf 88' lang='lat' dir='ltr'><strong>non</strong></span> <span class='ocrx_word' id='word_1_184' title='bbox 251 2501 705 2570; x_wconf 79' lang='lat' dir='ltr'><strong>exspectandum</strong></span> <span class='ocrx_word' id='word_1_185' title='bbox 758 2500 794 2565; x_wconf 70' lang='grc' dir='ltr'><strong>ί,</strong></span> <span class='ocrx_word' id='word_1_186' title='bbox 858 2500 951 2553; x_wconf 88' lang='lat' dir='ltr'><strong>sed</strong></span> <span class='ocrx_word' id='word_1_187' title='bbox 999 2500 1422 2566; x_wconf 83' lang='lat' dir='ltr'><strong>detestandum,</strong></span> <span class='ocrx_word' id='word_1_188' title='bbox 1479 2502 1783 2554; x_wconf 61' lang='lat' dir='ltr'><strong>calumniae</strong></span> 
     </span>
    </p>
   </div>
   <div class='ocr_carea' id='block_1_26' title="bbox 74 2588 1784 2659">
    <p class='ocr_par' dir='ltr' id='par_1_26' title="bbox 74 2588 1784 2659">
     <span class='ocr_line' id='line_1_26' title="bbox 74 2588 1784 2659; baseline 0.001 -18"><span class='ocrx_word' id='word_1_189' title='bbox 74 2590 360 2658; x_wconf 63' lang='lat' dir='ltr'><strong>iurgium,</strong></span> <span class='ocrx_word' id='word_1_190' title='bbox 412 2589 569 2659; x_wconf 87' lang='lat' dir='ltr'><strong>quod</strong></span> <span class='ocrx_word' id='word_1_191' title='bbox 629 2588 859 2641; x_wconf 90' lang='lat' dir='ltr'><strong>solitum</strong></span> <span class='ocrx_word' id='word_1_192' title='bbox 902 2589 1049 2641; x_wconf 88' lang='lat' dir='ltr'><strong>inter</strong></span> <span class='ocrx_word' id='word_1_193' title='bbox 1084 2588 1451 2642; x_wconf 87' lang='lat' dir='ltr'><strong>insolentium</strong></span> <span class='ocrx_word' id='word_1_194' title='bbox 1505 2590 1643 2642; x_wconf 88' lang='lat' dir='ltr'><strong>oriri</strong></span> <span class='ocrx_word' id='word_1_195' title='bbox 1701 2596 1784 2643; x_wconf 90' lang='lat' dir='ltr'><strong>tu-</strong></span> 
     </span>
    </p>
   </div>
   <div class='ocr_carea' id='block_1_27' title="bbox 80 2677 1781 2746">
    <p class='ocr_par' dir='ltr' id='par_1_27' title="bbox 80 2677 1781 2746">
     <span class='ocr_line' id='line_1_27' title="bbox 80 2677 1781 2746; baseline 0 -15"><span class='ocrx_word' id='word_1_196' title='bbox 80 2680 627 2746; x_wconf 86' lang='lat' dir='ltr'><strong>niultuosorumque</strong></span> <span class='ocrx_word' id='word_1_197' title='bbox 685 2681 1050 2730; x_wconf 87' lang='lat' dir='ltr'><strong>conventum.</strong></span> <span class='ocrx_word' id='word_1_198' title='bbox 1110 2677 1269 2739; x_wconf 87' lang='lat' dir='ltr'><strong>Quod</strong></span> <span class='ocrx_word' id='word_1_199' title='bbox 1318 2684 1374 2730; x_wconf 90' lang='lat' dir='ltr'><strong>et</strong></span> <span class='ocrx_word' id='word_1_200' title='bbox 1432 2677 1781 2731; x_wconf 76' lang='lat' dir='ltr'><strong>fecunditate</strong></span> 
     </span>
    </p>
   </div>
   <div class='ocr_carea' id='block_1_28' title="bbox 78 2765 1781 2832">
    <p class='ocr_par' dir='ltr' id='par_1_28' title="bbox 78 2765 1781 2832">
     <span class='ocr_line' id='line_1_28' title="bbox 78 2765 1781 2832; baseline -0.001 -12"><span class='ocrx_word' id='word_1_201' title='bbox 78 2767 422 2832; x_wconf 70' lang='lat' dir='ltr'><strong>eloquentim</strong></span> <span class='ocrx_word' id='word_1_202' title='bbox 455 2770 626 2832; x_wconf 84' lang='lat' dir='ltr'><strong>caret,</strong></span> <span class='ocrx_word' id='word_1_203' title='bbox 671 2770 725 2818; x_wconf 88' lang='lat' dir='ltr'><strong>et</strong></span> <span class='ocrx_word' id='word_1_204' title='bbox 765 2766 1137 2819; x_wconf 88' lang='lat' dir='ltr'><strong>verbositates</strong></span> <span class='ocrx_word' id='word_1_205' title='bbox 1184 2765 1545 2819; x_wconf 86' lang='lat' dir='ltr'><strong>dieacitatum</strong></span> <span class='ocrx_word' id='word_1_206' title='bbox 1572 2779 1601 2819; x_wconf 75' lang='grc' dir='ltr'><strong>ς</strong></span> <span class='ocrx_word' id='word_1_207' title='bbox 1634 2768 1781 2819; x_wconf 90' lang='lat' dir='ltr'><strong>male</strong></span> 
     </span>
    </p>
   </div>
   <div class='ocr_carea' id='block_1_29' title="bbox 79 2853 1782 2924">
    <p class='ocr_par' dir='ltr' id='par_1_29' title="bbox 79 2853 1782 2924">
     <span class='ocr_line' id='line_1_29' title="bbox 79 2853 1782 2924; baseline -0.001 -15"><span class='ocrx_word' id='word_1_208' title='bbox 79 2856 301 2909; x_wconf 75' lang='lat' dir='ltr'><strong>fortiter</strong></span> <span class='ocrx_word' id='word_1_209' title='bbox 325 2860 487 2907; x_wconf 88' lang='lat' dir='ltr'><strong>tenet</strong></span> <span class='ocrx_word' id='word_1_210' title='bbox 520 2854 655 2924; x_wconf 87' lang='lat' dir='ltr'>:qui</span> <span class='ocrx_word' id='word_1_211' title='bbox 686 2858 740 2907; x_wconf 89' lang='lat' dir='ltr'><strong>et</strong></span> <span class='ocrx_word' id='word_1_212' title='bbox 774 2854 931 2924; x_wconf 89' lang='lat' dir='ltr'><strong>loqui</strong></span> <span class='ocrx_word' id='word_1_213' title='bbox 956 2853 1185 2923; x_wconf 88' lang='lat' dir='ltr'><strong>penitus</strong></span> <span class='ocrx_word' id='word_1_214' title='bbox 1217 2856 1414 2922; x_wconf 90' lang='lat' dir='ltr'><strong>nescit,</strong></span> <span class='ocrx_word' id='word_1_215' title='bbox 1446 2860 1502 2908; x_wconf 88' lang='lat' dir='ltr'><strong>et</strong></span> <span class='ocrx_word' id='word_1_216' title='bbox 1540 2860 1782 2924; x_wconf 91' lang='lat' dir='ltr'><strong>perstre-</strong></span> 
     </span>
    </p>
   </div>
   <div class='ocr_carea' id='block_1_30' title="bbox 80 2943 1779 3013">
    <p class='ocr_par' dir='ltr' id='par_1_30' title="bbox 80 2943 1779 3013">
     <span class='ocr_line' id='line_1_30' title="bbox 80 2943 1779 3013; baseline 0.002 -18"><span class='ocrx_word' id='word_1_217' title='bbox 80 2960 213 3013; x_wconf 79' lang='lat' dir='ltr'><strong>pens</strong></span> <span class='ocrx_word' id='word_1_218' title='bbox 267 2944 628 3012; x_wconf 88' lang='lat' dir='ltr'><strong>importune,</strong></span> <span class='ocrx_word' id='word_1_219' title='bbox 715 2959 1010 3013; x_wconf 89' lang='lat' dir='ltr'><strong>nunquam</strong></span> <span class='ocrx_word' id='word_1_220' title='bbox 1071 2943 1237 2996; x_wconf 90' lang='lat' dir='ltr'><strong>silere</strong></span> <span class='ocrx_word' id='word_1_221' title='bbox 1298 2943 1472 3009; x_wconf 85' lang='lat' dir='ltr'><strong>novit,</strong></span> <span class='ocrx_word' id='word_1_222' title='bbox 1546 2944 1779 2999; x_wconf 86' lang='lat' dir='ltr'><strong>verbose</strong></span> 
     </span>
    </p>
   </div>
   <div class='ocr_carea' id='block_1_31' title="bbox 3084 468 3590 523">
    <p class='ocr_par' dir='ltr' id='par_1_31' title="bbox 3084 468 3590 523">
     <span class='ocr_line' id='line_1_31' title="bbox 3084 468 3590 523; baseline 0.002 -1"><span class='ocrx_word' id='word_1_223' title='bbox 3084 468 3416 523; x_wconf 84' lang='lat' dir='ltr'><strong>divaricatio</strong></span> <span class='ocrx_word' id='word_1_224' title='bbox 3455 469 3590 523; x_wconf 84' lang='lat' dir='ltr'><strong>stul-</strong></span> 
     </span>
    </p>
   </div>
   <div class='ocr_carea' id='block_1_32' title="bbox 1896 556 3589 625">
    <p class='ocr_par' dir='ltr' id='par_1_32' title="bbox 1896 556 3589 625">
     <span class='ocr_line' id='line_1_32' title="bbox 1896 556 3589 625; baseline 0.003 -18"><span class='ocrx_word' id='word_1_225' title='bbox 1896 561 2087 608; x_wconf 87' lang='lat' dir='ltr'><strong>torum</strong></span> <span class='ocrx_word' id='word_1_226' title='bbox 2129 556 2335 608; x_wconf 85' lang='lat' dir='ltr'><strong>horror</strong></span> <span class='ocrx_word' id='word_1_227' title='bbox 2374 562 2456 609; x_wconf 90' lang='lat' dir='ltr'><strong>est</strong></span> <span class='ocrx_word' id='word_1_228' title='bbox 2503 558 2877 625; x_wconf 90' lang='lat' dir='ltr'><strong>persistentis.</strong></span> <span class='ocrx_word' id='word_1_229' title='bbox 2921 558 3297 612; x_wconf 89' lang='lat' dir='ltr'><strong>Prudentium</strong></span> <span class='ocrx_word' id='word_1_230' title='bbox 3348 558 3467 611; x_wconf 84' lang='lat' dir='ltr'><strong>rixa</strong></span> <span class='ocrx_word' id='word_1_231' title='bbox 3506 560 3589 612; x_wconf 84' lang='lat' dir='ltr'><strong>fa-</strong></span> 
     </span>
    </p>
   </div>
   <div class='ocr_carea' id='block_1_33' title="bbox 1894 643 3589 718">
    <p class='ocr_par' dir='ltr' id='par_1_33' title="bbox 1894 643 3589 718">
     <span class='ocr_line' id='line_1_33' title="bbox 1894 643 3589 718; baseline 0.004 -24"><span class='ocrx_word' id='word_1_232' title='bbox 1894 660 2027 695; x_wconf 88' lang='lat' dir='ltr'><strong>vum</strong></span> <span class='ocrx_word' id='word_1_233' title='bbox 2061 643 2342 712; x_wconf 84' lang='lat' dir='ltr'><strong>impendit</strong></span> <span class='ocrx_word' id='word_1_234' title='bbox 2370 661 2381 697; x_wconf 91' lang='lat'><strong>:</strong></span> <span class='ocrx_word' id='word_1_235' title='bbox 2408 647 2709 699; x_wconf 86' lang='lat' dir='ltr'><strong>stultorum</strong></span> <span class='ocrx_word' id='word_1_236' title='bbox 2740 647 2889 700; x_wconf 90' lang='lat' dir='ltr'><strong>lucta</strong></span> <span class='ocrx_word' id='word_1_237' title='bbox 2912 648 3121 701; x_wconf 88' lang='lat' dir='ltr'><strong>calcem</strong></span> <span class='ocrx_word' id='word_1_238' title='bbox 3155 648 3439 718; x_wconf 89' lang='lat' dir='ltr'><strong>implodit.</strong></span> <span class='ocrx_word' id='word_1_239' title='bbox 3478 648 3589 701; x_wconf 83' lang='lat' dir='ltr'><strong>Ista</strong></span> 
     </span>
    </p>
   </div>
   <div class='ocr_carea' id='block_1_34' title="bbox 1892 731 3586 806">
    <p class='ocr_par' dir='ltr' id='par_1_34' title="bbox 1892 731 3586 806">
     <span class='ocr_line' id='line_1_34' title="bbox 1892 731 3586 806; baseline 0.003 -22"><span class='ocrx_word' id='word_1_240' title='bbox 1892 731 2129 785; x_wconf 87' lang='lat' dir='ltr'><strong>scientia</strong></span> <span class='ocrx_word' id='word_1_241' title='bbox 2154 732 2405 786; x_wconf 85' lang='lat' dir='ltr'><strong>fontibus</strong></span> <span class='ocrx_word' id='word_1_242' title='bbox 2436 733 2460 766; x_wconf 66' lang='grc' dir='ltr'><strong>ιι</strong></span> <span class='ocrx_word' id='word_1_243' title='bbox 2491 736 2728 788; x_wconf 86' lang='lat' dir='ltr'><strong>crescit:</strong></span> <span class='ocrx_word' id='word_1_244' title='bbox 2774 736 2869 787; x_wconf 88' lang='lat' dir='ltr'><strong>illa</strong></span> <span class='ocrx_word' id='word_1_245' title='bbox 2904 735 3082 805; x_wconf 86' lang='lat' dir='ltr'><strong>alapis</strong></span> <span class='ocrx_word' id='word_1_246' title='bbox 3121 737 3447 806; x_wconf 78' lang='lat' dir='ltr'><strong>pugnisque</strong></span> <span class='ocrx_word' id='word_1_247' title='bbox 3489 752 3586 789; x_wconf 85' lang='lat' dir='ltr'><strong>ca-</strong></span> 
     </span>
    </p>
   </div>
   <div class='ocr_carea' id='block_1_35' title="bbox 1894 821 3587 895">
    <p class='ocr_par' dir='ltr' id='par_1_35' title="bbox 1894 821 3587 895">
     <span class='ocr_line' id='line_1_35' title="bbox 1894 821 3587 895; baseline 0.002 -22"><span class='ocrx_word' id='word_1_248' title='bbox 1894 821 2072 874; x_wconf 84' lang='lat' dir='ltr'><strong>lcscit.</strong></span> <span class='ocrx_word' id='word_1_249' title='bbox 2109 821 2327 874; x_wconf 84' lang='lat' dir='ltr'><strong>Habent</strong></span> <span class='ocrx_word' id='word_1_250' title='bbox 2374 828 2631 892; x_wconf 67' lang='lat' dir='ltr'><strong>utraeque</strong></span> <span class='ocrx_word' id='word_1_251' title='bbox 2667 824 2877 876; x_wconf 84' lang='lat' dir='ltr'><strong>limites</strong></span> <span class='ocrx_word' id='word_1_252' title='bbox 2914 841 3066 889; x_wconf 77' lang='lat' dir='ltr'><strong>suos,</strong></span> <span class='ocrx_word' id='word_1_253' title='bbox 3126 830 3183 877; x_wconf 88' lang='lat' dir='ltr'><strong>et</strong></span> <span class='ocrx_word' id='word_1_254' title='bbox 3215 830 3587 895; x_wconf 88' lang='lat' dir='ltr'><strong>utrarumque</strong></span> 
     </span>
    </p>
   </div>
   <div class='ocr_carea' id='block_1_36' title="bbox 1895 908 3586 981">
    <p class='ocr_par' dir='ltr' id='par_1_36' title="bbox 1895 908 3586 981">
     <span class='ocr_line' id='line_1_36' title="bbox 1895 908 3586 981; baseline 0.002 -19"><span class='ocrx_word' id='word_1_255' title='bbox 1895 908 2146 962; x_wconf 90' lang='lat' dir='ltr'><strong>diversos</strong></span> <span class='ocrx_word' id='word_1_256' title='bbox 2176 914 2344 962; x_wconf 69' lang='lat' dir='ltr'><strong>aestus</strong></span> <span class='ocrx_word' id='word_1_257' title='bbox 2377 911 2418 975; x_wconf 90' lang='grc'>¹;</span> <span class='ocrx_word' id='word_1_258' title='bbox 2452 927 2555 979; x_wconf 92' lang='lat' dir='ltr'><strong>pro</strong></span> <span class='ocrx_word' id='word_1_259' title='bbox 2606 912 2876 981; x_wconf 83' lang='lat' dir='ltr'><strong>qualitate</strong></span> <span class='ocrx_word' id='word_1_260' title='bbox 2927 912 3157 981; x_wconf 85' lang='lat' dir='ltr'><strong>propria</strong></span> <span class='ocrx_word' id='word_1_261' title='bbox 3212 918 3448 981; x_wconf 85' lang='lat' dir='ltr'><strong>generat</strong></span> <span class='ocrx_word' id='word_1_262' title='bbox 3504 914 3586 966; x_wconf 90' lang='lat' dir='ltr'><strong>fe-</strong></span> 
     </span>
    </p>
   </div>
   <div class='ocr_carea' id='block_1_37' title="bbox 1894 999 3589 1068">
    <p class='ocr_par' dir='ltr' id='par_1_37' title="bbox 1894 999 3589 1068">
     <span class='ocr_line' id='line_1_37' title="bbox 1894 999 3589 1068; baseline 0.003 -19"><span class='ocrx_word' id='word_1_263' title='bbox 1894 1002 1997 1049; x_wconf 88' lang='lat' dir='ltr'><strong>tos.</strong></span> <span class='ocrx_word' id='word_1_264' title='bbox 2057 999 2405 1051; x_wconf 85' lang='lat' dir='ltr'><strong>Generemus</strong></span> <span class='ocrx_word' id='word_1_265' title='bbox 2467 1015 2626 1068; x_wconf 82' lang='lat' dir='ltr'><strong>ergo,</strong></span> <span class='ocrx_word' id='word_1_266' title='bbox 2692 1000 3189 1067; x_wconf 82' lang='lat' dir='ltr'><strong>reverendissime,</strong></span> <span class='ocrx_word' id='word_1_267' title='bbox 3249 1002 3470 1054; x_wconf 87' lang='lat' dir='ltr'><strong>adultos</strong></span> <span class='ocrx_word' id='word_1_268' title='bbox 3535 1006 3589 1054; x_wconf 89' lang='lat' dir='ltr'><strong>et</strong></span> 
     </span>
    </p>
   </div>
   <div class='ocr_carea' id='block_1_38' title="bbox 1892 1085 3588 1159">
    <p class='ocr_par' dir='ltr' id='par_1_38' title="bbox 1892 1085 3588 1159">
     <span class='ocr_line' id='line_1_38' title="bbox 1892 1085 3588 1159; baseline 0.004 -23"><span class='ocrx_word' id='word_1_269' title='bbox 1892 1085 2171 1139; x_wconf 88' lang='lat' dir='ltr'><strong>verilitate</strong></span> <span class='ocrx_word' id='word_1_270' title='bbox 2202 1092 2491 1155; x_wconf 83' lang='lat' dir='ltr'><strong>vegetatos</strong></span> <span class='ocrx_word' id='word_1_271' title='bbox 2540 1088 2686 1141; x_wconf 91' lang='lat' dir='ltr'><strong>ﬁlios</strong></span> <span class='ocrx_word' id='word_1_272' title='bbox 2711 1088 3046 1157; x_wconf 85' lang='lat' dir='ltr'><strong>juventutis,</strong></span> <span class='ocrx_word' id='word_1_273' title='bbox 3097 1089 3195 1158; x_wconf 92' lang='lat' dir='ltr'><strong>qui</strong></span> <span class='ocrx_word' id='word_1_274' title='bbox 3240 1089 3460 1158; x_wconf 88' lang='lat' dir='ltr'><strong>possint</strong></span> <span class='ocrx_word' id='word_1_275' title='bbox 3488 1106 3588 1159; x_wconf 89' lang='lat' dir='ltr'><strong>pa-</strong></span> 
     </span>
    </p>
   </div>
   <div class='ocr_carea' id='block_1_39' title="bbox 1893 1173 3591 1248">
    <p class='ocr_par' dir='ltr' id='par_1_39' title="bbox 1893 1173 3591 1248">
     <span class='ocr_line' id='line_1_39' title="bbox 1893 1173 3591 1248; baseline 0.004 -24"><span class='ocrx_word' id='word_1_276' title='bbox 1893 1178 2080 1225; x_wconf 90' lang='lat' dir='ltr'><strong>rentes</strong></span> <span class='ocrx_word' id='word_1_277' title='bbox 2120 1173 2301 1226; x_wconf 88' lang='lat' dir='ltr'><strong>ditare</strong></span> <span class='ocrx_word' id='word_1_278' title='bbox 2334 1177 2587 1243; x_wconf 67' lang='lat' dir='ltr'><strong>prazmiis</strong></span> <span class='ocrx_word' id='word_1_279' title='bbox 2618 1176 2970 1245; x_wconf 87' lang='lat' dir='ltr'><strong>indisruptis.</strong></span> <span class='ocrx_word' id='word_1_280' title='bbox 3027 1178 3093 1229; x_wconf 81' lang='lat' dir='ltr'><strong>Et</strong></span> <span class='ocrx_word' id='word_1_281' title='bbox 3130 1192 3257 1230; x_wconf 91' lang='lat' dir='ltr'><strong>cum</strong></span> <span class='ocrx_word' id='word_1_282' title='bbox 3305 1178 3591 1248; x_wconf 87' lang='lat' dir='ltr'><strong>Propheta</strong></span> 
     </span>
    </p>
   </div>
   <div class='ocr_carea' id='block_1_40' title="bbox 1895 1260 3592 1335">
    <p class='ocr_par' dir='ltr' id='par_1_40' title="bbox 1895 1260 3592 1335">
     <span class='ocr_line' id='line_1_40' title="bbox 1895 1260 3592 1335; baseline 0.004 -22"><span class='ocrx_word' id='word_1_283' title='bbox 1895 1260 1965 1313; x_wconf 92' lang='lat' dir='ltr'><strong>de</strong></span> <span class='ocrx_word' id='word_1_284' title='bbox 2027 1266 2215 1313; x_wconf 84' lang='lat' dir='ltr'><strong>nostro</strong></span> <span class='ocrx_word' id='word_1_285' title='bbox 2270 1262 2571 1317; x_wconf 89' lang='lat' dir='ltr'><strong>dicamus:</strong></span> <span class='ocrx_word' id='word_1_286' title='bbox 2621 1266 2667 1316; x_wconf 83' lang='grc' dir='ltr'>Α</span> <span class='ocrx_word' id='word_1_287' title='bbox 2712 1265 2915 1318; x_wconf 91' lang='lat' dir='ltr'><strong>timore</strong></span> <span class='ocrx_word' id='word_1_288' title='bbox 2966 1270 3064 1317; x_wconf 88' lang='lat' dir='ltr'><strong>tuo</strong></span> <span class='ocrx_word' id='word_1_289' title='bbox 3095 1266 3484 1335; x_wconf 89' lang='lat' dir='ltr'><strong>concepimus,</strong></span> <span class='ocrx_word' id='word_1_290' title='bbox 3534 1272 3592 1319; x_wconf 92' lang='lat' dir='ltr'><strong>et</strong></span> 
     </span>
    </p>
   </div>
   <div class='ocr_carea' id='block_1_41' title="bbox 1894 1350 3589 1424">
    <p class='ocr_par' dir='ltr' id='par_1_41' title="bbox 1894 1350 3589 1424">
     <span class='ocr_line' id='line_1_41' title="bbox 1894 1350 3589 1424; baseline 0.004 -23"><span class='ocrx_word' id='word_1_291' title='bbox 1894 1350 2301 1419; x_wconf 87' lang='lat' dir='ltr'><strong>parturivimus</strong></span> <span class='ocrx_word' id='word_1_292' title='bbox 2349 1367 2507 1420; x_wconf 89' lang='lat' dir='ltr'><strong>spem</strong></span> <span class='ocrx_word' id='word_1_293' title='bbox 2559 1352 2773 1405; x_wconf 76' lang='lat' dir='ltr'><strong>salutis.</strong></span> <span class='ocrx_word' id='word_1_294' title='bbox 2820 1354 3117 1407; x_wconf 89' lang='lat' dir='ltr'><strong>Imitemur</strong></span> <span class='ocrx_word' id='word_1_295' title='bbox 3148 1357 3471 1424; x_wconf 88' lang='lat' dir='ltr'><strong>sapientum</strong></span> <span class='ocrx_word' id='word_1_296' title='bbox 3530 1355 3589 1407; x_wconf 92' lang='lat' dir='ltr'>in</span> 
     </span>
    </p>
   </div>
   <div class='ocr_carea' id='block_1_42' title="bbox 1894 1440 3585 1514">
    <p class='ocr_par' dir='ltr' id='par_1_42' title="bbox 1894 1440 3585 1514">
     <span class='ocr_line' id='line_1_42' title="bbox 1894 1440 3585 1514; baseline 0.004 -24"><span class='ocrx_word' id='word_1_297' title='bbox 1894 1440 2322 1493; x_wconf 87' lang='lat' dir='ltr'><strong>conversatione</strong></span> <span class='ocrx_word' id='word_1_298' title='bbox 2356 1446 2546 1493; x_wconf 89' lang='lat' dir='ltr'><strong>nostra</strong></span> <span class='ocrx_word' id='word_1_299' title='bbox 2606 1442 2953 1512; x_wconf 85' lang='lat' dir='ltr'><strong>exemplum,</strong></span> <span class='ocrx_word' id='word_1_300' title='bbox 3008 1449 3064 1495; x_wconf 90' lang='lat' dir='ltr'><strong>et</strong></span> <span class='ocrx_word' id='word_1_301' title='bbox 3108 1442 3585 1514; x_wconf 87' lang='lat' dir='ltr'><strong>philosophorum</strong></span> 
     </span>
    </p>
   </div>
   <div class='ocr_carea' id='block_1_43' title="bbox 1895 1526 3587 1600">
    <p class='ocr_par' dir='ltr' id='par_1_43' title="bbox 1895 1526 3587 1600">
     <span class='ocr_line' id='line_1_43' title="bbox 1895 1526 3587 1600; baseline 0.005 -23"><span class='ocrx_word' id='word_1_302' title='bbox 1895 1526 2322 1580; x_wconf 88' lang='lat' dir='ltr'><strong>verissimorum</strong></span> <span class='ocrx_word' id='word_1_303' title='bbox 2355 1530 2696 1583; x_wconf 66' lang='lat' dir='ltr'><strong>aemulemur</strong></span> <span class='ocrx_word' id='word_1_304' title='bbox 2722 1531 2782 1583; x_wconf 90' lang='lat' dir='ltr'><strong>in</strong></span> <span class='ocrx_word' id='word_1_305' title='bbox 2826 1532 3090 1583; x_wconf 89' lang='lat' dir='ltr'><strong>omnibus</strong></span> <span class='ocrx_word' id='word_1_306' title='bbox 3150 1536 3371 1600; x_wconf 86' lang='lat' dir='ltr'><strong>gestum</strong></span> <span class='ocrx_word' id='word_1_307' title='bbox 3409 1548 3421 1585; x_wconf 88' lang='lat'><strong>:</strong></span> <span class='ocrx_word' id='word_1_308' title='bbox 3474 1549 3587 1585; x_wconf 92' lang='lat' dir='ltr'><strong>non</strong></span> 
     </span>
    </p>
   </div>
   <div class='ocr_carea' id='block_1_44' title="bbox 1894 1616 3584 1687">
    <p class='ocr_par' dir='ltr' id='par_1_44' title="bbox 1894 1616 3584 1687">
     <span class='ocr_line' id='line_1_44' title="bbox 1894 1616 3584 1687; baseline 0.003 -18"><span class='ocrx_word' id='word_1_309' title='bbox 1894 1616 2257 1669; x_wconf 82' lang='lat' dir='ltr'><strong>aemulatione</strong></span> <span class='ocrx_word' id='word_1_310' title='bbox 2305 1616 2563 1670; x_wconf 82' lang='lat' dir='ltr'><strong>vincendi</strong></span> <span class='ocrx_word' id='word_1_311' title='bbox 2596 1623 2851 1670; x_wconf 92' lang='lat' dir='ltr'><strong>nostrum</strong></span> <span class='ocrx_word' id='word_1_312' title='bbox 2888 1626 3109 1673; x_wconf 80' lang='lat' dir='ltr'><strong>accuset</strong></span> <span class='ocrx_word' id='word_1_313' title='bbox 3140 1628 3177 1653; x_wconf 75' lang='grc' dir='ltr'>ω</span> <span class='ocrx_word' id='word_1_314' title='bbox 3210 1621 3584 1687; x_wconf 87' lang='lat' dir='ltr'><strong>intellectum,</strong></span> 
     </span>
    </p>
   </div>
   <div class='ocr_carea' id='block_1_45' title="bbox 1897 1705 3587 1781">
    <p class='ocr_par' dir='ltr' id='par_1_45' title="bbox 1897 1705 3587 1781">
     <span class='ocr_line' id='line_1_45' title="bbox 1897 1705 3587 1781; baseline 0.004 -25"><span class='ocrx_word' id='word_1_315' title='bbox 1897 1705 1991 1758; x_wconf 89' lang='lat' dir='ltr'><strong>sed</strong></span> <span class='ocrx_word' id='word_1_316' title='bbox 2024 1705 2361 1773; x_wconf 89' lang='lat' dir='ltr'><strong>proﬁciendi</strong></span> <span class='ocrx_word' id='word_1_317' title='bbox 2392 1707 2577 1758; x_wconf 88' lang='lat' dir='ltr'><strong>studio</strong></span> <span class='ocrx_word' id='word_1_318' title='bbox 2620 1712 2778 1775; x_wconf 84' lang='lat' dir='ltr'><strong>regat</strong></span> <span class='ocrx_word' id='word_1_319' title='bbox 2824 1708 2999 1760; x_wconf 88' lang='lat' dir='ltr'><strong>totius</strong></span> <span class='ocrx_word' id='word_1_320' title='bbox 3032 1709 3209 1761; x_wconf 81' lang='lat' dir='ltr'><strong>nostri</strong></span> <span class='ocrx_word' id='word_1_321' title='bbox 3261 1710 3451 1779; x_wconf 91' lang='lat' dir='ltr'><strong>operis</strong></span> <span class='ocrx_word' id='word_1_322' title='bbox 3489 1727 3587 1781; x_wconf 83' lang='lat' dir='ltr'><strong>ge-</strong></span> 
     </span>
    </p>
   </div>
   <div class='ocr_carea' id='block_1_46' title="bbox 1896 1794 3586 1865">
    <p class='ocr_par' dir='ltr' id='par_1_46' title="bbox 1896 1794 3586 1865">
     <span class='ocr_line' id='line_1_46' title="bbox 1896 1794 3586 1865; baseline 0.004 -19"><span class='ocrx_word' id='word_1_323' title='bbox 1896 1800 2067 1848; x_wconf 88' lang='lat' dir='ltr'><strong>stum.</strong></span> <span class='ocrx_word' id='word_1_324' title='bbox 2106 1795 2188 1847; x_wconf 87' lang='lat' dir='ltr'><strong>Sit</strong></span> <span class='ocrx_word' id='word_1_325' title='bbox 2217 1794 2518 1848; x_wconf 88' lang='lat' dir='ltr'><strong>concordia</strong></span> <span class='ocrx_word' id='word_1_326' title='bbox 2560 1812 2717 1848; x_wconf 87' lang='lat' dir='ltr'><strong>mera</strong></span> <span class='ocrx_word' id='word_1_327' title='bbox 2756 1801 2811 1849; x_wconf 88' lang='lat' dir='ltr'><strong>et</strong></span> <span class='ocrx_word' id='word_1_328' title='bbox 2858 1797 3085 1849; x_wconf 89' lang='lat' dir='ltr'><strong>castitas</strong></span> <span class='ocrx_word' id='word_1_329' title='bbox 3134 1798 3395 1865; x_wconf 86' lang='lat' dir='ltr'><strong>indivisa,</strong></span> <span class='ocrx_word' id='word_1_330' title='bbox 3429 1815 3586 1852; x_wconf 76' lang='lat' dir='ltr'><strong>mox-</strong></span> 
     </span>
    </p>
   </div>
   <div class='ocr_carea' id='block_1_47' title="bbox 1897 1884 3584 1956">
    <p class='ocr_par' dir='ltr' id='par_1_47' title="bbox 1897 1884 3584 1956">
     <span class='ocr_line' id='line_1_47' title="bbox 1897 1884 3584 1956; baseline 0.004 -22"><span class='ocrx_word' id='word_1_331' title='bbox 1897 1900 2007 1953; x_wconf 88' lang='lat' dir='ltr'><strong>que</strong></span> <span class='ocrx_word' id='word_1_332' title='bbox 2039 1884 2340 1936; x_wconf 84' lang='lat' dir='ltr'><strong>verborum</strong></span> <span class='ocrx_word' id='word_1_333' title='bbox 2370 1884 2609 1937; x_wconf 83' lang='lat' dir='ltr'><strong>ducetur</strong></span> <span class='ocrx_word' id='word_1_334' title='bbox 2635 1902 2739 1954; x_wconf 91' lang='lat' dir='ltr'><strong>pro</strong></span> <span class='ocrx_word' id='word_1_335' title='bbox 2762 1885 2942 1938; x_wconf 85' lang='lat' dir='ltr'><strong>nihilo</strong></span> <span class='ocrx_word' id='word_1_336' title='bbox 2974 1901 3186 1956; x_wconf 85' lang='lat' dir='ltr'><strong>pugna.</strong></span> <span class='ocrx_word' id='word_1_337' title='bbox 3221 1888 3397 1941; x_wconf 85' lang='lat' dir='ltr'><strong>Crede</strong></span> <span class='ocrx_word' id='word_1_338' title='bbox 3423 1889 3584 1954; x_wconf 90' lang='lat' dir='ltr'><strong>mihi,</strong></span> 
     </span>
    </p>
   </div>
   <div class='ocr_carea' id='block_1_48' title="bbox 1894 1973 3585 2045">
    <p class='ocr_par' dir='ltr' id='par_1_48' title="bbox 1894 1973 3585 2045">
     <span class='ocr_line' id='line_1_48' title="bbox 1894 1973 3585 2045; baseline 0.002 -20"><span class='ocrx_word' id='word_1_339' title='bbox 1894 1973 2089 2035; x_wconf 86' lang='lat' dir='ltr'><strong>frater,</strong></span> <span class='ocrx_word' id='word_1_340' title='bbox 2125 1973 2238 2026; x_wconf 92' lang='lat' dir='ltr'><strong>imo</strong></span> <span class='ocrx_word' id='word_1_341' title='bbox 2271 1978 2434 2027; x_wconf 60' lang='lat' dir='ltr'><strong>astate</strong></span> <span class='ocrx_word' id='word_1_342' title='bbox 2471 1976 2653 2039; x_wconf 90' lang='lat' dir='ltr'><strong>Pater,</strong></span> <span class='ocrx_word' id='word_1_343' title='bbox 2690 1975 2841 2044; x_wconf 92' lang='lat' dir='ltr'><strong>quod</strong></span> <span class='ocrx_word' id='word_1_344' title='bbox 2891 1975 3195 2028; x_wconf 89' lang='lat' dir='ltr'><strong>dilectione</strong></span> <span class='ocrx_word' id='word_1_345' title='bbox 3240 1975 3379 2041; x_wconf 88' lang='lat' dir='ltr'><strong>fudi,</strong></span> <span class='ocrx_word' id='word_1_346' title='bbox 3432 1991 3585 2045; x_wconf 63' lang='lat' dir='ltr'><strong>quae-</strong></span> 
     </span>
    </p>
   </div>
   <div class='ocr_carea' id='block_1_49' title="bbox 1895 2057 3587 2130">
    <p class='ocr_par' dir='ltr' id='par_1_49' title="bbox 1895 2057 3587 2130">
     <span class='ocr_line' id='line_1_49' title="bbox 1895 2057 3587 2130; baseline 0.002 -21"><span class='ocrx_word' id='word_1_347' title='bbox 1895 2074 2006 2128; x_wconf 89' lang='lat' dir='ltr'><strong>que</strong></span> <span class='ocrx_word' id='word_1_348' title='bbox 2038 2058 2095 2110; x_wconf 90' lang='lat' dir='ltr'>in</span> <span class='ocrx_word' id='word_1_349' title='bbox 2145 2062 2323 2111; x_wconf 90' lang='lat' dir='ltr'><strong>tractu</strong></span> <span class='ocrx_word' id='word_1_350' title='bbox 2377 2057 2501 2128; x_wconf 90' lang='lat' dir='ltr'><strong>ipso</strong></span> <span class='ocrx_word' id='word_1_351' title='bbox 2538 2057 2783 2111; x_wconf 88' lang='lat' dir='ltr'><strong>confeci:</strong></span> <span class='ocrx_word' id='word_1_352' title='bbox 2826 2075 2930 2112; x_wconf 89' lang='lat' dir='ltr'><strong>nec</strong></span> <span class='ocrx_word' id='word_1_353' title='bbox 2970 2060 3147 2112; x_wconf 79' lang='lat' dir='ltr'><strong>livore</strong></span> <span class='ocrx_word' id='word_1_354' title='bbox 3181 2059 3397 2130; x_wconf 91' lang='lat' dir='ltr'><strong>aliquo,</strong></span> <span class='ocrx_word' id='word_1_355' title='bbox 3433 2060 3587 2129; x_wconf 90' lang='lat' dir='ltr'><strong>quod</strong></span> 
     </span>
    </p>
   </div>
   <div class='ocr_carea' id='block_1_50' title="bbox 1893 2146 3587 2217">
    <p class='ocr_par' dir='ltr' id='par_1_50' title="bbox 1893 2146 3587 2217">
     <span class='ocr_line' id='line_1_50' title="bbox 1893 2146 3587 2217; baseline 0.001 -18"><span class='ocrx_word' id='word_1_356' title='bbox 1893 2146 2058 2205; x_wconf 89' lang='lat' dir='ltr'><strong>absit.</strong></span> <span class='ocrx_word' id='word_1_357' title='bbox 2084 2147 2179 2199; x_wconf 88' lang='lat' dir='ltr'><strong>sed</strong></span> <span class='ocrx_word' id='word_1_358' title='bbox 2211 2147 2483 2200; x_wconf 88' lang='lat' dir='ltr'><strong>charitate</strong></span> <span class='ocrx_word' id='word_1_359' title='bbox 2514 2164 2644 2217; x_wconf 66' lang='lat' dir='ltr'><strong>quae</strong></span> <span class='ocrx_word' id='word_1_360' title='bbox 2676 2148 2841 2201; x_wconf 89' lang='lat' dir='ltr'><strong>nobis</strong></span> <span class='ocrx_word' id='word_1_361' title='bbox 2866 2148 3197 2215; x_wconf 82' lang='lat' dir='ltr'><strong>perenniter</strong></span> <span class='ocrx_word' id='word_1_362' title='bbox 3225 2148 3393 2202; x_wconf 87' lang='lat' dir='ltr'><strong>adsit.</strong></span> <span class='ocrx_word' id='word_1_363' title='bbox 3434 2149 3587 2202; x_wconf 88' lang='lat' dir='ltr'><strong>Unde</strong></span> 
     </span>
    </p>
   </div>
   <div class='ocr_carea' id='block_1_51' title="bbox 1893 2236 3588 2306">
    <p class='ocr_par' dir='ltr' id='par_1_51' title="bbox 1893 2236 3588 2306">
     <span class='ocr_line' id='line_1_51' title="bbox 1893 2236 3588 2306; baseline 0.001 -19"><span class='ocrx_word' id='word_1_364' title='bbox 1893 2252 2020 2305; x_wconf 65' lang='lat' dir='ltr'><strong>quae</strong></span> <span class='ocrx_word' id='word_1_365' title='bbox 2052 2236 2269 2289; x_wconf 89' lang='lat' dir='ltr'><strong>duriori</strong></span> <span class='ocrx_word' id='word_1_366' title='bbox 2327 2236 2555 2306; x_wconf 89' lang='lat' dir='ltr'><strong>eloquio</strong></span> <span class='ocrx_word' id='word_1_367' title='bbox 2603 2252 2801 2306; x_wconf 87' lang='lat' dir='ltr'><strong>aspera</strong></span> <span class='ocrx_word' id='word_1_368' title='bbox 2843 2237 3096 2301; x_wconf 85' lang='lat' dir='ltr'><strong>fuerunt,</strong></span> <span class='ocrx_word' id='word_1_369' title='bbox 3151 2236 3444 2290; x_wconf 81' lang='lat' dir='ltr'><strong>refellendi</strong></span> <span class='ocrx_word' id='word_1_370' title='bbox 3498 2254 3588 2289; x_wconf 88' lang='lat' dir='ltr'><strong>ne-</strong></span> 
     </span>
    </p>
   </div>
   <div class='ocr_carea' id='block_1_52' title="bbox 1893 2323 3585 2394">
    <p class='ocr_par' dir='ltr' id='par_1_52' title="bbox 1893 2323 3585 2394">
     <span class='ocr_line' id='line_1_52' title="bbox 1893 2323 3585 2394; baseline 0.001 -17"><span class='ocrx_word' id='word_1_371' title='bbox 1893 2323 2152 2377; x_wconf 87' lang='lat' dir='ltr'><strong>cessitate</strong></span> <span class='ocrx_word' id='word_1_372' title='bbox 2205 2325 2530 2394; x_wconf 83' lang='lat' dir='ltr'><strong>cognoscite</strong></span> <span class='ocrx_word' id='word_1_373' title='bbox 2588 2340 2746 2378; x_wconf 92' lang='lat' dir='ltr'><strong>more</strong></span> <span class='ocrx_word' id='word_1_374' title='bbox 2800 2325 3148 2378; x_wconf 82' lang='lat' dir='ltr'><strong>defensionis</strong></span> <span class='ocrx_word' id='word_1_375' title='bbox 3213 2325 3424 2394; x_wconf 85' lang='lat' dir='ltr'><strong>elicita,</strong></span> <span class='ocrx_word' id='word_1_376' title='bbox 3471 2342 3585 2378; x_wconf 89' lang='lat' dir='ltr'><strong>non</strong></span> 
     </span>
    </p>
   </div>
   <div class='ocr_carea' id='block_1_53' title="bbox 1892 2412 3583 2468">
    <p class='ocr_par' dir='ltr' id='par_1_53' title="bbox 1892 2412 3583 2468">
     <span class='ocr_line' id='line_1_53' title="bbox 1892 2412 3583 2468; baseline 0.003 -5"><span class='ocrx_word' id='word_1_377' title='bbox 1892 2412 2277 2465; x_wconf 88' lang='lat' dir='ltr'><strong>contentionis</strong></span> <span class='ocrx_word' id='word_1_378' title='bbox 2312 2414 2432 2467; x_wconf 89' lang='lat' dir='ltr'><strong>zelo</strong></span> <span class='ocrx_word' id='word_1_379' title='bbox 2465 2414 2718 2467; x_wconf 87' lang='lat' dir='ltr'><strong>confecta</strong></span> <span class='ocrx_word' id='word_1_380' title='bbox 2748 2428 2794 2465; x_wconf 83' lang='grc' dir='ltr'><strong>ιι.</strong></span> <span class='ocrx_word' id='word_1_381' title='bbox 2832 2415 2969 2467; x_wconf 71' lang='lat' dir='ltr'><strong>Nam</strong></span> <span class='ocrx_word' id='word_1_382' title='bbox 3005 2420 3393 2468; x_wconf 88' lang='lat' dir='ltr'><strong>atramentum</strong></span> <span class='ocrx_word' id='word_1_383' title='bbox 3444 2416 3583 2468; x_wconf 88' lang='lat' dir='ltr'><strong>mihi</strong></span> 
     </span>
    </p>
   </div>
   <div class='ocr_carea' id='block_1_54' title="bbox 1891 2500 3582 2573">
    <p class='ocr_par' dir='ltr' id='par_1_54' title="bbox 1891 2500 3582 2573">
     <span class='ocr_line' id='line_1_54' title="bbox 1891 2500 3582 2573; baseline 0.002 -21"><span class='ocrx_word' id='word_1_384' title='bbox 1891 2515 2054 2553; x_wconf 89' lang='lat' dir='ltr'><strong>amor</strong></span> <span class='ocrx_word' id='word_1_385' title='bbox 2112 2500 2321 2554; x_wconf 82' lang='lat' dir='ltr'><strong>infudit</strong></span> <span class='ocrx_word' id='word_1_386' title='bbox 2349 2507 2373 2533; x_wconf 90' lang='grc'>⁰</span> <span class='ocrx_word' id='word_1_387' title='bbox 2412 2506 2467 2554; x_wconf 88' lang='lat' dir='ltr'><strong>et</strong></span> <span class='ocrx_word' id='word_1_388' title='bbox 2515 2502 2691 2570; x_wconf 88' lang='lat' dir='ltr'><strong>stylus</strong></span> <span class='ocrx_word' id='word_1_389' title='bbox 2737 2502 3173 2571; x_wconf 86' lang='lat' dir='ltr'><strong>conscriptionis</strong></span> <span class='ocrx_word' id='word_1_390' title='bbox 3217 2519 3331 2556; x_wconf 80' lang='lat' dir='ltr'><strong>non</strong></span> <span class='ocrx_word' id='word_1_391' title='bbox 3385 2502 3582 2573; x_wconf 89' lang='lat' dir='ltr'><strong>pinna,</strong></span> 
     </span>
    </p>
   </div>
   <div class='ocr_carea' id='block_1_55' title="bbox 1892 2588 3585 2655">
    <p class='ocr_par' dir='ltr' id='par_1_55' title="bbox 1892 2588 3585 2655">
     <span class='ocr_line' id='line_1_55' title="bbox 1892 2588 3585 2655; baseline 0.002 -15"><span class='ocrx_word' id='word_1_392' title='bbox 1892 2604 2005 2640; x_wconf 91' lang='lat' dir='ltr'><strong>non</strong></span> <span class='ocrx_word' id='word_1_393' title='bbox 2064 2588 2334 2655; x_wconf 89' lang='lat' dir='ltr'><strong>calamus,</strong></span> <span class='ocrx_word' id='word_1_394' title='bbox 2395 2589 2489 2641; x_wconf 86' lang='lat' dir='ltr'><strong>sed</strong></span> <span class='ocrx_word' id='word_1_395' title='bbox 2552 2590 2773 2642; x_wconf 92' lang='lat' dir='ltr'><strong>dilectio</strong></span> <span class='ocrx_word' id='word_1_396' title='bbox 2833 2591 2957 2643; x_wconf 90' lang='lat' dir='ltr'><strong>fuit.</strong></span> <span class='ocrx_word' id='word_1_397' title='bbox 3010 2592 3131 2643; x_wconf 88' lang='lat' dir='ltr'><strong>Jam</strong></span> <span class='ocrx_word' id='word_1_398' title='bbox 3189 2607 3321 2643; x_wconf 90' lang='lat' dir='ltr'><strong>vero</strong></span> <span class='ocrx_word' id='word_1_399' title='bbox 3382 2592 3585 2645; x_wconf 75' lang='lat' dir='ltr'><strong>littera:</strong></span> 
     </span>
    </p>
   </div>
   <div class='ocr_carea' id='block_1_56' title="bbox 1889 2680 3585 2749">
    <p class='ocr_par' dir='ltr' id='par_1_56' title="bbox 1889 2680 3585 2749">
     <span class='ocr_line' id='line_1_56' title="bbox 1889 2680 3585 2749; baseline 0.002 -20"><span class='ocrx_word' id='word_1_400' title='bbox 1889 2692 2009 2730; x_wconf 91' lang='lat' dir='ltr'><strong>non</strong></span> <span class='ocrx_word' id='word_1_401' title='bbox 2033 2681 2259 2730; x_wconf 87' lang='lat' dir='ltr'><strong>tantum</strong></span> <span class='ocrx_word' id='word_1_402' title='bbox 2286 2695 2481 2739; x_wconf 87' lang='lat' dir='ltr'><strong>manu,</strong></span> <span class='ocrx_word' id='word_1_403' title='bbox 2525 2685 2802 2749; x_wconf 89' lang='lat' dir='ltr'><strong>quantum</strong></span> <span class='ocrx_word' id='word_1_404' title='bbox 2849 2685 3040 2732; x_wconf 89' lang='lat' dir='ltr'><strong>mente</strong></span> <span class='ocrx_word' id='word_1_405' title='bbox 3071 2681 3425 2749; x_wconf 79' lang='lat' dir='ltr'><strong>conscriptae,</strong></span> <span class='ocrx_word' id='word_1_406' title='bbox 3459 2680 3585 2733; x_wconf 90' lang='lat' dir='ltr'><strong>uni-</strong></span> 
     </span>
    </p>
   </div>
   <div class='ocr_carea' id='block_1_57' title="bbox 1890 2766 3587 2821">
    <p class='ocr_par' dir='ltr' id='par_1_57' title="bbox 1890 2766 3587 2821">
     <span class='ocr_line' id='line_1_57' title="bbox 1890 2766 3587 2821; baseline 0.002 -4"><span class='ocrx_word' id='word_1_407' title='bbox 1890 2782 2065 2818; x_wconf 74' lang='lat' dir='ltr'><strong>versa:</strong></span> <span class='ocrx_word' id='word_1_408' title='bbox 2114 2766 2390 2819; x_wconf 87' lang='lat' dir='ltr'><strong>charitate</strong></span> <span class='ocrx_word' id='word_1_409' title='bbox 2440 2769 2675 2820; x_wconf 90' lang='lat' dir='ltr'><strong>fuerunt</strong></span> <span class='ocrx_word' id='word_1_410' title='bbox 2718 2769 3009 2821; x_wconf 69' lang='lat' dir='ltr'><strong>confectm.</strong></span> <span class='ocrx_word' id='word_1_411' title='bbox 3058 2768 3236 2821; x_wconf 80' lang='lat' dir='ltr'><strong>Verba</strong></span> <span class='ocrx_word' id='word_1_412' title='bbox 3287 2774 3473 2821; x_wconf 89' lang='lat' dir='ltr'><strong>tamen</strong></span> <span class='ocrx_word' id='word_1_413' title='bbox 3533 2775 3587 2821; x_wconf 91' lang='lat' dir='ltr'><strong>et</strong></span> 
     </span>
    </p>
   </div>
   <div class='ocr_carea' id='block_1_58' title="bbox 1890 2854 3585 2925">
    <p class='ocr_par' dir='ltr' id='par_1_58' title="bbox 1890 2854 3585 2925">
     <span class='ocr_line' id='line_1_58' title="bbox 1890 2854 3585 2925; baseline 0.001 -18"><span class='ocrx_word' id='word_1_414' title='bbox 1890 2854 2189 2907; x_wconf 90' lang='lat' dir='ltr'><strong>locutionis</strong></span> <span class='ocrx_word' id='word_1_415' title='bbox 2222 2855 2401 2925; x_wconf 88' lang='lat' dir='ltr'><strong>ipsius</strong></span> <span class='ocrx_word' id='word_1_416' title='bbox 2433 2856 2658 2922; x_wconf 89' lang='lat' dir='ltr'><strong>edictio,</strong></span> <span class='ocrx_word' id='word_1_417' title='bbox 2687 2857 2774 2909; x_wconf 91' lang='lat' dir='ltr'><strong>vel</strong></span> <span class='ocrx_word' id='word_1_418' title='bbox 2809 2856 3241 2925; x_wconf 88' lang='lat' dir='ltr'><strong>signiﬁcationis</strong></span> <span class='ocrx_word' id='word_1_419' title='bbox 3272 2857 3585 2909; x_wconf 89' lang='lat' dir='ltr'><strong>sentcntia-</strong></span> 
     </span>
    </p>
   </div>
   <div class='ocr_carea' id='block_1_59' title="bbox 1889 2942 3588 3014">
    <p class='ocr_par' dir='ltr' id='par_1_59' title="bbox 1889 2942 3588 3014">
     <span class='ocr_line' id='line_1_59' title="bbox 1889 2942 3588 3014; baseline 0.001 -19"><span class='ocrx_word' id='word_1_420' title='bbox 1889 2959 2017 2996; x_wconf 90' lang='lat' dir='ltr'><strong>rum</strong></span> <span class='ocrx_word' id='word_1_421' title='bbox 2057 2942 2119 2996; x_wconf 90' lang='lat' dir='ltr'>in</span> <span class='ocrx_word' id='word_1_422' title='bbox 2149 2945 2377 2997; x_wconf 91' lang='lat' dir='ltr'><strong>cumulo</strong></span> <span class='ocrx_word' id='word_1_423' title='bbox 2408 2945 2487 2997; x_wconf 90' lang='lat' dir='ltr'><strong>nil</strong></span> <span class='ocrx_word' id='word_1_424' title='bbox 2520 2944 2673 2997; x_wconf 90' lang='lat' dir='ltr'><strong>aliud</strong></span> <span class='ocrx_word' id='word_1_425' title='bbox 2701 2960 2873 3014; x_wconf 87' lang='lat' dir='ltr'><strong>quam</strong></span> <span class='ocrx_word' id='word_1_426' title='bbox 2910 2961 2975 2997; x_wconf 82' lang='lat' dir='ltr'><strong>ex</strong></span> <span class='ocrx_word' id='word_1_427' title='bbox 3021 2944 3211 3013; x_wconf 85' lang='lat' dir='ltr'><strong>jecore</strong></span> <span class='ocrx_word' id='word_1_428' title='bbox 3244 2949 3431 2997; x_wconf 87' lang='lat' dir='ltr'><strong>rorata</strong></span> <span class='ocrx_word' id='word_1_429' title='bbox 3480 2944 3588 2997; x_wconf 89' lang='lat' dir='ltr'><strong>fuit</strong></span> 
     </span>
    </p>
   </div>
   <div class='ocr_carea' id='block_1_60' title="bbox 80 3032 3588 3103">
    <p class='ocr_par' dir='ltr' id='par_1_60' title="bbox 80 3032 3588 3103">
     <span class='ocr_line' id='line_1_60' title="bbox 80 3032 3588 3103; baseline 0.001 -20"><span class='ocrx_word' id='word_1_430' title='bbox 80 3034 353 3095; x_wconf 85' lang='lat' dir='ltr'><strong>clamans,</strong></span> <span class='ocrx_word' id='word_1_431' title='bbox 402 3037 457 3083; x_wconf 89' lang='lat' dir='ltr'><strong>et</strong></span> <span class='ocrx_word' id='word_1_432' title='bbox 508 3032 757 3084; x_wconf 89' lang='lat' dir='ltr'><strong>clamose</strong></span> <span class='ocrx_word' id='word_1_433' title='bbox 791 3032 1162 3085; x_wconf 88' lang='lat' dir='ltr'><strong>verbositans.</strong></span> <span class='ocrx_word' id='word_1_434' title='bbox 1203 3032 1435 3085; x_wconf 83' lang='lat' dir='ltr'><strong>Gracule</strong></span> <span class='ocrx_word' id='word_1_435' title='bbox 1468 3034 1493 3074; x_wconf 74' lang='grc' dir='ltr'>ιι</span> <span class='ocrx_word' id='word_1_436' title='bbox 1527 3034 1777 3102; x_wconf 88' lang='lat' dir='ltr'><strong>garrula,</strong></span> <span class='ocrx_word' id='word_1_437' title='bbox 1820 3039 1859 3093; x_wconf 90' lang='lat' dir='ltr'><strong>C</strong></span> <span class='ocrx_word' id='word_1_438' title='bbox 1890 3032 2132 3085; x_wconf 79' lang='lat' dir='ltr'><strong>affectio.</strong></span> <span class='ocrx_word' id='word_1_439' title='bbox 2157 3033 2313 3095; x_wconf 89' lang='lat' dir='ltr'><strong>Quod</strong></span> <span class='ocrx_word' id='word_1_440' title='bbox 2350 3049 2492 3103; x_wconf 91' lang='lat' dir='ltr'><strong>rogo</strong></span> <span class='ocrx_word' id='word_1_441' title='bbox 2523 3032 2627 3086; x_wconf 89' lang='lat' dir='ltr'><strong>etsi</strong></span> <span class='ocrx_word' id='word_1_442' title='bbox 2649 3032 2914 3103; x_wconf 89' lang='lat' dir='ltr'><strong>imperite</strong></span> <span class='ocrx_word' id='word_1_443' title='bbox 2946 3033 3185 3103; x_wconf 85' lang='lat' dir='ltr'><strong>digesta,</strong></span> <span class='ocrx_word' id='word_1_444' title='bbox 3210 3037 3330 3085; x_wconf 86' lang='lat' dir='ltr'><strong>tota</strong></span> <span class='ocrx_word' id='word_1_445' title='bbox 3372 3032 3588 3086; x_wconf 82' lang='lat' dir='ltr'><strong>offensa</strong></span> 
     </span>
    </p>
   </div>
   <div class='ocr_carea' id='block_1_61' title="bbox 83 3120 1783 3191">
    <p class='ocr_par' dir='ltr' id='par_1_61' title="bbox 83 3120 1783 3191">
     <span class='ocr_line' id='line_1_61' title="bbox 83 3120 1783 3191; baseline 0.002 -20"><span class='ocrx_word' id='word_1_446' title='bbox 83 3126 135 3173; x_wconf 90' lang='lat' dir='ltr'><strong>et</strong></span> <span class='ocrx_word' id='word_1_447' title='bbox 194 3121 454 3173; x_wconf 84' lang='lat' dir='ltr'><strong>ferarum</strong></span> <span class='ocrx_word' id='word_1_448' title='bbox 532 3121 680 3172; x_wconf 89' lang='lat' dir='ltr'><strong>rictu</strong></span> <span class='ocrx_word' id='word_1_449' title='bbox 728 3120 739 3153; x_wconf 70' lang='grc' dir='ltr'>ί</span> <span class='ocrx_word' id='word_1_450' title='bbox 782 3120 1119 3191; x_wconf 87' lang='lat' dir='ltr'><strong>barrituque</strong></span> <span class='ocrx_word' id='word_1_451' title='bbox 1187 3122 1474 3175; x_wconf 87' lang='lat' dir='ltr'><strong>enormi...</strong></span> <span class='ocrx_word' id='word_1_452' title='bbox 1535 3123 1783 3176; x_wconf 86' lang='lat' dir='ltr'><strong>scatibus</strong></span> 
     </span>
    </p>
   </div>
   <div class='ocr_carea' id='block_1_62' title="bbox 86 3209 1783 3280">
    <p class='ocr_par' dir='ltr' id='par_1_62' title="bbox 86 3209 1783 3280">
     <span class='ocr_line' id='line_1_62' title="bbox 86 3209 1783 3280; baseline 0.002 -19"><span class='ocrx_word' id='word_1_453' title='bbox 86 3210 335 3280; x_wconf 88' lang='lat' dir='ltr'><strong>undique</strong></span> <span class='ocrx_word' id='word_1_454' title='bbox 389 3209 602 3262; x_wconf 84' lang='lat' dir='ltr'><strong>hiulca.</strong></span> <span class='ocrx_word' id='word_1_455' title='bbox 651 3209 785 3272; x_wconf 70' lang='lat' dir='ltr'><strong>Quae</strong></span> <span class='ocrx_word' id='word_1_456' title='bbox 844 3210 993 3263; x_wconf 88' lang='lat' dir='ltr'><strong>inter</strong></span> <span class='ocrx_word' id='word_1_457' title='bbox 1037 3210 1512 3263; x_wconf 86' lang='lat' dir='ltr'><strong>obstinatissimas</strong></span> <span class='ocrx_word' id='word_1_458' title='bbox 1561 3217 1783 3265; x_wconf 88' lang='lat' dir='ltr'><strong>mentes</strong></span> 
     </span>
    </p>
   </div>
   <div class='ocr_carea' id='block_1_63' title="bbox 84 3298 1783 3368">
    <p class='ocr_par' dir='ltr' id='par_1_63' title="bbox 84 3298 1783 3368">
     <span class='ocr_line' id='line_1_63' title="bbox 84 3298 1783 3368; baseline 0.004 -19"><span class='ocrx_word' id='word_1_459' title='bbox 84 3298 246 3351; x_wconf 87' lang='lat' dir='ltr'><strong>fuerit</strong></span> <span class='ocrx_word' id='word_1_460' title='bbox 276 3299 484 3351; x_wconf 86' lang='lat' dir='ltr'><strong>oborta</strong></span> <span class='ocrx_word' id='word_1_461' title='bbox 525 3314 555 3349; x_wconf 91' lang='lat' dir='ltr'><strong>a</strong></span> <span class='ocrx_word' id='word_1_462' title='bbox 611 3298 901 3351; x_wconf 87' lang='lat' dir='ltr'><strong>simultate</strong></span> <span class='ocrx_word' id='word_1_463' title='bbox 933 3299 1146 3368; x_wconf 64' lang='lat' dir='ltr'><strong>linguae</strong></span> <span class='ocrx_word' id='word_1_464' title='bbox 1180 3298 1239 3352; x_wconf 89' lang='lat' dir='ltr'><strong>in</strong></span> <span class='ocrx_word' id='word_1_465' title='bbox 1274 3298 1509 3352; x_wconf 84' lang='lat' dir='ltr'><strong>verbera</strong></span> <span class='ocrx_word' id='word_1_466' title='bbox 1541 3301 1783 3355; x_wconf 87' lang='lat' dir='ltr'><strong>vertitur</strong></span> 
     </span>
    </p>
   </div>
   <div class='ocr_carea' id='block_1_64' title="bbox 85 3386 1784 3457">
    <p class='ocr_par' dir='ltr' id='par_1_64' title="bbox 85 3386 1784 3457">
     <span class='ocr_line' id='line_1_64' title="bbox 85 3386 1784 3457; baseline 0.001 -17"><span class='ocrx_word' id='word_1_467' title='bbox 85 3388 267 3441; x_wconf 90' lang='lat' dir='ltr'><strong>funde.</strong></span> <span class='ocrx_word' id='word_1_468' title='bbox 303 3388 371 3441; x_wconf 59' lang='lat' dir='ltr'><strong>lat</strong></span> <span class='ocrx_word' id='word_1_469' title='bbox 400 3403 487 3439; x_wconf 90' lang='lat' dir='ltr'><strong>res</strong></span> <span class='ocrx_word' id='word_1_470' title='bbox 528 3402 654 3457; x_wconf 64' lang='lat' dir='ltr'><strong>quae</strong></span> <span class='ocrx_word' id='word_1_471' title='bbox 689 3402 946 3440; x_wconf 85' lang='lat' dir='ltr'><strong>sermone</strong></span> <span class='ocrx_word' id='word_1_472' title='bbox 980 3386 1285 3440; x_wconf 87' lang='lat' dir='ltr'><strong>terminata</strong></span> <span class='ocrx_word' id='word_1_473' title='bbox 1325 3387 1626 3457; x_wconf 79' lang='lat' dir='ltr'><strong>gratiﬁcat,</strong></span> <span class='ocrx_word' id='word_1_474' title='bbox 1668 3405 1784 3442; x_wconf 87' lang='lat' dir='ltr'><strong>ma-</strong></span> 
     </span>
    </p>
   </div>
   <div class='ocr_carea' id='block_1_65' title="bbox 86 3474 1784 3545">
    <p class='ocr_par' dir='ltr' id='par_1_65' title="bbox 86 3474 1784 3545">
     <span class='ocr_line' id='line_1_65' title="bbox 86 3474 1784 3545; baseline 0.002 -17"><span class='ocrx_word' id='word_1_475' title='bbox 86 3476 247 3529; x_wconf 89' lang='lat' dir='ltr'><strong>nibus</strong></span> <span class='ocrx_word' id='word_1_476' title='bbox 277 3492 344 3529; x_wconf 92' lang='lat' dir='ltr'><strong>ac</strong></span> <span class='ocrx_word' id='word_1_477' title='bbox 370 3474 666 3543; x_wconf 91' lang='lat' dir='ltr'><strong>stirpibus,</strong></span> <span class='ocrx_word' id='word_1_478' title='bbox 690 3476 1083 3545; x_wconf 87' lang='lat' dir='ltr'><strong>rastribusque</strong></span> <span class='ocrx_word' id='word_1_479' title='bbox 1116 3476 1345 3529; x_wconf 88' lang='lat' dir='ltr'><strong>nodosis</strong></span> <span class='ocrx_word' id='word_1_480' title='bbox 1395 3476 1559 3529; x_wconf 84' lang='lat' dir='ltr'><strong>finita</strong></span> <span class='ocrx_word' id='word_1_481' title='bbox 1606 3493 1784 3532; x_wconf 90' lang='lat' dir='ltr'><strong>mace-</strong></span> 
     </span>
    </p>
   </div>
   <div class='ocr_carea' id='block_1_66' title="bbox 85 3563 928 3618">
    <p class='ocr_par' dir='ltr' id='par_1_66' title="bbox 85 3563 928 3618">
     <span class='ocr_line' id='line_1_66' title="bbox 85 3563 928 3618; baseline 0 -2"><span class='ocrx_word' id='word_1_482' title='bbox 85 3565 256 3618; x_wconf 83' lang='lat' dir='ltr'><strong>rando</strong></span> <span class='ocrx_word' id='word_1_483' title='bbox 292 3563 558 3617; x_wconf 87' lang='lat' dir='ltr'><strong>membra</strong></span> <span class='ocrx_word' id='word_1_484' title='bbox 591 3564 928 3617; x_wconf 73' lang='lat' dir='ltr'><strong>moestiﬁcat.</strong></span> 
     </span>
    </p>
   </div>
   <div class='ocr_carea' id='block_1_67' title="bbox 150 3651 1780 3723">
    <p class='ocr_par' dir='ltr' id='par_1_67' title="bbox 150 3651 1780 3723">
     <span class='ocr_line' id='line_1_67' title="bbox 150 3651 1780 3723; baseline 0.001 -18"><span class='ocrx_word' id='word_1_485' title='bbox 150 3657 197 3707; x_wconf 75' lang='lat'><strong>‘2.</strong></span> <span class='ocrx_word' id='word_1_486' title='bbox 234 3653 421 3706; x_wconf 80' lang='lat' dir='ltr'><strong>Habet</strong></span> <span class='ocrx_word' id='word_1_487' title='bbox 474 3652 622 3704; x_wconf 90' lang='lat' dir='ltr'><strong>inter</strong></span> <span class='ocrx_word' id='word_1_488' title='bbox 660 3651 943 3721; x_wconf 89' lang='lat' dir='ltr'><strong>sapientes</strong></span> <span class='ocrx_word' id='word_1_489' title='bbox 994 3667 1056 3704; x_wconf 88' lang='lat' dir='ltr'><strong>ac</strong></span> <span class='ocrx_word' id='word_1_490' title='bbox 1099 3651 1417 3718; x_wconf 78' lang='lat' dir='ltr'><strong>morigeros</strong></span> <span class='ocrx_word' id='word_1_491' title='bbox 1469 3653 1780 3723; x_wconf 77' lang='lat' dir='ltr'><strong>disputatio</strong></span> 
     </span>
    </p>
   </div>
   <div class='ocr_carea' id='block_1_68' title="bbox 86 3740 1782 3812">
    <p class='ocr_par' dir='ltr' id='par_1_68' title="bbox 86 3740 1782 3812">
     <span class='ocr_line' id='line_1_68' title="bbox 86 3740 1782 3812; baseline 0.002 -19"><span class='ocrx_word' id='word_1_492' title='bbox 86 3742 296 3812; x_wconf 89' lang='lat' dir='ltr'><strong>saporis</strong></span> <span class='ocrx_word' id='word_1_493' title='bbox 341 3742 642 3795; x_wconf 90' lang='lat' dir='ltr'><strong>dulcorem</strong></span> <span class='ocrx_word' id='word_1_494' title='bbox 679 3757 691 3794; x_wconf 88' lang='lat'>:</span> <span class='ocrx_word' id='word_1_495' title='bbox 735 3740 889 3794; x_wconf 88' lang='lat' dir='ltr'><strong>inter</strong></span> <span class='ocrx_word' id='word_1_496' title='bbox 935 3742 1135 3794; x_wconf 90' lang='lat' dir='ltr'><strong>stultos</strong></span> <span class='ocrx_word' id='word_1_497' title='bbox 1169 3758 1229 3793; x_wconf 89' lang='lat' dir='ltr'><strong>ac</strong></span> <span class='ocrx_word' id='word_1_498' title='bbox 1259 3742 1580 3795; x_wconf 90' lang='lat' dir='ltr'><strong>inconditos</strong></span> <span class='ocrx_word' id='word_1_499' title='bbox 1628 3759 1782 3797; x_wconf 88' lang='lat' dir='ltr'><strong>ama-</strong></span> 
     </span>
    </p>
   </div>
   <div class='ocr_carea' id='block_1_69' title="bbox 85 3828 1782 3899">
    <p class='ocr_par' dir='ltr' id='par_1_69' title="bbox 85 3828 1782 3899">
     <span class='ocr_line' id='line_1_69' title="bbox 85 3828 1782 3899; baseline 0.002 -17"><span class='ocrx_word' id='word_1_500' title='bbox 85 3830 375 3882; x_wconf 88' lang='lat' dir='ltr'><strong>rissimum</strong></span> <span class='ocrx_word' id='word_1_501' title='bbox 411 3828 799 3897; x_wconf 86' lang='lat' dir='ltr'><strong>acerbumque</strong></span> <span class='ocrx_word' id='word_1_502' title='bbox 850 3828 1126 3882; x_wconf 90' lang='lat' dir='ltr'><strong>dolorem.</strong></span> <span class='ocrx_word' id='word_1_503' title='bbox 1162 3830 1261 3882; x_wconf 87' lang='lat' dir='ltr'><strong>Hic</strong></span> <span class='ocrx_word' id='word_1_504' title='bbox 1305 3829 1585 3899; x_wconf 89' lang='lat' dir='ltr'><strong>sapientia</strong></span> <span class='ocrx_word' id='word_1_505' title='bbox 1616 3831 1782 3885; x_wconf 89' lang='lat' dir='ltr'><strong>dulce</strong></span> 
     </span>
    </p>
   </div>
   <div class='ocr_carea' id='block_1_70' title="bbox 86 3916 1777 3972">
    <p class='ocr_par' dir='ltr' id='par_1_70' title="bbox 86 3916 1777 3972">
     <span class='ocr_line' id='line_1_70' title="bbox 86 3916 1777 3972; baseline 0.001 -2"><span class='ocrx_word' id='word_1_506' title='bbox 86 3918 191 3970; x_wconf 89' lang='lat' dir='ltr'><strong>mei</strong></span> <span class='ocrx_word' id='word_1_507' title='bbox 212 3917 467 3970; x_wconf 88' lang='lat' dir='ltr'><strong>sumitur</strong></span> <span class='ocrx_word' id='word_1_508' title='bbox 501 3933 512 3969; x_wconf 91' lang='lat'>:</span> <span class='ocrx_word' id='word_1_509' title='bbox 551 3916 668 3969; x_wconf 91' lang='lat' dir='ltr'>illic</span> <span class='ocrx_word' id='word_1_510' title='bbox 699 3916 962 3969; x_wconf 87' lang='lat' dir='ltr'><strong>vecordia</strong></span> <span class='ocrx_word' id='word_1_511' title='bbox 986 3916 1376 3971; x_wconf 89' lang='lat' dir='ltr'><strong>tumultuante</strong></span> <span class='ocrx_word' id='word_1_512' title='bbox 1408 3917 1479 3970; x_wconf 86' lang='lat' dir='ltr'><strong>fel</strong></span> <span class='ocrx_word' id='word_1_513' title='bbox 1515 3918 1777 3972; x_wconf 87' lang='lat' dir='ltr'><strong>volvitur.</strong></span> 
     </span>
    </p>
   </div>
   <div class='ocr_carea' id='block_1_71' title="bbox 85 4004 1777 4077">
    <p class='ocr_par' dir='ltr' id='par_1_71' title="bbox 85 4004 1777 4077">
     <span class='ocr_line' id='line_1_71' title="bbox 85 4004 1777 4077; baseline 0.002 -20"><span class='ocrx_word' id='word_1_514' title='bbox 85 4006 239 4068; x_wconf 87' lang='lat' dir='ltr'><strong>Quod</strong></span> <span class='ocrx_word' id='word_1_515' title='bbox 279 4007 437 4059; x_wconf 90' lang='lat' dir='ltr'><strong>inter</strong></span> <span class='ocrx_word' id='word_1_516' title='bbox 483 4004 771 4075; x_wconf 88' lang='lat' dir='ltr'><strong>sapientes</strong></span> <span class='ocrx_word' id='word_1_517' title='bbox 809 4005 1028 4073; x_wconf 88' lang='lat' dir='ltr'><strong>geritur</strong></span> <span class='ocrx_word' id='word_1_518' title='bbox 1057 4006 1303 4058; x_wconf 87' lang='lat' dir='ltr'><strong>conlatio</strong></span> <span class='ocrx_word' id='word_1_519' title='bbox 1334 4006 1543 4059; x_wconf 88' lang='lat' dir='ltr'><strong>dicitur</strong></span> <span class='ocrx_word' id='word_1_520' title='bbox 1574 4022 1588 4059; x_wconf 89' lang='lat'><strong>:</strong></span> <span class='ocrx_word' id='word_1_521' title='bbox 1629 4008 1777 4077; x_wconf 91' lang='lat' dir='ltr'><strong>quod</strong></span> 
     </span>
    </p>
   </div>
   <div class='ocr_carea' id='block_1_72' title="bbox 87 4094 1782 4164">
    <p class='ocr_par' dir='ltr' id='par_1_72' title="bbox 87 4094 1782 4164">
     <span class='ocr_line' id='line_1_72' title="bbox 87 4094 1782 4164; baseline 0.002 -18"><span class='ocrx_word' id='word_1_522' title='bbox 87 4094 225 4148; x_wconf 88' lang='lat' dir='ltr'><strong>inter</strong></span> <span class='ocrx_word' id='word_1_523' title='bbox 267 4094 566 4158; x_wconf 89' lang='lat' dir='ltr'><strong>vecordes,</strong></span> <span class='ocrx_word' id='word_1_524' title='bbox 598 4094 976 4147; x_wconf 88' lang='lat' dir='ltr'><strong>tumultuatio</strong></span> <span class='ocrx_word' id='word_1_525' title='bbox 1008 4094 1199 4147; x_wconf 87' lang='lat' dir='ltr'><strong>verius</strong></span> <span class='ocrx_word' id='word_1_526' title='bbox 1246 4100 1635 4164; x_wconf 90' lang='lat' dir='ltr'><strong>nuncupatur.</strong></span> <span class='ocrx_word' id='word_1_527' title='bbox 1688 4096 1782 4150; x_wconf 81' lang='lat' dir='ltr'><strong>Sa-</strong></span> 
     </span>
    </p>
   </div>
   <div class='ocr_carea' id='block_1_73' title="bbox 83 4181 1777 4253">
    <p class='ocr_par' dir='ltr' id='par_1_73' title="bbox 83 4181 1777 4253">
     <span class='ocr_line' id='line_1_73' title="bbox 83 4181 1777 4253; baseline 0.002 -18"><span class='ocrx_word' id='word_1_528' title='bbox 83 4184 361 4253; x_wconf 89' lang='lat' dir='ltr'><strong>pientium</strong></span> <span class='ocrx_word' id='word_1_529' title='bbox 408 4182 671 4252; x_wconf 88' lang='lat' dir='ltr'><strong>jurgium</strong></span> <span class='ocrx_word' id='word_1_530' title='bbox 732 4181 1034 4236; x_wconf 89' lang='lat' dir='ltr'><strong>dilectione</strong></span> <span class='ocrx_word' id='word_1_531' title='bbox 1087 4182 1333 4236; x_wconf 88' lang='lat' dir='ltr'><strong>ﬁnitur:</strong></span> <span class='ocrx_word' id='word_1_532' title='bbox 1380 4183 1777 4252; x_wconf 88' lang='lat' dir='ltr'><strong>insipientium</strong></span> 
     </span>
    </p>
   </div>
   <div class='ocr_carea' id='block_1_74' title="bbox 86 4270 1780 4342">
    <p class='ocr_par' dir='ltr' id='par_1_74' title="bbox 86 4270 1780 4342">
     <span class='ocr_line' id='line_1_74' title="bbox 86 4270 1780 4342; baseline 0.002 -19"><span class='ocrx_word' id='word_1_533' title='bbox 86 4288 239 4325; x_wconf 84' lang='lat' dir='ltr'><strong>amor</strong></span> <span class='ocrx_word' id='word_1_534' title='bbox 277 4271 513 4342; x_wconf 84' lang='lat' dir='ltr'><strong>pinguis</strong></span> <span class='ocrx_word' id='word_1_535' title='bbox 540 4275 596 4324; x_wconf 91' lang='lat' dir='ltr'><strong>et</strong></span> <span class='ocrx_word' id='word_1_536' title='bbox 626 4270 888 4324; x_wconf 91' lang='lat' dir='ltr'><strong>dulcibus</strong></span> <span class='ocrx_word' id='word_1_537' title='bbox 939 4275 951 4317; x_wconf 73' lang='lat' dir='ltr'><strong>i</strong></span> <span class='ocrx_word' id='word_1_538' title='bbox 1008 4271 1370 4325; x_wconf 88' lang='lat' dir='ltr'><strong>terminatur.</strong></span> <span class='ocrx_word' id='word_1_539' title='bbox 1411 4272 1512 4325; x_wconf 91' lang='lat' dir='ltr'><strong>Isti</strong></span> <span class='ocrx_word' id='word_1_540' title='bbox 1546 4278 1780 4326; x_wconf 91' lang='lat' dir='ltr'><strong>conten-</strong></span> 
     </span>
    </p>
   </div>
   <div class='ocr_carea' id='block_1_75' title="bbox 86 4360 1781 4431">
    <p class='ocr_par' dir='ltr' id='par_1_75' title="bbox 86 4360 1781 4431">
     <span class='ocr_line' id='line_1_75' title="bbox 86 4360 1781 4431; baseline 0 -16"><span class='ocrx_word' id='word_1_541' title='bbox 86 4361 263 4415; x_wconf 88' lang='lat' dir='ltr'><strong>dendo</strong></span> <span class='ocrx_word' id='word_1_542' title='bbox 298 4362 370 4415; x_wconf 89' lang='lat' dir='ltr'><strong>ad</strong></span> <span class='ocrx_word' id='word_1_543' title='bbox 404 4362 646 4414; x_wconf 87' lang='lat' dir='ltr'><strong>meliora</strong></span> <span class='ocrx_word' id='word_1_544' title='bbox 699 4360 1035 4429; x_wconf 91' lang='lat' dir='ltr'><strong>proﬁciunt;</strong></span> <span class='ocrx_word' id='word_1_545' title='bbox 1080 4360 1164 4413; x_wconf 92' lang='lat' dir='ltr'>illi</span> <span class='ocrx_word' id='word_1_546' title='bbox 1212 4360 1446 4414; x_wconf 83' lang='lat' dir='ltr'><strong>rixando</strong></span> <span class='ocrx_word' id='word_1_547' title='bbox 1482 4361 1552 4414; x_wconf 90' lang='lat' dir='ltr'><strong>ad</strong></span> <span class='ocrx_word' id='word_1_548' title='bbox 1586 4362 1781 4431; x_wconf 89' lang='lat' dir='ltr'><strong>pejora</strong></span> 
     </span>
    </p>
   </div>
   <div class='ocr_carea' id='block_1_76' title="bbox 88 4448 1781 4518">
    <p class='ocr_par' dir='ltr' id='par_1_76' title="bbox 88 4448 1781 4518">
     <span class='ocr_line' id='line_1_76' title="bbox 88 4448 1781 4518; baseline 0.002 -17"><span class='ocrx_word' id='word_1_549' title='bbox 88 4448 373 4503; x_wconf 89' lang='lat' dir='ltr'><strong>deﬁciunt.</strong></span> <span class='ocrx_word' id='word_1_550' title='bbox 408 4449 538 4501; x_wconf 85' lang='lat' dir='ltr'><strong>Istis</strong></span> <span class='ocrx_word' id='word_1_551' title='bbox 568 4448 812 4501; x_wconf 78' lang='lat' dir='ltr'><strong>Charitas</strong></span> <span class='ocrx_word' id='word_1_552' title='bbox 832 4448 1126 4501; x_wconf 89' lang='lat' dir='ltr'><strong>ministrat</strong></span> <span class='ocrx_word' id='word_1_553' title='bbox 1153 4449 1448 4518; x_wconf 88' lang='lat' dir='ltr'><strong>eloquium</strong></span> <span class='ocrx_word' id='word_1_554' title='bbox 1478 4466 1490 4503; x_wconf 86' lang='lat'>:</span> <span class='ocrx_word' id='word_1_555' title='bbox 1524 4450 1635 4504; x_wconf 90' lang='lat' dir='ltr'><strong>illis</strong></span> <span class='ocrx_word' id='word_1_556' title='bbox 1660 4451 1781 4504; x_wconf 82' lang='lat' dir='ltr'><strong>rixa</strong></span> 
     </span>
    </p>
   </div>
   <div class='ocr_carea' id='block_1_77' title="bbox 88 4535 1777 4607">
    <p class='ocr_par' dir='ltr' id='par_1_77' title="bbox 88 4535 1777 4607">
     <span class='ocr_line' id='line_1_77' title="bbox 88 4535 1777 4607; baseline 0.002 -17"><span class='ocrx_word' id='word_1_557' title='bbox 88 4537 281 4591; x_wconf 84' lang='lat' dir='ltr'><strong>fustem</strong></span> <span class='ocrx_word' id='word_1_558' title='bbox 314 4535 507 4591; x_wconf 86' lang='lat' dir='ltr'><strong>defert</strong></span> <span class='ocrx_word' id='word_1_559' title='bbox 537 4537 843 4590; x_wconf 90' lang='lat' dir='ltr'><strong>nodosum.</strong></span> <span class='ocrx_word' id='word_1_560' title='bbox 868 4537 952 4590; x_wconf 90' lang='lat' dir='ltr'><strong>Ab</strong></span> <span class='ocrx_word' id='word_1_561' title='bbox 978 4536 1101 4589; x_wconf 90' lang='lat' dir='ltr'><strong>istis</strong></span> <span class='ocrx_word' id='word_1_562' title='bbox 1132 4553 1240 4607; x_wconf 83' lang='lat' dir='ltr'><strong>pax</strong></span> <span class='ocrx_word' id='word_1_563' title='bbox 1260 4542 1316 4590; x_wconf 92' lang='lat' dir='ltr'><strong>et</strong></span> <span class='ocrx_word' id='word_1_564' title='bbox 1350 4538 1490 4592; x_wconf 92' lang='lat' dir='ltr'><strong>odor</strong></span> <span class='ocrx_word' id='word_1_565' title='bbox 1512 4542 1777 4593; x_wconf 87' lang='lat' dir='ltr'><strong>emanat:</strong></span> 
     </span>
    </p>
   </div>
   <div class='ocr_carea' id='block_1_78' title="bbox 87 4623 1782 4695">
    <p class='ocr_par' dir='ltr' id='par_1_78' title="bbox 87 4623 1782 4695">
     <span class='ocr_line' id='line_1_78' title="bbox 87 4623 1782 4695; baseline 0.002 -18"><span class='ocrx_word' id='word_1_566' title='bbox 87 4625 146 4678; x_wconf 90' lang='lat' dir='ltr'><strong>ab</strong></span> <span class='ocrx_word' id='word_1_567' title='bbox 173 4627 286 4679; x_wconf 89' lang='lat' dir='ltr'><strong>illis</strong></span> <span class='ocrx_word' id='word_1_568' title='bbox 320 4624 524 4678; x_wconf 92' lang='lat' dir='ltr'><strong>odium</strong></span> <span class='ocrx_word' id='word_1_569' title='bbox 574 4630 630 4677; x_wconf 90' lang='lat' dir='ltr'><strong>et</strong></span> <span class='ocrx_word' id='word_1_570' title='bbox 684 4623 831 4678; x_wconf 88' lang='lat' dir='ltr'><strong>fetor</strong></span> <span class='ocrx_word' id='word_1_571' title='bbox 859 4624 1101 4678; x_wconf 86' lang='lat' dir='ltr'><strong>exhalat.</strong></span> <span class='ocrx_word' id='word_1_572' title='bbox 1133 4626 1469 4695; x_wconf 87' lang='lat' dir='ltr'><strong>Sapientum</strong></span> <span class='ocrx_word' id='word_1_573' title='bbox 1501 4626 1782 4680; x_wconf 88' lang='lat' dir='ltr'><strong>memoria</strong></span> 
     </span>
    </p>
   </div>
   <div class='ocr_carea' id='block_1_79' title="bbox 88 4713 1774 4784">
    <p class='ocr_par' dir='ltr' id='par_1_79' title="bbox 88 4713 1774 4784">
     <span class='ocr_line' id='line_1_79' title="bbox 88 4713 1774 4784; baseline 0.002 -17"><span class='ocrx_word' id='word_1_574' title='bbox 88 4714 320 4782; x_wconf 87' lang='lat' dir='ltr'><strong>posteris</strong></span> <span class='ocrx_word' id='word_1_575' title='bbox 350 4713 585 4783; x_wconf 89' lang='lat' dir='ltr'><strong>proﬁcit</strong></span> <span class='ocrx_word' id='word_1_576' title='bbox 617 4728 629 4767; x_wconf 93' lang='lat'>:</span> <span class='ocrx_word' id='word_1_577' title='bbox 664 4713 974 4767; x_wconf 88' lang='lat' dir='ltr'><strong>stultorum</strong></span> <span class='ocrx_word' id='word_1_578' title='bbox 1008 4730 1169 4767; x_wconf 89' lang='lat' dir='ltr'><strong>error</strong></span> <span class='ocrx_word' id='word_1_579' title='bbox 1190 4730 1321 4769; x_wconf 92' lang='lat' dir='ltr'><strong>cum</strong></span> <span class='ocrx_word' id='word_1_580' title='bbox 1364 4715 1508 4784; x_wconf 86' lang='lat' dir='ltr'><strong>ipsis</strong></span> <span class='ocrx_word' id='word_1_581' title='bbox 1565 4716 1774 4771; x_wconf 89' lang='lat' dir='ltr'><strong>deﬁcit.</strong></span> 
     </span>
    </p>
   </div>
   <div class='ocr_carea' id='block_1_80' title="bbox 89 4801 1780 4872">
    <p class='ocr_par' dir='ltr' id='par_1_80' title="bbox 89 4801 1780 4872">
     <span class='ocr_line' id='line_1_80' title="bbox 89 4801 1780 4872; baseline 0.002 -17"><span class='ocrx_word' id='word_1_582' title='bbox 89 4802 311 4856; x_wconf 73' lang='lat' dir='ltr'><strong>Moritur</strong></span> <span class='ocrx_word' id='word_1_583' title='bbox 365 4801 618 4871; x_wconf 86' lang='lat' dir='ltr'><strong>sapiens,</strong></span> <span class='ocrx_word' id='word_1_584' title='bbox 670 4806 724 4855; x_wconf 93' lang='lat' dir='ltr'><strong>et</strong></span> <span class='ocrx_word' id='word_1_585' title='bbox 771 4806 901 4872; x_wconf 86' lang='lat' dir='ltr'><strong>post</strong></span> <span class='ocrx_word' id='word_1_586' title='bbox 930 4807 1176 4856; x_wconf 92' lang='lat' dir='ltr'><strong>mortem</strong></span> <span class='ocrx_word' id='word_1_587' title='bbox 1207 4804 1477 4856; x_wconf 84' lang='lat' dir='ltr'><strong>virescit:</strong></span> <span class='ocrx_word' id='word_1_588' title='bbox 1536 4804 1780 4858; x_wconf 90' lang='lat' dir='ltr'><strong>moritur</strong></span> 
     </span>
    </p>
   </div>
   <div class='ocr_carea' id='block_1_81' title="bbox 87 4890 1775 4962">
    <p class='ocr_par' dir='ltr' id='par_1_81' title="bbox 87 4890 1775 4962">
     <span class='ocr_line' id='line_1_81' title="bbox 87 4890 1775 4962; baseline 0.003 -21"><span class='ocrx_word' id='word_1_589' title='bbox 87 4891 302 4956; x_wconf 83' lang='lat' dir='ltr'><strong>stultus,</strong></span> <span class='ocrx_word' id='word_1_590' title='bbox 336 4895 394 4943; x_wconf 91' lang='lat' dir='ltr'><strong>et</strong></span> <span class='ocrx_word' id='word_1_591' title='bbox 420 4893 552 4960; x_wconf 88' lang='lat' dir='ltr'><strong>post</strong></span> <span class='ocrx_word' id='word_1_592' title='bbox 584 4894 828 4943; x_wconf 89' lang='lat' dir='ltr'><strong>mortem</strong></span> <span class='ocrx_word' id='word_1_593' title='bbox 857 4891 1154 4960; x_wconf 86' lang='lat' dir='ltr'><strong>putrescit.</strong></span> <span class='ocrx_word' id='word_1_594' title='bbox 1200 4890 1508 4945; x_wconf 89' lang='lat' dir='ltr'><strong>Contentio</strong></span> <span class='ocrx_word' id='word_1_595' title='bbox 1549 4893 1775 4962; x_wconf 85' lang='lat' dir='ltr'><strong>sapien-</strong></span> 
     </span>
    </p>
   </div>
   <div class='ocr_carea' id='block_1_82' title="bbox 146 5050 986 5117">
    <p class='ocr_par' dir='ltr' id='par_1_82' title="bbox 146 5050 986 5117">
     <span class='ocr_line' id='line_1_82' title="bbox 146 5050 986 5117; baseline 0.001 -15"><span class='ocrx_word' id='word_1_596' title='bbox 146 5059 167 5083; x_wconf 77' lang='grc'>³</span> <span class='ocrx_word' id='word_1_597' title='bbox 204 5050 327 5111; x_wconf 82' lang='lat' dir='ltr'><strong>Ms.,</strong></span> <span class='ocrx_word' id='word_1_598' title='bbox 370 5065 493 5103; x_wconf 87' lang='lat' dir='ltr'><strong>cum</strong></span> <span class='ocrx_word' id='word_1_599' title='bbox 518 5054 707 5117; x_wconf 83' lang='lat' dir='ltr'><strong>pectus</strong></span> <span class='ocrx_word' id='word_1_600' title='bbox 737 5051 986 5104; x_wconf 82' lang='lat' dir='ltr'><strong>inscium.</strong></span> 
     </span>
    </p>
   </div>
   <div class='ocr_carea' id='block_1_83' title="bbox 147 5120 552 5188">
    <p class='ocr_par' dir='ltr' id='par_1_83' title="bbox 147 5120 552 5188">
     <span class='ocr_line' id='line_1_83' title="bbox 147 5120 552 5188; baseline 0 -15"><span class='ocrx_word' id='word_1_601' title='bbox 147 5122 171 5161; x_wconf 67' lang='grc' dir='ltr'>δ</span> <span class='ocrx_word' id='word_1_602' title='bbox 204 5120 329 5185; x_wconf 81' lang='lat' dir='ltr'><strong>Ms.,</strong></span> <span class='ocrx_word' id='word_1_603' title='bbox 373 5122 552 5188; x_wconf 75' lang='lat' dir='ltr'><strong>copia.</strong></span> 
     </span>
    </p>
   </div>
   <div class='ocr_carea' id='block_1_84' title="bbox 155 5191 1339 5256">
    <p class='ocr_par' dir='ltr' id='par_1_84' title="bbox 155 5191 1339 5256">
     <span class='ocr_line' id='line_1_84' title="bbox 155 5191 1339 5256; baseline 0 -12"><span class='ocrx_word' id='word_1_604' title='bbox 155 5202 173 5225; x_wconf 75' lang='grc' dir='ltr'><strong>ε</strong></span> <span class='ocrx_word' id='word_1_605' title='bbox 207 5192 332 5256; x_wconf 72' lang='lat' dir='ltr'><strong>Ms,</strong></span> <span class='ocrx_word' id='word_1_606' title='bbox 366 5194 547 5243; x_wconf 67' lang='lat' dir='ltr'><strong>cxitat</strong></span> <span class='ocrx_word' id='word_1_607' title='bbox 575 5191 845 5244; x_wconf 75' lang='lat' dir='ltr'><strong>voluntas.</strong></span> <span class='ocrx_word' id='word_1_608' title='bbox 881 5193 984 5245; x_wconf 80' lang='lat' dir='ltr'><strong>Dei</strong></span> <span class='ocrx_word' id='word_1_609' title='bbox 1004 5195 1202 5253; x_wconf 84' lang='lat' dir='ltr'><strong>tamen,</strong></span> <span class='ocrx_word' id='word_1_610' title='bbox 1234 5196 1339 5244; x_wconf 91' lang='lat' dir='ltr'><strong>etc.</strong></span> 
     </span>
    </p>
   </div>
   <div class='ocr_carea' id='block_1_85' title="bbox 149 5261 1775 5331">
    <p class='ocr_par' dir='ltr' id='par_1_85' title="bbox 149 5261 1775 5331">
     <span class='ocr_line' id='line_1_85' title="bbox 149 5261 1775 5331; baseline 0 -16"><span class='ocrx_word' id='word_1_611' title='bbox 149 5262 171 5303; x_wconf 75' lang='grc' dir='ltr'><strong><em>ἀ</em></strong></span> <span class='ocrx_word' id='word_1_612' title='bbox 209 5261 646 5315; x_wconf 71' lang='lat' dir='ltr'><strong>Nic.Antonius</strong></span> <span class='ocrx_word' id='word_1_613' title='bbox 676 5262 715 5314; x_wconf 92' lang='lat' dir='ltr'><strong>I.</strong></span> <span class='ocrx_word' id='word_1_614' title='bbox 767 5278 820 5313; x_wconf 67' lang='grc' dir='ltr'><strong>γι</strong></span> <span class='ocrx_word' id='word_1_615' title='bbox 854 5262 997 5315; x_wconf 84' lang='lat' dir='ltr'><strong>Bibl.</strong></span> <span class='ocrx_word' id='word_1_616' title='bbox 1059 5263 1203 5329; x_wconf 88' lang='lat' dir='ltr'><strong>Vet.,</strong></span> <span class='ocrx_word' id='word_1_617' title='bbox 1254 5278 1413 5315; x_wconf 90' lang='lat' dir='ltr'><strong>num.</strong></span> <span class='ocrx_word' id='word_1_618' title='bbox 1476 5265 1597 5331; x_wconf 80' lang='grc'><strong>181,</strong></span> <span class='ocrx_word' id='word_1_619' title='bbox 1654 5277 1775 5316; x_wconf 83' lang='lat' dir='ltr'><strong>con-</strong></span> 
     </span>
    </p>
   </div>
   <div class='ocr_carea' id='block_1_86' title="bbox 88 5333 827 5385">
    <p class='ocr_par' dir='ltr' id='par_1_86' title="bbox 88 5333 827 5385">
     <span class='ocr_line' id='line_1_86' title="bbox 88 5333 827 5385; baseline 0.003 -2"><span class='ocrx_word' id='word_1_620' title='bbox 88 5334 345 5385; x_wconf 71' lang='lat' dir='ltr'><strong>tineatur.</strong></span> <span class='ocrx_word' id='word_1_621' title='bbox 381 5333 439 5385; x_wconf 85' lang='lat' dir='ltr'><strong>F.</strong></span> <span class='ocrx_word' id='word_1_622' title='bbox 465 5338 827 5385; x_wconf 64' lang='lat' dir='ltr'><strong>convciselur.</strong></span> 
     </span>
    </p>
   </div>
   <div class='ocr_carea' id='block_1_87' title="bbox 150 5403 1772 5469">
    <p class='ocr_par' dir='ltr' id='par_1_87' title="bbox 150 5403 1772 5469">
     <span class='ocr_line' id='line_1_87' title="bbox 150 5403 1772 5469; baseline 0 -13"><span class='ocrx_word' id='word_1_623' title='bbox 150 5412 168 5436; x_wconf 73' lang='grc' dir='ltr'>ε</span> <span class='ocrx_word' id='word_1_624' title='bbox 204 5404 363 5456; x_wconf 87' lang='lat' dir='ltr'><strong>Idem</strong></span> <span class='ocrx_word' id='word_1_625' title='bbox 395 5404 634 5468; x_wconf 86' lang='lat' dir='ltr'><strong>ibidem,</strong></span> <span class='ocrx_word' id='word_1_626' title='bbox 670 5403 926 5469; x_wconf 76' lang='lat' dir='ltr'><strong>eluditur,</strong></span> <span class='ocrx_word' id='word_1_627' title='bbox 980 5403 1077 5457; x_wconf 90' lang='lat' dir='ltr'><strong>sed</strong></span> <span class='ocrx_word' id='word_1_628' title='bbox 1109 5404 1351 5458; x_wconf 80' lang='lat' dir='ltr'><strong>cluditur</strong></span> <span class='ocrx_word' id='word_1_629' title='bbox 1389 5404 1772 5458; x_wconf 88' lang='lat' dir='ltr'><strong>retinendum.</strong></span> 
     </span>
    </p>
   </div>
   <div class='ocr_carea' id='block_1_88' title="bbox 152 5472 673 5541">
    <p class='ocr_par' dir='ltr' id='par_1_88' title="bbox 152 5472 673 5541">
     <span class='ocr_line' id='line_1_88' title="bbox 152 5472 673 5541; baseline -0.002 -14"><span class='ocrx_word' id='word_1_630' title='bbox 152 5472 165 5505; x_wconf 70' lang='grc' dir='ltr'><strong><em>τ</em></strong></span> <span class='ocrx_word' id='word_1_631' title='bbox 205 5474 261 5527; x_wconf 89' lang='lat' dir='ltr'><strong>L.</strong></span> <span class='ocrx_word' id='word_1_632' title='bbox 295 5472 673 5541; x_wconf 71' lang='lat' dir='ltr'><strong>expetendum.</strong></span> 
     </span>
    </p>
   </div>
   <div class='ocr_carea' id='block_1_89' title="bbox 153 5544 748 5607">
    <p class='ocr_par' dir='ltr' id='par_1_89' title="bbox 153 5544 748 5607">
     <span class='ocr_line' id='line_1_89' title="bbox 153 5544 748 5607; baseline 0.003 -10"><span class='ocrx_word' id='word_1_633' title='bbox 153 5556 180 5597; x_wconf 68' lang='grc' dir='ltr'><em>ε</em></span> <span class='ocrx_word' id='word_1_634' title='bbox 216 5546 337 5607; x_wconf 68' lang='lat' dir='ltr'><strong>Ms,</strong></span> <span class='ocrx_word' id='word_1_635' title='bbox 373 5544 748 5599; x_wconf 68' lang='lat' dir='ltr'><strong>(tenacitatem.</strong></span> 
     </span>
    </p>
   </div>
   <div class='ocr_carea' id='block_1_90' title="bbox 152 5616 627 5681">
    <p class='ocr_par' dir='ltr' id='par_1_90' title="bbox 152 5616 627 5681">
     <span class='ocr_line' id='line_1_90' title="bbox 152 5616 627 5681; baseline -0.004 -12"><span class='ocrx_word' id='word_1_636' title='bbox 152 5616 175 5657; x_wconf 67' lang='grc' dir='ltr'>δ</span> <span class='ocrx_word' id='word_1_637' title='bbox 212 5616 305 5669; x_wconf 77' lang='lat' dir='ltr'><strong>Ms.</strong></span> <span class='ocrx_word' id='word_1_638' title='bbox 320 5656 335 5675; x_wconf 85' lang='lat'><strong>.</strong></span> <span class='ocrx_word' id='word_1_639' title='bbox 380 5616 627 5681; x_wconf 82' lang='lat' dir='ltr'><strong>Gragule</strong></span> 
     </span>
    </p>
   </div>
   <div class='ocr_carea' id='block_1_91' title="bbox 1892 3120 3587 3189">
    <p class='ocr_par' dir='ltr' id='par_1_91' title="bbox 1892 3120 3587 3189">
     <span class='ocr_line' id='line_1_91' title="bbox 1892 3120 3587 3189; baseline 0 -16"><span class='ocrx_word' id='word_1_640' title='bbox 1892 3120 2033 3173; x_wconf 88' lang='lat' dir='ltr'>mihi</span> <span class='ocrx_word' id='word_1_641' title='bbox 2062 3120 2263 3174; x_wconf 81' lang='lat' dir='ltr'><strong>existat</strong></span> <span class='ocrx_word' id='word_1_642' title='bbox 2291 3121 2498 3173; x_wconf 90' lang='lat' dir='ltr'><strong>omissa</strong></span> <span class='ocrx_word' id='word_1_643' title='bbox 2535 3137 2547 3174; x_wconf 93' lang='lat'><strong>:</strong></span> <span class='ocrx_word' id='word_1_644' title='bbox 2582 3122 2661 3174; x_wconf 93' lang='lat' dir='ltr'><strong>sic</strong></span> <span class='ocrx_word' id='word_1_645' title='bbox 2714 3126 2903 3174; x_wconf 88' lang='lat' dir='ltr'><strong>vestra</strong></span> <span class='ocrx_word' id='word_1_646' title='bbox 2934 3136 3047 3173; x_wconf 92' lang='lat' dir='ltr'><strong>non</strong></span> <span class='ocrx_word' id='word_1_647' title='bbox 3082 3121 3446 3189; x_wconf 90' lang='lat' dir='ltr'><strong>requirantur</strong></span> <span class='ocrx_word' id='word_1_648' title='bbox 3483 3120 3587 3173; x_wconf 88' lang='lat' dir='ltr'><strong>ad-</strong></span> 
     </span>
    </p>
   </div>
   <div class='ocr_carea' id='block_1_92' title="bbox 1892 3209 3589 3275">
    <p class='ocr_par' dir='ltr' id='par_1_92' title="bbox 1892 3209 3589 3275">
     <span class='ocr_line' id='line_1_92' title="bbox 1892 3209 3589 3275; baseline 0 -13"><span class='ocrx_word' id='word_1_649' title='bbox 1892 3210 2065 3262; x_wconf 87' lang='lat' dir='ltr'><strong>missa</strong></span> <span class='ocrx_word' id='word_1_650' title='bbox 2093 3226 2134 3266; x_wconf 79' lang='grc' dir='ltr'><strong>ρ.</strong></span> <span class='ocrx_word' id='word_1_651' title='bbox 2178 3210 2255 3263; x_wconf 92' lang='lat' dir='ltr'><strong>De</strong></span> <span class='ocrx_word' id='word_1_652' title='bbox 2301 3213 2524 3272; x_wconf 62' lang='lat' dir='ltr'><strong>caetero,</strong></span> <span class='ocrx_word' id='word_1_653' title='bbox 2563 3210 2639 3263; x_wconf 92' lang='lat' dir='ltr'>mi</span> <span class='ocrx_word' id='word_1_654' title='bbox 2693 3209 2920 3275; x_wconf 83' lang='lat' dir='ltr'><strong>dilecte,</strong></span> <span class='ocrx_word' id='word_1_655' title='bbox 2957 3214 3121 3262; x_wconf 84' lang='lat' dir='ltr'><strong>erant</strong></span> <span class='ocrx_word' id='word_1_656' title='bbox 3163 3210 3344 3262; x_wconf 88' lang='lat' dir='ltr'><strong>multa</strong></span> <span class='ocrx_word' id='word_1_657' title='bbox 3375 3213 3589 3262; x_wconf 89' lang='lat' dir='ltr'><strong>secreta</strong></span> 
     </span>
    </p>
   </div>
   <div class='ocr_carea' id='block_1_93' title="bbox 1892 3297 3587 3368">
    <p class='ocr_par' dir='ltr' id='par_1_93' title="bbox 1892 3297 3587 3368">
     <span class='ocr_line' id='line_1_93' title="bbox 1892 3297 3587 3368; baseline -0.001 -15"><span class='ocrx_word' id='word_1_658' title='bbox 1892 3304 1949 3353; x_wconf 90' lang='lat' dir='ltr'><strong>et</strong></span> <span class='ocrx_word' id='word_1_659' title='bbox 1971 3298 2229 3367; x_wconf 79' lang='lat' dir='ltr'><strong>mystica,</strong></span> <span class='ocrx_word' id='word_1_660' title='bbox 2264 3315 2393 3368; x_wconf 74' lang='lat' dir='ltr'><strong>quae</strong></span> <span class='ocrx_word' id='word_1_661' title='bbox 2424 3314 2553 3352; x_wconf 90' lang='lat' dir='ltr'><strong>cum</strong></span> <span class='ocrx_word' id='word_1_662' title='bbox 2585 3304 2771 3352; x_wconf 84' lang='lat' dir='ltr'><strong>vestra</strong></span> <span class='ocrx_word' id='word_1_663' title='bbox 2802 3299 2967 3352; x_wconf 81' lang='lat' dir='ltr'><strong>bonae</strong></span> <span class='ocrx_word' id='word_1_664' title='bbox 3025 3298 3365 3351; x_wconf 81' lang='lat' dir='ltr'><strong>valetudinis</strong></span> <span class='ocrx_word' id='word_1_665' title='bbox 3407 3297 3587 3367; x_wconf 87' lang='lat' dir='ltr'><strong>parti-</strong></span> 
     </span>
    </p>
   </div>
   <div class='ocr_carea' id='block_1_94' title="bbox 1890 3386 3584 3457">
    <p class='ocr_par' dir='ltr' id='par_1_94' title="bbox 1890 3386 3584 3457">
     <span class='ocr_line' id='line_1_94' title="bbox 1890 3386 3584 3457; baseline 0 -18"><span class='ocrx_word' id='word_1_666' title='bbox 1890 3403 2011 3440; x_wconf 89' lang='lat' dir='ltr'><strong>rem</strong></span> <span class='ocrx_word' id='word_1_667' title='bbox 2047 3389 2367 3450; x_wconf 84' lang='lat' dir='ltr'><strong>clementia,</strong></span> <span class='ocrx_word' id='word_1_668' title='bbox 2403 3387 2447 3440; x_wconf 91' lang='lat' dir='ltr'><strong>si</strong></span> <span class='ocrx_word' id='word_1_669' title='bbox 2499 3387 2845 3457; x_wconf 87' lang='lat' dir='ltr'><strong>prosperitas</strong></span> <span class='ocrx_word' id='word_1_670' title='bbox 2881 3386 3024 3439; x_wconf 90' lang='lat' dir='ltr'><strong>mihi</strong></span> <span class='ocrx_word' id='word_1_671' title='bbox 3060 3387 3342 3440; x_wconf 88' lang='lat' dir='ltr'><strong>arrideret</strong></span> <span class='ocrx_word' id='word_1_672' title='bbox 3373 3386 3584 3451; x_wconf 65' lang='lat' dir='ltr'><strong>saeculi,</strong></span> 
     </span>
    </p>
   </div>
   <div class='ocr_carea' id='block_1_95' title="bbox 1891 3476 2906 3545">
    <p class='ocr_par' dir='ltr' id='par_1_95' title="bbox 1891 3476 2906 3545">
     <span class='ocr_line' id='line_1_95' title="bbox 1891 3476 2906 3545; baseline -0.001 -16"><span class='ocrx_word' id='word_1_673' title='bbox 1891 3482 1991 3530; x_wconf 90' lang='lat' dir='ltr'><strong>aut</strong></span> <span class='ocrx_word' id='word_1_674' title='bbox 2022 3478 2336 3530; x_wconf 90' lang='lat' dir='ltr'><strong>terminum</strong></span> <span class='ocrx_word' id='word_1_675' title='bbox 2368 3478 2642 3530; x_wconf 90' lang='lat' dir='ltr'><strong>sentirem</strong></span> <span class='ocrx_word' id='word_1_676' title='bbox 2672 3476 2906 3545; x_wconf 88' lang='lat' dir='ltr'><strong>ﬂagelli.</strong></span> 
     </span>
    </p>
   </div>
   <div class='ocr_carea' id='block_1_96' title="bbox 1962 3565 3585 3636">
    <p class='ocr_par' dir='ltr' id='par_1_96' title="bbox 1962 3565 3585 3636">
     <span class='ocr_line' id='line_1_96' title="bbox 1962 3565 3585 3636; baseline -0.002 -16"><span class='ocrx_word' id='word_1_677' title='bbox 1962 3569 2013 3620; x_wconf 88' lang='lat'><strong>3.</strong></span> <span class='ocrx_word' id='word_1_678' title='bbox 2063 3566 2170 3619; x_wconf 88' lang='lat' dir='ltr'><strong>Sed</strong></span> <span class='ocrx_word' id='word_1_679' title='bbox 2220 3566 2354 3636; x_wconf 85' lang='lat' dir='ltr'><strong>quia</strong></span> <span class='ocrx_word' id='word_1_680' title='bbox 2407 3565 2598 3619; x_wconf 89' lang='lat' dir='ltr'><strong>divina</strong></span> <span class='ocrx_word' id='word_1_681' title='bbox 2639 3565 2797 3633; x_wconf 85' lang='lat' dir='ltr'><strong>justa</strong></span> <span class='ocrx_word' id='word_1_682' title='bbox 2841 3580 3080 3617; x_wconf 87' lang='lat' dir='ltr'><strong>censura</strong></span> <span class='ocrx_word' id='word_1_683' title='bbox 3133 3580 3247 3617; x_wconf 90' lang='lat' dir='ltr'><strong>non</strong></span> <span class='ocrx_word' id='word_1_684' title='bbox 3303 3568 3585 3633; x_wconf 83' lang='lat' dir='ltr'><strong>quantum</strong></span> 
     </span>
    </p>
   </div>
   <div class='ocr_carea' id='block_1_97' title="bbox 1890 3652 3587 3721">
    <p class='ocr_par' dir='ltr' id='par_1_97' title="bbox 1890 3652 3587 3721">
     <span class='ocr_line' id='line_1_97' title="bbox 1890 3652 3587 3721; baseline -0.002 -14"><span class='ocrx_word' id='word_1_685' title='bbox 1890 3668 2181 3707; x_wconf 89' lang='lat' dir='ltr'><strong>meremur</strong></span> <span class='ocrx_word' id='word_1_686' title='bbox 2220 3654 2427 3706; x_wconf 88' lang='lat' dir='ltr'><strong>leniter</strong></span> <span class='ocrx_word' id='word_1_687' title='bbox 2458 3658 2653 3706; x_wconf 89' lang='lat' dir='ltr'><strong>nostra</strong></span> <span class='ocrx_word' id='word_1_688' title='bbox 2690 3652 2945 3721; x_wconf 85' lang='lat' dir='ltr'><strong>undique</strong></span> <span class='ocrx_word' id='word_1_689' title='bbox 2994 3655 3200 3704; x_wconf 89' lang='lat' dir='ltr'><strong>atteret</strong></span> <span class='ocrx_word' id='word_1_690' title='bbox 3242 3652 3412 3712; x_wconf 86' lang='lat' dir='ltr'><strong>mala,</strong></span> <span class='ocrx_word' id='word_1_691' title='bbox 3470 3667 3587 3704; x_wconf 90' lang='lat' dir='ltr'><strong>non</strong></span> 
     </span>
    </p>
   </div>
   <div class='ocr_carea' id='block_1_98' title="bbox 1890 3738 3587 3811">
    <p class='ocr_par' dir='ltr' id='par_1_98' title="bbox 1890 3738 3587 3811">
     <span class='ocr_line' id='line_1_98' title="bbox 1890 3738 3587 3811; baseline -0.001 -17"><span class='ocrx_word' id='word_1_692' title='bbox 1890 3742 2135 3795; x_wconf 89' lang='lat' dir='ltr'><strong>sinimur</strong></span> <span class='ocrx_word' id='word_1_693' title='bbox 2164 3741 2446 3811; x_wconf 90' lang='lat' dir='ltr'><strong>respirare</strong></span> <span class='ocrx_word' id='word_1_694' title='bbox 2476 3742 2565 3794; x_wconf 87' lang='lat' dir='ltr'><strong>vel</strong></span> <span class='ocrx_word' id='word_1_695' title='bbox 2612 3740 2909 3810; x_wconf 91' lang='lat' dir='ltr'><strong>paululum</strong></span> <span class='ocrx_word' id='word_1_696' title='bbox 2939 3739 2998 3793; x_wconf 90' lang='lat' dir='ltr'><strong>in</strong></span> <span class='ocrx_word' id='word_1_697' title='bbox 3048 3740 3161 3792; x_wconf 91' lang='lat' dir='ltr'><strong>illis</strong></span> <span class='ocrx_word' id='word_1_698' title='bbox 3190 3748 3213 3781; x_wconf 65' lang='grc' dir='ltr'>α</span> <span class='ocrx_word' id='word_1_699' title='bbox 3249 3756 3378 3809; x_wconf 65' lang='lat' dir='ltr'><strong>quin</strong></span> <span class='ocrx_word' id='word_1_700' title='bbox 3421 3738 3587 3793; x_wconf 89' lang='lat' dir='ltr'><strong>nobis</strong></span> 
     </span>
    </p>
   </div>
   <div class='ocr_carea' id='block_1_99' title="bbox 1891 3827 3587 3899">
    <p class='ocr_par' dir='ltr' id='par_1_99' title="bbox 1891 3827 3587 3899">
     <span class='ocr_line' id='line_1_99' title="bbox 1891 3827 3587 3899; baseline -0.002 -16"><span class='ocrx_word' id='word_1_701' title='bbox 1891 3834 2053 3883; x_wconf 89' lang='lat' dir='ltr'><strong>erant</strong></span> <span class='ocrx_word' id='word_1_702' title='bbox 2112 3829 2292 3883; x_wconf 89' lang='lat' dir='ltr'><strong>animi</strong></span> <span class='ocrx_word' id='word_1_703' title='bbox 2356 3829 2422 3883; x_wconf 91' lang='lat' dir='ltr'><strong>ad</strong></span> <span class='ocrx_word' id='word_1_704' title='bbox 2489 3829 2828 3899; x_wconf 87' lang='lat' dir='ltr'><strong>profectum.</strong></span> <span class='ocrx_word' id='word_1_705' title='bbox 2887 3828 2958 3881; x_wconf 89' lang='lat' dir='ltr'><strong>Ut</strong></span> <span class='ocrx_word' id='word_1_706' title='bbox 3017 3827 3311 3897; x_wconf 64' lang='lat' dir='ltr'><strong>sapientiae</strong></span> <span class='ocrx_word' id='word_1_707' title='bbox 3372 3832 3587 3881; x_wconf 89' lang='lat' dir='ltr'><strong>secreta</strong></span> 
     </span>
    </p>
   </div>
   <div class='ocr_carea' id='block_1_100' title="bbox 1888 3916 3585 3987">
    <p class='ocr_par' dir='ltr' id='par_1_100' title="bbox 1888 3916 3585 3987">
     <span class='ocr_line' id='line_1_100' title="bbox 1888 3916 3585 3987; baseline -0.001 -15"><span class='ocrx_word' id='word_1_708' title='bbox 1888 3920 2184 3985; x_wconf 91' lang='lat' dir='ltr'><strong>rimemus,</strong></span> <span class='ocrx_word' id='word_1_709' title='bbox 2217 3923 2272 3971; x_wconf 92' lang='lat' dir='ltr'><strong>et</strong></span> <span class='ocrx_word' id='word_1_710' title='bbox 2301 3919 2358 3971; x_wconf 92' lang='lat' dir='ltr'><strong>in</strong></span> <span class='ocrx_word' id='word_1_711' title='bbox 2396 3917 2695 3971; x_wconf 85' lang='lat' dir='ltr'><strong>altioribus</strong></span> <span class='ocrx_word' id='word_1_712' title='bbox 2723 3916 3135 3987; x_wconf 62' lang='lat' dir='ltr'><strong>quaestionibus</strong></span> <span class='ocrx_word' id='word_1_713' title='bbox 3184 3916 3298 3969; x_wconf 85' lang='lat' dir='ltr'><strong>alas</strong></span> <span class='ocrx_word' id='word_1_714' title='bbox 3329 3916 3585 3986; x_wconf 89' lang='lat' dir='ltr'><strong>disputa-</strong></span> 
     </span>
    </p>
   </div>
   <div class='ocr_carea' id='block_1_101' title="bbox 1890 4006 3582 4071">
    <p class='ocr_par' dir='ltr' id='par_1_101' title="bbox 1890 4006 3582 4071">
     <span class='ocr_line' id='line_1_101' title="bbox 1890 4006 3582 4071; baseline -0.001 -11"><span class='ocrx_word' id='word_1_715' title='bbox 1890 4007 2058 4060; x_wconf 90' lang='lat' dir='ltr'><strong>tionis</strong></span> <span class='ocrx_word' id='word_1_716' title='bbox 2091 4012 2295 4060; x_wconf 51' lang='lat' dir='ltr'><strong>uostra’</strong></span> <span class='ocrx_word' id='word_1_717' title='bbox 2324 4023 2356 4059; x_wconf 91' lang='lat' dir='ltr'><strong>a</strong></span> <span class='ocrx_word' id='word_1_718' title='bbox 2400 4012 2550 4060; x_wconf 89' lang='lat' dir='ltr'><strong>terra</strong></span> <span class='ocrx_word' id='word_1_719' title='bbox 2584 4006 2754 4059; x_wconf 87' lang='lat' dir='ltr'><strong>altius</strong></span> <span class='ocrx_word' id='word_1_720' title='bbox 2802 4007 2944 4061; x_wconf 76' lang='lat' dir='ltr'><strong>coelo</strong></span> <span class='ocrx_word' id='word_1_721' title='bbox 2976 4010 3144 4059; x_wconf 87' lang='lat' dir='ltr'><strong>tenus</strong></span> <span class='ocrx_word' id='word_1_722' title='bbox 3178 4007 3582 4071; x_wconf 84' lang='lat' dir='ltr'><strong>extendamus;</strong></span> 
     </span>
    </p>
   </div>
   <div class='ocr_carea' id='block_1_102' title="bbox 1890 4094 3586 4167">
    <p class='ocr_par' dir='ltr' id='par_1_102' title="bbox 1890 4094 3586 4167">
     <span class='ocr_line' id='line_1_102' title="bbox 1890 4094 3586 4167; baseline -0.001 -19"><span class='ocrx_word' id='word_1_723' title='bbox 1890 4102 2172 4167; x_wconf 88' lang='lat' dir='ltr'><strong>quatenus</strong></span> <span class='ocrx_word' id='word_1_724' title='bbox 2210 4101 2439 4149; x_wconf 89' lang='lat' dir='ltr'><strong>terrena</strong></span> <span class='ocrx_word' id='word_1_725' title='bbox 2488 4096 2897 4165; x_wconf 85' lang='lat' dir='ltr'><strong>relinquentes,</strong></span> <span class='ocrx_word' id='word_1_726' title='bbox 2948 4099 3003 4148; x_wconf 90' lang='lat' dir='ltr'><strong>et</strong></span> <span class='ocrx_word' id='word_1_727' title='bbox 3049 4095 3238 4148; x_wconf 91' lang='lat' dir='ltr'><strong>cibum</strong></span> <span class='ocrx_word' id='word_1_728' title='bbox 3304 4094 3586 4165; x_wconf 84' lang='lat' dir='ltr'><strong>serpentis</strong></span> 
     </span>
    </p>
   </div>
   <div class='ocr_carea' id='block_1_103' title="bbox 1888 4183 3584 4255">
    <p class='ocr_par' dir='ltr' id='par_1_103' title="bbox 1888 4183 3584 4255">
     <span class='ocr_line' id='line_1_103' title="bbox 1888 4183 3584 4255; baseline -0.001 -17"><span class='ocrx_word' id='word_1_729' title='bbox 1888 4186 2182 4255; x_wconf 90' lang='lat' dir='ltr'><strong>pulverem</strong></span> <span class='ocrx_word' id='word_1_730' title='bbox 2240 4189 2686 4247; x_wconf 80' lang='lat' dir='ltr'><strong>contemnentes,</strong></span> <span class='ocrx_word' id='word_1_731' title='bbox 2741 4200 3036 4237; x_wconf 90' lang='lat' dir='ltr'><strong>sumamus</strong></span> <span class='ocrx_word' id='word_1_732' title='bbox 3092 4185 3372 4238; x_wconf 64' lang='lat' dir='ltr'><strong>columba:</strong></span> <span class='ocrx_word' id='word_1_733' title='bbox 3430 4183 3584 4237; x_wconf 91' lang='lat' dir='ltr'><strong>illius</strong></span> 
     </span>
    </p>
   </div>
   <div class='ocr_carea' id='block_1_104' title="bbox 1889 4273 3586 4345">
    <p class='ocr_par' dir='ltr' id='par_1_104' title="bbox 1889 4273 3586 4345">
     <span class='ocr_line' id='line_1_104' title="bbox 1889 4273 3586 4345; baseline -0.001 -18"><span class='ocrx_word' id='word_1_734' title='bbox 1889 4291 2016 4345; x_wconf 66' lang='lat' dir='ltr'><strong>quae</strong></span> <span class='ocrx_word' id='word_1_735' title='bbox 2055 4273 2473 4327; x_wconf 83' lang='lat' dir='ltr'><strong>nianiiestiores</strong></span> <span class='ocrx_word' id='word_1_736' title='bbox 2495 4273 2640 4327; x_wconf 89' lang='lat' dir='ltr'><strong>visui</strong></span> <span class='ocrx_word' id='word_1_737' title='bbox 2682 4275 2799 4327; x_wconf 89' lang='lat' dir='ltr'><strong>alas</strong></span> <span class='ocrx_word' id='word_1_738' title='bbox 2844 4274 3247 4343; x_wconf 80' lang='lat' dir='ltr'><strong>deargentatas</strong></span> <span class='ocrx_word' id='word_1_739' title='bbox 3287 4273 3458 4327; x_wconf 90' lang='lat' dir='ltr'><strong>habet</strong></span> <span class='ocrx_word' id='word_1_740' title='bbox 3486 4289 3586 4325; x_wconf 82' lang='lat' dir='ltr'><strong>ex-</strong></span> 
     </span>
    </p>
   </div>
   <div class='ocr_carea' id='block_1_105' title="bbox 1891 4361 3587 4433">
    <p class='ocr_par' dir='ltr' id='par_1_105' title="bbox 1891 4361 3587 4433">
     <span class='ocr_line' id='line_1_105' title="bbox 1891 4361 3587 4433; baseline 0 -18"><span class='ocrx_word' id='word_1_741' title='bbox 1891 4363 2104 4433; x_wconf 88' lang='lat' dir='ltr'><strong>positas</strong></span> <span class='ocrx_word' id='word_1_742' title='bbox 2136 4363 2306 4432; x_wconf 82' lang='lat' dir='ltr'><strong>(Psal.</strong></span> <span class='ocrx_word' id='word_1_743' title='bbox 2340 4362 2499 4430; x_wconf 86' lang='lat' dir='ltr'><strong>Lvn),</strong></span> <span class='ocrx_word' id='word_1_744' title='bbox 2560 4368 2616 4415; x_wconf 89' lang='lat' dir='ltr'><strong>et</strong></span> <span class='ocrx_word' id='word_1_745' title='bbox 2653 4364 2803 4416; x_wconf 85' lang='lat' dir='ltr'><strong>velut</strong></span> <span class='ocrx_word' id='word_1_746' title='bbox 2865 4363 3132 4417; x_wconf 88' lang='lat' dir='ltr'><strong>omnibus</strong></span> <span class='ocrx_word' id='word_1_747' title='bbox 3182 4361 3587 4432; x_wconf 89' lang='lat' dir='ltr'><strong>aspicientibus</strong></span> 
     </span>
    </p>
   </div>
   <div class='ocr_carea' id='block_1_106' title="bbox 1890 4450 3583 4521">
    <p class='ocr_par' dir='ltr' id='par_1_106' title="bbox 1890 4450 3583 4521">
     <span class='ocr_line' id='line_1_106' title="bbox 1890 4450 3583 4521; baseline 0.001 -19"><span class='ocrx_word' id='word_1_748' title='bbox 1890 4450 2054 4520; x_wconf 85' lang='lat' dir='ltr'><strong>quasi</strong></span> <span class='ocrx_word' id='word_1_749' title='bbox 2101 4450 2394 4504; x_wconf 88' lang='lat' dir='ltr'><strong>invitando</strong></span> <span class='ocrx_word' id='word_1_750' title='bbox 2456 4450 2564 4503; x_wconf 91' lang='lat' dir='ltr'><strong>sibi</strong></span> <span class='ocrx_word' id='word_1_751' title='bbox 2617 4450 2863 4505; x_wconf 88' lang='lat' dir='ltr'><strong>candore</strong></span> <span class='ocrx_word' id='word_1_752' title='bbox 2914 4451 3178 4521; x_wconf 87' lang='lat' dir='ltr'><strong>puritatis</strong></span> <span class='ocrx_word' id='word_1_753' title='bbox 3236 4450 3583 4504; x_wconf 63' lang='lat' dir='ltr'><strong>innocentiae</strong></span> 
     </span>
    </p>
   </div>
   <div class='ocr_carea' id='block_1_107' title="bbox 1887 4538 3585 4608">
    <p class='ocr_par' dir='ltr' id='par_1_107' title="bbox 1887 4538 3585 4608">
     <span class='ocr_line' id='line_1_107' title="bbox 1887 4538 3585 4608; baseline -0.001 -16"><span class='ocrx_word' id='word_1_754' title='bbox 1887 4554 2143 4608; x_wconf 86' lang='lat' dir='ltr'><strong>pansos:</strong></span> <span class='ocrx_word' id='word_1_755' title='bbox 2187 4538 2555 4593; x_wconf 88' lang='lat' dir='ltr'><strong>occultiorem</strong></span> <span class='ocrx_word' id='word_1_756' title='bbox 2614 4556 2746 4592; x_wconf 87' lang='lat' dir='ltr'><strong>vero</strong></span> <span class='ocrx_word' id='word_1_757' title='bbox 2798 4555 3024 4592; x_wconf 89' lang='lat' dir='ltr'><strong>sensum</strong></span> <span class='ocrx_word' id='word_1_758' title='bbox 3088 4539 3147 4591; x_wconf 91' lang='lat' dir='ltr'>in</span> <span class='ocrx_word' id='word_1_759' title='bbox 3197 4539 3320 4591; x_wconf 87' lang='lat' dir='ltr'><strong>auri</strong></span> <span class='ocrx_word' id='word_1_760' title='bbox 3367 4539 3585 4608; x_wconf 89' lang='lat' dir='ltr'><strong>pallore</strong></span> 
     </span>
    </p>
   </div>
   <div class='ocr_carea' id='block_1_108' title="bbox 1888 4626 3584 4697">
    <p class='ocr_par' dir='ltr' id='par_1_108' title="bbox 1888 4626 3584 4697">
     <span class='ocr_line' id='line_1_108' title="bbox 1888 4626 3584 4697; baseline -0.001 -17"><span class='ocrx_word' id='word_1_761' title='bbox 1888 4627 2051 4697; x_wconf 90' lang='lat' dir='ltr'><strong>quasi</strong></span> <span class='ocrx_word' id='word_1_762' title='bbox 2089 4627 2435 4681; x_wconf 89' lang='lat' dir='ltr'><strong>intrinsecus</strong></span> <span class='ocrx_word' id='word_1_763' title='bbox 2467 4644 2587 4680; x_wconf 91' lang='lat' dir='ltr'><strong>non</strong></span> <span class='ocrx_word' id='word_1_764' title='bbox 2618 4627 2903 4691; x_wconf 88' lang='lat' dir='ltr'><strong>omnibus,</strong></span> <span class='ocrx_word' id='word_1_765' title='bbox 2925 4626 3021 4681; x_wconf 88' lang='lat' dir='ltr'><strong>sed</strong></span> <span class='ocrx_word' id='word_1_766' title='bbox 3052 4626 3365 4679; x_wconf 87' lang='lat' dir='ltr'><strong>introrsum</strong></span> <span class='ocrx_word' id='word_1_767' title='bbox 3396 4626 3584 4696; x_wconf 91' lang='lat' dir='ltr'><strong>respi-</strong></span> 
     </span>
    </p>
   </div>
   <div class='ocr_carea' id='block_1_109' title="bbox 1886 4714 3584 4786">
    <p class='ocr_par' dir='ltr' id='par_1_109' title="bbox 1886 4714 3584 4786">
     <span class='ocr_line' id='line_1_109' title="bbox 1886 4714 3584 4786; baseline 0 -17"><span class='ocrx_word' id='word_1_768' title='bbox 1886 4716 2181 4781; x_wconf 87' lang='lat' dir='ltr'><strong>cientibus,</strong></span> <span class='ocrx_word' id='word_1_769' title='bbox 2215 4716 2430 4785; x_wconf 85' lang='lat' dir='ltr'><strong>pandit.</strong></span> <span class='ocrx_word' id='word_1_770' title='bbox 2467 4715 2549 4770; x_wconf 89' lang='lat' dir='ltr'><strong>Ob</strong></span> <span class='ocrx_word' id='word_1_771' title='bbox 2579 4716 2729 4786; x_wconf 89' lang='lat' dir='ltr'><strong>quod</strong></span> <span class='ocrx_word' id='word_1_772' title='bbox 2786 4721 2843 4768; x_wconf 91' lang='lat' dir='ltr'><strong>et</strong></span> <span class='ocrx_word' id='word_1_773' title='bbox 2875 4714 3029 4768; x_wconf 88' lang='lat' dir='ltr'><strong>dorsi</strong></span> <span class='ocrx_word' id='word_1_774' title='bbox 3058 4714 3378 4783; x_wconf 88' lang='lat' dir='ltr'><strong>posteriora</strong></span> <span class='ocrx_word' id='word_1_775' title='bbox 3410 4731 3584 4769; x_wconf 79' lang='lat' dir='ltr'><strong>aurea</strong></span> 
     </span>
    </p>
   </div>
   <div class='ocr_carea' id='block_1_110' title="bbox 1886 4802 3582 4875">
    <p class='ocr_par' dir='ltr' id='par_1_110' title="bbox 1886 4802 3582 4875">
     <span class='ocr_line' id='line_1_110' title="bbox 1886 4802 3582 4875; baseline -0.001 -16"><span class='ocrx_word' id='word_1_776' title='bbox 1886 4805 2053 4875; x_wconf 82' lang='lat' dir='ltr'><strong>gerit.</strong></span> <span class='ocrx_word' id='word_1_777' title='bbox 2101 4804 2246 4868; x_wconf 91' lang='lat' dir='ltr'><strong>Quid</strong></span> <span class='ocrx_word' id='word_1_778' title='bbox 2296 4804 2449 4858; x_wconf 90' lang='lat' dir='ltr'><strong>enim</strong></span> <span class='ocrx_word' id='word_1_779' title='bbox 2494 4804 2759 4857; x_wconf 87' lang='lat' dir='ltr'><strong>columba</strong></span> <span class='ocrx_word' id='word_1_780' title='bbox 2803 4802 2912 4856; x_wconf 89' lang='lat' dir='ltr'><strong>nisi</strong></span> <span class='ocrx_word' id='word_1_781' title='bbox 2957 4802 3203 4872; x_wconf 88' lang='lat' dir='ltr'><strong>Spiritus</strong></span> <span class='ocrx_word' id='word_1_782' title='bbox 3250 4802 3582 4857; x_wconf 91' lang='lat' dir='ltr'><strong>omnimode</strong></span> 
     </span>
    </p>
   </div>
   <div class='ocr_carea' id='block_1_111' title="bbox 1887 4890 3580 4961">
    <p class='ocr_par' dir='ltr' id='par_1_111' title="bbox 1887 4890 3580 4961">
     <span class='ocr_line' id='line_1_111' title="bbox 1887 4890 3580 4961; baseline 0.001 -16"><span class='ocrx_word' id='word_1_783' title='bbox 1887 4898 2115 4946; x_wconf 87' lang='lat' dir='ltr'><strong>sanctus</strong></span> <span class='ocrx_word' id='word_1_784' title='bbox 2140 4893 2199 4946; x_wconf 87' lang='lat' dir='ltr'><strong>in</strong></span> <span class='ocrx_word' id='word_1_785' title='bbox 2232 4893 2394 4961; x_wconf 86' lang='lat' dir='ltr'><strong>cujus</strong></span> <span class='ocrx_word' id='word_1_786' title='bbox 2424 4892 2610 4961; x_wconf 89' lang='lat' dir='ltr'><strong>specie</strong></span> <span class='ocrx_word' id='word_1_787' title='bbox 2656 4892 2926 4960; x_wconf 88' lang='lat' dir='ltr'><strong>apparuit</strong></span> <span class='ocrx_word' id='word_1_788' title='bbox 2956 4890 3140 4944; x_wconf 89' lang='lat' dir='ltr'><strong>visus?</strong></span> <span class='ocrx_word' id='word_1_789' title='bbox 3173 4892 3237 4943; x_wconf 86' lang='lat' dir='ltr'><strong>Et</strong></span> <span class='ocrx_word' id='word_1_790' title='bbox 3267 4890 3396 4944; x_wconf 90' lang='lat' dir='ltr'><strong>ideo</strong></span> <span class='ocrx_word' id='word_1_791' title='bbox 3444 4891 3580 4961; x_wconf 86' lang='lat' dir='ltr'><strong>quia</strong></span> 
     </span>
    </p>
   </div>
   <div class='ocr_carea' id='block_1_112' title="bbox 1959 5048 3578 5117">
    <p class='ocr_par' dir='ltr' id='par_1_112' title="bbox 1959 5048 3578 5117">
     <span class='ocr_line' id='line_1_112' title="bbox 1959 5048 3578 5117; baseline 0.001 -13"><span class='ocrx_word' id='word_1_792' title='bbox 1959 5054 1969 5087; x_wconf 71' lang='grc' dir='ltr'><strong>ί</strong></span> <span class='ocrx_word' id='word_1_793' title='bbox 2010 5052 2106 5105; x_wconf 83' lang='lat' dir='ltr'><strong>Ms.</strong></span> <span class='ocrx_word' id='word_1_794' title='bbox 2136 5053 2251 5104; x_wconf 76' lang='lat' dir='ltr'><strong>ritu</strong></span> <span class='ocrx_word' id='word_1_795' title='bbox 2283 5049 2598 5117; x_wconf 76' lang='lat' dir='ltr'><strong>barrituque</strong></span> <span class='ocrx_word' id='word_1_796' title='bbox 2627 5051 2865 5114; x_wconf 57' lang='lat' dir='ltr'><strong>inormi,</strong></span> <span class='ocrx_word' id='word_1_797' title='bbox 2907 5048 3111 5103; x_wconf 68' lang='lat' dir='ltr'><strong>tatibus</strong></span> <span class='ocrx_word' id='word_1_798' title='bbox 3148 5050 3392 5117; x_wconf 76' lang='lat' dir='ltr'><strong>undique</strong></span> <span class='ocrx_word' id='word_1_799' title='bbox 3416 5050 3578 5105; x_wconf 72' lang='lat' dir='ltr'><strong>iutca.</strong></span> 
     </span>
    </p>
   </div>
   <div class='ocr_carea' id='block_1_113' title="bbox 1966 5120 2669 5189">
    <p class='ocr_par' dir='ltr' id='par_1_113' title="bbox 1966 5120 2669 5189">
     <span class='ocr_line' id='line_1_113' title="bbox 1966 5120 2669 5189; baseline -0.004 -13"><span class='ocrx_word' id='word_1_800' title='bbox 1966 5123 2060 5175; x_wconf 68' lang='lat' dir='ltr'><strong>1L.</strong></span> <span class='ocrx_word' id='word_1_801' title='bbox 2093 5122 2292 5189; x_wconf 79' lang='lat' dir='ltr'><strong>pugnis</strong></span> <span class='ocrx_word' id='word_1_802' title='bbox 2330 5125 2379 5172; x_wconf 86' lang='lat' dir='ltr'><strong>et</strong></span> <span class='ocrx_word' id='word_1_803' title='bbox 2413 5120 2669 5173; x_wconf 77' lang='lat' dir='ltr'><strong>calcibus.</strong></span> 
     </span>
    </p>
   </div>
   <div class='ocr_carea' id='block_1_114' title="bbox 1958 5190 3439 5261">
    <p class='ocr_par' dir='ltr' id='par_1_114' title="bbox 1958 5190 3439 5261">
     <span class='ocr_line' id='line_1_114' title="bbox 1958 5190 3439 5261; baseline -0.001 -16"><span class='ocrx_word' id='word_1_804' title='bbox 1958 5192 1983 5224; x_wconf 74' lang='lat'>&quot;</span> <span class='ocrx_word' id='word_1_805' title='bbox 2023 5196 2128 5257; x_wconf 83' lang='lat' dir='ltr'><strong>An,</strong></span> <span class='ocrx_word' id='word_1_806' title='bbox 2152 5207 2219 5245; x_wconf 81' lang='lat' dir='ltr'><strong>ex</strong></span> <span class='ocrx_word' id='word_1_807' title='bbox 2249 5190 2748 5259; x_wconf 86' lang='lat' dir='ltr'><strong>consequentibus,</strong></span> <span class='ocrx_word' id='word_1_808' title='bbox 2776 5190 3048 5249; x_wconf 78' lang='lat' dir='ltr'><strong>frontibus</strong></span> <span class='ocrx_word' id='word_1_809' title='bbox 3079 5191 3388 5261; x_wconf 85' lang='lat' dir='ltr'><strong>legendum</strong></span> <span class='ocrx_word' id='word_1_810' title='bbox 3409 5191 3439 5244; x_wconf 87' lang='lat'><strong>?</strong></span> 
     </span>
    </p>
   </div>
   <div class='ocr_carea' id='block_1_115' title="bbox 1962 5263 2327 5327">
    <p class='ocr_par' dir='ltr' id='par_1_115' title="bbox 1962 5263 2327 5327">
     <span class='ocr_line' id='line_1_115' title="bbox 1962 5263 2327 5327; baseline -0.011 -11"><span class='ocrx_word' id='word_1_811' title='bbox 1962 5263 1974 5294; x_wconf 90' lang='grc'><strong>¹</strong></span> <span class='ocrx_word' id='word_1_812' title='bbox 2016 5264 2138 5327; x_wconf 87' lang='lat' dir='ltr'><strong>Ms.,</strong></span> <span class='ocrx_word' id='word_1_813' title='bbox 2171 5265 2327 5314; x_wconf 81' lang='lat' dir='ltr'><strong>estos.</strong></span> 
     </span>
    </p>
   </div>
   <div class='ocr_carea' id='block_1_116' title="bbox 1960 5334 2435 5397">
    <p class='ocr_par' dir='ltr' id='par_1_116' title="bbox 1960 5334 2435 5397">
     <span class='ocr_line' id='line_1_116' title="bbox 1960 5334 2435 5397; baseline -0.006 -12"><span class='ocrx_word' id='word_1_814' title='bbox 1960 5340 1997 5365; x_wconf 74' lang='grc' dir='ltr'><strong>ιιι</strong></span> <span class='ocrx_word' id='word_1_815' title='bbox 2039 5334 2162 5397; x_wconf 87' lang='lat' dir='ltr'><strong>Ms.,</strong></span> <span class='ocrx_word' id='word_1_816' title='bbox 2197 5335 2435 5383; x_wconf 83' lang='lat' dir='ltr'><strong>accusat.</strong></span> 
     </span>
    </p>
   </div>
   <div class='ocr_carea' id='block_1_117' title="bbox 1956 5402 3232 5469">
    <p class='ocr_par' dir='ltr' id='par_1_117' title="bbox 1956 5402 3232 5469">
     <span class='ocr_line' id='line_1_117' title="bbox 1956 5402 3232 5469; baseline 0.002 -15"><span class='ocrx_word' id='word_1_817' title='bbox 1956 5416 1981 5444; x_wconf 82' lang='grc' dir='ltr'>ιι</span> <span class='ocrx_word' id='word_1_818' title='bbox 2023 5402 2116 5468; x_wconf 87' lang='grc' dir='ltr'><strong>Μ.,</strong></span> <span class='ocrx_word' id='word_1_819' title='bbox 2149 5416 2344 5469; x_wconf 81' lang='lat' dir='ltr'><strong>aspera</strong></span> <span class='ocrx_word' id='word_1_820' title='bbox 2368 5403 2546 5467; x_wconf 76' lang='lat' dir='ltr'><strong>fuit...</strong></span> <span class='ocrx_word' id='word_1_821' title='bbox 2575 5402 2879 5456; x_wconf 79' lang='lat' dir='ltr'><strong>elicitum...</strong></span> <span class='ocrx_word' id='word_1_822' title='bbox 2915 5405 3232 5469; x_wconf 84' lang='lat' dir='ltr'><strong>confectum.</strong></span> 
     </span>
    </p>
   </div>
   <div class='ocr_carea' id='block_1_118' title="bbox 1958 5473 2398 5537">
    <p class='ocr_par' dir='ltr' id='par_1_118' title="bbox 1958 5473 2398 5537">
     <span class='ocr_line' id='line_1_118' title="bbox 1958 5473 2398 5537; baseline 0 -12"><span class='ocrx_word' id='word_1_823' title='bbox 1958 5480 1980 5506; x_wconf 92' lang='lat'><strong>°</strong></span> <span class='ocrx_word' id='word_1_824' title='bbox 2020 5473 2144 5536; x_wconf 73' lang='lat' dir='ltr'><strong>Ms,</strong></span> <span class='ocrx_word' id='word_1_825' title='bbox 2176 5474 2398 5537; x_wconf 75' lang='lat' dir='ltr'><strong>i&#39;n/‘usit.</strong></span> 
     </span>
    </p>
   </div>
   <div class='ocr_carea' id='block_1_119' title="bbox 1957 5542 2797 5600">
    <p class='ocr_par' dir='ltr' id='par_1_119' title="bbox 1957 5542 2797 5600">
     <span class='ocr_line' id='line_1_119' title="bbox 1957 5542 2797 5600; baseline -0.002 -1"><span class='ocrx_word' id='word_1_826' title='bbox 1957 5559 1981 5599; x_wconf 70' lang='grc' dir='ltr'><strong>ιι</strong></span> <span class='ocrx_word' id='word_1_827' title='bbox 2019 5542 2305 5600; x_wconf 80' lang='lat' dir='ltr'><strong>Admisso.</strong></span> <span class='ocrx_word' id='word_1_828' title='bbox 2333 5543 2388 5596; x_wconf 90' lang='lat' dir='ltr'><strong>id</strong></span> <span class='ocrx_word' id='word_1_829' title='bbox 2424 5547 2507 5597; x_wconf 91' lang='lat' dir='ltr'><strong>est</strong></span> <span class='ocrx_word' id='word_1_830' title='bbox 2538 5542 2797 5597; x_wconf 89' lang='lat' dir='ltr'><strong>crimina.</strong></span> 
     </span>
    </p>
   </div>
   <div class='ocr_carea' id='block_1_120' title="bbox 1957 5615 2375 5680">
    <p class='ocr_par' dir='ltr' id='par_1_120' title="bbox 1957 5615 2375 5680">
     <span class='ocr_line' id='line_1_120' title="bbox 1957 5615 2375 5680; baseline -0.002 -12"><span class='ocrx_word' id='word_1_831' title='bbox 1957 5622 1979 5657; x_wconf 73' lang='grc' dir='ltr'><strong>(ι</strong></span> <span class='ocrx_word' id='word_1_832' title='bbox 2022 5615 2139 5680; x_wconf 63' lang='lat' dir='ltr'><strong>Ms,</strong></span> <span class='ocrx_word' id='word_1_833' title='bbox 2173 5617 2229 5667; x_wconf 72' lang='lat' dir='ltr'><strong>in</strong></span> <span class='ocrx_word' id='word_1_834' title='bbox 2258 5615 2375 5669; x_wconf 76' lang='lat' dir='ltr'><strong>illa.</strong></span> 
     </span>
    </p>
   </div>
  </div>
