3860 6262
287 297 381 349 451

291 431 581 501 Scriptura
610 444 766 482 sacra
810 427 1026 499 Spiritu
1084 425 1184 480 Dei
1214 426 1417 479 existat
1474 424 1704 494 scripta,
1755 424 1885 478 inde
1927 428 1981 477 et
2019 427 2061 478 A

289 536 462 587 super
484 519 687 572 faciem
724 521 1072 586 argenteam,
1109 520 1166 569 et
1198 514 1475 567 interiora
1513 514 1741 583 gestitat
1784 529 1974 579 aurea,

288 608 449 677 cujus
480 606 681 660 merito
707 605 944 659 dixerim
976 605 1095 657 alas
1137 602 1414 673 quidquid
1441 602 1808 655 historialiter
1840 618 1978 655 non-

286 696 431 749 tinet
478 694 754 765 quidquid
786 694 1080 746 moraliter
1109 693 1291 756 docet,
1350 691 1631 761 quidquid
1675 691 1853 745 active
1898 692 1981 744 in-

286 784 538 837 format:
590 784 821 837 dorsum
858 798 990 835 vero
1045 798 1159 835 non
1190 781 1426 851 indigne
1484 780 1760 849 accipitur
1810 794 1978 832 omne

286 873 437 943 quod
463 872 785 942 mysticum,
812 871 963 941 quod
992 870 1271 940 spiritale,
1306 870 1575 939 quodque
1596 869 1744 937 gerit
1772 869 1975 936 alit-gu-

286 962 386 1015 riaa
414 962 563 1015 unbe
595 962 843 1014 levatum
877 969 919 1012 ³.
969 961 1047 1013 Ac
1086 975 1189 1029 per
1226 960 1334 1011 hoc
1370 958 1668 1028 Scripturze
1710 974 1880 1010 sacras
1912 973 1979 1010 ex

288 1065 526 1119 corpore
560 1053 615 1101 et
646 1048 900 1118 spiritale
934 1048 1127 1117 vigore
1155 1045 1473 1099 consistunt
1506 1062 1519 1097 :
1550 1050 1603 1098 et
1630 1045 1776 1098 sicut
1798 1060 1979 1097 mem-

290 1137 497 1190 bratim
545 1137 680 1190 foris
729 1136 1119 1190 hebetioribus
1170 1134 1473 1188 lectoribus
1520 1138 1837 1202 patescunt,
1874 1133 1981 1187 ista

288 1225 755 1296 prudentioribus
809 1222 1189 1277 invisibilibus
1243 1222 1494 1291 spiritale
1548 1222 1741 1291 vigore
1799 1221 1980 1274 clare-

291 1319 473 1368 scunt.

358 1405 410 1457 4.
446 1421 472 1452 ί(
523 1402 690 1456 Recte
742 1401 936 1471 itaque
982 1404 1348 1471 procuratum
1381 1408 1484 1464 est,
1533 1404 1593 1452 ut
1638 1399 1717 1452 ait
1758 1398 1980 1467 beatus,

290 1492 453 1546 laude
511 1491 739 1562 egregia
788 1490 1204 1560 praedicandus,
1264 1489 1589 1552 Eucherius,
1624 1494 1686 1540 ut
1732 1487 1831 1541 illa
1861 1488 1977 1540 elo-

288 1581 556 1652 quiorum
587 1580 813 1633 castitas
841 1596 873 1632 a
906 1578 1247 1649 promiscuis
1274 1582 1610 1630 cunctorum
1658 1576 1836 1629 oculis
1876 1576 1979 1629 ab-

289 1671 405 1724 dito
433 1673 457 1712 b
487 1686 589 1722 suo
624 1669 788 1739 quasi
818 1668 1069 1738 quodam
1121 1667 1406 1719 velamine
1449 1664 1737 1734 pudicitiae
1781 1670 1982 1717 conte-

290 1763 565 1827 gerctur:
623 1762 679 1809 at
726 1756 915 1808 divina
962 1754 1176 1822 optime
1216 1753 1643 1823 dispensatione
1688 1753 1979 1822 provisum

289 1850 375 1899 est
407 1850 468 1897 ut
497 1844 707 1913 scripta
738 1844 816 1895 ita
866 1848 1216 1912 tegerentur,
1273 1841 1594 1895 caelestibus
1644 1841 1981 1895 obumbrata

292 1933 595 2002 mysteriis,
661 1937 724 1985 ut
782 1937 996 1984 secreto
1047 1947 1149 1983 suo
1197 1930 1321 2000 ipsa
1366 1930 1633 1983 divinitas
1683 1930 1979 2000 operieba-

290 2027 383 2074 tur
412 2030 448 2074 °.
487 2043 513 2069 ι)
557 2021 735 2089 Hujus
768 2024 1056 2089 argenteae
1092 2034 1391 2088 aureasque
1419 2019 1701 2072 columbae
1735 2018 1979 2088 speciem

290 2108 587 2163 saeculares
618 2108 879 2160 nesciunt
909 2107 1130 2172 litterze,
1179 2107 1448 2176 ignorant
1486 2106 1830 2177 philosophi,
1881 2123 1982 2159 nec

288 2198 459 2252 vestri
490 2202 801 2268 potuerunt
832 2196 971 2249 scire
1010 2196 1388 2265 grammatici,
1443 2196 1537 2249 sed
1565 2200 1787 2250 tantum
1821 2194 1848 2231 ἀ
1877 2213 1980 2248 no-

287 2288 389 2341 stri
416 2287 630 2349 idiotae,
665 2292 720 2339 et
751 2286 964 2350 rustici,
1007 2290 1061 2338 et
1101 2301 1303 2338 manus
1350 2285 1585 2338 callosas
1607 2288 1869 2354 gerentes
1913 2301 1980 2337 ex

288 2392 479 2446 opere.
518 2376 673 2429 Unde
716 2381 773 2428 et
802 2379 999 2427 noster
1026 2374 1269 2427 rusticus
1311 2390 1441 2426 cum
1481 2375 1649 2427 ticum
1684 2374 1978 2435 insereret,

288 2463 506 2516 invenit
553 2462 703 2532 quod
749 2460 1047 2530 sophistici
1079 2461 1425 2514 nescierunt.
1471 2463 1529 2515 In
1559 2464 1834 2529 principio
1865 2464 1983 2514 erat

300 2551 557 2615 Verbum,
591 2555 639 2603 et
678 2550 915 2603 Verbum
962 2554 1079 2602 erat
1136 2549 1286 2616 apud
1343 2551 1527 2615 Deum,
1586 2554 1635 2602 et
1679 2552 1814 2602 Dcus
1865 2552 1982 2601 erat

296 2640 547 2694 Verbum.
582 2638 705 2691 Hoc
736 2640 933 2691 eratin
983 2640 1258 2706 principio
1303 2637 1453 2705 apud
1502 2639 1669 2691 Deum
1694 2639 1869 2707 (Joan.
1924 2642 1979 2700 ι).

290 2729 402 2781 Hoc
436 2728 590 2780 Plato
620 2726 823 2779 doctus
848 2725 1102 2787 nescivit,
1137 2726 1245 2779 hoc
1277 2726 1494 2778 'l‘ullius
1526 2727 1797 2796 eloquens
1818 2726 1980 2795 igno-

286 2816 454 2881 ravit,
502 2815 608 2868 hoc
655 2815 877 2868 fervens
934 2814 1341 2868 Demosthenes
1395 2830 1690 2884 nunquam
1753 2815 1982 2884 penitus

287 2904 593 2975 indagavit.
625 2904 983 2957 Aristotelica
1014 2905 1119 2956 hoc
1162 2920 1277 2957 non
1310 2903 1561 2957 continet
1590 2906 1822 2972 pineta”
1852 2921 1983 2957 cou-

289 2998 456 3059 torta,
490 2992 794 3063 Chrysippi
826 2992 930 3045 hoc
962 3008 1080 3045 non
1125 2992 1377 3045 retinent
1407 2992 1671 3045 acumina
1702 2994 1976 3046 ﬂexuosa.
2022 3025 2060 3079 Ο

289 3083 411 3136 Non
454 3081 661 3134 Donati
713 3097 803 3133 ars
861 3080 998 3133 artis
1046 3081 1260 3149 regulis
1308 3080 1599 3148 indagata,
1659 3097 1762 3134 nec
1810 3083 1982 3135 totius

287 3170 794 3241 grammaticorum
861 3169 1005 3221 oliva
1082 3168 1400 3237 disciplina.
1472 3169 1835 3230 Geumetrici,
1915 3188 1981 3224 ex

286 3265 439 3312 terra
494 3258 697 3322 vocati,
753 3263 981 3311 terrena
1029 3263 1084 3310 et
1140 3258 1412 3326 pulverea
1460 3258 1745 3326 prosecuti
1801 3265 1977 3313 sunt:

286 3347 557 3401 rhetorici
589 3346 809 3399 verbosi
857 3345 1133 3416 superﬂui
1176 3362 1365 3399 aerem
1404 3352 1575 3399 vento
1622 3347 1984 3416 repleverunt

284 3435 479 3489 inani:
516 3434 799 3488 dialectici
847 3434 1026 3488 stricti
1056 3434 1290 3503 regulis,
1325 3439 1379 3487 et
1428 3434 1679 3505 undique
1728 3437 1983 3506 syllogis-

285 3522 392 3576 mis
421 3522 698 3593 perplexi,
732 3522 914 3577 dolosi
962 3527 1019 3575 et
1065 3523 1271 3587 callidi,
1330 3523 1622 3577 delusores
1674 3525 1979 3578 verborum

285 3618 419 3665 sunt
457 3612 646 3665 verius
676 3627 848 3681 quam
904 3614 1211 3665 structores
1247 3627 1441 3665 rerum
1489 3612 1738 3666 dicendi.
1788 3613 1979 3666 Arith-

285 3698 477 3752 metici
536 3715 912 3753 numerorum
961 3715 1159 3753 causas
1190 3700 1460 3770 indagare
1506 3705 1641 3753 sunt
1694 3700 1825 3767 nisi,
1883 3702 1979 3754 sed

283 3802 484 3840 eorum
518 3788 830 3841 medullam
866 3804 981 3842 non
1003 3794 1315 3859 potuerunt
1347 3789 1579 3855 sentire,
1613 3794 1827 3861 quanto
1860 3807 1978 3843 ma-

282 3875 368 3943 gis
389 3876 573 3931 dicere
605 3876 640 3930 ί.
694 3878 886 3930 Musici
926 3878 1216 3933 inﬂatores
1256 3879 1386 3932 vani
1430 3883 1732 3933 ventorum
1764 3879 1980 3932 ﬂaviles

284 3963 569 4032 prosecuti
611 3969 745 4017 sunt
774 3981 963 4030 auras,
1012 3969 1069 4018 et
1120 3966 1189 4019 ad
1220 3967 1514 4020 veritatem
1567 3966 1721 4019 illius
1750 3966 1981 4020 musica:

283 4051 420 4105 artis
457 4068 754 4121 nunquam
785 4057 1101 4121 potuerunt
1144 4053 1438 4122 subrigere
1481 4054 1618 4106 alas.
1669 4055 1792 4107 Jam
1845 4071 1980 4108 vero

282 4138 553 4208 astrologi
591 4140 902 4193 coelotenus
950 4141 1254 4193 voluerunt
1295 4142 1500 4210 pennis
1535 4142 1747 4207 volare,
1778 4144 1876 4197 sed
1924 4144 1981 4197 in

283 4231 509 4279 tantum
544 4242 656 4279 non
681 4231 993 4296 potuerunt
1024 4228 1159 4281 illuc
1192 4229 1457 4283 fanorum
1492 4229 1667 4283 ductu
1713 4247 1980 4285 conscen-

283 4315 440 4380 dere,
476 4318 541 4367 ut
585 4314 767 4384 magis
803 4319 1090 4369 terrenam
1120 4316 1179 4369 in
1221 4317 1362 4370 ccelo
1403 4333 1577 4387 quam
1607 4319 1889 4372 ccelestem
1922 4320 1981 4373 in

281 4405 439 4454 terra
476 4400 806 4455 indiderent
837 4401 1142 4455 rationem.
1177 4405 1315 4457 Nam
1346 4403 1482 4457 dum
1518 4405 1723 4460 arietes
1760 4412 1817 4460 et
1848 4412 1980 4460 tau-

281 4505 398 4556 ros,
434 4490 685 4559 scorpios
730 4494 783 4543 et
823 4490 1084 4553 kancros,
1145 4492 1341 4545 leones
1381 4496 1437 4545 et
1469 4509 1644 4559 ursos,
1698 4511 1894 4565 capras
1927 4500 1982 4548 et

283 4578 464 4648 pisces
493 4577 554 4631 in
586 4577 712 4632 coeli
757 4578 984 4633 climate
1028 4580 1379 4645 locaverunt,
1431 4581 1565 4651 quid
1619 4582 1773 4638 aliud
1808 4600 1981 4653 quam

283 4670 509 4720 terrena
548 4666 609 4720 in
660 4667 909 4721 calestia
965 4666 1387 4722 sublimarunt?
1439 4671 1757 4725 nescientes
1826 4672 1980 4725 enim

283 4760 545 4809 naturam
578 4756 722 4823 coeli,
754 4760 808 4809 ct
838 4755 907 4809 de
939 4772 1005 4809 eo
1029 4756 1182 4825 quod
1212 4757 1539 4811 nesciebant
1558 4763 1772 4813 temere
1793 4760 1984 4830 dispu-

288 4845 407 4896 tare
437 4844 748 4898 tenderunt
782 4844 848 4897 ad
880 4844 1075 4897 inclita
1111 4861 1348 4898 ausum:
1390 4846 1485 4899 sed
1521 4846 1661 4900 nihil
1693 4848 1981 4917 produxe-

289 4936 424 4984 runt
454 4932 553 4986 tali
585 4932 837 4986 materiae
880 4932 1140 5001 dignum,
1182 4934 1316 5004 quia
1347 4934 1608 5004 spiritum
1642 4953 1742 5006 per
1771 4936 1981 4991 huma-

286 5034 447 5087 num,
485 5037 598 5075 non
632 5021 752 5075 haec
785 5037 885 5091 per
913 5022 1177 5091 spiritum
1205 5023 1491 5078 rimaruut
1520 5024 1797 5079 divinum.

361 5188 382 5213 ³
424 5179 481 5232 F.
511 5179 765 5232 relatum.

354 5249 552 5324 b_Ms_.,
601 5249 820 5324 additu.
856 5249 1060 5324 Vterum
1119 5252 1307 5307 abdito
1362 5254 1666 5324 legendum
1731 5271 1799 5310 ex
1850 5255 1979 5310 divo

285 5320 565 5444 {Euclherio
623 5320 684 5373 in
752 5321 1091 5390 praefatione
1152 5324 1284 5378 libri
1350 5320 1745 5380 Formularum
1806 5328 1979 5396 spiri-

311 5406 551 5444 uatum.

311 5406 551 5445 uanum.

353 5470 378 5535 ἦ
412 5462 502 5535 Sic
532 5460 685 5530 apud
718 5462 955 5518 Eucher.
993 5463 1071 5517 ibi
1098 5480 1110 5518 :
1141 5470 1195 5518 at
1230 5481 1361 5531 ms.,
1397 5466 1747 5535 operabatur.

353 5530 379 5567 ἀ
418 5533 539 5599 Ms,
573 5536 738 5586 tante.

354 5614 375 5640 ο
416 5604 474 5656 F.
514 5602 741 5669 melius,
769 5605 1000 5671 spineta.

1638 288 1893 342 ALVARI
1931 286 2429 344 CORDUBENSIS.
3694 288 3773 339 ~35?

2252 423 2413 486 Quod
2463 423 2509 475 si
2552 422 2759 476 horum
2804 422 3103 476 hominum
3138 423 3359 476 litteras
3412 422 3661 492 spiritali
3713 424 3775 475 τι.
3834 422 3835 509 1

2086 528 2226 582 gore
2260 512 2385 582 quis
2417 511 2553 564 dicit
2603 528 2722 564 esse
2774 512 3076 570 confectas,
3129 513 3323 582 procul
3358 511 3546 566 dubio
3579 514 3777 565 contra-
3834 516 3835 521 “

2088 601 2170 653 ria
2202 601 2334 655 fidei
2387 600 2589 653 asserit
2637 606 2870 666 nostrae,
2921 606 2978 655 et
3020 601 3199 654 hostis
3242 617 3305 654 ac
3348 601 3669 654 infamator
3712 607 3777 654 est

2088 690 2396 758 Scriptura
2432 690 2636 743 divinae
2680 705 2693 743 :
2748 690 2886 743 dum
2922 694 2980 743 et
3027 690 3285 759 linguam
3330 688 3688 750 Leviatham,
3730 690 3776 741 li-

2087 784 2275 849 gatam
2317 779 2522 833 Christi
2556 779 2674 847 jam
2707 777 2898 841 hamo,
2933 784 2990 831 et
3025 778 3196 830 maris
3245 779 3484 848 [Egypti
3518 777 3771 847 linguam,

2088 866 2487 938 Redemptoris
2527 867 2780 919 desolata
2809 866 3076 932 adventu,
3110 882 3261 919 nunc
3293 866 3509 919 asserit
3557 882 3776 934 quocun-

2088 973 2197 1027 que
2236 957 2425 1026 vigere
2472 956 2645 1009 nisu:
2692 958 2749 1007 et
2795 954 2897 1008 tali
2945 955 3164 1008 divinas
3215 955 3421 1008 asserit
3482 954 3776 1024 Scripturas

2087 1048 2232 1114 stylo
2275 1045 2577 1110 confectas,
2621 1044 2777 1113 quali
2816 1044 3049 1096 fuerunt
3080 1043 3574 1113 philosophorum
3607 1044 3777 1097 inanes

2089 1134 2363 1188 doctrinae
2395 1139 2450 1187 et
2494 1133 2672 1187 falsas.
2726 1135 2789 1187 Et
2820 1133 2916 1186 ubi
2953 1133 3063 1186 erit
3112 1132 3252 1186 illud
3300 1134 3494 1186 nostri
3548 1134 3777 1187 Psalmo-

2088 1224 2293 1293 graphi
2331 1223 2546 1276 dictum
2582 1240 2594 1276 :
2647 1224 2880 1290 Eloquia
2923 1224 3162 1289 Domini,
3216 1223 3436 1289 eloquia
3486 1228 3667 1280 casta:
3710 1239 3778 1275 ar-

2086 1318 2303 1379 gentum
2339 1314 2463 1378 igne
2504 1314 2922 1375 examinatum,
2954 1312 3241 1380 probatum
3272 1318 3455 1372 terrae,
3501 1316 3776 1378 purgatum

2086 1402 2395 1471 septuplum
2444 1402 2549 1469 (Ps.
2598 1417 2669 1453 x1.
2702 1401 2777 1453 De
2818 1416 2931 1469 qua
2983 1405 3037 1453 et
3082 1400 3346 1469 superior
3396 1399 3611 1452 doctor
3660 1400 3776 1452 dicit

2089 1488 2382 1559 egregius:
2420 1509 2441 1537 ι
2476 1489 2585 1541 Nec
2608 1487 2933 1540 mirandum
2965 1487 3118 1557 quod
3150 1503 3337 1540 sermo
3366 1487 3626 1550 divinus,
3672 1504 3774 1556 pro-

2089 1579 2389 1648 phetarum
2439 1578 2948 1646 apostolorumque
3003 1593 3101 1629 ore
3162 1576 3411 1645 prolatu,
3459 1576 3532 1628 ab
3590 1579 3771 1628 usitato

2093 1668 2188 1720 illo
2220 1668 2546 1721 hominibus
2598 1666 2881 1719 scribendi
2942 1666 3110 1719 modo
3169 1666 3420 1717 multum
3477 1665 3772 1725 recesserit,

2090 1757 2275 1810 facilia
2333 1756 2390 1809 in
2422 1761 2696 1826 promptu
2743 1756 2976 1819 habens,
3028 1771 3237 1823 magna
3288 1755 3347 1807 in
3419 1754 3771 1807 interioribus

2093 1847 2212 1899 suis
2260 1845 2588 1910 continens;
2633 1844 2769 1915 quia
2822 1849 2878 1897 et
2929 1859 3123 1896 revera
3178 1843 3284 1895 fuit
3330 1856 3681 1910 congruum,
3727 1845 3773 1892 ut

2092 1950 2250 1987 sacra
2279 1934 2427 1986 dicta
2456 1950 2489 1986 a
2517 1933 2737 1986 caeteris
2770 1932 2993 2001 scriptis
3051 1944 3101 1993 ε,
3136 1932 3285 1983 sicut
3339 1931 3579 1995 merito,
3614 1930 3685 1981 ita
3730 1936 3771 1981 et

2092 2024 2278 2093 specie
2314 2023 2791 2083 discernerentur,
2834 2037 2903 2074 ne
2925 2021 3021 2074 illa
3070 2019 3390 2073 caelestium
3456 2034 3771 2071 arcanorum

2093 2111 2339 2179 dignitas
2395 2111 2604 2180 passim
2668 2117 2839 2179 atque
2898 2108 3203 2162 indiscrete
3269 2107 3494 2160 cunctis
3552 2111 3768 2175 pateret,

2091 2206 2464 2269 sanctumque
2522 2199 2778 2261 canibus,
2836 2201 2890 2250 et
2957 2196 3296 2265 margaritas
3362 2195 3561 2265 porcis
3623 2210 3768 2262 expo-

2092 2294 2270 2341 neret.
2304 2309 2322 2335 ν
2358 2290 2421 2341 Et
2451 2287 2587 2357 quia
2618 2287 2906 2339 saecularis
2936 2285 3171 2338 scientia
3201 2283 3331 2337 ideo
3360 2299 3471 2336 nec
3514 2283 3771 2351 aenigma-

2093 2377 2201 2430 tice
2244 2375 2620 2446 prophetizat,
2652 2374 2953 2429 Psalmista
2988 2373 3126 2427 dicit
3160 2389 3172 2425 :
3212 2374 3287 2427 Tu
3316 2372 3597 2439 dirupisti
3621 2374 3769 2436 fontes

2091 2471 2139 2519 et
2174 2470 2450 2529 torrentes,
2482 2469 2541 2517 tu
2585 2465 2874 2516 exsiccasti
2903 2464 3127 2529 ﬂumina
3160 2463 3341 2515 Ethan
3384 2461 3559 2527 (Psal.
3585 2460 3765 2515 Lxxmi.

2094 2555 2298 2606 Fontes
2339 2557 2394 2605 et
2433 2556 2714 2605 torrentes
2761 2550 3008 2619 disrupit
3042 2549 3333 2614 Dominus,
3379 2548 3525 2601 dum
3582 2548 3769 2600 ﬂuenta

2091 2641 2343 2694 veritatis
2393 2642 2450 2695 iu
2500 2641 2889 2709 apostolorum
2937 2653 3173 2690 suorum
3220 2638 3452 2706 aperuit
3504 2635 3767 2689 cordibus.

2090 2731 2171 2784 Ad
2231 2745 2478 2799 quorum
2515 2728 2831 2783 doctrinam
2862 2727 3119 2780 sitientes
3163 2726 3428 2779 videlicet
3476 2726 3766 2795 pergimus,

2090 2835 2154 2873 ac
2186 2835 2310 2872 mox
2354 2817 2589 2870 veritate
2633 2817 2829 2886 plenas
2878 2818 3099 2868 nostras
3142 2815 3489 2884 lagungulas
3531 2815 3556 2854 h
3606 2826 3771 2880 repor-

2091 2914 2297 2961 tamus.
2330 2906 2440 2961 Sed
2495 2906 2703 2959 horum
2736 2904 3033 2974 apertione
3079 2903 3325 2956 fontium
3376 2902 3541 2955 ﬂuvii
3595 2901 3767 2954 Etham

2091 2995 2346 3050 exsiccati
2378 2995 2651 3053 existunt,
2685 2995 2820 3062 quia
2843 2999 2906 3045 ut
2936 2992 3208 3046 doctrinae
3230 2991 3441 3043 veritas
3474 3006 3578 3059 per
3621 2989 3765 3041 ﬁdem

2093 3085 2378 3156 apparuit,
2412 3084 2713 3153 gentilium
2744 3082 2883 3135 falsa
2914 3082 3154 3135 scientia
3183 3097 3280 3133 ora
3312 3080 3613 3133 conclusit.

2163 3178 2215 3227 6.
2253 3174 2359 3227 Sed
2391 3173 2458 3226 ad
2508 3172 2803 3242 probanda
2841 3175 3051 3223 nostra)
3080 3168 3527 3223 Christianitatis
3566 3163 3765 3233 eloquia

2092 3262 2436 3326 veneranda,
2470 3266 2525 3313 et
2568 3260 2871 3330 gentilium
2904 3258 3307 3311 exsecrabilem
3356 3259 3472 3311 Deo
3524 3260 3580 3309 et
3608 3251 3765 3306 homi-

2093 3352 2261 3405 nibus
2292 3349 2741 3419 comprobanda,
2777 3348 3092 3400 multorum
3142 3347 3443 3399 doctorum
3494 3345 3555 3397 in
3611 3355 3765 3395 unum

2092 3458 2190 3495 cor
2243 3439 2519 3493 vertimus
2561 3438 2573 3471 ⁵
2610 3454 2621 3490 :
2675 3443 2731 3489 et
2771 3435 3103 3489 testimonia
3159 3451 3285 3504 quae
3334 3450 3516 3504 penes
3562 3447 3650 3483 me
3687 3430 3765 3481 ha-

2091 3528 2299 3582 bentur
2328 3528 2602 3580 hactenus
2649 3529 3013 3593 congregata,
3062 3524 3146 3576 vel
3193 3523 3262 3576 de
3320 3524 3417 3575 illa
3471 3518 3763 3592 quaestione

2093 3616 2359 3679 secunda,
2399 3615 2495 3668 ubi
2555 3614 2624 3667 de
2687 3613 2986 3667 divinitate
3045 3610 3253 3666 Christi
3310 3616 3369 3663 et
3427 3607 3765 3663 humanitate

2091 3710 2280 3759 nostra
2325 3703 2435 3757 fuit
2483 3703 2641 3756 vobis
2697 3701 2991 3770 responsio
3056 3704 3394 3770 temperata,
3463 3700 3631 3768 plura
3688 3694 3763 3746 do-

2090 3798 2308 3847 ctorum
2341 3792 2585 3862 legimus
2616 3792 2867 3853 ﬂoscula,
2892 3806 3019 3860 quae
3050 3789 3212 3842 nobis
3246 3793 3415 3841 erunt
3446 3785 3763 3857 quandoque

2091 3882 2390 3949 mittenda,
2431 3881 2475 3933 si
2507 3878 2801 3949 responsio
2848 3878 3007 3931 ﬂuvii
3037 3877 3209 3931 vestri
3258 3876 3421 3929 nobis
3472 3872 3761 3929 identidem

2090 3967 2342 4021 existerit
2371 3966 2553 4019 obvia.
2602 3965 2807 4019 Verum
2849 3964 2971 4016 haec
3003 3967 3061 4016 et
3087 3963 3199 4015 alia
3229 3978 3485 4031 congruo
3530 3967 3762 4027 tempore

2091 4061 2399 4122 servantes,
2474 4059 2529 4108 et
2582 4054 2640 4107 in
2707 4052 3014 4107 omnibusi
3077 4051 3474 4121 temperantiae
3554 4046 3763 4102 modum

2090 4149 2372 4210 tenentes,
2398 4143 2464 4197 ad
2495 4142 2657 4195 illum
2688 4141 2917 4195 ﬂectere
2956 4139 3263 4193 articulum
3296 4138 3584 4207 congruit,
3629 4128 3759 4202 quod

2092 4238 2346 4285 mentem
2400 4236 2667 4296 macerat,
2720 4234 2777 4282 et
2822 4229 3074 4282 animam
3114 4228 3247 4280 urit.
3293 4226 3453 4289 Quod
3488 4240 3592 4278 nec
3628 4218 3762 4287 cogi-

2023 4323 2064 4376 D
2088 4324 2210 4373 tare
2242 4320 2421 4383 valeo,
2455 4334 2558 4371 nec
2591 4318 2778 4372 dicere
2809 4333 2976 4387 queo.
3015 4316 3099 4370 0b
3120 4316 3273 4385 quod
3304 4320 3359 4368 et
3387 4314 3562 4383 hujus
3590 4306 3760 4378 inqui-

2089 4407 2313 4461 sitionis
2342 4412 2588 4477 caeptum
2614 4421 2766 4459 nunc
2794 4409 2978 4458 exstat
3007 4405 3320 4457 inuectum.

2158 4501 2215 4552 '7.
2241 4496 2402 4551 Unde
2432 4511 2592 4566 rogo,
2617 4498 2748 4564 peto
2779 4498 2834 4546 et
2860 4492 3077 4563 ﬂagito,
3110 4497 3171 4544 ut
3204 4507 3301 4544 cor
3326 4496 3489 4543 tuum
3522 4490 3575 4543 in
3618 4498 3761 4540 men-

2089 4593 2205 4641 tem
2245 4584 2568 4638 mirabilem
2619 4581 2761 4636 mihi
2804 4585 2984 4635 totam
3029 4597 3060 4633 a
3106 4580 3257 4633 curis
3282 4578 3477 4633 saeculi
3546 4577 3760 4631 liberam

2088 4690 2399 4745 praepares,
2427 4676 2483 4726 et
2520 4672 2589 4726 ad
2622 4688 2688 4725 ea
2717 4687 2846 4741 qua:
2877 4670 3107 4740 inquiro
3142 4668 3406 4722 rimanda
3436 4662 3755 4721 enucleatius

2090 4764 2290 4833 vigiles
2322 4779 2335 4815 :
2397 4761 2636 4815 forsitan
2669 4760 2962 4831 aperietur
2998 4757 3142 4811 mihi
3174 4774 3277 4827 per
3304 4757 3606 4810 fraternale
3634 4750 3758 4805 sola-

2090 4851 2258 4915 tium,
2293 4849 2447 4921 quod
2469 4849 2742 4902 hactenus
2771 4850 2969 4901 manet
2997 4845 3378 4899 occultatione
3416 4860 3519 4897 sua
3543 4838 3757 4914 quadam

2090 4940 2398 5010 sepultum.
2452 4938 2706 5009 Denique
2738 4936 3085 5011 quaestiones
3116 4934 3185 4988 de
3224 4933 3477 4987 hominis
3530 4932 3702 4987 anima
3733 4938 3757 4974 3

2088 5028 2286 5083 multis
2315 5026 2558 5098 agitatas
2596 5025 2860 5097 cognovi,
2894 5025 3044 5078 inter
3091 5023 3299 5077 multos
3350 5023 3625 5077 discursas
3651 5029 3758 5087 per-

2160 5183 2178 5219 τ
2216 5185 2306 5239 Μ..
2340 5185 2470 5238 dici.

2161 5268 2190 5310 ε
2229 5226 2349 5323 Μέ.,
2380 5257 2522 5309 veris
2552 5256 2795 5325 scriptis.
2835 5251 3147 5307 Eucherius
3169 5266 3325 5318 vero,
3365 5249 3466 5303 ubi
3523 5262 3694 5319 supra.
3726 5257 3751 5292 α

2087 5329 2313 5381 ceteris.

2159 5399 2186 5439 ιι
2228 5398 2285 5451 L.
2337 5398 2678 5465 lagunculas,
2728 5396 2879 5450 idem
2911 5410 2974 5448 ac
3003 5410 3177 5465 parva
3234 5393 3449 5459 lagena.
3484 5385 3750 5461 Hispanice

2091 5469 2284 5523 Jarro.

2166 5540 2175 5571 ί
2219 5540 2339 5607 Ms.,
2368 5554 2457 5593 cor
2487 5540 2760 5593 certimus.

2233 5610 2354 5675 Ms,
2388 5609 2713 5662 hominibus.
