3860 6262
87 338 194 391 453

85 472 203 539 legi
240 488 255 525 :

85 566 309 619 iuveni.
342 567 447 619 Sed
486 566 626 636 quid
681 566 1013 637 repererim,
1063 566 1269 636 quidve
1311 566 1463 636 apud
1516 567 1662 619 viros
1705 567 1791 619 iu-

88 656 305 707 lustres
335 656 688 725 disputatum
736 655 1123 726 cognoverim,
1158 660 1275 709 tota
1323 656 1413 709 hie
1460 672 1575 708 non
1622 656 1792 709 verba

88 745 425 809 retexendo,
462 745 558 798 sed
612 745 823 797 sensim
857 744 1168 798 breviaudo
1222 745 1513 798 narrabo:
1560 750 1616 797 et
1666 761 1793 815 quae

86 834 220 899 sint,
257 834 348 887 vel
400 834 593 904 qualia
639 851 765 903 quae
799 834 866 887 de
909 833 1007 886 illa
1057 850 1146 887 me
1198 833 1512 887 identidem
1566 839 1796 887 movent

88 923 222 975 licet
285 924 494 976 rustice
552 923 881 992 indagabo:
941 927 1002 975 ut
1059 923 1304 993 qualiter
1358 937 1381 965 δ
1432 923 1793 977 inscientiam

86 1028 284 1065 meam
332 1013 551 1077 doceas,
594 1014 677 1065 vel
718 1012 1077 1066 documentis
1118 1028 1209 1065 me
1244 1012 1490 1065 instruas
1520 1014 1790 1083 apertius.

86 1100 245 1153 Scias
297 1102 368 1154 de
417 1101 621 1155 animae
670 1101 1100 1154 immortalitate
1159 1101 1301 1154 duos
1359 1101 1792 1171 soliloquiorum

83 1189 463 1244 beatissimus
500 1191 852 1260 Augustinus
882 1190 1217 1260 conscripsit
1264 1190 1505 1255 libellos,
1542 1192 1795 1244 doctrina

84 1280 371 1348 proﬂuos,
408 1286 463 1333 et
493 1279 942 1332 evidentioribus
991 1279 1217 1332 indiciis
1250 1279 1471 1333 abunde
1512 1280 1789 1349 perfusos.

86 1369 146 1419 lu
202 1367 423 1437 quibus
468 1367 959 1420 immortalitatem
1001 1367 1122 1437 ejus
1181 1367 1473 1420 verissime
1505 1373 1562 1421 et
1609 1368 1795 1437 c0pio-

86 1456 337 1523 sissime,
396 1456 603 1526 quibus
655 1455 829 1509 valuit
874 1456 1301 1521 assertionibus,
1360 1456 1790 1527 comprobavit:

86 1546 183 1598 sed
242 1551 301 1599 et
352 1546 412 1598 in
459 1546 618 1598 libris
665 1562 807 1615 quos
871 1548 940 1598 De
981 1545 1210 1600 Civilale
1257 1548 1355 1598 Dei
1397 1546 1550 1599 idem
1596 1546 1796 1599 doctor

90 1636 294 1686 beatus
348 1634 687 1697 adtitulavit,
741 1634 907 1703 plura
966 1650 1027 1686 ac
1093 1634 1260 1687 fortia
1308 1635 1793 1704 compuguatione

88 1722 304 1775 anima?
342 1728 398 1775 et
437 1723 622 1775 carnis
654 1723 893 1774 inseruit
924 1738 936 1774 :
968 1728 1022 1775 et
1054 1722 1206 1791 quod
1238 1722 1307 1775 de
1366 1730 1594 1791 peccato
1644 1740 1792 1793 prae-

90 1810 463 1862 varicationis
494 1810 615 1878 ipsa
667 1809 1031 1879 impugnatio
1074 1810 1225 1862 inter
1255 1826 1485 1863 carnem
1518 1817 1573 1864 et
1620 1811 1791 1880 spiri-

89 1904 209 1950 tum
244 1904 374 1951 orta
426 1898 517 1961 sit,
570 1897 884 1951 certissime
944 1899 1354 1968 comprobavit.
1408 1898 1515 1953 Sed
1567 1901 1635 1953 de
1698 1900 1795 1953 illo

90 1986 247 2056 quod
280 2002 391 2054 ego
423 1985 590 2055 cupio
622 1985 699 2037 nil
732 1986 958 2054 penitus
992 1986 1199 2055 tetigit.
1234 1988 1373 2040 Item
1422 1988 1617 2041 beatus
1669 1988 1795 2042 Hie-

94 2090 375 2143 ronymus
409 2074 477 2127 de
522 2074 733 2127 Natura
771 2074 991 2127 Anima:
1050 2076 1303 2128 libellum
1352 2092 1589 2145 parvum
1635 2093 1796 2130 com-

90 2164 304 2231 posuit,
342 2168 396 2215 et
426 2167 621 2215 contra
669 2180 763 2215 eos
813 2163 909 2233 qui
954 2180 1078 2216 eam
1112 2181 1173 2216 ex
1227 2166 1460 2218 traduce
1493 2169 1674 2219 ortam
1714 2183 1798 2219 as-

95 2258 314 2315 serunt,
368 2256 426 2304 et
465 2252 752 2320 quomodo
801 2268 1007 2321 corpus
1059 2269 1126 2305 ex
1182 2270 1421 2323 corpore
1476 2254 1552 2307 sic
1603 2254 1797 2307 anima

95 2342 245 2393 nasci
278 2357 349 2392 ex
382 2341 605 2405 anima;
640 2340 790 2392 varie
833 2356 896 2393 ac
923 2341 1233 2394 fortissime
1266 2342 1555 2395 dimicavit
1588 2360 1600 2396 :
1641 2360 1796 2397 eam-

94 2446 202 2498 que
250 2445 463 2482 novam
514 2429 637 2482 fieri
668 2429 929 2499 quotidie
986 2430 1351 2484 nascentibus
1401 2433 1593 2485 multis
1658 2432 1800 2486 Scri-

94 2523 402 2587 pturarum
483 2518 829 2571 testimoniis
875 2518 1183 2571 affirmavit
1263 2524 1317 2573 et
1370 2521 1439 2574 ad
1481 2525 1796 2575 extremum

95 2608 381 2675 originem
431 2606 555 2675 ejus
616 2606 832 2659 nescire
883 2624 941 2659 se
1005 2606 1163 2659 dixit.
1219 2607 1322 2660 Sed
1366 2613 1423 2660 et
1477 2607 1535 2660 in
1590 2608 1799 2677 dogma

95 2700 423 2748 sanctorum
481 2696 709 2747 Patrum
770 2695 920 2747 idem
982 2695 1374 2748 sanctissimus
1429 2696 1618 2750 dixit:
1676 2698 1795 2749 Non

94 2784 366 2853 spiritum
418 2783 517 2836 Dei
570 2784 821 2836 animam
885 2800 1026 2850 esse,
1083 2784 1177 2836 sed
1240 2785 1440 2837 flatum
1495 2786 1798 2838 creationis

96 2879 307 2937 actum,
343 2888 462 2925 non
492 2872 879 2941 generationis
902 2878 1301 2941 expromptum
1335 2888 1347 2925 :
1375 2874 1471 2941 ubi
1502 2879 1559 2926 et
1579 2875 1797 2927 animas

99 2977 266 3013 novas
318 2976 552 3029 semper
598 2960 961 3013 nascentibus
1008 2961 1188 3013 creari
1220 2961 1377 3015 dixit.
1426 2963 1536 3015 Nec
1579 2979 1673 3015 eas
1735 2964 1797 3016 in

98 3049 265 3101 semel
309 3053 528 3100 creatas
571 3047 631 3101 in
677 3047 980 3118 principio,
1037 3054 1100 3101 ut
1145 3048 1415 3119 Origenes
1463 3050 1649 3119 ﬁngit,
1693 3068 1794 3106 nec
1834 3080 1871 3133 Ο

100 3154 195 3207 per
215 3139 438 3190 coitum
470 3136 764 3201 seminari,
796 3136 942 3189 sicut
965 3136 1141 3207 aliqui
1176 3138 1501 3192 Latinorum
1525 3156 1797 3209 praesum-

100 3232 286 3294 ptores
316 3224 684 3291 contendere,
720 3224 1037 3278 affirmavit.
1078 3227 1215 3279 Nam
1277 3232 1331 3280 et
1361 3228 1625 3297 egregius
1679 3231 1794 3282 Au-

99 3315 377 3383 gustinus,
414 3313 611 3381 iujam
647 3312 797 3365 dicto
828 3313 1084 3366 Civitatis
1119 3315 1216 3368 Dei
1248 3332 1438 3383 opere,
1476 3316 1791 3370 identidem

100 3405 291 3455 flatum
328 3402 428 3456 Dei
465 3403 715 3454 animam
758 3419 870 3455 non
910 3420 976 3455 ex
1026 3403 1346 3457 substantia
1398 3405 1497 3457 Dei
1545 3407 1796 3475 eleganti

98 3491 473 3544 similitudine
541 3491 951 3561 comprobavit.
1032 3493 1097 3545 Et
1162 3492 1373 3546 iterum
1446 3495 1794 3548 Claudianus

96 3586 289 3633 contra
314 3580 593 3650 opuscula
636 3595 938 3649 suppresso
988 3580 1219 3634 nomine
1266 3581 1517 3635 Cassiani
1562 3588 1676 3636 tres
1723 3584 1793 3637 1i-

98 3668 225 3721 bros
257 3669 327 3721 de
360 3668 571 3720 animas
602 3668 994 3721 invisibilitate
1027 3670 1113 3721 vel
1156 3668 1623 3739 incorporalitate
1658 3688 1795 3725 con-

98 3758 243 3821 fecit,
277 3757 337 3809 in
389 3756 598 3826 quibus
638 3757 868 3809 beatum
921 3756 1198 3810 Hilarium
1238 3759 1416 3828 probe
1455 3760 1795 3814 sentientem

99 3861 265 3897 ausus
296 3843 724 3914 reprehendere
764 3844 892 3898 fuit.
941 3846 1005 3897 In
1051 3846 1259 3915 quibus
1310 3847 1505 3900 subtili
1550 3848 1682 3901 satis
1742 3852 1797 3902 et

100 3948 241 4001 pene
297 3931 847 4001 incomprehensibli
870 3934 1206 3997 assertione,
1260 3934 1552 3988 dialectica
1591 3940 1709 3990 arte
1741 3924 1827 3989 et.

103 4022 329 4091 ingenio
372 4021 685 4086 elaborata,
720 4020 774 4073 id
812 4021 1007 4073 multis
1039 4026 1095 4075 et
1123 4038 1273 4091 pene
1300 4024 1605 4093 superlluis
1626 4040 1794 4077 cona-

102 4110 250 4163 tibus
273 4126 380 4180 per
411 4110 789 4180 geometricas
820 4110 1092 4163 formulas
1129 4116 1212 4163 est
1260 4112 1414 4165 nisus
1446 4112 1744 4165 ostendere
1778 4128 1790 4165 :

101 4201 248 4268 quod
284 4200 478 4253 nullus
506 4198 920 4253 catholicorum
964 4215 1096 4253 eum
1148 4200 1343 4254 fecisse
1402 4201 1613 4270 poterit
1658 4217 1793 4253 cou-

101 4287 352 4341 laudare.
386 4286 536 4340 Illud
594 4285 856 4339 videlicet
902 4286 1055 4355 quod
1102 4290 1305 4339 natura
1351 4286 1559 4340 animae
1607 4285 1793 4339 incor-

1654 342 2028 398 EPISTOIJE.

309 471 407 525 sed
460 470 675 541 liquide
724 470 854 525 inde
894 469 1181 541 apertiora
1233 471 1442 524 indicia
1498 488 1795 543 nunquam
1836 471 2292 530 Aanimantibus
2351 472 2681 527 conditione
2734 474 3023 543 consistat,
3087 481 3146 529 ut
3199 478 3598 547 Tertullianus,

3508 350 3607 402 454

1903 561 2271 629 Apollinaris,
2307 566 2363 613 et
2392 562 2638 615 maxima
2670 580 2799 633 pars
2829 565 3264 619 occidentalium
3314 572 3594 621 autumat.

1904 649 2136 713 Quinta,
2179 666 2307 720 quia
2364 657 2557 704 nostra
2605 658 2659 705 et
2696 654 2882 706 verior
2934 659 3035 716 est,
3099 656 3354 725 quotidie
3397 673 3427 709 a
3482 657 3596 710 Deo

1904 744 2191 805 creantur,
2253 739 2559 791 mittuntur
2614 741 2670 793 in
2734 757 2988 811 corpore,
3043 746 3354 797 secundum
3417 747 3593 799 Evan-

1904 826 2169 894 gelium:
2230 829 2390 881 Pater
2440 844 2585 882 meus
2638 846 2807 898 usque
2858 831 3012 884 modo
3065 838 3337 900 operatur,
3386 838 3436 887 et
3503 850 3595 901 ego

1903 930 2092 983 operor
2129 916 2306 985 (Joan.
2340 916 2414 985 v).
2455 936 2478 966 ι)

1974 1007 2023 1057 8.
2068 1005 2203 1058 Item
2236 1005 2597 1059 beatissimus
2624 1007 2978 1077 Augustinus
3011 1008 3069 1062 in
3100 1008 3259 1062 libris
3291 1010 3359 1064 de
3392 1010 3595 1065 Libero

1903 1093 2153 1147 Arbitrio
2187 1100 2436 1164 quatuor
2465 1096 2674 1165 posuit,
2736 1096 2831 1149 sed
2866 1098 3084 1149 nullam
3139 1114 3202 1150 ex
3234 1099 3372 1167 ipsis
3402 1100 3596 1154 firma-

1904 1183 2002 1246 vit,
2035 1183 2130 1235 sed
2165 1188 2592 1237 consentionem
2628 1202 2786 1237 suam
2819 1186 2887 1238 ab
2918 1186 3187 1239 omnibus
3233 1188 3489 1250 abstulit,
3543 1194 3599 1243 et

1905 1286 2031 1339 quae
2076 1271 2263 1324 verior
2304 1276 2471 1337 esset,
2539 1274 2636 1325 Dei
2670 1273 2919 1327 scientia:
2950 1275 3275 1344 dereliquit.
3328 1276 3597 1340 Quintam

1901 1359 2361 1414 Priscillanorum
2398 1362 2632 1429 dimisit,
2681 1380 2854 1434 quam
2887 1382 2953 1418 eo
3013 1370 3269 1436 tempore
3305 1366 3596 1437 ignorasse

1903 1448 1961 1500 in
1994 1447 2237 1517 epistola
2256 1450 2324 1502 ad
2358 1450 2583 1504 beatum
2623 1452 3030 1521 Hieronymum
3062 1470 3165 1522 per
3195 1454 3459 1509 Orosium
3509 1455 3595 1509 di-

1905 1541 2056 1590 recta
2087 1538 2372 1591 confessus
2407 1544 2508 1593 est.
2547 1541 2696 1603 Hanc
2746 1556 2879 1610 ergo
2929 1542 3258 1611 opinionem
3309 1560 3424 1613 qua
3472 1544 3596 1597 aui-

1905 1642 2013 1679 mae
2056 1642 2210 1679 novae
2244 1627 2512 1680 dicuntur
2543 1629 2599 1681 in
2631 1646 2865 1699 corpore
2897 1632 3152 1701 quotidie
3184 1648 3216 1685 a
3251 1634 3363 1685 Deo
3392 1633 3593 1699 creari,

1906 1714 2053 1766 idem
2090 1713 2143 1767 S.
2178 1714 2532 1783 Augustinus
2578 1716 2727 1769 beati
2762 1718 3091 1788 Hieronymi
3148 1720 3285 1773 dicit
3332 1720 3593 1786 existere,

1905 1808 2099 1855 contra
2131 1818 2301 1873 quem
2334 1803 2393 1855 in
2429 1804 2628 1858 eadem
2662 1805 2900 1874 epistola
2954 1823 3057 1876 per
3110 1808 3371 1862 Orosium
3428 1810 3599 1863 missa

1905 1892 2087 1945 multo
2138 1892 2378 1945 viriliter
2434 1894 2764 1959 decertavit,
2821 1896 2897 1948 ait
2953 1896 3153 1949 enim:
3207 1916 3233 1947 ‹‹
3288 1898 3383 1951 Dic
3431 1900 3593 1964 mihi,

1905 1979 1951 2032 si
1986 1980 2190 2032 animae.
2214 1980 2549 2049 singillatim
2569 1981 2808 2051 singulis
2831 1983 2999 2037 hodie
3025 1985 3386 2039 nascentibus
3420 1987 3593 2051 fiunt;

1905 2068 2002 2120 ubi
2033 2069 2090 2121 in
2130 2069 2380 2138 parvulis
2426 2076 2681 2139 peccant,
2720 2076 2783 2123 ut
2818 2072 3109 2142 indigeant
3148 2074 3208 2126 in
3243 2082 3596 2128 sacramento

1906 2156 2111 2211 Christi
2161 2158 2495 2210 remissione
2545 2160 2781 2227 peccati,
2830 2167 3127 2229 peccantes
3180 2162 3239 2215 in
3278 2164 3481 2230 Adam,
3532 2180 3593 2217 ex

1905 2262 2017 2316 quo
2047 2262 2175 2299 caro
2211 2252 2293 2299 est
2320 2255 2635 2317 propagata
2666 2249 2879 2317 peccati
2915 2266 2925 2301 :
2960 2255 3059 2303 aut
3102 2251 3148 2302 si
3189 2268 3302 2304 non
3338 2259 3593 2321 peccant,

1906 2336 2039 2404 quia
2063 2336 2285 2405 justitia
2317 2336 2597 2389 Creatoris
2630 2337 2708 2389 ita
2743 2344 2971 2407 peccato
3011 2339 3341 2408 obligantur
3386 2342 3594 2409 alieno,

1905 2439 2034 2476 cum
2067 2423 2271 2476 exinde
2303 2425 2630 2494 propagatis
2660 2426 2931 2479 membris
2967 2428 3304 2481 mortalibus
3332 2430 3599 2483 inserun-

1906 2517 2018 2577 tur,
2077 2516 2140 2564 ut
2193 2528 2286 2563 eas
2339 2511 2447 2564 nisi
2501 2528 2603 2581 per
2649 2514 2952 2567 Ecclesiam
3004 2516 3344 2569 subventum
3403 2519 3598 2587 fuerit,

1905 2600 2194 2653 damnatio
2226 2608 2635 2671 consequatur;
2671 2619 2798 2655 cum
2845 2604 2902 2655 in
2936 2621 3129 2658 earum
3164 2610 3442 2675 potestate
3482 2624 3599 2661 non

1906 2690 1996 2757 sit,
2027 2699 2091 2744 ut
2134 2690 2214 2743 eis
2264 2692 2438 2760 possit
2474 2692 2656 2761 gratia
2698 2692 2967 2761 baptismi
3004 2694 3312 2747 subveniri.
3348 2695 3450 2749 Tot
3492 2696 3600 2765 igi-

1905 2784 1999 2832 tur
2027 2779 2350 2832 animarum
2382 2780 2583 2844 millia,
2617 2797 2744 2851 qum
2791 2782 2851 2834 in
2878 2782 3159 2835 mortibus
3224 2784 3599 2852 parvulorum

1906 2868 2028 2919 sine
2056 2867 2415 2937 indulgentia
2446 2868 2748 2921 Christiani
2780 2870 3117 2923 sacramenti
3149 2872 3216 2924 de
3266 2873 3603 2941 corporibus

1903 2961 2131 3019 exeunt,
2194 2973 2305 3026 qua
2353 2957 2619 3025 aequitate
2652 2960 2677 2999 b
2725 2958 3089 3024 damnantur,
3136 2960 3181 3012 si
3241 2976 3400 3014 novzn
3446 2977 3603 3015 crea-

1905 3050 2067 3109 turae,
2104 3045 2262 3097 nullo
2298 3062 2397 3099 suo
2456 3046 2810 3115 prmcedeute
2870 3053 3122 3116 peccato,
3174 3049 3269 3103 sed
3311 3050 3604 3104 voluntate

1907 3134 2189 3187 Creatoris
2232 3134 2474 3203 singulae
2520 3134 2758 3204 singulis
2802 3136 3167 3189 nascentibus
3218 3138 3601 3204 adhaeserunt,

1906 3222 2117 3292 quibus
2147 3239 2239 3274 eas
2268 3223 2589 3276 auimandis
2636 3222 2731 3277 ille
2760 3224 2970 3277 creavit
3000 3229 3055 3276 et
3102 3224 3280 3293 dedit,
3343 3227 3444 3297 qui
3491 3228 3602 3281 uti-

1902 3327 2012 3381 que
2043 3316 2295 3377 noverat,
2340 3313 2489 3381 quod
2520 3328 2885 3383 unaquaeque
2920 3314 3077 3365 nulla
3104 3330 3206 3367 sua
3258 3316 3427 3385 culpa
3472 3316 3596 3368 sine

1902 3398 2186 3468 baptismo
2235 3399 2441 3452 Christi
2497 3399 2565 3452 de
2608 3415 2848 3469 corpore
2906 3400 3090 3454 fuerat
3147 3402 3404 3455 exitura?
3447 3402 3597 3466 Quo-

1902 3486 2057 3540 niam
2086 3487 2263 3556 igitur
2309 3504 2495 3557 neque
2530 3487 2600 3541 de
2651 3489 2764 3541 Deo
2816 3506 3121 3558 possumus
3175 3490 3384 3557 dicere,
3443 3492 3598 3561 quod

1902 3574 1990 3627 vel
2020 3579 2186 3644 cogat
2218 3574 2436 3628 animas
2468 3574 2594 3628 fieri
2641 3575 3003 3644 peccatrices,
3034 3577 3118 3649 vel
3170 3577 3370 3646 puniat
3419 3577 3596 3631 inno-

1900 3669 2118 3729 centes;
2155 3679 2343 3734 neque
2372 3664 2455 3717 fas
2491 3664 2656 3717 nobis
2687 3670 2791 3733 est,
2842 3671 2907 3718 ut
2938 3681 3031 3717 eas
3063 3681 3191 3735 qum
3232 3665 3354 3718 sine
3385 3665 3595 3719 Christi

1901 3759 2255 3807 sacramento
2288 3754 2356 3807 de
2414 3753 2747 3824 corporibus
2787 3754 3048 3816 exierint,
3100 3755 3271 3807 etiam
3324 3756 3594 3825 parvulo-

1900 3857 2051 3906 rum,
2084 3858 2197 3894 non
2242 3841 2352 3895 nisi
2399 3840 2459 3894 in
2518 3841 2940 3895 damnationem
2988 3842 3167 3907 trahi;
3222 3842 3458 3896 obsecro
3517 3848 3591 3911 te,

1903 3930 2186 4000 quomodo
2210 3930 2330 3983 haec
2354 3929 2550 4000 opinio
2583 3929 2942 3996 defendatur,
2972 3946 3082 3999 qua
3114 3931 3425 3984 creduntur
3470 3932 3593 3985 ani-

1902 4035 2010 4072 ma:
2040 4036 2155 4072 non
2183 4035 2248 4072 ex
2292 4019 2389 4072 illa
2439 4035 2551 4071 una
2580 4017 2749 4088 primi
2802 4019 2927 4072 fieri
2976 4019 3247 4085 hominis,
3304 4021 3399 4074 sed
3450 4020 3594 4075 sicut

1901 4106 1997 4160 ille
2026 4106 2209 4177 prima
2240 4106 2335 4159 uni
2366 4115 2404 4172 ε,
2436 4106 2511 4160 ita
2534 4106 2773 4176 singulis
2806 4107 3070 4177 singulas.
3106 4129 3133 4155 »
3163 4109 3226 4161 Et
3256 4114 3387 4178 post
3416 4111 3595 4163 multa

1902 4196 1972 4249 ad
2012 4196 2204 4249 locum
2244 4196 2321 4249 sic
2351 4195 2486 4249 dicit
2517 4212 2529 4248 :
2565 4217 2585 4242 ι
2617 4195 2722 4249 Sed
2757 4212 2885 4249 cum
2920 4197 2989 4250 ad
3022 4212 3219 4267 pmuas
3246 4201 3479 4251 ventum
3512 4203 3595 4253 est

1901 4286 2294 4355 parvulorum,
2356 4284 2602 4354 magnis,
2664 4284 2806 4338 mihi
2860 4287 3046 4352 crede,
3108 4291 3363 4340 coarctor
3412 4304 3593 4358 angu-

100 4391 269 4443 porea
310 4381 367 4430 et
415 4374 687 4428 invisibili
736 4374 906 4428 etiam
936 4391 969 4427 a
1015 4375 1127 4427 Deo
1172 4374 1413 4428 asseruit
1450 4391 1591 4428 esse.
1652 4376 1791 4428 ltem
1831 4386 1874 4441 Ι)
1905 4373 2049 4440 stiis,
2100 4388 2205 4425 nec
2236 4372 2374 4442 quid
2434 4372 2811 4442 respondeam
2869 4390 3105 4444 prorsus
3157 4376 3411 4429 invenio.
3472 4377 3594 4430 Non

94 4463 205 4531 jam
241 4464 428 4518 dictus
467 4464 776 4532 praeclarus
821 4478 885 4515 ac
932 4462 1300 4516 beatissimus
1350 4463 1547 4517 doctor
1603 4463 1792 4516 Hiero-

102 4569 299 4621 nymus
346 4551 674 4607 Marcellino
722 4551 951 4605 cuidam
998 4567 1066 4604 ex
1096 4550 1285 4605 Africa
1333 4551 1695 4621 percontanti
1725 4551 1793 4606 de

102 4642 315 4710 origine
338 4642 549 4694 animm
570 4642 649 4693 ita
678 4639 1006 4710 rescripsit:
1047 4659 1073 4689 «
1112 4640 1376 4710 Quinque
1402 4643 1550 4705 sunt,
1582 4640 1789 4710 inquit,

101 4730 395 4799 opiniones
428 4729 499 4783 de
536 4726 730 4781 anima
763 4745 775 4781 :
804 4728 992 4798 prima
1023 4728 1240 4798 lapsam
1272 4728 1342 4782 de
1393 4729 1552 4795 coelo,
1596 4732 1658 4781 ut
1686 4729 1791 4798 Py-

101 4818 358 4889 thagoras
408 4818 806 4887 philosophus,
859 4833 1174 4887 omnesque
1220 4816 1517 4883 Platouii-i,
1571 4822 1627 4870 et
1674 4816 1793 4871 Ori-

98 4923 263 4976 genes
292 4912 490 4976 putat;
517 4907 694 4959 altera
726 4906 793 4959 de
826 4906 1145 4959 substantia
1194 4906 1313 4972 Dei,
1355 4912 1415 4959 ut
1452 4906 1646 4973 Stoici,
1678 4907 1791 4960 Ma-

96 4995 292 5049 uichmi
347 4999 404 5049 et
477 4994 667 5064 Spana
734 4994 1089 5048 Priscilliaua
1160 4995 1391 5048 hzeresis
1446 4994 1788 5064 suspicatur.

96 5082 295 5150 Tertia,
342 5084 403 5135 in
450 5082 724 5136 thesauro
777 5082 1097 5135 habeantur
1126 5081 1263 5134 olim
1302 5080 1544 5135 conditae
1574 5085 1636 5135 ut
1663 5081 1790 5152 qui-

99 5170 216 5224 dam
301 5168 667 5224 ecclesiastici
740 5170 911 5223 stulta
984 5169 1355 5239 persuasione
1413 5168 1785 5223 contendunt.

98 5258 318 5325 Quarta,
347 5275 414 5313 ex
459 5258 715 5323 traduce,
748 5263 809 5311 ut
856 5258 1145 5328 quomodo
1191 5274 1395 5328 corpus
1431 5274 1495 5311 ex
1527 5274 1790 5328 corpore,

100 5343 167 5393 sic
210 5344 406 5396 anima
454 5348 720 5397 nascatur
748 5360 813 5397 ex
863 5344 1074 5412 anima,
1111 5350 1168 5399 et
1195 5345 1381 5398 simile
1423 5361 1551 5399 cum
1604 5344 1789 5399 brutis

162 5506 183 5583 ξ
218 5499 484 5583 Qualiter,
520 5500 684 5583 idest
714 5515 948 5583 quoquo
972 5500 1164 5583 modo.
1493 5571 1504 5583 .

161 5571 183 5609 ι’
220 5571 342 5633 Ms,
419 5573 703 5639 qualitate.
782 5571 1137 5641 Augustinus
1193 5587 1345 5639 vero,
1415 5571 1581 5641 epist.

102 5654 211 5709 cap.
244 5642 300 5706 4,
322 5641 598 5709 aequitate.

1664 5574 1783 5637 166,

1905 4462 2091 4515 solum
2124 4478 2245 4515 esse
2275 4477 2473 4530 pmnas
2517 4462 2662 4527 dico,
2699 4478 2839 4532 quas
2879 4463 3052 4516 habet
3081 4469 3209 4532 post
3240 4464 3385 4517 hanc
3416 4464 3592 4518 vitam

1902 4550 2000 4603 illa
2052 4549 2365 4614 damnatio,
2401 4550 2570 4619 quod
2618 4566 2845 4604 necesse
2902 4556 2988 4604 est
3042 4552 3361 4617 trahantur,
3424 4552 3471 4604 si
3523 4552 3592 4606 de

1901 4654 2141 4707 corpore
2171 4637 2416 4691 exierint
2445 4638 2565 4691 sine
2597 4638 2935 4692 Christianae
2966 4642 3163 4706 gratia:
3213 4644 3588 4704 sacramento,

1903 4728 2001 4780 sed
2033 4742 2127 4779 eas
2175 4726 2324 4795 ipsas
2355 4742 2483 4797 quae
2514 4727 2573 4779 in
2604 4726 2709 4779 hac
2738 4726 2849 4779 vita
2882 4726 3206 4779 dolentibus
3254 4726 3417 4780 nobis
3461 4743 3589 4781 ver-

1900 4820 2099 4868 santur
2130 4818 2259 4867 ante
2286 4814 2493 4867 oculos.
2535 4814 2683 4877 Quas
2731 4829 3068 4867 enumerare
3115 4813 3161 4866 si
3209 4814 3398 4883 velim,
3432 4816 3591 4886 prius

1898 4907 2161 4972 tempora
2230 4919 2401 4972 quam
2483 4903 2743 4971 exempla
2830 4901 3119 4955 deficiunt.
3192 4902 3591 4973 Languescunt

1899 4990 2354 5060 egritudinibus,
2415 4994 2759 5059 torquentur
2817 4989 3133 5055 doloribus,
3189 4990 3340 5044 fame
3393 4997 3451 5045 et
3497 4993 3589 5048 siti

1898 5079 2247 5145 cruciantur,
2298 5077 2673 5131 debilitantur
2721 5076 3009 5139 membris,
3061 5078 3364 5147 privantur
3405 5082 3590 5136 sensi-

1897 5165 2022 5230 bus,
2058 5169 2333 5219 vexantur
2369 5165 2439 5218 ab
2474 5165 2790 5219 immundis
2820 5164 3135 5234 spiritibus.
3180 5168 3589 5226 Demonstran-

1901 5255 2037 5308 dum
2086 5253 2398 5324 estutique
2429 5254 2714 5324 quomodo
2766 5254 2873 5307 ista
2928 5254 3052 5309 sine
3110 5256 3227 5311 ulla
3284 5275 3388 5313 sua
3440 5261 3592 5315 mala

1898 5359 2067 5397 causa
2089 5344 2242 5412 juste
2275 5341 2565 5413 patiantur
2587 5346 2629 5395 ⁸.
2666 5343 2788 5396 Non
2832 5342 2986 5397 enim
3036 5344 3148 5398 dici
3198 5346 3281 5400 fas
3338 5352 3441 5413 est,
3493 5353 3591 5404 aut

1966 5507 1989 5567 ς
2025 5496 2189 5567 Apud
2220 5500 2364 5567 Aug.
2399 5496 2498 5561 ibi,
2527 5512 2641 5553 una
2674 5500 2789 5552 uni.

1964 5565 1992 5601 ἀ
2030 5565 2147 5640 Ms,
2178 5565 2511 5637 qum—Apud
2543 5571 2684 5638 Aug.
2719 5568 2954 5639 ibidem,
2981 5585 3104 5640 cap.
3140 5572 3191 5637 6,
3228 5585 3349 5639 quo.

1965 5648 1985 5673 ε
2027 5639 2145 5702 Ms.,
2170 5641 2496 5707 puniantur.
