  <div class='ocr_page' id='page_1' title='image "/cluster/home/n/w/nwhite01/storage/ocr_20150623/121/uva.x000827051/237.png"; bbox 0 0 3860 6262; ppageno 0'>
   <div class='ocr_carea' id='block_1_1' title="bbox 279 308 387 360">
    <p class='ocr_par' dir='ltr' id='par_1_1' title="bbox 279 308 387 360">
     <span class='ocr_line' id='line_1_1' title="bbox 279 308 387 360; baseline -0.037 0"><span class='ocrx_word' id='word_1_1' title='bbox 279 308 387 360; x_wconf 71' lang='grc'>435</span> 
     </span>
    </p>
   </div>
   <div class='ocr_carea' id='block_1_2' title="bbox 1641 301 3780 362">
    <p class='ocr_par' dir='ltr' id='par_1_2' title="bbox 1641 301 3780 362">
     <span class='ocr_line' id='line_1_2' title="bbox 1641 301 3780 362; baseline 0 -1"><span class='ocrx_word' id='word_1_2' title='bbox 1641 304 1898 361; x_wconf 84' lang='lat' dir='ltr'>ALVARI</span> <span class='ocrx_word' id='word_1_3' title='bbox 1939 301 2437 361; x_wconf 82' lang='lat' dir='ltr'>CORDUBENSIS.</span> <span class='ocrx_word' id='word_1_4' title='bbox 3694 309 3780 362; x_wconf 67' lang='grc'>456</span> 
     </span>
    </p>
   </div>
   <div class='ocr_carea' id='block_1_3' title="bbox 289 442 3780 517">
    <p class='ocr_par' dir='ltr' id='par_1_3' title="bbox 289 442 3780 517">
     <span class='ocr_line' id='line_1_3' title="bbox 289 442 3780 517; baseline 0.001 -20"><span class='ocrx_word' id='word_1_5' title='bbox 289 445 396 497; x_wconf 81' lang='lat' dir='ltr'>ista</span> <span class='ocrx_word' id='word_1_6' title='bbox 426 443 722 512; x_wconf 87' lang='lat' dir='ltr'>ignorante</span> <span class='ocrx_word' id='word_1_7' title='bbox 755 443 869 496; x_wconf 91' lang='lat' dir='ltr'>Deo</span> <span class='ocrx_word' id='word_1_8' title='bbox 901 443 1042 508; x_wconf 88' lang='lat' dir='ltr'>ﬁeri,</span> <span class='ocrx_word' id='word_1_9' title='bbox 1086 447 1182 496; x_wconf 86' lang='lat' dir='ltr'>aut</span> <span class='ocrx_word' id='word_1_10' title='bbox 1211 458 1342 496; x_wconf 90' lang='lat' dir='ltr'>eum</span> <span class='ocrx_word' id='word_1_11' title='bbox 1372 458 1488 495; x_wconf 92' lang='lat' dir='ltr'>non</span> <span class='ocrx_word' id='word_1_12' title='bbox 1520 459 1683 510; x_wconf 90' lang='lat' dir='ltr'>posse</span> <span class='ocrx_word' id='word_1_13' title='bbox 1713 443 1977 496; x_wconf 74' lang='lat' dir='ltr'>resistere</span> <span class='ocrx_word' id='word_1_14' title='bbox 2015 443 2062 494; x_wconf 88' lang='lat' dir='ltr'>A</span> <span class='ocrx_word' id='word_1_15' title='bbox 2091 442 2302 494; x_wconf 74' lang='lat' dir='ltr'>Anima:</span> <span class='ocrx_word' id='word_1_16' title='bbox 2355 445 2565 508; x_wconf 74' lang='lat' dir='ltr'>origine</span> <span class='ocrx_word' id='word_1_17' title='bbox 2619 444 2922 498; x_wconf 82' lang='lat' dir='ltr'>consulens</span> <span class='ocrx_word' id='word_1_18' title='bbox 2981 462 3133 511; x_wconf 89' lang='lat' dir='ltr'>eum,</span> <span class='ocrx_word' id='word_1_19' title='bbox 3198 450 3503 517; x_wconf 89' lang='lat' dir='ltr'>quomodo</span> <span class='ocrx_word' id='word_1_20' title='bbox 3570 447 3780 500; x_wconf 80' lang='lat' dir='ltr'>defendi</span> 
     </span>
    </p>
   </div>
   <div class='ocr_carea' id='block_1_4' title="bbox 295 530 1984 601">
    <p class='ocr_par' dir='ltr' id='par_1_4' title="bbox 295 530 1984 601">
     <span class='ocr_line' id='line_1_4' title="bbox 295 530 1984 601; baseline -0.002 -15"><span class='ocrx_word' id='word_1_21' title='bbox 295 532 652 594; x_wconf 78' lang='lat' dir='ltr'>facientibus,</span> <span class='ocrx_word' id='word_1_22' title='bbox 699 537 799 585; x_wconf 88' lang='lat' dir='ltr'>aut</span> <span class='ocrx_word' id='word_1_23' title='bbox 848 532 1058 601; x_wconf 79' lang='lat' dir='ltr'>injuste</span> <span class='ocrx_word' id='word_1_24' title='bbox 1107 531 1214 584; x_wconf 87' lang='lat' dir='ltr'>ista</span> <span class='ocrx_word' id='word_1_25' title='bbox 1269 531 1351 583; x_wconf 88' lang='lat' dir='ltr'>vel</span> <span class='ocrx_word' id='word_1_26' title='bbox 1404 531 1586 584; x_wconf 85' lang='lat' dir='ltr'>facere</span> <span class='ocrx_word' id='word_1_27' title='bbox 1629 533 1714 584; x_wconf 81' lang='lat' dir='ltr'>vel</span> <span class='ocrx_word' id='word_1_28' title='bbox 1754 530 1984 601; x_wconf 89' lang='lat' dir='ltr'>permit-</span> 
     </span>
    </p>
   </div>
   <div class='ocr_carea' id='block_1_5' title="bbox 297 619 1982 690">
    <p class='ocr_par' dir='ltr' id='par_1_5' title="bbox 297 619 1982 690">
     <span class='ocr_line' id='line_1_5' title="bbox 297 619 1982 690; baseline -0.002 -17"><span class='ocrx_word' id='word_1_29' title='bbox 297 627 432 674; x_wconf 80' lang='lat' dir='ltr'>tere.</span> <span class='ocrx_word' id='word_1_30' title='bbox 474 643 493 667; x_wconf 73' lang='grc' dir='ltr'><strong>υ</strong></span> <span class='ocrx_word' id='word_1_31' title='bbox 533 621 594 673; x_wconf 84' lang='lat' dir='ltr'>Et</span> <span class='ocrx_word' id='word_1_32' title='bbox 645 625 776 690; x_wconf 91' lang='lat' dir='ltr'>post</span> <span class='ocrx_word' id='word_1_33' title='bbox 806 636 989 689; x_wconf 89' lang='lat' dir='ltr'>pauca</span> <span class='ocrx_word' id='word_1_34' title='bbox 1022 637 1034 674; x_wconf 92' lang='lat'>:</span> <span class='ocrx_word' id='word_1_35' title='bbox 1072 639 1098 671; x_wconf 77' lang='grc' dir='ltr'>α</span> <span class='ocrx_word' id='word_1_36' title='bbox 1135 622 1281 674; x_wconf 86' lang='lat' dir='ltr'>Deus</span> <span class='ocrx_word' id='word_1_37' title='bbox 1329 620 1535 685; x_wconf 82' lang='lat' dir='ltr'>bonus,</span> <span class='ocrx_word' id='word_1_38' title='bbox 1595 621 1740 672; x_wconf 89' lang='lat' dir='ltr'>Deus</span> <span class='ocrx_word' id='word_1_39' title='bbox 1775 619 1982 688; x_wconf 90' lang='lat' dir='ltr'>justus,</span> 
     </span>
    </p>
   </div>
   <div class='ocr_carea' id='block_1_6' title="bbox 298 707 1985 779">
    <p class='ocr_par' dir='ltr' id='par_1_6' title="bbox 298 707 1985 779">
     <span class='ocr_line' id='line_1_6' title="bbox 298 707 1985 779; baseline -0.002 -17"><span class='ocrx_word' id='word_1_40' title='bbox 298 710 444 762; x_wconf 86' lang='lat' dir='ltr'>Deus</span> <span class='ocrx_word' id='word_1_41' title='bbox 488 708 854 779; x_wconf 90' lang='lat' dir='ltr'>omnipotens</span> <span class='ocrx_word' id='word_1_42' title='bbox 887 725 899 762; x_wconf 89' lang='lat'>:</span> <span class='ocrx_word' id='word_1_43' title='bbox 933 709 1042 762; x_wconf 84' lang='lat' dir='ltr'>hoc</span> <span class='ocrx_word' id='word_1_44' title='bbox 1097 708 1355 762; x_wconf 88' lang='lat' dir='ltr'>dubitare</span> <span class='ocrx_word' id='word_1_45' title='bbox 1387 708 1644 761; x_wconf 90' lang='lat' dir='ltr'>omnimo</span> <span class='ocrx_word' id='word_1_46' title='bbox 1707 707 1985 760; x_wconf 90' lang='lat' dir='ltr'>dementis</span> 
     </span>
    </p>
   </div>
   <div class='ocr_carea' id='block_1_7' title="bbox 294 795 1986 868">
    <p class='ocr_par' dir='ltr' id='par_1_7' title="bbox 294 795 1986 868">
     <span class='ocr_line' id='line_1_7' title="bbox 294 795 1986 868; baseline -0.002 -17"><span class='ocrx_word' id='word_1_47' title='bbox 294 804 392 852; x_wconf 89' lang='lat' dir='ltr'>est.</span> <span class='ocrx_word' id='word_1_48' title='bbox 427 799 734 852; x_wconf 87' lang='lat' dir='ltr'>Tantorum</span> <span class='ocrx_word' id='word_1_49' title='bbox 768 814 902 868; x_wconf 89' lang='lat' dir='ltr'>ergo</span> <span class='ocrx_word' id='word_1_50' title='bbox 936 799 1216 850; x_wconf 82' lang='lat' dir='ltr'>malorum</span> <span class='ocrx_word' id='word_1_51' title='bbox 1251 814 1377 868; x_wconf 73' lang='lat' dir='ltr'>quae</span> <span class='ocrx_word' id='word_1_52' title='bbox 1423 799 1570 851; x_wconf 94' lang='lat' dir='ltr'>ﬁunt</span> <span class='ocrx_word' id='word_1_53' title='bbox 1598 807 1621 831; x_wconf 75' lang='grc' dir='ltr'>ει</span> <span class='ocrx_word' id='word_1_54' title='bbox 1651 797 1706 849; x_wconf 90' lang='lat' dir='ltr'>in</span> <span class='ocrx_word' id='word_1_55' title='bbox 1734 795 1986 866; x_wconf 75' lang='lat' dir='ltr'>parvulis</span> 
     </span>
    </p>
   </div>
   <div class='ocr_carea' id='block_1_8' title="bbox 294 885 1982 956">
    <p class='ocr_par' dir='ltr' id='par_1_8' title="bbox 294 885 1982 956">
     <span class='ocr_line' id='line_1_8' title="bbox 294 885 1982 956; baseline -0.004 -16"><span class='ocrx_word' id='word_1_56' title='bbox 294 903 459 940; x_wconf 82' lang='lat' dir='ltr'>eausa</span> <span class='ocrx_word' id='word_1_57' title='bbox 486 887 640 956; x_wconf 85' lang='lat' dir='ltr'>justa</span> <span class='ocrx_word' id='word_1_58' title='bbox 678 886 967 939; x_wconf 75' lang='lat' dir='ltr'>reddatur.</span> <span class='ocrx_word' id='word_1_59' title='bbox 1004 905 1030 936; x_wconf 86' lang='lat'><strong>»</strong></span> <span class='ocrx_word' id='word_1_60' title='bbox 1065 887 1242 940; x_wconf 82' lang='lat' dir='ltr'>Item:</span> <span class='ocrx_word' id='word_1_61' title='bbox 1279 905 1305 934; x_wconf 74' lang='grc' dir='ltr'>(ι</span> <span class='ocrx_word' id='word_1_62' title='bbox 1348 888 1424 939; x_wconf 86' lang='lat' dir='ltr'>De</span> <span class='ocrx_word' id='word_1_63' title='bbox 1456 885 1821 955; x_wconf 79' lang='lat' dir='ltr'>ingeniorum</span> <span class='ocrx_word' id='word_1_64' title='bbox 1855 901 1982 936; x_wconf 66' lang='lat' dir='ltr'>ver.»</span> 
     </span>
    </p>
   </div>
   <div class='ocr_carea' id='block_1_9' title="bbox 293 973 1984 1044">
    <p class='ocr_par' dir='ltr' id='par_1_9' title="bbox 293 973 1984 1044">
     <span class='ocr_line' id='line_1_9' title="bbox 293 973 1984 1044; baseline -0.002 -16"><span class='ocrx_word' id='word_1_65' title='bbox 293 975 638 1040; x_wconf 77' lang='lat' dir='ltr'>diversitate,</span> <span class='ocrx_word' id='word_1_66' title='bbox 682 974 796 1027; x_wconf 92' lang='lat' dir='ltr'>imo</span> <span class='ocrx_word' id='word_1_67' title='bbox 827 975 1198 1037; x_wconf 79' lang='lat' dir='ltr'>absurditate,</span> <span class='ocrx_word' id='word_1_68' title='bbox 1246 974 1380 1044; x_wconf 85' lang='lat' dir='ltr'>quid</span> <span class='ocrx_word' id='word_1_69' title='bbox 1413 974 1636 1027; x_wconf 84' lang='lat' dir='ltr'>dicam:</span> <span class='ocrx_word' id='word_1_70' title='bbox 1679 990 1806 1044; x_wconf 74' lang='lat' dir='ltr'>quos</span> <span class='ocrx_word' id='word_1_71' title='bbox 1857 973 1984 1042; x_wconf 89' lang='lat' dir='ltr'>qui-</span> 
     </span>
    </p>
   </div>
   <div class='ocr_carea' id='block_1_10' title="bbox 293 1062 1982 1133">
    <p class='ocr_par' dir='ltr' id='par_1_10' title="bbox 293 1062 1982 1133">
     <span class='ocr_line' id='line_1_10' title="bbox 293 1062 1982 1133; baseline -0.002 -16"><span class='ocrx_word' id='word_1_72' title='bbox 293 1063 420 1118; x_wconf 88' lang='lat' dir='ltr'>dem</span> <span class='ocrx_word' id='word_1_73' title='bbox 451 1063 506 1116; x_wconf 92' lang='lat' dir='ltr'>in</span> <span class='ocrx_word' id='word_1_74' title='bbox 544 1063 792 1133; x_wconf 79' lang='lat' dir='ltr'>parvulis</span> <span class='ocrx_word' id='word_1_75' title='bbox 824 1063 978 1129; x_wconf 89' lang='lat' dir='ltr'>latet,</span> <span class='ocrx_word' id='word_1_76' title='bbox 1025 1063 1122 1116; x_wconf 86' lang='lat' dir='ltr'>sed</span> <span class='ocrx_word' id='word_1_77' title='bbox 1153 1064 1222 1116; x_wconf 85' lang='lat' dir='ltr'>ab</span> <span class='ocrx_word' id='word_1_78' title='bbox 1281 1063 1418 1132; x_wconf 88' lang='lat' dir='ltr'>ipsis</span> <span class='ocrx_word' id='word_1_79' title='bbox 1448 1062 1700 1116; x_wconf 82' lang='lat' dir='ltr'>exordiis</span> <span class='ocrx_word' id='word_1_80' title='bbox 1747 1066 1982 1116; x_wconf 87' lang='lat' dir='ltr'>natura-</span> 
     </span>
    </p>
   </div>
   <div class='ocr_carea' id='block_1_11' title="bbox 292 1152 1983 1222">
    <p class='ocr_par' dir='ltr' id='par_1_11' title="bbox 292 1152 1983 1222">
     <span class='ocr_line' id='line_1_11' title="bbox 292 1152 1983 1222; baseline -0.002 -16"><span class='ocrx_word' id='word_1_81' title='bbox 292 1152 442 1206; x_wconf 87' lang='lat' dir='ltr'>libus</span> <span class='ocrx_word' id='word_1_82' title='bbox 475 1152 644 1206; x_wconf 90' lang='lat' dir='ltr'>ducta</span> <span class='ocrx_word' id='word_1_83' title='bbox 688 1155 713 1194; x_wconf 69' lang='grc' dir='ltr'>ι)</span> <span class='ocrx_word' id='word_1_84' title='bbox 764 1157 1000 1222; x_wconf 82' lang='lat' dir='ltr'>apparet</span> <span class='ocrx_word' id='word_1_85' title='bbox 1047 1152 1106 1204; x_wconf 92' lang='lat' dir='ltr'>in</span> <span class='ocrx_word' id='word_1_86' title='bbox 1154 1152 1483 1222; x_wconf 78' lang='lat' dir='ltr'>grandibus,</span> <span class='ocrx_word' id='word_1_87' title='bbox 1536 1167 1782 1221; x_wconf 89' lang='lat' dir='ltr'>quorum</span> <span class='ocrx_word' id='word_1_88' title='bbox 1833 1166 1983 1203; x_wconf 89' lang='lat' dir='ltr'>non—</span> 
     </span>
    </p>
   </div>
   <div class='ocr_carea' id='block_1_12' title="bbox 293 1238 1981 1308">
    <p class='ocr_par' dir='ltr' id='par_1_12' title="bbox 293 1238 1981 1308">
     <span class='ocr_line' id='line_1_12' title="bbox 293 1238 1981 1308; baseline -0.003 -13"><span class='ocrx_word' id='word_1_89' title='bbox 293 1242 435 1295; x_wconf 88' lang='lat' dir='ltr'>nulli</span> <span class='ocrx_word' id='word_1_90' title='bbox 466 1246 578 1294; x_wconf 90' lang='lat' dir='ltr'>tam</span> <span class='ocrx_word' id='word_1_91' title='bbox 615 1242 758 1295; x_wconf 86' lang='lat' dir='ltr'>tardi</span> <span class='ocrx_word' id='word_1_92' title='bbox 800 1245 856 1294; x_wconf 91' lang='lat' dir='ltr'>et</span> <span class='ocrx_word' id='word_1_93' title='bbox 894 1241 1148 1294; x_wconf 89' lang='lat' dir='ltr'>obliviosi</span> <span class='ocrx_word' id='word_1_94' title='bbox 1200 1247 1352 1305; x_wconf 86' lang='lat' dir='ltr'>sunt,</span> <span class='ocrx_word' id='word_1_95' title='bbox 1391 1245 1448 1293; x_wconf 92' lang='lat' dir='ltr'>ut</span> <span class='ocrx_word' id='word_1_96' title='bbox 1499 1257 1568 1292; x_wconf 88' lang='lat' dir='ltr'>ne</span> <span class='ocrx_word' id='word_1_97' title='bbox 1620 1238 1808 1308; x_wconf 86' lang='lat' dir='ltr'>prima</span> <span class='ocrx_word' id='word_1_98' title='bbox 1854 1239 1981 1308; x_wconf 90' lang='lat' dir='ltr'>qui-</span> 
     </span>
    </p>
   </div>
   <div class='ocr_carea' id='block_1_13' title="bbox 293 1327 1979 1399">
    <p class='ocr_par' dir='ltr' id='par_1_13' title="bbox 293 1327 1979 1399">
     <span class='ocr_line' id='line_1_13' title="bbox 293 1327 1979 1399; baseline -0.002 -15"><span class='ocrx_word' id='word_1_99' title='bbox 293 1331 420 1384; x_wconf 85' lang='lat' dir='ltr'>dem</span> <span class='ocrx_word' id='word_1_100' title='bbox 453 1330 638 1384; x_wconf 83' lang='lat' dir='ltr'>dicere</span> <span class='ocrx_word' id='word_1_101' title='bbox 685 1331 1004 1383; x_wconf 87' lang='lat' dir='ltr'>litterarum</span> <span class='ocrx_word' id='word_1_102' title='bbox 1056 1331 1338 1382; x_wconf 85' lang='lat' dir='ltr'>elementa</span> <span class='ocrx_word' id='word_1_103' title='bbox 1373 1329 1680 1399; x_wconf 88' lang='lat' dir='ltr'>potuerint.</span> <span class='ocrx_word' id='word_1_104' title='bbox 1741 1327 1979 1391; x_wconf 87' lang='lat' dir='ltr'>Quidam</span> 
     </span>
    </p>
   </div>
   <div class='ocr_carea' id='block_1_14' title="bbox 291 1418 1983 1487">
    <p class='ocr_par' dir='ltr' id='par_1_14' title="bbox 291 1418 1983 1487">
     <span class='ocr_line' id='line_1_14' title="bbox 291 1418 1983 1487; baseline -0.001 -16"><span class='ocrx_word' id='word_1_105' title='bbox 291 1435 424 1472; x_wconf 89' lang='lat' dir='ltr'>vero</span> <span class='ocrx_word' id='word_1_106' title='bbox 445 1425 617 1473; x_wconf 64' lang='lat' dir='ltr'>tantae</span> <span class='ocrx_word' id='word_1_107' title='bbox 664 1425 798 1472; x_wconf 90' lang='lat' dir='ltr'>sunt</span> <span class='ocrx_word' id='word_1_108' title='bbox 840 1419 1140 1484; x_wconf 84' lang='lat' dir='ltr'>fatuitatis,</span> <span class='ocrx_word' id='word_1_109' title='bbox 1178 1424 1240 1472; x_wconf 93' lang='lat' dir='ltr'>ut</span> <span class='ocrx_word' id='word_1_110' title='bbox 1279 1435 1394 1471; x_wconf 91' lang='lat' dir='ltr'>non</span> <span class='ocrx_word' id='word_1_111' title='bbox 1448 1418 1694 1470; x_wconf 89' lang='lat' dir='ltr'>multum</span> <span class='ocrx_word' id='word_1_112' title='bbox 1743 1434 1776 1469; x_wconf 88' lang='lat' dir='ltr'>a</span> <span class='ocrx_word' id='word_1_113' title='bbox 1818 1432 1983 1487; x_wconf 82' lang='lat' dir='ltr'>peco-</span> 
     </span>
    </p>
   </div>
   <div class='ocr_carea' id='block_1_15' title="bbox 291 1505 1980 1576">
    <p class='ocr_par' dir='ltr' id='par_1_15' title="bbox 291 1505 1980 1576">
     <span class='ocr_line' id='line_1_15' title="bbox 291 1505 1980 1576; baseline -0.001 -17"><span class='ocrx_word' id='word_1_114' title='bbox 291 1507 448 1560; x_wconf 88' lang='lat' dir='ltr'>ribus</span> <span class='ocrx_word' id='word_1_115' title='bbox 483 1506 769 1569; x_wconf 73' lang='lat' dir='ltr'>differant,</span> <span class='ocrx_word' id='word_1_116' title='bbox 806 1506 899 1576; x_wconf 87' lang='lat' dir='ltr'>qui</span> <span class='ocrx_word' id='word_1_117' title='bbox 936 1506 1258 1560; x_wconf 73' lang='lat' dir='ltr'>muri-ianos</span> <span class='ocrx_word' id='word_1_118' title='bbox 1290 1515 1308 1538; x_wconf 74' lang='grc' dir='ltr'>ε</span> <span class='ocrx_word' id='word_1_119' title='bbox 1336 1505 1507 1573; x_wconf 78' lang='lat' dir='ltr'>vulgo</span> <span class='ocrx_word' id='word_1_120' title='bbox 1540 1509 1837 1559; x_wconf 82' lang='lat' dir='ltr'>vocantur.</span> <span class='ocrx_word' id='word_1_121' title='bbox 1879 1506 1980 1558; x_wconf 81' lang='lat' dir='ltr'>Re-</span> 
     </span>
    </p>
   </div>
   <div class='ocr_carea' id='block_1_16' title="bbox 291 1592 1981 1664">
    <p class='ocr_par' dir='ltr' id='par_1_16' title="bbox 291 1592 1981 1664">
     <span class='ocr_line' id='line_1_16' title="bbox 291 1592 1981 1664; baseline -0.001 -17"><span class='ocrx_word' id='word_1_122' title='bbox 291 1595 604 1664; x_wconf 87' lang='lat' dir='ltr'>spondetur</span> <span class='ocrx_word' id='word_1_123' title='bbox 643 1595 899 1661; x_wconf 72' lang='lat' dir='ltr'>fortasse,</span> <span class='ocrx_word' id='word_1_124' title='bbox 949 1611 1190 1664; x_wconf 85' lang='lat' dir='ltr'>corpora</span> <span class='ocrx_word' id='word_1_125' title='bbox 1231 1595 1338 1648; x_wconf 84' lang='lat' dir='ltr'>hor.</span> <span class='ocrx_word' id='word_1_126' title='bbox 1370 1594 1585 1647; x_wconf 87' lang='lat' dir='ltr'>faciunt</span> <span class='ocrx_word' id='word_1_127' title='bbox 1626 1592 1780 1664; x_wconf 66' lang='lat' dir='ltr'>[quin</span> <span class='ocrx_word' id='word_1_128' title='bbox 1836 1610 1981 1646; x_wconf 87' lang='lat' dir='ltr'>nova</span> 
     </span>
    </p>
   </div>
   <div class='ocr_carea' id='block_1_17' title="bbox 291 1680 1976 1753">
    <p class='ocr_par' dir='ltr' id='par_1_17' title="bbox 291 1680 1976 1753">
     <span class='ocr_line' id='line_1_17' title="bbox 291 1680 1976 1753; baseline -0.002 -17"><span class='ocrx_word' id='word_1_129' title='bbox 291 1689 556 1737; x_wconf 85' lang='lat' dir='ltr'>creantur</span> <span class='ocrx_word' id='word_1_130' title='bbox 612 1683 970 1753; x_wconf 81' lang='lat' dir='ltr'>singulisque</span> <span class='ocrx_word' id='word_1_131' title='bbox 1018 1680 1426 1748; x_wconf 64' lang='lat' dir='ltr'>nascentibus]</span> <span class='ocrx_word' id='word_1_132' title='bbox 1479 1682 1504 1722; x_wconf 74' lang='grc' dir='ltr'>ἀ</span> <span class='ocrx_word' id='word_1_133' title='bbox 1561 1682 1667 1736; x_wconf 80' lang='lat' dir='ltr'>Sed</span> <span class='ocrx_word' id='word_1_134' title='bbox 1715 1681 1976 1751; x_wconf 87' lang='lat' dir='ltr'>nunquid</span> 
     </span>
    </p>
   </div>
   <div class='ocr_carea' id='block_1_18' title="bbox 291 1770 1977 1841">
    <p class='ocr_par' dir='ltr' id='par_1_18' title="bbox 291 1770 1977 1841">
     <span class='ocr_line' id='line_1_18' title="bbox 291 1770 1977 1841; baseline -0.001 -17"><span class='ocrx_word' id='word_1_135' title='bbox 291 1773 602 1826; x_wconf 86' lang='lat' dir='ltr'>secundum</span> <span class='ocrx_word' id='word_1_136' title='bbox 637 1773 781 1826; x_wconf 89' lang='lat' dir='ltr'>hanc</span> <span class='ocrx_word' id='word_1_137' title='bbox 809 1771 1175 1831; x_wconf 83' lang='lat' dir='ltr'>sententiam,</span> <span class='ocrx_word' id='word_1_138' title='bbox 1208 1787 1379 1841; x_wconf 85' lang='lat' dir='ltr'>quam</span> <span class='ocrx_word' id='word_1_139' title='bbox 1422 1770 1650 1824; x_wconf 83' lang='lat' dir='ltr'>defendi</span> <span class='ocrx_word' id='word_1_140' title='bbox 1694 1771 1977 1836; x_wconf 88' lang='lat' dir='ltr'>volumus,</span> 
     </span>
    </p>
   </div>
   <div class='ocr_carea' id='block_1_19' title="bbox 291 1859 1980 1930">
    <p class='ocr_par' dir='ltr' id='par_1_19' title="bbox 291 1859 1980 1930">
     <span class='ocr_line' id='line_1_19' title="bbox 291 1859 1980 1930; baseline -0.001 -16"><span class='ocrx_word' id='word_1_141' title='bbox 291 1862 484 1915; x_wconf 89' lang='lat' dir='ltr'>anima</span> <span class='ocrx_word' id='word_1_142' title='bbox 511 1861 618 1914; x_wconf 90' lang='lat' dir='ltr'>sibi</span> <span class='ocrx_word' id='word_1_143' title='bbox 649 1877 856 1930; x_wconf 81' lang='lat' dir='ltr'>corpus</span> <span class='ocrx_word' id='word_1_144' title='bbox 885 1860 1075 1929; x_wconf 90' lang='lat' dir='ltr'>elegit,</span> <span class='ocrx_word' id='word_1_145' title='bbox 1106 1867 1161 1913; x_wconf 89' lang='lat' dir='ltr'>et</span> <span class='ocrx_word' id='word_1_146' title='bbox 1191 1861 1250 1913; x_wconf 89' lang='lat' dir='ltr'>in</span> <span class='ocrx_word' id='word_1_147' title='bbox 1301 1859 1566 1930; x_wconf 87' lang='lat' dir='ltr'>eligendo</span> <span class='ocrx_word' id='word_1_148' title='bbox 1606 1876 1735 1913; x_wconf 90' lang='lat' dir='ltr'>cum</span> <span class='ocrx_word' id='word_1_149' title='bbox 1789 1861 1980 1913; x_wconf 88' lang='lat' dir='ltr'>mitte-</span> 
     </span>
    </p>
   </div>
   <div class='ocr_carea' id='block_1_20' title="bbox 292 1949 1980 2019">
    <p class='ocr_par' dir='ltr' id='par_1_20' title="bbox 292 1949 1980 2019">
     <span class='ocr_line' id='line_1_20' title="bbox 292 1949 1980 2019; baseline -0.002 -14"><span class='ocrx_word' id='word_1_150' title='bbox 292 1957 448 2005; x_wconf 87' lang='lat' dir='ltr'>retur</span> <span class='ocrx_word' id='word_1_151' title='bbox 476 1961 518 2017; x_wconf 77' lang='grc' dir='ltr'>ε,</span> <span class='ocrx_word' id='word_1_152' title='bbox 547 1949 798 2004; x_wconf 82' lang='lat' dir='ltr'>erravit?</span> <span class='ocrx_word' id='word_1_153' title='bbox 837 1953 934 2002; x_wconf 85' lang='lat' dir='ltr'>aut</span> <span class='ocrx_word' id='word_1_154' title='bbox 959 1965 1086 2002; x_wconf 90' lang='lat' dir='ltr'>cum</span> <span class='ocrx_word' id='word_1_155' title='bbox 1119 1951 1176 2002; x_wconf 75' lang='lat' dir='ltr'>in</span> <span class='ocrx_word' id='word_1_156' title='bbox 1204 1966 1410 2019; x_wconf 91' lang='lat' dir='ltr'>corpus</span> <span class='ocrx_word' id='word_1_157' title='bbox 1437 1954 1740 2019; x_wconf 80' lang='lat' dir='ltr'>cogeretur</span> <span class='ocrx_word' id='word_1_158' title='bbox 1765 1949 1980 2002; x_wconf 88' lang='lat' dir='ltr'>intrare</span> 
     </span>
    </p>
   </div>
   <div class='ocr_carea' id='block_1_21' title="bbox 290 2037 1980 2108">
    <p class='ocr_par' dir='ltr' id='par_1_21' title="bbox 290 2037 1980 2108">
     <span class='ocr_line' id='line_1_21' title="bbox 290 2037 1980 2108; baseline -0.002 -14"><span class='ocrx_word' id='word_1_159' title='bbox 290 2039 624 2094; x_wconf 87' lang='lat' dir='ltr'>necessitate</span> <span class='ocrx_word' id='word_1_160' title='bbox 664 2038 956 2103; x_wconf 85' lang='lat' dir='ltr'>nascendi,</span> <span class='ocrx_word' id='word_1_161' title='bbox 1003 2038 1114 2090; x_wconf 90' lang='lat' dir='ltr'>alia</span> <span class='ocrx_word' id='word_1_162' title='bbox 1161 2054 1404 2107; x_wconf 88' lang='lat' dir='ltr'>corpora</span> <span class='ocrx_word' id='word_1_163' title='bbox 1449 2037 1980 2108; x_wconf 64' lang='lat' dir='ltr'>praeoccupantibus</span> 
     </span>
    </p>
   </div>
   <div class='ocr_carea' id='block_1_22' title="bbox 293 2126 1983 2196">
    <p class='ocr_par' dir='ltr' id='par_1_22' title="bbox 293 2126 1983 2196">
     <span class='ocr_line' id='line_1_22' title="bbox 293 2126 1983 2196; baseline -0.001 -14"><span class='ocrx_word' id='word_1_164' title='bbox 293 2129 612 2182; x_wconf 89' lang='lat' dir='ltr'>animarum</span> <span class='ocrx_word' id='word_1_165' title='bbox 663 2127 887 2191; x_wconf 75' lang='lat' dir='ltr'>turmis,</span> <span class='ocrx_word' id='word_1_166' title='bbox 931 2127 1054 2196; x_wconf 90' lang='lat' dir='ltr'>ipsa</span> <span class='ocrx_word' id='word_1_167' title='bbox 1085 2127 1236 2180; x_wconf 88' lang='lat' dir='ltr'>aliud</span> <span class='ocrx_word' id='word_1_168' title='bbox 1278 2143 1395 2179; x_wconf 91' lang='lat' dir='ltr'>non</span> <span class='ocrx_word' id='word_1_169' title='bbox 1439 2126 1679 2194; x_wconf 86' lang='lat' dir='ltr'>invenit,</span> <span class='ocrx_word' id='word_1_170' title='bbox 1727 2131 1783 2180; x_wconf 91' lang='lat' dir='ltr'>et</span> <span class='ocrx_word' id='word_1_171' title='bbox 1837 2127 1983 2180; x_wconf 90' lang='lat' dir='ltr'>sicut</span> 
     </span>
    </p>
   </div>
   <div class='ocr_carea' id='block_1_23' title="bbox 290 2214 1978 2286">
    <p class='ocr_par' dir='ltr' id='par_1_23' title="bbox 290 2214 1978 2286">
     <span class='ocr_line' id='line_1_23' title="bbox 290 2214 1978 2286; baseline -0.002 -15"><span class='ocrx_word' id='word_1_172' title='bbox 290 2218 351 2271; x_wconf 90' lang='lat' dir='ltr'>in</span> <span class='ocrx_word' id='word_1_173' title='bbox 381 2216 700 2286; x_wconf 89' lang='lat' dir='ltr'>spectaculo</span> <span class='ocrx_word' id='word_1_174' title='bbox 733 2215 924 2284; x_wconf 90' lang='lat' dir='ltr'>aliquo</span> <span class='ocrx_word' id='word_1_175' title='bbox 968 2215 1176 2280; x_wconf 90' lang='lat' dir='ltr'>locum,</span> <span class='ocrx_word' id='word_1_176' title='bbox 1235 2214 1313 2266; x_wconf 86' lang='lat' dir='ltr'>ita</span> <span class='ocrx_word' id='word_1_177' title='bbox 1354 2230 1583 2267; x_wconf 85' lang='lat' dir='ltr'>carnem</span> <span class='ocrx_word' id='word_1_178' title='bbox 1633 2230 1749 2267; x_wconf 88' lang='lat' dir='ltr'>non</span> <span class='ocrx_word' id='word_1_179' title='bbox 1807 2231 1978 2285; x_wconf 88' lang='lat' dir='ltr'>quam</span> 
     </span>
    </p>
   </div>
   <div class='ocr_carea' id='block_1_24' title="bbox 288 2302 1979 2374">
    <p class='ocr_par' dir='ltr' id='par_1_24' title="bbox 288 2302 1979 2374">
     <span class='ocr_line' id='line_1_24' title="bbox 288 2302 1979 2374; baseline -0.001 -16"><span class='ocrx_word' id='word_1_180' title='bbox 288 2305 488 2369; x_wconf 89' lang='lat' dir='ltr'>voluit,</span> <span class='ocrx_word' id='word_1_181' title='bbox 521 2305 613 2358; x_wconf 91' lang='lat' dir='ltr'>sed</span> <span class='ocrx_word' id='word_1_182' title='bbox 649 2319 821 2374; x_wconf 90' lang='lat' dir='ltr'>quam</span> <span class='ocrx_word' id='word_1_183' title='bbox 852 2303 1031 2356; x_wconf 84' lang='lat' dir='ltr'>valuit</span> <span class='ocrx_word' id='word_1_184' title='bbox 1078 2302 1407 2373; x_wconf 84' lang='lat' dir='ltr'>occupavit?</span> <span class='ocrx_word' id='word_1_185' title='bbox 1453 2303 1722 2374; x_wconf 86' lang='lat' dir='ltr'>Nunquid</span> <span class='ocrx_word' id='word_1_186' title='bbox 1773 2304 1896 2358; x_wconf 62' lang='lat' dir='ltr'>haec</span> <span class='ocrx_word' id='word_1_187' title='bbox 1926 2310 1979 2357; x_wconf 90' lang='lat' dir='ltr'>et</span> 
     </span>
    </p>
   </div>
   <div class='ocr_carea' id='block_1_25' title="bbox 289 2391 1980 2462">
    <p class='ocr_par' dir='ltr' id='par_1_25' title="bbox 289 2391 1980 2462">
     <span class='ocr_line' id='line_1_25' title="bbox 289 2391 1980 2462; baseline -0.001 -15"><span class='ocrx_word' id='word_1_188' title='bbox 289 2393 425 2448; x_wconf 90' lang='lat' dir='ltr'>talia</span> <span class='ocrx_word' id='word_1_189' title='bbox 464 2394 651 2446; x_wconf 80' lang='lat' dir='ltr'>dicere</span> <span class='ocrx_word' id='word_1_190' title='bbox 709 2407 1014 2462; x_wconf 86' lang='lat' dir='ltr'>possumus</span> <span class='ocrx_word' id='word_1_191' title='bbox 1066 2391 1152 2444; x_wconf 85' lang='lat' dir='ltr'>vel</span> <span class='ocrx_word' id='word_1_192' title='bbox 1207 2391 1415 2444; x_wconf 82' lang='lat' dir='ltr'>sentire</span> <span class='ocrx_word' id='word_1_193' title='bbox 1469 2391 1784 2444; x_wconf 87' lang='lat' dir='ltr'>debemus?</span> <span class='ocrx_word' id='word_1_194' title='bbox 1832 2393 1980 2445; x_wconf 90' lang='lat' dir='ltr'>Doce</span> 
     </span>
    </p>
   </div>
   <div class='ocr_carea' id='block_1_26' title="bbox 288 2477 1979 2551">
    <p class='ocr_par' dir='ltr' id='par_1_26' title="bbox 288 2477 1979 2551">
     <span class='ocr_line' id='line_1_26' title="bbox 288 2477 1979 2551; baseline -0.001 -17"><span class='ocrx_word' id='word_1_195' title='bbox 288 2481 466 2551; x_wconf 84' lang='lat' dir='ltr'>igitur</span> <span class='ocrx_word' id='word_1_196' title='bbox 487 2480 624 2549; x_wconf 84' lang='lat' dir='ltr'>quid</span> <span class='ocrx_word' id='word_1_197' title='bbox 683 2479 914 2545; x_wconf 83' lang='lat' dir='ltr'>sentire,</span> <span class='ocrx_word' id='word_1_198' title='bbox 949 2479 1086 2548; x_wconf 90' lang='lat' dir='ltr'>quid</span> <span class='ocrx_word' id='word_1_199' title='bbox 1122 2478 1308 2531; x_wconf 88' lang='lat' dir='ltr'>dicere</span> <span class='ocrx_word' id='word_1_200' title='bbox 1362 2477 1690 2545; x_wconf 81' lang='lat' dir='ltr'>debeamus,</span> <span class='ocrx_word' id='word_1_201' title='bbox 1749 2483 1812 2532; x_wconf 91' lang='lat' dir='ltr'>ut</span> <span class='ocrx_word' id='word_1_202' title='bbox 1843 2495 1979 2532; x_wconf 91' lang='lat' dir='ltr'>con-</span> 
     </span>
    </p>
   </div>
   <div class='ocr_carea' id='block_1_27' title="bbox 289 2566 1980 2638">
    <p class='ocr_par' dir='ltr' id='par_1_27' title="bbox 289 2566 1980 2638">
     <span class='ocr_line' id='line_1_27' title="bbox 289 2566 1980 2638; baseline -0.001 -15"><span class='ocrx_word' id='word_1_203' title='bbox 289 2577 392 2623; x_wconf 90' lang='lat' dir='ltr'>stet</span> <span class='ocrx_word' id='word_1_204' title='bbox 430 2569 594 2622; x_wconf 86' lang='lat' dir='ltr'>nobis</span> <span class='ocrx_word' id='word_1_205' title='bbox 619 2568 762 2621; x_wconf 86' lang='lat' dir='ltr'>ratio</span> <span class='ocrx_word' id='word_1_206' title='bbox 796 2583 1073 2620; x_wconf 90' lang='lat' dir='ltr'>novarum</span> <span class='ocrx_word' id='word_1_207' title='bbox 1103 2566 1428 2619; x_wconf 84' lang='lat' dir='ltr'>animarum</span> <span class='ocrx_word' id='word_1_208' title='bbox 1460 2567 1700 2637; x_wconf 83' lang='lat' dir='ltr'>singulis</span> <span class='ocrx_word' id='word_1_209' title='bbox 1726 2567 1980 2638; x_wconf 87' lang='lat' dir='ltr'>corpori-</span> 
     </span>
    </p>
   </div>
   <div class='ocr_carea' id='block_1_28' title="bbox 286 2656 1977 2727">
    <p class='ocr_par' dir='ltr' id='par_1_28' title="bbox 286 2656 1977 2727">
     <span class='ocr_line' id='line_1_28' title="bbox 286 2656 1977 2727; baseline -0.001 -16"><span class='ocrx_word' id='word_1_210' title='bbox 286 2658 393 2712; x_wconf 89' lang='lat' dir='ltr'>bus</span> <span class='ocrx_word' id='word_1_211' title='bbox 440 2658 894 2727; x_wconf 87' lang='lat' dir='ltr'>singillatimque</span> <span class='ocrx_word' id='word_1_212' title='bbox 950 2656 1248 2710; x_wconf 88' lang='lat' dir='ltr'>factarum.</span> <span class='ocrx_word' id='word_1_213' title='bbox 1309 2675 1336 2705; x_wconf 86' lang='lat'><strong>»</strong></span> <span class='ocrx_word' id='word_1_214' title='bbox 1396 2657 1462 2709; x_wconf 88' lang='lat' dir='ltr'>Et</span> <span class='ocrx_word' id='word_1_215' title='bbox 1496 2657 1564 2709; x_wconf 90' lang='lat' dir='ltr'>ad</span> <span class='ocrx_word' id='word_1_216' title='bbox 1614 2662 1977 2710; x_wconf 83' lang='lat' dir='ltr'>extremum:</span> 
     </span>
    </p>
   </div>
   <div class='ocr_carea' id='block_1_29' title="bbox 293 2745 1978 2816">
    <p class='ocr_par' dir='ltr' id='par_1_29' title="bbox 293 2745 1978 2816">
     <span class='ocr_line' id='line_1_29' title="bbox 293 2745 1978 2816; baseline 0.002 -21"><span class='ocrx_word' id='word_1_217' title='bbox 293 2769 314 2795; x_wconf 74' lang='grc' dir='ltr'><strong><em>ι</em></strong></span> <span class='ocrx_word' id='word_1_218' title='bbox 360 2748 562 2801; x_wconf 88' lang='lat' dir='ltr'>Beatus</span> <span class='ocrx_word' id='word_1_219' title='bbox 607 2746 837 2816; x_wconf 89' lang='lat' dir='ltr'>quidem</span> <span class='ocrx_word' id='word_1_220' title='bbox 885 2745 1198 2814; x_wconf 80' lang='lat' dir='ltr'>Cyprianus</span> <span class='ocrx_word' id='word_1_221' title='bbox 1249 2761 1362 2797; x_wconf 89' lang='lat' dir='ltr'>non</span> <span class='ocrx_word' id='word_1_222' title='bbox 1394 2745 1622 2814; x_wconf 84' lang='lat' dir='ltr'>aliquod</span> <span class='ocrx_word' id='word_1_223' title='bbox 1691 2745 1978 2799; x_wconf 89' lang='lat' dir='ltr'>decretum</span> 
     </span>
    </p>
   </div>
   <div class='ocr_carea' id='block_1_30' title="bbox 286 2833 1982 2899">
    <p class='ocr_par' dir='ltr' id='par_1_30' title="bbox 286 2833 1982 2899">
     <span class='ocr_line' id='line_1_30' title="bbox 286 2833 1982 2899; baseline -0.001 -10"><span class='ocrx_word' id='word_1_224' title='bbox 286 2836 534 2889; x_wconf 86' lang='lat' dir='ltr'>condens</span> <span class='ocrx_word' id='word_1_225' title='bbox 595 2850 826 2899; x_wconf 90' lang='lat' dir='ltr'>novum,</span> <span class='ocrx_word' id='word_1_226' title='bbox 884 2833 983 2886; x_wconf 86' lang='lat' dir='ltr'>sed</span> <span class='ocrx_word' id='word_1_227' title='bbox 1038 2833 1295 2887; x_wconf 81' lang='lat' dir='ltr'>Ecclesiae</span> <span class='ocrx_word' id='word_1_228' title='bbox 1364 2833 1536 2886; x_wconf 85' lang='lat' dir='ltr'>ﬁdem</span> <span class='ocrx_word' id='word_1_229' title='bbox 1595 2834 1982 2888; x_wconf 86' lang='lat' dir='ltr'>ﬁrmissimam</span> 
     </span>
    </p>
   </div>
   <div class='ocr_carea' id='block_1_31' title="bbox 285 2921 1980 2992">
    <p class='ocr_par' dir='ltr' id='par_1_31' title="bbox 285 2921 1980 2992">
     <span class='ocr_line' id='line_1_31' title="bbox 285 2921 1980 2992; baseline -0.001 -15"><span class='ocrx_word' id='word_1_230' title='bbox 285 2941 535 2990; x_wconf 89' lang='lat' dir='ltr'>servans,</span> <span class='ocrx_word' id='word_1_231' title='bbox 571 2925 641 2978; x_wconf 86' lang='lat' dir='ltr'>ad</span> <span class='ocrx_word' id='word_1_232' title='bbox 687 2922 1048 2992; x_wconf 80' lang='lat' dir='ltr'>corrigendos</span> <span class='ocrx_word' id='word_1_233' title='bbox 1079 2923 1179 2992; x_wconf 89' lang='lat' dir='ltr'>qui</span> <span class='ocrx_word' id='word_1_234' title='bbox 1218 2921 1497 2992; x_wconf 87' lang='lat' dir='ltr'>putabant</span> <span class='ocrx_word' id='word_1_235' title='bbox 1549 2928 1682 2976; x_wconf 91' lang='lat' dir='ltr'>ante</span> <span class='ocrx_word' id='word_1_236' title='bbox 1718 2928 1980 2976; x_wconf 87' lang='lat' dir='ltr'>octavum</span> 
     </span>
    </p>
   </div>
   <div class='ocr_carea' id='block_1_32' title="bbox 286 3011 1978 3081">
    <p class='ocr_par' dir='ltr' id='par_1_32' title="bbox 286 3011 1978 3081">
     <span class='ocr_line' id='line_1_32' title="bbox 286 3011 1978 3081; baseline -0.001 -14"><span class='ocrx_word' id='word_1_237' title='bbox 286 3014 437 3068; x_wconf 89' lang='lat' dir='ltr'>diem</span> <span class='ocrx_word' id='word_1_238' title='bbox 491 3013 798 3066; x_wconf 82' lang='lat' dir='ltr'>nativitatis</span> <span class='ocrx_word' id='word_1_239' title='bbox 845 3027 961 3065; x_wconf 92' lang='lat' dir='ltr'>non</span> <span class='ocrx_word' id='word_1_240' title='bbox 1012 3027 1132 3064; x_wconf 85' lang='lat' dir='ltr'>esse</span> <span class='ocrx_word' id='word_1_241' title='bbox 1187 3011 1482 3081; x_wconf 78' lang='lat' dir='ltr'>parvulum</span> <span class='ocrx_word' id='word_1_242' title='bbox 1547 3011 1978 3080; x_wconf 86' lang='lat' dir='ltr'>baptizandum,</span> 
     </span>
    </p>
   </div>
   <div class='ocr_carea' id='block_1_33' title="bbox 286 3099 1977 3170">
    <p class='ocr_par' dir='ltr' id='par_1_33' title="bbox 286 3099 1977 3170">
     <span class='ocr_line' id='line_1_33' title="bbox 286 3099 1977 3170; baseline -0.001 -14"><span class='ocrx_word' id='word_1_243' title='bbox 286 3118 400 3156; x_wconf 91' lang='lat' dir='ltr'>non</span> <span class='ocrx_word' id='word_1_244' title='bbox 429 3117 681 3167; x_wconf 89' lang='lat' dir='ltr'>carnem,</span> <span class='ocrx_word' id='word_1_245' title='bbox 713 3101 810 3154; x_wconf 89' lang='lat' dir='ltr'>sed</span> <span class='ocrx_word' id='word_1_246' title='bbox 841 3099 1092 3153; x_wconf 85' lang='lat' dir='ltr'>animam</span> <span class='ocrx_word' id='word_1_247' title='bbox 1127 3099 1270 3153; x_wconf 82' lang='lat' dir='ltr'>dixit</span> <span class='ocrx_word' id='word_1_248' title='bbox 1301 3115 1417 3152; x_wconf 92' lang='lat' dir='ltr'>non</span> <span class='ocrx_word' id='word_1_249' title='bbox 1451 3115 1571 3153; x_wconf 89' lang='lat' dir='ltr'>esse</span> <span class='ocrx_word' id='word_1_250' title='bbox 1603 3101 1977 3170; x_wconf 86' lang='lat' dir='ltr'>perdendam,</span> 
     </span>
    </p>
   </div>
   <div class='ocr_carea' id='block_1_34' title="bbox 286 3187 1979 3258">
    <p class='ocr_par' dir='ltr' id='par_1_34' title="bbox 286 3187 1979 3258">
     <span class='ocr_line' id='line_1_34' title="bbox 286 3187 1979 3258; baseline -0.003 -13"><span class='ocrx_word' id='word_1_251' title='bbox 286 3195 342 3245; x_wconf 89' lang='lat' dir='ltr'>et</span> <span class='ocrx_word' id='word_1_252' title='bbox 375 3207 503 3244; x_wconf 89' lang='lat' dir='ltr'>mox</span> <span class='ocrx_word' id='word_1_253' title='bbox 537 3197 736 3242; x_wconf 89' lang='lat' dir='ltr'>natum</span> <span class='ocrx_word' id='word_1_254' title='bbox 769 3191 875 3242; x_wconf 90' lang='lat' dir='ltr'>rite</span> <span class='ocrx_word' id='word_1_255' title='bbox 925 3188 1203 3258; x_wconf 86' lang='lat' dir='ltr'>baptizari</span> <span class='ocrx_word' id='word_1_256' title='bbox 1238 3204 1402 3258; x_wconf 87' lang='lat' dir='ltr'>posse</span> <span class='ocrx_word' id='word_1_257' title='bbox 1453 3204 1583 3240; x_wconf 92' lang='lat' dir='ltr'>cum</span> <span class='ocrx_word' id='word_1_258' title='bbox 1615 3187 1732 3240; x_wconf 91' lang='lat' dir='ltr'>suis</span> <span class='ocrx_word' id='word_1_259' title='bbox 1781 3188 1979 3258; x_wconf 90' lang='lat' dir='ltr'>coepi-</span> 
     </span>
    </p>
   </div>
   <div class='ocr_carea' id='block_1_35' title="bbox 287 3277 1976 3350">
    <p class='ocr_par' dir='ltr' id='par_1_35' title="bbox 287 3277 1976 3350">
     <span class='ocr_line' id='line_1_35' title="bbox 287 3277 1976 3350; baseline -0.002 -16"><span class='ocrx_word' id='word_1_260' title='bbox 287 3280 470 3350; x_wconf 85' lang='lat' dir='ltr'>scOpis</span> <span class='ocrx_word' id='word_1_261' title='bbox 509 3279 746 3332; x_wconf 83' lang='lat' dir='ltr'>censuit.</span> <span class='ocrx_word' id='word_1_262' title='bbox 799 3278 1018 3332; x_wconf 88' lang='lat' dir='ltr'>Sentiat</span> <span class='ocrx_word' id='word_1_263' title='bbox 1066 3279 1309 3348; x_wconf 85' lang='lat' dir='ltr'>quisque</span> <span class='ocrx_word' id='word_1_264' title='bbox 1360 3277 1692 3347; x_wconf 84' lang='lat' dir='ltr'>quodlibet:</span> <span class='ocrx_word' id='word_1_265' title='bbox 1753 3280 1976 3330; x_wconf 88' lang='lat' dir='ltr'>tantum</span> 
     </span>
    </p>
   </div>
   <div class='ocr_carea' id='block_1_36' title="bbox 284 3365 1980 3436">
    <p class='ocr_par' dir='ltr' id='par_1_36' title="bbox 284 3365 1980 3436">
     <span class='ocr_line' id='line_1_36' title="bbox 284 3365 1980 3436; baseline -0.002 -14"><span class='ocrx_word' id='word_1_266' title='bbox 284 3373 484 3422; x_wconf 89' lang='lat' dir='ltr'>contra</span> <span class='ocrx_word' id='word_1_267' title='bbox 516 3366 883 3436; x_wconf 89' lang='lat' dir='ltr'>apostolicam</span> <span class='ocrx_word' id='word_1_268' title='bbox 918 3365 1088 3419; x_wconf 84' lang='lat' dir='ltr'>ﬁdem</span> <span class='ocrx_word' id='word_1_269' title='bbox 1117 3382 1233 3419; x_wconf 93' lang='lat' dir='ltr'>non</span> <span class='ocrx_word' id='word_1_270' title='bbox 1260 3365 1491 3430; x_wconf 85' lang='lat' dir='ltr'>sentiat,</span> <span class='ocrx_word' id='word_1_271' title='bbox 1536 3381 1663 3434; x_wconf 74' lang='lat' dir='ltr'>quas</span> <span class='ocrx_word' id='word_1_272' title='bbox 1695 3381 1760 3418; x_wconf 84' lang='lat' dir='ltr'>ex</span> <span class='ocrx_word' id='word_1_273' title='bbox 1809 3365 1980 3420; x_wconf 86' lang='lat' dir='ltr'>unius</span> 
     </span>
    </p>
   </div>
   <div class='ocr_carea' id='block_1_37' title="bbox 286 3453 1974 3522">
    <p class='ocr_par' dir='ltr' id='par_1_37' title="bbox 286 3453 1974 3522">
     <span class='ocr_line' id='line_1_37' title="bbox 286 3453 1974 3522; baseline -0.003 -11"><span class='ocrx_word' id='word_1_274' title='bbox 286 3458 492 3512; x_wconf 85' lang='lat' dir='ltr'>delicto</span> <span class='ocrx_word' id='word_1_275' title='bbox 531 3471 732 3510; x_wconf 89' lang='lat' dir='ltr'>omnes</span> <span class='ocrx_word' id='word_1_276' title='bbox 781 3454 798 3488; x_wconf 74' lang='grc' dir='ltr'><em>τ</em></span> <span class='ocrx_word' id='word_1_277' title='bbox 828 3455 885 3507; x_wconf 93' lang='lat' dir='ltr'>in</span> <span class='ocrx_word' id='word_1_278' title='bbox 941 3453 1476 3508; x_wconf 89' lang='lat' dir='ltr'>condemnationem</span> <span class='ocrx_word' id='word_1_279' title='bbox 1523 3453 1652 3506; x_wconf 91' lang='lat' dir='ltr'>duci</span> <span class='ocrx_word' id='word_1_280' title='bbox 1683 3453 1974 3522; x_wconf 66' lang='lat' dir='ltr'>praedicat,</span> 
     </span>
    </p>
   </div>
   <div class='ocr_carea' id='block_1_38' title="bbox 285 3541 1978 3617">
    <p class='ocr_par' dir='ltr' id='par_1_38' title="bbox 285 3541 1978 3617">
     <span class='ocr_line' id='line_1_38' title="bbox 285 3541 1978 3617; baseline -0.002 -18"><span class='ocrx_word' id='word_1_281' title='bbox 285 3561 351 3599; x_wconf 85' lang='lat' dir='ltr'>ex</span> <span class='ocrx_word' id='word_1_282' title='bbox 384 3562 496 3617; x_wconf 89' lang='lat' dir='ltr'>qua</span> <span class='ocrx_word' id='word_1_283' title='bbox 563 3543 1041 3598; x_wconf 88' lang='lat' dir='ltr'>condemnatione</span> <span class='ocrx_word' id='word_1_284' title='bbox 1085 3559 1202 3597; x_wconf 91' lang='lat' dir='ltr'>non</span> <span class='ocrx_word' id='word_1_285' title='bbox 1240 3542 1444 3596; x_wconf 87' lang='lat' dir='ltr'>liberat</span> <span class='ocrx_word' id='word_1_286' title='bbox 1488 3541 1600 3596; x_wconf 90' lang='lat' dir='ltr'>nisi</span> <span class='ocrx_word' id='word_1_287' title='bbox 1645 3541 1828 3612; x_wconf 89' lang='lat' dir='ltr'>gratia</span> <span class='ocrx_word' id='word_1_288' title='bbox 1877 3542 1978 3596; x_wconf 93' lang='lat' dir='ltr'>Dei</span> 
     </span>
    </p>
   </div>
   <div class='ocr_carea' id='block_1_39' title="bbox 281 3630 1977 3704">
    <p class='ocr_par' dir='ltr' id='par_1_39' title="bbox 281 3630 1977 3704">
     <span class='ocr_line' id='line_1_39' title="bbox 281 3630 1977 3704; baseline -0.004 -15"><span class='ocrx_word' id='word_1_289' title='bbox 281 3651 387 3704; x_wconf 90' lang='lat' dir='ltr'>per</span> <span class='ocrx_word' id='word_1_290' title='bbox 412 3636 606 3689; x_wconf 74' lang='lat' dir='ltr'>Iesum</span> <span class='ocrx_word' id='word_1_291' title='bbox 639 3633 926 3687; x_wconf 85' lang='lat' dir='ltr'>Christum</span> <span class='ocrx_word' id='word_1_292' title='bbox 961 3631 1268 3685; x_wconf 90' lang='lat' dir='ltr'>Dominum</span> <span class='ocrx_word' id='word_1_293' title='bbox 1300 3635 1580 3699; x_wconf 90' lang='lat' dir='ltr'>nostrum,</span> <span class='ocrx_word' id='word_1_294' title='bbox 1611 3630 1672 3683; x_wconf 91' lang='lat' dir='ltr'>in</span> <span class='ocrx_word' id='word_1_295' title='bbox 1708 3646 1822 3700; x_wconf 91' lang='lat' dir='ltr'>quo</span> <span class='ocrx_word' id='word_1_296' title='bbox 1851 3647 1977 3682; x_wconf 92' lang='lat' dir='ltr'>om-</span> 
     </span>
    </p>
   </div>
   <div class='ocr_carea' id='block_1_40' title="bbox 283 3719 1974 3792">
    <p class='ocr_par' dir='ltr' id='par_1_40' title="bbox 283 3719 1974 3792">
     <span class='ocr_line' id='line_1_40' title="bbox 283 3719 1974 3792; baseline -0.002 -16"><span class='ocrx_word' id='word_1_297' title='bbox 283 3740 384 3778; x_wconf 85' lang='lat' dir='ltr'>nes</span> <span class='ocrx_word' id='word_1_298' title='bbox 419 3723 777 3777; x_wconf 89' lang='lat' dir='ltr'>viviﬁcantur</span> <span class='ocrx_word' id='word_1_299' title='bbox 815 3721 1144 3792; x_wconf 89' lang='lat' dir='ltr'>quicunque</span> <span class='ocrx_word' id='word_1_300' title='bbox 1178 3719 1558 3773; x_wconf 89' lang='lat' dir='ltr'>viviﬁcantur.</span> <span class='ocrx_word' id='word_1_301' title='bbox 1617 3719 1824 3773; x_wconf 89' lang='lat' dir='ltr'>Contra</span> <span class='ocrx_word' id='word_1_302' title='bbox 1875 3720 1974 3772; x_wconf 80' lang='lat' dir='ltr'>Ec-</span> 
     </span>
    </p>
   </div>
   <div class='ocr_carea' id='block_1_41' title="bbox 282 3806 1975 3875">
    <p class='ocr_par' dir='ltr' id='par_1_41' title="bbox 282 3806 1975 3875">
     <span class='ocr_line' id='line_1_41' title="bbox 282 3806 1975 3875; baseline -0.005 -9"><span class='ocrx_word' id='word_1_303' title='bbox 282 3813 464 3866; x_wconf 51' lang='lat' dir='ltr'>clesia).</span> <span class='ocrx_word' id='word_1_304' title='bbox 514 3810 978 3866; x_wconf 85' lang='lat' dir='ltr'>fundatissimum</span> <span class='ocrx_word' id='word_1_305' title='bbox 1029 3825 1251 3864; x_wconf 88' lang='lat' dir='ltr'>morem</span> <span class='ocrx_word' id='word_1_306' title='bbox 1283 3825 1456 3863; x_wconf 89' lang='lat' dir='ltr'>nemo</span> <span class='ocrx_word' id='word_1_307' title='bbox 1517 3806 1743 3875; x_wconf 87' lang='lat' dir='ltr'>sentiat,</span> <span class='ocrx_word' id='word_1_308' title='bbox 1779 3806 1876 3860; x_wconf 82' lang='lat' dir='ltr'>tibi</span> <span class='ocrx_word' id='word_1_309' title='bbox 1909 3808 1975 3859; x_wconf 87' lang='lat' dir='ltr'>ad</span> 
     </span>
    </p>
   </div>
   <div class='ocr_carea' id='block_1_42' title="bbox 280 3897 1974 3972">
    <p class='ocr_par' dir='ltr' id='par_1_42' title="bbox 280 3897 1974 3972">
     <span class='ocr_line' id='line_1_42' title="bbox 280 3897 1974 3972; baseline -0.006 -16"><span class='ocrx_word' id='word_1_310' title='bbox 280 3901 652 3972; x_wconf 88' lang='lat' dir='ltr'>baptismum,</span> <span class='ocrx_word' id='word_1_311' title='bbox 687 3900 733 3953; x_wconf 89' lang='lat' dir='ltr'>si</span> <span class='ocrx_word' id='word_1_312' title='bbox 763 3903 1000 3969; x_wconf 86' lang='lat' dir='ltr'>propter</span> <span class='ocrx_word' id='word_1_313' title='bbox 1029 3898 1396 3970; x_wconf 88' lang='lat' dir='ltr'>parvulorum</span> <span class='ocrx_word' id='word_1_314' title='bbox 1425 3897 1543 3950; x_wconf 87' lang='lat' dir='ltr'>sola</span> <span class='ocrx_word' id='word_1_315' title='bbox 1580 3911 1818 3966; x_wconf 89' lang='lat' dir='ltr'>corpora</span> <span class='ocrx_word' id='word_1_316' title='bbox 1849 3911 1974 3948; x_wconf 89' lang='lat' dir='ltr'>cur-</span> 
     </span>
    </p>
   </div>
   <div class='ocr_carea' id='block_1_43' title="bbox 279 3984 1976 4059">
    <p class='ocr_par' dir='ltr' id='par_1_43' title="bbox 279 3984 1976 4059">
     <span class='ocr_line' id='line_1_43' title="bbox 279 3984 1976 4059; baseline -0.004 -15"><span class='ocrx_word' id='word_1_317' title='bbox 279 3996 501 4046; x_wconf 89' lang='lat' dir='ltr'>reretur</span> <span class='ocrx_word' id='word_1_318' title='bbox 551 3989 891 4059; x_wconf 88' lang='lat' dir='ltr'>baptizanda</span> <span class='ocrx_word' id='word_1_319' title='bbox 949 4001 999 4054; x_wconf 76' lang='lat'>8&#39;,</span> <span class='ocrx_word' id='word_1_320' title='bbox 1060 3988 1372 4042; x_wconf 77' lang='lat' dir='ltr'>oﬁ‘erentur</span> <span class='ocrx_word' id='word_1_321' title='bbox 1435 3990 1490 4039; x_wconf 89' lang='lat' dir='ltr'>et</span> <span class='ocrx_word' id='word_1_322' title='bbox 1542 3984 1780 4039; x_wconf 89' lang='lat' dir='ltr'>mortui.</span> <span class='ocrx_word' id='word_1_323' title='bbox 1839 3984 1976 4048; x_wconf 72' lang='lat' dir='ltr'>Quas</span> 
     </span>
    </p>
   </div>
   <div class='ocr_carea' id='block_1_44' title="bbox 280 4074 1978 4148">
    <p class='ocr_par' dir='ltr' id='par_1_44' title="bbox 280 4074 1978 4148">
     <span class='ocr_line' id='line_1_44' title="bbox 280 4074 1978 4148; baseline -0.005 -14"><span class='ocrx_word' id='word_1_324' title='bbox 280 4097 410 4134; x_wconf 90' lang='lat' dir='ltr'>cum</span> <span class='ocrx_word' id='word_1_325' title='bbox 442 4081 523 4133; x_wconf 85' lang='lat' dir='ltr'>ita</span> <span class='ocrx_word' id='word_1_326' title='bbox 561 4080 693 4142; x_wconf 89' lang='lat' dir='ltr'>sint,</span> <span class='ocrx_word' id='word_1_327' title='bbox 741 4077 1055 4148; x_wconf 63' lang='lat' dir='ltr'>quaerenda</span> <span class='ocrx_word' id='word_1_328' title='bbox 1109 4093 1278 4130; x_wconf 85' lang='lat' dir='ltr'>causa</span> <span class='ocrx_word' id='word_1_329' title='bbox 1327 4081 1495 4145; x_wconf 90' lang='lat' dir='ltr'>atque</span> <span class='ocrx_word' id='word_1_330' title='bbox 1551 4074 1840 4128; x_wconf 88' lang='lat' dir='ltr'>reddenda</span> <span class='ocrx_word' id='word_1_331' title='bbox 1893 4080 1978 4127; x_wconf 89' lang='lat' dir='ltr'>est</span> 
     </span>
    </p>
   </div>
   <div class='ocr_carea' id='block_1_45' title="bbox 281 4162 1972 4238">
    <p class='ocr_par' dir='ltr' id='par_1_45' title="bbox 281 4162 1972 4238">
     <span class='ocr_line' id='line_1_45' title="bbox 281 4162 1972 4238; baseline -0.005 -16"><span class='ocrx_word' id='word_1_332' title='bbox 281 4183 459 4238; x_wconf 89' lang='lat' dir='ltr'>quare</span> <span class='ocrx_word' id='word_1_333' title='bbox 500 4168 847 4220; x_wconf 86' lang='lat' dir='ltr'>damnantur</span> <span class='ocrx_word' id='word_1_334' title='bbox 891 4165 1120 4227; x_wconf 69' lang='lat' dir='ltr'>animae,</span> <span class='ocrx_word' id='word_1_335' title='bbox 1171 4165 1217 4216; x_wconf 90' lang='lat' dir='ltr'>si</span> <span class='ocrx_word' id='word_1_336' title='bbox 1264 4169 1472 4234; x_wconf 72' lang='lat' dir='ltr'>praeter</span> <span class='ocrx_word' id='word_1_337' title='bbox 1513 4162 1719 4217; x_wconf 87' lang='lat' dir='ltr'>Christi</span> <span class='ocrx_word' id='word_1_338' title='bbox 1783 4177 1972 4215; x_wconf 87' lang='lat' dir='ltr'>sacra-</span> 
     </span>
    </p>
   </div>
   <div class='ocr_carea' id='block_1_46' title="bbox 281 4250 1973 4324">
    <p class='ocr_par' dir='ltr' id='par_1_46' title="bbox 281 4250 1973 4324">
     <span class='ocr_line' id='line_1_46' title="bbox 281 4250 1973 4324; baseline -0.005 -14"><span class='ocrx_word' id='word_1_339' title='bbox 281 4261 541 4310; x_wconf 88' lang='lat' dir='ltr'>mentum</span> <span class='ocrx_word' id='word_1_340' title='bbox 602 4253 820 4324; x_wconf 89' lang='lat' dir='ltr'>parvuli</span> <span class='ocrx_word' id='word_1_341' title='bbox 852 4253 1192 4320; x_wconf 87' lang='lat' dir='ltr'>moriantur,</span> <span class='ocrx_word' id='word_1_342' title='bbox 1237 4250 1498 4305; x_wconf 88' lang='lat' dir='ltr'>damnari</span> <span class='ocrx_word' id='word_1_343' title='bbox 1543 4250 1697 4303; x_wconf 90' lang='lat' dir='ltr'>enim</span> <span class='ocrx_word' id='word_1_344' title='bbox 1750 4266 1864 4315; x_wconf 89' lang='lat' dir='ltr'>eas,</span> <span class='ocrx_word' id='word_1_345' title='bbox 1927 4251 1973 4303; x_wconf 88' lang='lat' dir='ltr'>si</span> 
     </span>
    </p>
   </div>
   <div class='ocr_carea' id='block_1_47' title="bbox 283 4339 2058 4428">
    <p class='ocr_par' dir='ltr' id='par_1_47' title="bbox 283 4339 2058 4428">
     <span class='ocr_line' id='line_1_47' title="bbox 283 4339 2058 4428; baseline -0.003 -30"><span class='ocrx_word' id='word_1_346' title='bbox 283 4345 362 4398; x_wconf 87' lang='lat' dir='ltr'>sic</span> <span class='ocrx_word' id='word_1_347' title='bbox 393 4343 636 4398; x_wconf 86' lang='lat' dir='ltr'>exierint</span> <span class='ocrx_word' id='word_1_348' title='bbox 667 4342 735 4396; x_wconf 90' lang='lat' dir='ltr'>de</span> <span class='ocrx_word' id='word_1_349' title='bbox 767 4358 1023 4412; x_wconf 89' lang='lat' dir='ltr'>corpore,</span> <span class='ocrx_word' id='word_1_350' title='bbox 1078 4346 1135 4394; x_wconf 92' lang='lat' dir='ltr'>et</span> <span class='ocrx_word' id='word_1_351' title='bbox 1165 4340 1368 4395; x_wconf 86' lang='lat' dir='ltr'>Sancta</span> <span class='ocrx_word' id='word_1_352' title='bbox 1415 4339 1723 4408; x_wconf 85' lang='lat' dir='ltr'>Scriptura,</span> <span class='ocrx_word' id='word_1_353' title='bbox 1757 4343 1814 4392; x_wconf 89' lang='lat' dir='ltr'>et</span> <span class='ocrx_word' id='word_1_354' title='bbox 1843 4355 1972 4392; x_wconf 85' lang='lat' dir='ltr'>san-</span> <span class='ocrx_word' id='word_1_355' title='bbox 2015 4374 2058 4428; x_wconf 67' lang='grc' dir='ltr'>Ι)</span> 
     </span>
    </p>
   </div>
   <div class='ocr_carea' id='block_1_48' title="bbox 281 4426 1974 4487">
    <p class='ocr_par' dir='ltr' id='par_1_48' title="bbox 281 4426 1974 4487">
     <span class='ocr_line' id='line_1_48' title="bbox 281 4426 1974 4487; baseline -0.005 0"><span class='ocrx_word' id='word_1_356' title='bbox 281 4440 372 4487; x_wconf 91' lang='lat' dir='ltr'>cta</span> <span class='ocrx_word' id='word_1_357' title='bbox 399 4437 483 4486; x_wconf 88' lang='lat' dir='ltr'>est</span> <span class='ocrx_word' id='word_1_358' title='bbox 531 4431 690 4485; x_wconf 88' lang='lat' dir='ltr'>testis</span> <span class='ocrx_word' id='word_1_359' title='bbox 737 4431 997 4485; x_wconf 86' lang='lat' dir='ltr'>Ecclesia.</span> <span class='ocrx_word' id='word_1_360' title='bbox 1037 4429 1191 4484; x_wconf 87' lang='lat' dir='ltr'>Unde</span> <span class='ocrx_word' id='word_1_361' title='bbox 1237 4428 1335 4481; x_wconf 89' lang='lat' dir='ltr'>illa</span> <span class='ocrx_word' id='word_1_362' title='bbox 1383 4429 1451 4481; x_wconf 90' lang='lat' dir='ltr'>de</span> <span class='ocrx_word' id='word_1_363' title='bbox 1500 4426 1821 4480; x_wconf 89' lang='lat' dir='ltr'>animarum</span> <span class='ocrx_word' id='word_1_364' title='bbox 1871 4443 1974 4480; x_wconf 92' lang='lat' dir='ltr'>no-</span> 
     </span>
    </p>
   </div>
   <div class='ocr_carea' id='block_1_49' title="bbox 281 4515 1974 4585">
    <p class='ocr_par' dir='ltr' id='par_1_49' title="bbox 281 4515 1974 4585">
     <span class='ocr_line' id='line_1_49' title="bbox 281 4515 1974 4585; baseline -0.005 -8"><span class='ocrx_word' id='word_1_365' title='bbox 281 4537 482 4577; x_wconf 89' lang='lat' dir='ltr'>varum</span> <span class='ocrx_word' id='word_1_366' title='bbox 515 4521 801 4575; x_wconf 86' lang='lat' dir='ltr'>creatione</span> <span class='ocrx_word' id='word_1_367' title='bbox 833 4519 1136 4585; x_wconf 87' lang='lat' dir='ltr'>sententia,</span> <span class='ocrx_word' id='word_1_368' title='bbox 1181 4517 1228 4570; x_wconf 87' lang='lat' dir='ltr'>si</span> <span class='ocrx_word' id='word_1_369' title='bbox 1286 4517 1433 4570; x_wconf 87' lang='lat' dir='ltr'>hanc</span> <span class='ocrx_word' id='word_1_370' title='bbox 1469 4516 1640 4570; x_wconf 83' lang='lat' dir='ltr'>ﬁdem</span> <span class='ocrx_word' id='word_1_371' title='bbox 1698 4515 1974 4569; x_wconf 84' lang='lat' dir='ltr'>fundatii-</span> 
     </span>
    </p>
   </div>
   <div class='ocr_carea' id='block_1_50' title="bbox 282 4606 1976 4679">
    <p class='ocr_par' dir='ltr' id='par_1_50' title="bbox 282 4606 1976 4679">
     <span class='ocr_line' id='line_1_50' title="bbox 282 4606 1976 4679; baseline -0.005 -14"><span class='ocrx_word' id='word_1_372' title='bbox 282 4611 484 4664; x_wconf 88' lang='lat' dir='ltr'>simam</span> <span class='ocrx_word' id='word_1_373' title='bbox 520 4625 637 4664; x_wconf 91' lang='lat' dir='ltr'>non</span> <span class='ocrx_word' id='word_1_374' title='bbox 668 4613 983 4679; x_wconf 83' lang='lat' dir='ltr'>oppugnat,</span> <span class='ocrx_word' id='word_1_375' title='bbox 1019 4623 1136 4660; x_wconf 91' lang='lat' dir='ltr'>non</span> <span class='ocrx_word' id='word_1_376' title='bbox 1159 4606 1230 4660; x_wconf 89' lang='lat' dir='ltr'>sit</span> <span class='ocrx_word' id='word_1_377' title='bbox 1259 4611 1357 4659; x_wconf 90' lang='lat' dir='ltr'>tua</span> <span class='ocrx_word' id='word_1_378' title='bbox 1377 4607 1422 4659; x_wconf 78' lang='grc' dir='ltr'>ιι.</span> <span class='ocrx_word' id='word_1_379' title='bbox 1450 4626 1477 4655; x_wconf 83' lang='grc'><strong>››</strong></span> <span class='ocrx_word' id='word_1_380' title='bbox 1497 4606 1605 4658; x_wconf 88' lang='lat' dir='ltr'>Pro</span> <span class='ocrx_word' id='word_1_381' title='bbox 1639 4619 1752 4674; x_wconf 91' lang='lat' dir='ltr'>quo</span> <span class='ocrx_word' id='word_1_382' title='bbox 1779 4609 1976 4658; x_wconf 90' lang='lat' dir='ltr'>osten-</span> 
     </span>
    </p>
   </div>
   <div class='ocr_carea' id='block_1_51' title="bbox 281 4694 1974 4770">
    <p class='ocr_par' dir='ltr' id='par_1_51' title="bbox 281 4694 1974 4770">
     <span class='ocr_line' id='line_1_51' title="bbox 281 4694 1974 4770; baseline -0.006 -15"><span class='ocrx_word' id='word_1_383' title='bbox 281 4701 365 4754; x_wconf 90' lang='lat' dir='ltr'>dit</span> <span class='ocrx_word' id='word_1_384' title='bbox 417 4701 564 4755; x_wconf 89' lang='lat' dir='ltr'>hanc</span> <span class='ocrx_word' id='word_1_385' title='bbox 603 4699 938 4770; x_wconf 90' lang='lat' dir='ltr'>opinionem</span> <span class='ocrx_word' id='word_1_386' title='bbox 993 4696 1169 4750; x_wconf 91' lang='lat' dir='ltr'>solius</span> <span class='ocrx_word' id='word_1_387' title='bbox 1201 4695 1379 4749; x_wconf 88' lang='lat' dir='ltr'>sancti</span> <span class='ocrx_word' id='word_1_388' title='bbox 1432 4694 1763 4763; x_wconf 83' lang='lat' dir='ltr'>Hieronymi</span> <span class='ocrx_word' id='word_1_389' title='bbox 1821 4709 1974 4746; x_wconf 88' lang='lat' dir='ltr'>esse:</span> 
     </span>
    </p>
   </div>
   <div class='ocr_carea' id='block_1_52' title="bbox 281 4781 1976 4857">
    <p class='ocr_par' dir='ltr' id='par_1_52' title="bbox 281 4781 1976 4857">
     <span class='ocr_line' id='line_1_52' title="bbox 281 4781 1976 4857; baseline -0.006 -14"><span class='ocrx_word' id='word_1_390' title='bbox 281 4804 415 4843; x_wconf 82' lang='lat' dir='ltr'>nam</span> <span class='ocrx_word' id='word_1_391' title='bbox 447 4793 502 4842; x_wconf 90' lang='lat' dir='ltr'>et</span> <span class='ocrx_word' id='word_1_392' title='bbox 533 4790 588 4842; x_wconf 91' lang='lat' dir='ltr'>in</span> <span class='ocrx_word' id='word_1_393' title='bbox 645 4788 892 4857; x_wconf 86' lang='lat' dir='ltr'>Epistola</span> <span class='ocrx_word' id='word_1_394' title='bbox 933 4785 1000 4839; x_wconf 85' lang='lat' dir='ltr'>ad</span> <span class='ocrx_word' id='word_1_395' title='bbox 1052 4784 1320 4838; x_wconf 77' lang='lat' dir='ltr'>Evodium</span> <span class='ocrx_word' id='word_1_396' title='bbox 1357 4783 1426 4836; x_wconf 87' lang='lat' dir='ltr'>de</span> <span class='ocrx_word' id='word_1_397' title='bbox 1477 4787 1671 4836; x_wconf 85' lang='lat' dir='ltr'>sancta</span> <span class='ocrx_word' id='word_1_398' title='bbox 1698 4781 1976 4835; x_wconf 89' lang='lat' dir='ltr'>Trinitate</span> 
     </span>
    </p>
   </div>
   <div class='ocr_carea' id='block_1_53' title="bbox 285 4868 1977 4944">
    <p class='ocr_par' dir='ltr' id='par_1_53' title="bbox 285 4868 1977 4944">
     <span class='ocr_line' id='line_1_53' title="bbox 285 4868 1977 4944; baseline -0.006 -12"><span class='ocrx_word' id='word_1_399' title='bbox 285 4883 342 4932; x_wconf 86' lang='lat' dir='ltr'>et</span> <span class='ocrx_word' id='word_1_400' title='bbox 369 4878 636 4932; x_wconf 90' lang='lat' dir='ltr'>columba</span> <span class='ocrx_word' id='word_1_401' title='bbox 671 4877 705 4942; x_wconf 71' lang='grc' dir='ltr'>ί,</span> <span class='ocrx_word' id='word_1_402' title='bbox 731 4877 879 4929; x_wconf 88' lang='lat' dir='ltr'>idem</span> <span class='ocrx_word' id='word_1_403' title='bbox 913 4875 969 4930; x_wconf 90' lang='lat' dir='ltr'>S.</span> <span class='ocrx_word' id='word_1_404' title='bbox 1009 4874 1361 4944; x_wconf 82' lang='lat' dir='ltr'>Augustinus</span> <span class='ocrx_word' id='word_1_405' title='bbox 1390 4872 1469 4925; x_wconf 89' lang='lat' dir='ltr'>sic</span> <span class='ocrx_word' id='word_1_406' title='bbox 1503 4871 1639 4925; x_wconf 88' lang='lat' dir='ltr'>dicit</span> <span class='ocrx_word' id='word_1_407' title='bbox 1673 4885 1685 4922; x_wconf 92' lang='lat'>:</span> <span class='ocrx_word' id='word_1_408' title='bbox 1722 4868 1977 4941; x_wconf 84' lang='lat' dir='ltr'>«Scripsi</span> 
     </span>
    </p>
   </div>
   <div class='ocr_carea' id='block_1_54' title="bbox 282 4957 1979 5034">
    <p class='ocr_par' dir='ltr' id='par_1_54' title="bbox 282 4957 1979 5034">
     <span class='ocr_line' id='line_1_54' title="bbox 282 4957 1979 5034; baseline -0.005 -14"><span class='ocrx_word' id='word_1_409' title='bbox 282 4966 456 5022; x_wconf 88' lang='lat' dir='ltr'>etiam</span> <span class='ocrx_word' id='word_1_410' title='bbox 523 4967 590 5020; x_wconf 89' lang='lat' dir='ltr'>ad</span> <span class='ocrx_word' id='word_1_411' title='bbox 643 4969 901 5019; x_wconf 88' lang='lat' dir='ltr'>sanctum</span> <span class='ocrx_word' id='word_1_412' title='bbox 963 4962 1354 5034; x_wconf 82' lang='lat' dir='ltr'>presbyterum</span> <span class='ocrx_word' id='word_1_413' title='bbox 1439 4960 1852 5030; x_wconf 80' lang='lat' dir='ltr'>Hieronymum</span> <span class='ocrx_word' id='word_1_414' title='bbox 1913 4957 1979 5011; x_wconf 85' lang='lat' dir='ltr'>de</span> 
     </span>
    </p>
   </div>
   <div class='ocr_carea' id='block_1_55' title="bbox 357 5123 912 5193">
    <p class='ocr_par' dir='ltr' id='par_1_55' title="bbox 357 5123 912 5193">
     <span class='ocr_line' id='line_1_55' title="bbox 357 5123 912 5193; baseline -0.007 -13"><span class='ocrx_word' id='word_1_415' title='bbox 357 5136 378 5162; x_wconf 74' lang='grc'><strong><em>⁸</em></strong></span> <span class='ocrx_word' id='word_1_416' title='bbox 417 5125 538 5192; x_wconf 85' lang='lat' dir='ltr'>Ms.,</span> <span class='ocrx_word' id='word_1_417' title='bbox 573 5123 716 5193; x_wconf 84' lang='lat' dir='ltr'>quod</span> <span class='ocrx_word' id='word_1_418' title='bbox 765 5123 912 5193; x_wconf 83' lang='lat' dir='ltr'>deﬁt.</span> 
     </span>
    </p>
   </div>
   <div class='ocr_carea' id='block_1_56' title="bbox 351 5196 820 5263">
    <p class='ocr_par' dir='ltr' id='par_1_56' title="bbox 351 5196 820 5263">
     <span class='ocr_line' id='line_1_56' title="bbox 351 5196 820 5263; baseline -0.006 -13"><span class='ocrx_word' id='word_1_419' title='bbox 351 5199 377 5240; x_wconf 70' lang='grc' dir='ltr'>Β</span> <span class='ocrx_word' id='word_1_420' title='bbox 417 5197 538 5263; x_wconf 83' lang='lat' dir='ltr'>Ms.,</span> <span class='ocrx_word' id='word_1_421' title='bbox 581 5196 820 5248; x_wconf 85' lang='lat' dir='ltr'>ductum.</span> 
     </span>
    </p>
   </div>
   <div class='ocr_carea' id='block_1_57' title="bbox 352 5265 1053 5336">
    <p class='ocr_par' dir='ltr' id='par_1_57' title="bbox 352 5265 1053 5336">
     <span class='ocr_line' id='line_1_57' title="bbox 352 5265 1053 5336; baseline -0.007 -15"><span class='ocrx_word' id='word_1_422' title='bbox 352 5276 373 5301; x_wconf 72' lang='grc' dir='ltr'><strong><em>ο</em></strong></span> <span class='ocrx_word' id='word_1_423' title='bbox 410 5267 573 5336; x_wconf 91' lang='lat' dir='ltr'>Apud</span> <span class='ocrx_word' id='word_1_424' title='bbox 599 5270 741 5334; x_wconf 88' lang='lat' dir='ltr'>Aug.</span> <span class='ocrx_word' id='word_1_425' title='bbox 772 5265 1053 5336; x_wconf 84' lang='lat' dir='ltr'>moriones.</span> 
     </span>
    </p>
   </div>
   <div class='ocr_carea' id='block_1_58' title="bbox 351 5332 1975 5406">
    <p class='ocr_par' dir='ltr' id='par_1_58' title="bbox 351 5332 1975 5406">
     <span class='ocr_line' id='line_1_58' title="bbox 351 5332 1975 5406; baseline -0.004 -14"><span class='ocrx_word' id='word_1_426' title='bbox 351 5336 379 5376; x_wconf 74' lang='grc' dir='ltr'>ἀ</span> <span class='ocrx_word' id='word_1_427' title='bbox 420 5332 586 5392; x_wconf 80' lang='lat' dir='ltr'>Uncis</span> <span class='ocrx_word' id='word_1_428' title='bbox 622 5332 840 5389; x_wconf 77' lang='lat' dir='ltr'>inclusa</span> <span class='ocrx_word' id='word_1_429' title='bbox 871 5333 1370 5406; x_wconf 85' lang='lat' dir='ltr'>addendavulgato</span> <span class='ocrx_word' id='word_1_430' title='bbox 1418 5333 1725 5405; x_wconf 85' lang='lat' dir='ltr'>Augustini</span> <span class='ocrx_word' id='word_1_431' title='bbox 1769 5332 1975 5387; x_wconf 84' lang='lat' dir='ltr'>textui-</span> 
     </span>
    </p>
   </div>
   <div class='ocr_carea' id='block_1_59' title="bbox 283 5408 827 5464">
    <p class='ocr_par' dir='ltr' id='par_1_59' title="bbox 283 5408 827 5464">
     <span class='ocr_line' id='line_1_59' title="bbox 283 5408 827 5464; baseline -0.009 0"><span class='ocrx_word' id='word_1_432' title='bbox 283 5409 383 5464; x_wconf 90' lang='lat' dir='ltr'>ubi</span> <span class='ocrx_word' id='word_1_433' title='bbox 413 5408 827 5463; x_wconf 89' lang='lat' dir='ltr'>desiderantur.</span> 
     </span>
    </p>
   </div>
   <div class='ocr_carea' id='block_1_60' title="bbox 352 5475 1972 5544">
    <p class='ocr_par' dir='ltr' id='par_1_60' title="bbox 352 5475 1972 5544">
     <span class='ocr_line' id='line_1_60' title="bbox 352 5475 1972 5544; baseline -0.004 -10"><span class='ocrx_word' id='word_1_434' title='bbox 352 5493 376 5523; x_wconf 79' lang='grc' dir='ltr'><strong>ο</strong></span> <span class='ocrx_word' id='word_1_435' title='bbox 416 5478 501 5534; x_wconf 88' lang='lat' dir='ltr'>lbi</span> <span class='ocrx_word' id='word_1_436' title='bbox 547 5479 717 5533; x_wconf 86' lang='lat' dir='ltr'>etiam</span> <span class='ocrx_word' id='word_1_437' title='bbox 757 5493 874 5532; x_wconf 89' lang='lat' dir='ltr'>cum</span> <span class='ocrx_word' id='word_1_438' title='bbox 929 5477 1213 5543; x_wconf 81' lang='lat' dir='ltr'>falleretur</span> <span class='ocrx_word' id='word_1_439' title='bbox 1252 5475 1494 5544; x_wconf 82' lang='lat' dir='ltr'>legimus</span> <span class='ocrx_word' id='word_1_440' title='bbox 1542 5475 1600 5528; x_wconf 91' lang='lat' dir='ltr'>in</span> <span class='ocrx_word' id='word_1_441' title='bbox 1666 5475 1804 5530; x_wconf 92' lang='lat' dir='ltr'>edit.</span> <span class='ocrx_word' id='word_1_442' title='bbox 1866 5475 1972 5529; x_wconf 91' lang='lat' dir='ltr'>PP.</span> 
     </span>
    </p>
   </div>
   <div class='ocr_carea' id='block_1_61' title="bbox 285 5545 1975 5622">
    <p class='ocr_par' dir='ltr' id='par_1_61' title="bbox 285 5545 1975 5622">
     <span class='ocr_line' id='line_1_61' title="bbox 285 5545 1975 5622; baseline -0.005 -15"><span class='ocrx_word' id='word_1_443' title='bbox 285 5552 562 5622; x_wconf 81' lang='lat' dir='ltr'>Congreg.</span> <span class='ocrx_word' id='word_1_444' title='bbox 613 5549 670 5622; x_wconf 72' lang='lat' dir='ltr'>S.</span> <span class='ocrx_word' id='word_1_445' title='bbox 700 5549 880 5622; x_wconf 75' lang='lat' dir='ltr'>Mauri</span> <span class='ocrx_word' id='word_1_446' title='bbox 907 5553 1049 5622; x_wconf 84' lang='lat' dir='ltr'>tom.</span> <span class='ocrx_word' id='word_1_447' title='bbox 1086 5548 1160 5614; x_wconf 88' lang='lat' dir='ltr'>II,</span> <span class='ocrx_word' id='word_1_448' title='bbox 1217 5548 1320 5622; x_wconf 56' lang='lat' dir='ltr'>col,</span> <span class='ocrx_word' id='word_1_449' title='bbox 1354 5548 1478 5622; x_wconf 57' lang='lat'>590,</span> <span class='ocrx_word' id='word_1_450' title='bbox 1510 5547 1725 5615; x_wconf 88' lang='lat' dir='ltr'>absque</span> <span class='ocrx_word' id='word_1_451' title='bbox 1784 5545 1975 5614; x_wconf 87' lang='lat' dir='ltr'>aliqua</span> 
     </span>
    </p>
   </div>
   <div class='ocr_carea' id='block_1_62' title="bbox 282 5618 1978 5686">
    <p class='ocr_par' dir='ltr' id='par_1_62' title="bbox 282 5618 1978 5686">
     <span class='ocr_line' id='line_1_62' title="bbox 282 5618 1978 5686; baseline -0.004 -10"><span class='ocrx_word' id='word_1_452' title='bbox 282 5618 531 5677; x_wconf 79' lang='lat' dir='ltr'>lectione</span> <span class='ocrx_word' id='word_1_453' title='bbox 558 5619 817 5675; x_wconf 86' lang='lat' dir='ltr'>varianti.</span> <span class='ocrx_word' id='word_1_454' title='bbox 852 5619 963 5674; x_wconf 90' lang='lat' dir='ltr'>Sed</span> <span class='ocrx_word' id='word_1_455' title='bbox 993 5623 1177 5672; x_wconf 87' lang='lat' dir='ltr'>textus</span> <span class='ocrx_word' id='word_1_456' title='bbox 1208 5622 1270 5670; x_wconf 90' lang='lat' dir='ltr'>ut</span> <span class='ocrx_word' id='word_1_457' title='bbox 1298 5618 1355 5670; x_wconf 92' lang='lat' dir='ltr'>in</span> <span class='ocrx_word' id='word_1_458' title='bbox 1403 5619 1603 5671; x_wconf 83' lang='lat' dir='ltr'>Alvaro</span> <span class='ocrx_word' id='word_1_459' title='bbox 1640 5632 1978 5686; x_wconf 72' lang='lat' dir='ltr'>praeponen-</span> 
     </span>
    </p>
   </div>
   <div class='ocr_carea' id='block_1_63' title="bbox 283 5692 408 5751">
    <p class='ocr_par' dir='ltr' id='par_1_63' title="bbox 283 5692 408 5751">
     <span class='ocr_line' id='line_1_63' title="bbox 283 5692 408 5751; baseline 0.008 -1"><span class='ocrx_word' id='word_1_460' title='bbox 283 5692 408 5751; x_wconf 82' lang='lat' dir='ltr'>dus.</span> 
     </span>
    </p>
   </div>
   <div class='ocr_carea' id='block_1_64' title="bbox 2094 529 3780 602">
    <p class='ocr_par' dir='ltr' id='par_1_64' title="bbox 2094 529 3780 602">
     <span class='ocr_line' id='line_1_64' title="bbox 2094 529 3780 602; baseline 0.003 -21"><span class='ocrx_word' id='word_1_461' title='bbox 2094 529 2399 598; x_wconf 88' lang='lat' dir='ltr'>possetilla</span> <span class='ocrx_word' id='word_1_462' title='bbox 2429 530 2730 597; x_wconf 88' lang='lat' dir='ltr'>sententia,</span> <span class='ocrx_word' id='word_1_463' title='bbox 2767 547 2937 602; x_wconf 88' lang='lat' dir='ltr'>quam</span> <span class='ocrx_word' id='word_1_464' title='bbox 2988 533 3270 602; x_wconf 78' lang='lat' dir='ltr'>religiosae</span> <span class='ocrx_word' id='word_1_465' title='bbox 3301 534 3614 589; x_wconf 65' lang='lat' dir='ltr'>memoria?</span> <span class='ocrx_word' id='word_1_466' title='bbox 3659 535 3780 587; x_wconf 78' lang='lat' dir='ltr'>Mar-</span> 
     </span>
    </p>
   </div>
   <div class='ocr_carea' id='block_1_65' title="bbox 2093 618 3785 693">
    <p class='ocr_par' dir='ltr' id='par_1_65' title="bbox 2093 618 3785 693">
     <span class='ocr_line' id='line_1_65' title="bbox 2093 618 3785 693; baseline 0.004 -24"><span class='ocrx_word' id='word_1_467' title='bbox 2093 618 2296 670; x_wconf 90' lang='lat' dir='ltr'>cellino</span> <span class='ocrx_word' id='word_1_468' title='bbox 2346 635 2510 672; x_wconf 81' lang='lat' dir='ltr'>suam</span> <span class='ocrx_word' id='word_1_469' title='bbox 2550 636 2670 672; x_wconf 90' lang='lat' dir='ltr'>esse</span> <span class='ocrx_word' id='word_1_470' title='bbox 2729 621 2974 691; x_wconf 89' lang='lat' dir='ltr'>scripsit,</span> <span class='ocrx_word' id='word_1_471' title='bbox 3033 623 3285 693; x_wconf 88' lang='lat' dir='ltr'>singulas</span> <span class='ocrx_word' id='word_1_472' title='bbox 3338 624 3578 676; x_wconf 86' lang='lat' dir='ltr'>animas</span> <span class='ocrx_word' id='word_1_473' title='bbox 3634 641 3785 677; x_wconf 81' lang='lat' dir='ltr'>nevas</span> 
     </span>
    </p>
   </div>
   <div class='ocr_carea' id='block_1_66' title="bbox 2092 706 3783 773">
    <p class='ocr_par' dir='ltr' id='par_1_66' title="bbox 2092 706 3783 773">
     <span class='ocr_line' id='line_1_66' title="bbox 2092 706 3783 773; baseline 0.003 -14"><span class='ocrx_word' id='word_1_474' title='bbox 2092 706 2456 759; x_wconf 84' lang='lat' dir='ltr'>nascentibus</span> <span class='ocrx_word' id='word_1_475' title='bbox 2487 707 2635 773; x_wconf 89' lang='lat' dir='ltr'>ﬁeri,</span> <span class='ocrx_word' id='word_1_476' title='bbox 2677 713 2739 762; x_wconf 89' lang='lat' dir='ltr'>ut</span> <span class='ocrx_word' id='word_1_477' title='bbox 2795 727 2909 764; x_wconf 92' lang='lat' dir='ltr'>non</span> <span class='ocrx_word' id='word_1_478' title='bbox 2957 711 3327 765; x_wconf 84' lang='lat' dir='ltr'>labefactetur</span> <span class='ocrx_word' id='word_1_479' title='bbox 3372 712 3783 766; x_wconf 66' lang='lat' dir='ltr'>fundatissimas</span> 
     </span>
    </p>
   </div>
   <div class='ocr_carea' id='block_1_67' title="bbox 2095 795 3784 870">
    <p class='ocr_par' dir='ltr' id='par_1_67' title="bbox 2095 795 3784 870">
     <span class='ocr_line' id='line_1_67' title="bbox 2095 795 3784 870; baseline 0.003 -23"><span class='ocrx_word' id='word_1_480' title='bbox 2095 795 2354 848; x_wconf 67' lang='lat' dir='ltr'>Ecclesia:</span> <span class='ocrx_word' id='word_1_481' title='bbox 2406 795 2567 860; x_wconf 90' lang='lat' dir='ltr'>ﬁdes,</span> <span class='ocrx_word' id='word_1_482' title='bbox 2619 812 2732 865; x_wconf 88' lang='lat' dir='ltr'>qua</span> <span class='ocrx_word' id='word_1_483' title='bbox 2780 796 3116 852; x_wconf 90' lang='lat' dir='ltr'>inconcusse</span> <span class='ocrx_word' id='word_1_484' title='bbox 3170 799 3468 853; x_wconf 82' lang='lat' dir='ltr'>credimus</span> <span class='ocrx_word' id='word_1_485' title='bbox 3541 800 3693 870; x_wconf 87' lang='lat' dir='ltr'>quod</span> <span class='ocrx_word' id='word_1_486' title='bbox 3739 802 3784 853; x_wconf 78' lang='lat' dir='ltr'>iii</span> 
     </span>
    </p>
   </div>
   <div class='ocr_carea' id='block_1_68' title="bbox 2096 882 3785 958">
    <p class='ocr_par' dir='ltr' id='par_1_68' title="bbox 2096 882 3785 958">
     <span class='ocr_line' id='line_1_68' title="bbox 2096 882 3785 958; baseline 0.004 -24"><span class='ocrx_word' id='word_1_487' title='bbox 2096 882 2269 936; x_wconf 77' lang='lat' dir='ltr'>Adam</span> <span class='ocrx_word' id='word_1_488' title='bbox 2295 899 2495 937; x_wconf 89' lang='lat' dir='ltr'>omnes</span> <span class='ocrx_word' id='word_1_489' title='bbox 2535 885 2880 952; x_wconf 89' lang='lat' dir='ltr'>moriuntur,</span> <span class='ocrx_word' id='word_1_490' title='bbox 2943 892 2999 940; x_wconf 91' lang='lat' dir='ltr'>et</span> <span class='ocrx_word' id='word_1_491' title='bbox 3031 887 3137 940; x_wconf 89' lang='lat' dir='ltr'>nisi</span> <span class='ocrx_word' id='word_1_492' title='bbox 3176 888 3381 941; x_wconf 83' lang='lat' dir='ltr'>Christi</span> <span class='ocrx_word' id='word_1_493' title='bbox 3409 891 3616 958; x_wconf 87' lang='lat' dir='ltr'>gratia</span> <span class='ocrx_word' id='word_1_494' title='bbox 3661 889 3785 942; x_wconf 83' lang='lat' dir='ltr'>libe-</span> 
     </span>
    </p>
   </div>
   <div class='ocr_carea' id='block_1_69' title="bbox 2091 973 3786 1048">
    <p class='ocr_par' dir='ltr' id='par_1_69' title="bbox 2091 973 3786 1048">
     <span class='ocr_line' id='line_1_69' title="bbox 2091 973 3786 1048; baseline 0.004 -24"><span class='ocrx_word' id='word_1_495' title='bbox 2091 977 2309 1037; x_wconf 89' lang='lat' dir='ltr'>rentur,</span> <span class='ocrx_word' id='word_1_496' title='bbox 2344 973 2495 1042; x_wconf 89' lang='lat' dir='ltr'>quod</span> <span class='ocrx_word' id='word_1_497' title='bbox 2527 990 2632 1044; x_wconf 87' lang='lat' dir='ltr'>per</span> <span class='ocrx_word' id='word_1_498' title='bbox 2661 991 2825 1028; x_wconf 90' lang='lat' dir='ltr'>suum</span> <span class='ocrx_word' id='word_1_499' title='bbox 2858 981 3275 1030; x_wconf 83' lang='lat' dir='ltr'>sacramentum</span> <span class='ocrx_word' id='word_1_500' title='bbox 3317 978 3500 1030; x_wconf 88' lang='lat' dir='ltr'>etiam</span> <span class='ocrx_word' id='word_1_501' title='bbox 3551 979 3615 1030; x_wconf 89' lang='lat' dir='ltr'>in</span> <span class='ocrx_word' id='word_1_502' title='bbox 3677 995 3786 1048; x_wconf 86' lang='lat' dir='ltr'>par-</span> 
     </span>
    </p>
   </div>
   <div class='ocr_carea' id='block_1_70' title="bbox 2090 1061 3662 1131">
    <p class='ocr_par' dir='ltr' id='par_1_70' title="bbox 2090 1061 3662 1131">
     <span class='ocr_line' id='line_1_70' title="bbox 2090 1061 3662 1131; baseline 0.004 -18"><span class='ocrx_word' id='word_1_503' title='bbox 2090 1061 2236 1114; x_wconf 87' lang='lat' dir='ltr'>vulis</span> <span class='ocrx_word' id='word_1_504' title='bbox 2267 1066 2556 1131; x_wconf 88' lang='lat' dir='ltr'>operatur,</span> <span class='ocrx_word' id='word_1_505' title='bbox 2589 1063 2645 1116; x_wconf 91' lang='lat' dir='ltr'>in</span> <span class='ocrx_word' id='word_1_506' title='bbox 2676 1064 3211 1118; x_wconf 79' lang='lat' dir='ltr'>condemnationem</span> <span class='ocrx_word' id='word_1_507' title='bbox 3242 1067 3590 1119; x_wconf 89' lang='lat' dir='ltr'>trahuntur.</span> <span class='ocrx_word' id='word_1_508' title='bbox 3635 1087 3662 1113; x_wconf 71' lang='grc' dir='ltr'>υ</span> 
     </span>
    </p>
   </div>
   <div class='ocr_carea' id='block_1_71' title="bbox 2163 1148 3787 1207">
    <p class='ocr_par' dir='ltr' id='par_1_71' title="bbox 2163 1148 3787 1207">
     <span class='ocr_line' id='line_1_71' title="bbox 2163 1148 3787 1207; baseline 0.004 -7"><span class='ocrx_word' id='word_1_509' title='bbox 2163 1151 2213 1203; x_wconf 89' lang='lat'>9.</span> <span class='ocrx_word' id='word_1_510' title='bbox 2253 1150 2362 1202; x_wconf 93' lang='lat' dir='ltr'>Hoc</span> <span class='ocrx_word' id='word_1_511' title='bbox 2397 1148 2525 1201; x_wconf 84' lang='lat' dir='ltr'>ideo</span> <span class='ocrx_word' id='word_1_512' title='bbox 2565 1154 2626 1202; x_wconf 91' lang='lat' dir='ltr'>ut</span> <span class='ocrx_word' id='word_1_513' title='bbox 2659 1150 2950 1203; x_wconf 82' lang='lat' dir='ltr'>ﬁrniarem</span> <span class='ocrx_word' id='word_1_514' title='bbox 2988 1151 3134 1204; x_wconf 89' lang='lat' dir='ltr'>hanc</span> <span class='ocrx_word' id='word_1_515' title='bbox 3177 1153 3530 1206; x_wconf 85' lang='lat' dir='ltr'>catholicam</span> <span class='ocrx_word' id='word_1_516' title='bbox 3580 1153 3652 1207; x_wconf 90' lang='lat' dir='ltr'>de</span> <span class='ocrx_word' id='word_1_517' title='bbox 3681 1154 3787 1207; x_wconf 88' lang='lat' dir='ltr'>ani—</span> 
     </span>
    </p>
   </div>
   <div class='ocr_carea' id='block_1_72' title="bbox 2091 1238 3788 1312">
    <p class='ocr_par' dir='ltr' id='par_1_72' title="bbox 2091 1238 3788 1312">
     <span class='ocr_line' id='line_1_72' title="bbox 2091 1238 3788 1312; baseline 0.004 -23"><span class='ocrx_word' id='word_1_518' title='bbox 2091 1251 2199 1290; x_wconf 75' lang='lat' dir='ltr'>mea</span> <span class='ocrx_word' id='word_1_519' title='bbox 2254 1238 2577 1291; x_wconf 85' lang='lat' dir='ltr'>conditione</span> <span class='ocrx_word' id='word_1_520' title='bbox 2633 1238 2969 1307; x_wconf 88' lang='lat' dir='ltr'>opinionem</span> <span class='ocrx_word' id='word_1_521' title='bbox 3029 1242 3189 1311; x_wconf 90' lang='lat' dir='ltr'>prius</span> <span class='ocrx_word' id='word_1_522' title='bbox 3243 1258 3276 1293; x_wconf 87' lang='lat' dir='ltr'>a</span> <span class='ocrx_word' id='word_1_523' title='bbox 3331 1243 3381 1296; x_wconf 91' lang='lat' dir='ltr'>S.</span> <span class='ocrx_word' id='word_1_524' title='bbox 3452 1244 3788 1312; x_wconf 75' lang='lat' dir='ltr'>Hieronymo</span> 
     </span>
    </p>
   </div>
   <div class='ocr_carea' id='block_1_73' title="bbox 2091 1327 3787 1402">
    <p class='ocr_par' dir='ltr' id='par_1_73' title="bbox 2091 1327 3787 1402">
     <span class='ocr_line' id='line_1_73' title="bbox 2091 1327 3787 1402; baseline 0.002 -22"><span class='ocrx_word' id='word_1_525' title='bbox 2091 1332 2365 1391; x_wconf 86' lang='lat' dir='ltr'>exortam,</span> <span class='ocrx_word' id='word_1_526' title='bbox 2416 1331 2531 1393; x_wconf 88' lang='lat' dir='ltr'>aut,</span> <span class='ocrx_word' id='word_1_527' title='bbox 2571 1327 2617 1379; x_wconf 90' lang='lat' dir='ltr'>si</span> <span class='ocrx_word' id='word_1_528' title='bbox 2647 1329 3065 1382; x_wconf 82' lang='lat' dir='ltr'>commodatius</span> <span class='ocrx_word' id='word_1_529' title='bbox 3107 1330 3336 1395; x_wconf 91' lang='lat' dir='ltr'>dicitur,</span> <span class='ocrx_word' id='word_1_530' title='bbox 3372 1332 3548 1402; x_wconf 87' lang='lat' dir='ltr'>prius</span> <span class='ocrx_word' id='word_1_531' title='bbox 3594 1333 3787 1402; x_wconf 82' lang='lat' dir='ltr'>proba-</span> 
     </span>
    </p>
   </div>
   <div class='ocr_carea' id='block_1_74' title="bbox 2094 1415 3788 1486">
    <p class='ocr_par' dir='ltr' id='par_1_74' title="bbox 2094 1415 3788 1486">
     <span class='ocr_line' id='line_1_74' title="bbox 2094 1415 3788 1486; baseline 0.003 -19"><span class='ocrx_word' id='word_1_532' title='bbox 2094 1419 2234 1467; x_wconf 88' lang='lat' dir='ltr'>tam.</span> <span class='ocrx_word' id='word_1_533' title='bbox 2265 1415 2408 1468; x_wconf 82' lang='lat' dir='ltr'>Nam</span> <span class='ocrx_word' id='word_1_534' title='bbox 2440 1420 2494 1468; x_wconf 91' lang='lat' dir='ltr'>et</span> <span class='ocrx_word' id='word_1_535' title='bbox 2526 1416 2792 1486; x_wconf 87' lang='lat' dir='ltr'>egregius</span> <span class='ocrx_word' id='word_1_536' title='bbox 2818 1421 3020 1485; x_wconf 85' lang='lat' dir='ltr'>vester,</span> <span class='ocrx_word' id='word_1_537' title='bbox 3057 1418 3174 1472; x_wconf 91' lang='lat' dir='ltr'>imo</span> <span class='ocrx_word' id='word_1_538' title='bbox 3215 1421 3557 1473; x_wconf 89' lang='lat' dir='ltr'>communis</span> <span class='ocrx_word' id='word_1_539' title='bbox 3613 1427 3788 1473; x_wconf 82' lang='lat' dir='ltr'>noster</span> 
     </span>
    </p>
   </div>
   <div class='ocr_carea' id='block_1_75' title="bbox 2091 1503 3788 1573">
    <p class='ocr_par' dir='ltr' id='par_1_75' title="bbox 2091 1503 3788 1573">
     <span class='ocr_line' id='line_1_75' title="bbox 2091 1503 3788 1573; baseline 0.002 -17"><span class='ocrx_word' id='word_1_540' title='bbox 2091 1503 2358 1564; x_wconf 83' lang='lat' dir='ltr'>Isidorus,</span> <span class='ocrx_word' id='word_1_541' title='bbox 2393 1505 2526 1573; x_wconf 91' lang='lat' dir='ltr'>quid</span> <span class='ocrx_word' id='word_1_542' title='bbox 2561 1503 2619 1557; x_wconf 94' lang='lat' dir='ltr'>in</span> <span class='ocrx_word' id='word_1_543' title='bbox 2671 1504 3131 1559; x_wconf 74' lang='lat' dir='ltr'>Diﬁerentiarum</span> <span class='ocrx_word' id='word_1_544' title='bbox 3172 1507 3240 1560; x_wconf 87' lang='lat' dir='ltr'>de</span> <span class='ocrx_word' id='word_1_545' title='bbox 3274 1508 3450 1561; x_wconf 88' lang='lat' dir='ltr'>Beato</span> <span class='ocrx_word' id='word_1_546' title='bbox 3484 1508 3644 1562; x_wconf 88' lang='lat' dir='ltr'>dicat</span> <span class='ocrx_word' id='word_1_547' title='bbox 3691 1509 3788 1561; x_wconf 79' lang='lat' dir='ltr'>Hu-</span> 
     </span>
    </p>
   </div>
   <div class='ocr_carea' id='block_1_76' title="bbox 2091 1593 3784 1667">
    <p class='ocr_par' dir='ltr' id='par_1_76' title="bbox 2091 1593 3784 1667">
     <span class='ocr_line' id='line_1_76' title="bbox 2091 1593 3784 1667; baseline 0.005 -25"><span class='ocrx_word' id='word_1_548' title='bbox 2091 1593 2278 1661; x_wconf 78' lang='lat' dir='ltr'>spensi</span> <span class='ocrx_word' id='word_1_549' title='bbox 2340 1595 2638 1663; x_wconf 83' lang='lat' dir='ltr'>Fulgentio</span> <span class='ocrx_word' id='word_1_550' title='bbox 2697 1611 2972 1664; x_wconf 87' lang='lat' dir='ltr'>pernosse</span> <span class='ocrx_word' id='word_1_551' title='bbox 3029 1596 3191 1648; x_wconf 82' lang='lat' dir='ltr'>facile</span> <span class='ocrx_word' id='word_1_552' title='bbox 3261 1602 3344 1650; x_wconf 85' lang='lat' dir='ltr'>est</span> <span class='ocrx_word' id='word_1_553' title='bbox 3396 1597 3462 1650; x_wconf 86' lang='lat' dir='ltr'>in</span> <span class='ocrx_word' id='word_1_554' title='bbox 3529 1605 3784 1667; x_wconf 87' lang='lat' dir='ltr'>promptu</span> 
     </span>
    </p>
   </div>
   <div class='ocr_carea' id='block_1_77' title="bbox 2091 1682 3785 1752">
    <p class='ocr_par' dir='ltr' id='par_1_77' title="bbox 2091 1682 3785 1752">
     <span class='ocr_line' id='line_1_77' title="bbox 2091 1682 3785 1752; baseline 0.004 -20"><span class='ocrx_word' id='word_1_555' title='bbox 2091 1682 2383 1735; x_wconf 67' lang='lat' dir='ltr'>consistit:</span> <span class='ocrx_word' id='word_1_556' title='bbox 2434 1683 2529 1735; x_wconf 89' lang='lat' dir='ltr'>ubi</span> <span class='ocrx_word' id='word_1_557' title='bbox 2572 1682 2712 1735; x_wconf 89' lang='lat' dir='ltr'>duas</span> <span class='ocrx_word' id='word_1_558' title='bbox 2757 1683 3054 1752; x_wconf 90' lang='lat' dir='ltr'>opiniones</span> <span class='ocrx_word' id='word_1_559' title='bbox 3085 1685 3154 1738; x_wconf 88' lang='lat' dir='ltr'>ab</span> <span class='ocrx_word' id='word_1_560' title='bbox 3185 1685 3384 1738; x_wconf 86' lang='lat' dir='ltr'>eodem</span> <span class='ocrx_word' id='word_1_561' title='bbox 3438 1703 3504 1738; x_wconf 89' lang='lat' dir='ltr'>se</span> <span class='ocrx_word' id='word_1_562' title='bbox 3555 1687 3785 1738; x_wconf 79' lang='lat' dir='ltr'>invicem</span> 
     </span>
    </p>
   </div>
   <div class='ocr_carea' id='block_1_78' title="bbox 2091 1770 3784 1845">
    <p class='ocr_par' dir='ltr' id='par_1_78' title="bbox 2091 1770 3784 1845">
     <span class='ocr_line' id='line_1_78' title="bbox 2091 1770 3784 1845; baseline 0.004 -23"><span class='ocrx_word' id='word_1_563' title='bbox 2091 1770 2497 1841; x_wconf 76' lang='lat' dir='ltr'>impugnantes</span> <span class='ocrx_word' id='word_1_564' title='bbox 2528 1771 2811 1840; x_wconf 80' lang='lat' dir='ltr'>produxit,</span> <span class='ocrx_word' id='word_1_565' title='bbox 2843 1789 3016 1842; x_wconf 81' lang='lat' dir='ltr'>seque</span> <span class='ocrx_word' id='word_1_566' title='bbox 3047 1773 3402 1827; x_wconf 80' lang='lat' dir='ltr'>destruentes</span> <span class='ocrx_word' id='word_1_567' title='bbox 3443 1774 3664 1845; x_wconf 64' lang='lat' dir='ltr'>aequali</span> <span class='ocrx_word' id='word_1_568' title='bbox 3684 1778 3784 1828; x_wconf 83' lang='lat' dir='ltr'>etu-</span> 
     </span>
    </p>
   </div>
   <div class='ocr_carea' id='block_1_79' title="bbox 2092 1859 3786 1932">
    <p class='ocr_par' dir='ltr' id='par_1_79' title="bbox 2092 1859 3786 1932">
     <span class='ocr_line' id='line_1_79' title="bbox 2092 1859 3786 1932; baseline 0.001 -22"><span class='ocrx_word' id='word_1_569' title='bbox 2092 1859 2228 1928; x_wconf 90' lang='lat' dir='ltr'>quio</span> <span class='ocrx_word' id='word_1_570' title='bbox 2262 1859 2620 1929; x_wconf 84' lang='lat' dir='ltr'>temperavit,</span> <span class='ocrx_word' id='word_1_571' title='bbox 2660 1860 2992 1930; x_wconf 92' lang='lat' dir='ltr'>nullamque</span> <span class='ocrx_word' id='word_1_572' title='bbox 3023 1877 3084 1914; x_wconf 84' lang='lat' dir='ltr'>ex</span> <span class='ocrx_word' id='word_1_573' title='bbox 3135 1860 3276 1930; x_wconf 87' lang='lat' dir='ltr'>ipsis</span> <span class='ocrx_word' id='word_1_574' title='bbox 3318 1878 3677 1932; x_wconf 87' lang='lat' dir='ltr'>quocunque</span> <span class='ocrx_word' id='word_1_575' title='bbox 3724 1863 3786 1912; x_wconf 85' lang='lat' dir='ltr'>vi-</span> 
     </span>
    </p>
   </div>
   <div class='ocr_carea' id='block_1_80' title="bbox 2091 1949 3784 2022">
    <p class='ocr_par' dir='ltr' id='par_1_80' title="bbox 2091 1949 3784 2022">
     <span class='ocr_line' id='line_1_80' title="bbox 2091 1949 3784 2022; baseline 0.001 -22"><span class='ocrx_word' id='word_1_576' title='bbox 2091 1964 2225 2016; x_wconf 83' lang='lat' dir='ltr'>gore</span> <span class='ocrx_word' id='word_1_577' title='bbox 2259 1949 2523 2003; x_wconf 85' lang='lat' dir='ltr'>ﬁrmavit.</span> <span class='ocrx_word' id='word_1_578' title='bbox 2576 1949 2736 2002; x_wconf 82' lang='lat' dir='ltr'>Haud</span> <span class='ocrx_word' id='word_1_579' title='bbox 2768 1949 3008 2003; x_wconf 87' lang='lat' dir='ltr'>dubium</span> <span class='ocrx_word' id='word_1_580' title='bbox 3062 1951 3214 2020; x_wconf 91' lang='lat' dir='ltr'>quod</span> <span class='ocrx_word' id='word_1_581' title='bbox 3251 1952 3474 2005; x_wconf 87' lang='lat' dir='ltr'>nullam</span> <span class='ocrx_word' id='word_1_582' title='bbox 3535 1969 3605 2005; x_wconf 79' lang='lat' dir='ltr'>ex</span> <span class='ocrx_word' id='word_1_583' title='bbox 3663 1951 3784 2022; x_wconf 80' lang='lat' dir='ltr'>ipsis</span> 
     </span>
    </p>
   </div>
   <div class='ocr_carea' id='block_1_81' title="bbox 2091 2037 3782 2111">
    <p class='ocr_par' dir='ltr' id='par_1_81' title="bbox 2091 2037 3782 2111">
     <span class='ocr_line' id='line_1_81' title="bbox 2091 2037 3782 2111; baseline 0.002 -23"><span class='ocrx_word' id='word_1_584' title='bbox 2091 2053 2262 2089; x_wconf 88' lang='lat' dir='ltr'>ausus</span> <span class='ocrx_word' id='word_1_585' title='bbox 2296 2037 2510 2090; x_wconf 81' lang='lat' dir='ltr'>exstitit</span> <span class='ocrx_word' id='word_1_586' title='bbox 2553 2038 2855 2091; x_wconf 85' lang='lat' dir='ltr'>afﬁrmare.</span> <span class='ocrx_word' id='word_1_587' title='bbox 2919 2041 2984 2092; x_wconf 85' lang='lat' dir='ltr'>Et</span> <span class='ocrx_word' id='word_1_588' title='bbox 3013 2039 3159 2092; x_wconf 90' lang='lat' dir='ltr'>sicut</span> <span class='ocrx_word' id='word_1_589' title='bbox 3188 2039 3388 2093; x_wconf 87' lang='lat' dir='ltr'>beatus</span> <span class='ocrx_word' id='word_1_590' title='bbox 3431 2043 3782 2111; x_wconf 78' lang='lat' dir='ltr'>Augustinus</span> 
     </span>
    </p>
   </div>
   <div class='ocr_carea' id='block_1_82' title="bbox 2091 2125 3779 2199">
    <p class='ocr_par' dir='ltr' id='par_1_82' title="bbox 2091 2125 3779 2199">
     <span class='ocr_line' id='line_1_82' title="bbox 2091 2125 3779 2199; baseline 0.002 -22"><span class='ocrx_word' id='word_1_591' title='bbox 2091 2125 2150 2177; x_wconf 89' lang='lat' dir='ltr'>in</span> <span class='ocrx_word' id='word_1_592' title='bbox 2187 2125 2330 2179; x_wconf 90' lang='lat' dir='ltr'>libro</span> <span class='ocrx_word' id='word_1_593' title='bbox 2361 2125 2429 2179; x_wconf 89' lang='lat' dir='ltr'>de</span> <span class='ocrx_word' id='word_1_594' title='bbox 2461 2126 2661 2180; x_wconf 86' lang='lat' dir='ltr'>Libero</span> <span class='ocrx_word' id='word_1_595' title='bbox 2690 2127 2936 2180; x_wconf 77' lang='lat' dir='ltr'>Arbitrio</span> <span class='ocrx_word' id='word_1_596' title='bbox 2968 2133 3214 2198; x_wconf 90' lang='lat' dir='ltr'>quatuor</span> <span class='ocrx_word' id='word_1_597' title='bbox 3236 2130 3546 2199; x_wconf 88' lang='lat' dir='ltr'>opiniones</span> <span class='ocrx_word' id='word_1_598' title='bbox 3574 2131 3649 2182; x_wconf 87' lang='lat' dir='ltr'>ita</span> <span class='ocrx_word' id='word_1_599' title='bbox 3679 2146 3779 2182; x_wconf 86' lang='lat' dir='ltr'>cre-</span> 
     </span>
    </p>
   </div>
   <div class='ocr_carea' id='block_1_83' title="bbox 2089 2213 3781 2288">
    <p class='ocr_par' dir='ltr' id='par_1_83' title="bbox 2089 2213 3781 2288">
     <span class='ocr_line' id='line_1_83' title="bbox 2089 2213 3781 2288; baseline 0.001 -22"><span class='ocrx_word' id='word_1_600' title='bbox 2089 2213 2236 2267; x_wconf 89' lang='lat' dir='ltr'>didit</span> <span class='ocrx_word' id='word_1_601' title='bbox 2265 2215 2716 2281; x_wconf 83' lang='lat' dir='ltr'>contractandas,</span> <span class='ocrx_word' id='word_1_602' title='bbox 2757 2220 2817 2268; x_wconf 90' lang='lat' dir='ltr'>ut</span> <span class='ocrx_word' id='word_1_603' title='bbox 2847 2232 3046 2269; x_wconf 89' lang='lat' dir='ltr'>omnes</span> <span class='ocrx_word' id='word_1_604' title='bbox 3076 2219 3282 2287; x_wconf 64' lang='lat' dir='ltr'>aequali</span> <span class='ocrx_word' id='word_1_605' title='bbox 3332 2220 3496 2273; x_wconf 90' lang='lat' dir='ltr'>lance</span> <span class='ocrx_word' id='word_1_606' title='bbox 3531 2225 3781 2288; x_wconf 84' lang='lat' dir='ltr'>pensatas</span> 
     </span>
    </p>
   </div>
   <div class='ocr_carea' id='block_1_84' title="bbox 2090 2302 3780 2376">
    <p class='ocr_par' dir='ltr' id='par_1_84' title="bbox 2090 2302 3780 2376">
     <span class='ocr_line' id='line_1_84' title="bbox 2090 2302 3780 2376; baseline 0.002 -22"><span class='ocrx_word' id='word_1_607' title='bbox 2090 2302 2221 2372; x_wconf 89' lang='lat' dir='ltr'>plus</span> <span class='ocrx_word' id='word_1_608' title='bbox 2266 2303 2638 2373; x_wconf 89' lang='lat' dir='ltr'>suspenderet</span> <span class='ocrx_word' id='word_1_609' title='bbox 2683 2320 2855 2374; x_wconf 89' lang='lat' dir='ltr'>quam</span> <span class='ocrx_word' id='word_1_610' title='bbox 2893 2304 3178 2370; x_wconf 88' lang='lat' dir='ltr'>ﬁrmaret;</span> <span class='ocrx_word' id='word_1_611' title='bbox 3223 2307 3302 2360; x_wconf 90' lang='lat' dir='ltr'>ita</span> <span class='ocrx_word' id='word_1_612' title='bbox 3347 2307 3403 2362; x_wconf 90' lang='lat' dir='ltr'>S.</span> <span class='ocrx_word' id='word_1_613' title='bbox 3454 2308 3780 2376; x_wconf 82' lang='lat' dir='ltr'>Fulgentius</span> 
     </span>
    </p>
   </div>
   <div class='ocr_carea' id='block_1_85' title="bbox 2091 2390 3778 2460">
    <p class='ocr_par' dir='ltr' id='par_1_85' title="bbox 2091 2390 3778 2460">
     <span class='ocr_line' id='line_1_85' title="bbox 2091 2390 3778 2460; baseline 0.001 -16"><span class='ocrx_word' id='word_1_614' title='bbox 2091 2390 2394 2460; x_wconf 88' lang='lat' dir='ltr'>opiniones</span> <span class='ocrx_word' id='word_1_615' title='bbox 2451 2391 2610 2456; x_wconf 88' lang='lat' dir='ltr'>duas,</span> <span class='ocrx_word' id='word_1_616' title='bbox 2643 2391 2702 2444; x_wconf 90' lang='lat' dir='ltr'>id</span> <span class='ocrx_word' id='word_1_617' title='bbox 2748 2398 2833 2446; x_wconf 90' lang='lat' dir='ltr'>est</span> <span class='ocrx_word' id='word_1_618' title='bbox 2880 2409 3053 2446; x_wconf 89' lang='lat' dir='ltr'>novas</span> <span class='ocrx_word' id='word_1_619' title='bbox 3095 2394 3296 2459; x_wconf 90' lang='lat' dir='ltr'>creari,</span> <span class='ocrx_word' id='word_1_620' title='bbox 3341 2396 3426 2449; x_wconf 84' lang='lat' dir='ltr'>vel</span> <span class='ocrx_word' id='word_1_621' title='bbox 3456 2413 3532 2449; x_wconf 82' lang='lat' dir='ltr'>ex</span> <span class='ocrx_word' id='word_1_622' title='bbox 3564 2396 3778 2449; x_wconf 86' lang='lat' dir='ltr'>traduce</span> 
     </span>
    </p>
   </div>
   <div class='ocr_carea' id='block_1_86' title="bbox 2091 2479 3782 2553">
    <p class='ocr_par' dir='ltr' id='par_1_86' title="bbox 2091 2479 3782 2553">
     <span class='ocr_line' id='line_1_86' title="bbox 2091 2479 3782 2553; baseline 0.002 -21"><span class='ocrx_word' id='word_1_623' title='bbox 2091 2495 2220 2532; x_wconf 90' lang='lat' dir='ltr'>cum</span> <span class='ocrx_word' id='word_1_624' title='bbox 2247 2495 2483 2548; x_wconf 89' lang='lat' dir='ltr'>corpore</span> <span class='ocrx_word' id='word_1_625' title='bbox 2511 2479 2640 2544; x_wconf 91' lang='lat' dir='ltr'>seri,</span> <span class='ocrx_word' id='word_1_626' title='bbox 2684 2479 2858 2534; x_wconf 91' lang='lat' dir='ltr'>dubio</span> <span class='ocrx_word' id='word_1_627' title='bbox 2891 2480 3205 2535; x_wconf 92' lang='lat' dir='ltr'>identidem</span> <span class='ocrx_word' id='word_1_628' title='bbox 3250 2483 3431 2553; x_wconf 88' lang='lat' dir='ltr'>magis</span> <span class='ocrx_word' id='word_1_629' title='bbox 3487 2485 3782 2538; x_wconf 86' lang='lat' dir='ltr'>destruen-</span> 
     </span>
    </p>
   </div>
   <div class='ocr_carea' id='block_1_87' title="bbox 2092 2568 3779 2640">
    <p class='ocr_par' dir='ltr' id='par_1_87' title="bbox 2092 2568 3779 2640">
     <span class='ocr_line' id='line_1_87' title="bbox 2092 2568 3779 2640; baseline 0.001 -19"><span class='ocrx_word' id='word_1_630' title='bbox 2092 2572 2174 2621; x_wconf 88' lang='lat' dir='ltr'>tes</span> <span class='ocrx_word' id='word_1_631' title='bbox 2214 2584 2293 2634; x_wconf 90' lang='lat' dir='ltr'>se,</span> <span class='ocrx_word' id='word_1_632' title='bbox 2337 2584 2509 2638; x_wconf 88' lang='lat' dir='ltr'>quam</span> <span class='ocrx_word' id='word_1_633' title='bbox 2559 2568 2937 2622; x_wconf 69' lang='lat' dir='ltr'>aedificantem</span> <span class='ocrx_word' id='word_1_634' title='bbox 2997 2570 3268 2640; x_wconf 88' lang='lat' dir='ltr'>aliquam,</span> <span class='ocrx_word' id='word_1_635' title='bbox 3317 2572 3635 2626; x_wconf 83' lang='lat' dir='ltr'>roboravit.</span> <span class='ocrx_word' id='word_1_636' title='bbox 3686 2574 3779 2624; x_wconf 87' lang='lat' dir='ltr'>Per</span> 
     </span>
    </p>
   </div>
   <div class='ocr_carea' id='block_1_88' title="bbox 2093 2657 3777 2729">
    <p class='ocr_par' dir='ltr' id='par_1_88' title="bbox 2093 2657 3777 2729">
     <span class='ocr_line' id='line_1_88' title="bbox 2093 2657 3777 2729; baseline 0.002 -21"><span class='ocrx_word' id='word_1_637' title='bbox 2093 2657 2244 2725; x_wconf 91' lang='lat' dir='ltr'>quod</span> <span class='ocrx_word' id='word_1_638' title='bbox 2296 2657 2595 2726; x_wconf 89' lang='lat' dir='ltr'>perspicue</span> <span class='ocrx_word' id='word_1_639' title='bbox 2633 2657 2829 2725; x_wconf 84' lang='lat' dir='ltr'>claret,</span> <span class='ocrx_word' id='word_1_640' title='bbox 2869 2659 2938 2712; x_wconf 89' lang='lat' dir='ltr'>ab</span> <span class='ocrx_word' id='word_1_641' title='bbox 2985 2660 3406 2729; x_wconf 87' lang='lat' dir='ltr'>antiquioribus</span> <span class='ocrx_word' id='word_1_642' title='bbox 3452 2661 3596 2715; x_wconf 87' lang='lat' dir='ltr'>viris</span> <span class='ocrx_word' id='word_1_643' title='bbox 3650 2659 3777 2713; x_wconf 87' lang='lat' dir='ltr'>nihil</span> 
     </span>
    </p>
   </div>
   <div class='ocr_carea' id='block_1_89' title="bbox 2093 2746 3776 2820">
    <p class='ocr_par' dir='ltr' id='par_1_89' title="bbox 2093 2746 3776 2820">
     <span class='ocr_line' id='line_1_89' title="bbox 2093 2746 3776 2820; baseline 0.002 -22"><span class='ocrx_word' id='word_1_644' title='bbox 2093 2746 2373 2798; x_wconf 87' lang='lat' dir='ltr'>ﬁrmative</span> <span class='ocrx_word' id='word_1_645' title='bbox 2423 2763 2489 2798; x_wconf 85' lang='lat' dir='ltr'>ex</span> <span class='ocrx_word' id='word_1_646' title='bbox 2547 2746 2654 2799; x_wconf 85' lang='lat' dir='ltr'>hoc</span> <span class='ocrx_word' id='word_1_647' title='bbox 2705 2746 2878 2800; x_wconf 89' lang='lat' dir='ltr'>fuisse</span> <span class='ocrx_word' id='word_1_648' title='bbox 2913 2747 3219 2817; x_wconf 89' lang='lat' dir='ltr'>digestum.</span> <span class='ocrx_word' id='word_1_649' title='bbox 3270 2751 3503 2814; x_wconf 87' lang='lat' dir='ltr'>Verum,</span> <span class='ocrx_word' id='word_1_650' title='bbox 3538 2751 3672 2820; x_wconf 86' lang='lat' dir='ltr'>quia</span> <span class='ocrx_word' id='word_1_651' title='bbox 3709 2751 3776 2802; x_wconf 91' lang='lat' dir='ltr'>in-</span> 
     </span>
    </p>
   </div>
   <div class='ocr_carea' id='block_1_90' title="bbox 2092 2834 3776 2905">
    <p class='ocr_par' dir='ltr' id='par_1_90' title="bbox 2092 2834 3776 2905">
     <span class='ocr_line' id='line_1_90' title="bbox 2092 2834 3776 2905; baseline 0.002 -19"><span class='ocrx_word' id='word_1_652' title='bbox 2092 2834 2403 2904; x_wconf 87' lang='lat' dir='ltr'>terrogatio</span> <span class='ocrx_word' id='word_1_653' title='bbox 2437 2835 2498 2888; x_wconf 87' lang='lat' dir='ltr'>B.</span> <span class='ocrx_word' id='word_1_654' title='bbox 2535 2835 2838 2905; x_wconf 82' lang='lat' dir='ltr'>Augustini</span> <span class='ocrx_word' id='word_1_655' title='bbox 2866 2836 3190 2890; x_wconf 89' lang='lat' dir='ltr'>acutissime</span> <span class='ocrx_word' id='word_1_656' title='bbox 3216 2843 3272 2891; x_wconf 90' lang='lat' dir='ltr'>et</span> <span class='ocrx_word' id='word_1_657' title='bbox 3301 2838 3776 2892; x_wconf 82' lang='lat' dir='ltr'>suiﬁcieutissime</span> 
     </span>
    </p>
   </div>
   <div class='ocr_carea' id='block_1_91' title="bbox 2092 2922 3775 2994">
    <p class='ocr_par' dir='ltr' id='par_1_91' title="bbox 2092 2922 3775 2994">
     <span class='ocr_line' id='line_1_91' title="bbox 2092 2922 3775 2994; baseline 0.003 -22"><span class='ocrx_word' id='word_1_658' title='bbox 2092 2925 2292 2974; x_wconf 89' lang='lat' dir='ltr'>contra</span> <span class='ocrx_word' id='word_1_659' title='bbox 2323 2922 2469 2975; x_wconf 91' lang='lat' dir='ltr'>hanc</span> <span class='ocrx_word' id='word_1_660' title='bbox 2517 2922 2878 2992; x_wconf 89' lang='lat' dir='ltr'>catholicam,</span> <span class='ocrx_word' id='word_1_661' title='bbox 2927 2939 3053 2994; x_wconf 74' lang='lat' dir='ltr'>quae</span> <span class='ocrx_word' id='word_1_662' title='bbox 3099 2941 3252 2978; x_wconf 90' lang='lat' dir='ltr'>nunc</span> <span class='ocrx_word' id='word_1_663' title='bbox 3294 2926 3460 2979; x_wconf 89' lang='lat' dir='ltr'>nobis</span> <span class='ocrx_word' id='word_1_664' title='bbox 3508 2933 3614 2988; x_wconf 86' lang='lat' dir='ltr'>est,</span> <span class='ocrx_word' id='word_1_665' title='bbox 3672 2926 3775 2994; x_wconf 89' lang='lat' dir='ltr'>opi-</span> 
     </span>
    </p>
   </div>
   <div class='ocr_carea' id='block_1_92' title="bbox 2094 3006 3772 3083">
    <p class='ocr_par' dir='ltr' id='par_1_92' title="bbox 2094 3006 3772 3083">
     <span class='ocr_line' id='line_1_92' title="bbox 2094 3006 3772 3083; baseline 0.003 -24"><span class='ocrx_word' id='word_1_666' title='bbox 2094 3006 2349 3073; x_wconf 87' lang='lat' dir='ltr'>nionem,</span> <span class='ocrx_word' id='word_1_667' title='bbox 2406 3010 2721 3079; x_wconf 90' lang='lat' dir='ltr'>contendit,</span> <span class='ocrx_word' id='word_1_668' title='bbox 2772 3016 2826 3064; x_wconf 92' lang='lat' dir='ltr'>et</span> <span class='ocrx_word' id='word_1_669' title='bbox 2875 3017 3154 3082; x_wconf 89' lang='lat' dir='ltr'>quantum</span> <span class='ocrx_word' id='word_1_670' title='bbox 3210 3015 3396 3083; x_wconf 87' lang='lat' dir='ltr'>potuit</span> <span class='ocrx_word' id='word_1_671' title='bbox 3451 3015 3605 3068; x_wconf 70' lang='lat' dir='ltr'>elisit</span> <span class='ocrx_word' id='word_1_672' title='bbox 3663 3030 3772 3065; x_wconf 84' lang='lat' dir='ltr'>eam</span> 
     </span>
    </p>
   </div>
   <div class='ocr_carea' id='block_1_93' title="bbox 2094 3099 3770 3172">
    <p class='ocr_par' dir='ltr' id='par_1_93' title="bbox 2094 3099 3770 3172">
     <span class='ocr_line' id='line_1_93' title="bbox 2094 3099 3770 3172; baseline 0.002 -22"><span class='ocrx_word' id='word_1_673' title='bbox 2094 3109 2263 3166; x_wconf 85' lang='lat' dir='ltr'>atque</span> <span class='ocrx_word' id='word_1_674' title='bbox 2292 3099 2599 3165; x_wconf 82' lang='lat' dir='ltr'>dextruxit,</span> <span class='ocrx_word' id='word_1_675' title='bbox 2637 3117 2799 3170; x_wconf 87' lang='lat' dir='ltr'>rogo,</span> <span class='ocrx_word' id='word_1_676' title='bbox 2835 3106 2894 3155; x_wconf 88' lang='lat' dir='ltr'>ut</span> <span class='ocrx_word' id='word_1_677' title='bbox 2933 3101 2977 3154; x_wconf 83' lang='lat' dir='ltr'>si</span> <span class='ocrx_word' id='word_1_678' title='bbox 3009 3102 3216 3155; x_wconf 88' lang='lat' dir='ltr'>alicubi</span> <span class='ocrx_word' id='word_1_679' title='bbox 3261 3119 3608 3172; x_wconf 87' lang='lat' dir='ltr'>responsum</span> <span class='ocrx_word' id='word_1_680' title='bbox 3656 3103 3770 3156; x_wconf 72' lang='lat' dir='ltr'>bea-</span> 
     </span>
    </p>
   </div>
   <div class='ocr_carea' id='block_1_94' title="bbox 2093 3186 3768 3260">
    <p class='ocr_par' dir='ltr' id='par_1_94' title="bbox 2093 3186 3768 3260">
     <span class='ocr_line' id='line_1_94' title="bbox 2093 3186 3768 3260; baseline 0.001 -22"><span class='ocrx_word' id='word_1_681' title='bbox 2093 3186 2296 3239; x_wconf 89' lang='lat' dir='ltr'>tissimi</span> <span class='ocrx_word' id='word_1_682' title='bbox 2353 3187 2684 3258; x_wconf 87' lang='lat' dir='ltr'>Hieronymi</span> <span class='ocrx_word' id='word_1_683' title='bbox 2725 3188 2910 3243; x_wconf 89' lang='lat' dir='ltr'>eidem</span> <span class='ocrx_word' id='word_1_684' title='bbox 2968 3190 3149 3244; x_wconf 88' lang='lat' dir='ltr'>latum</span> <span class='ocrx_word' id='word_1_685' title='bbox 3193 3191 3428 3260; x_wconf 84' lang='lat' dir='ltr'>legistis,</span> <span class='ocrx_word' id='word_1_686' title='bbox 3484 3192 3768 3246; x_wconf 85' lang='lat' dir='ltr'>nobiscum</span> 
     </span>
    </p>
   </div>
   <div class='ocr_carea' id='block_1_95' title="bbox 2091 3275 3771 3348">
    <p class='ocr_par' dir='ltr' id='par_1_95' title="bbox 2091 3275 3771 3348">
     <span class='ocr_line' id='line_1_95' title="bbox 2091 3275 3771 3348; baseline 0 -20"><span class='ocrx_word' id='word_1_687' title='bbox 2091 3275 2516 3330; x_wconf 88' lang='lat' dir='ltr'>communicare</span> <span class='ocrx_word' id='word_1_688' title='bbox 2563 3293 2676 3329; x_wconf 90' lang='lat' dir='ltr'>non</span> <span class='ocrx_word' id='word_1_689' title='bbox 2726 3277 3066 3348; x_wconf 85' lang='lat' dir='ltr'>dedignetis,</span> <span class='ocrx_word' id='word_1_690' title='bbox 3125 3284 3224 3332; x_wconf 90' lang='lat' dir='ltr'>aut</span> <span class='ocrx_word' id='word_1_691' title='bbox 3262 3281 3454 3332; x_wconf 68' lang='lat' dir='ltr'>caeteri</span> <span class='ocrx_word' id='word_1_692' title='bbox 3510 3281 3577 3334; x_wconf 91' lang='lat' dir='ltr'>in</span> <span class='ocrx_word' id='word_1_693' title='bbox 3614 3281 3771 3348; x_wconf 78' lang='lat' dir='ltr'>cujus-</span> 
     </span>
    </p>
   </div>
   <div class='ocr_carea' id='block_1_96' title="bbox 2090 3364 3766 3438">
    <p class='ocr_par' dir='ltr' id='par_1_96' title="bbox 2090 3364 3766 3438">
     <span class='ocr_line' id='line_1_96' title="bbox 2090 3364 3766 3438; baseline 0.001 -20"><span class='ocrx_word' id='word_1_694' title='bbox 2090 3380 2314 3435; x_wconf 89' lang='lat' dir='ltr'>cunque</span> <span class='ocrx_word' id='word_1_695' title='bbox 2361 3364 2607 3418; x_wconf 89' lang='lat' dir='ltr'>doctoris</span> <span class='ocrx_word' id='word_1_696' title='bbox 2662 3383 2834 3436; x_wconf 88' lang='lat' dir='ltr'>opera</span> <span class='ocrx_word' id='word_1_697' title='bbox 2881 3373 3288 3438; x_wconf 77' lang='lat' dir='ltr'>congruentem</span> <span class='ocrx_word' id='word_1_698' title='bbox 3351 3370 3766 3438; x_wconf 86' lang='lat' dir='ltr'>responsionem</span> 
     </span>
    </p>
   </div>
   <div class='ocr_carea' id='block_1_97' title="bbox 2092 3453 3771 3526">
    <p class='ocr_par' dir='ltr' id='par_1_97' title="bbox 2092 3453 3771 3526">
     <span class='ocr_line' id='line_1_97' title="bbox 2092 3453 3771 3526; baseline -0.001 -19"><span class='ocrx_word' id='word_1_699' title='bbox 2092 3453 2235 3507; x_wconf 89' lang='lat' dir='ltr'>tanti</span> <span class='ocrx_word' id='word_1_700' title='bbox 2267 3453 2515 3506; x_wconf 90' lang='lat' dir='ltr'>doctoris</span> <span class='ocrx_word' id='word_1_701' title='bbox 2548 3453 2867 3508; x_wconf 87' lang='lat' dir='ltr'>inventioni</span> <span class='ocrx_word' id='word_1_702' title='bbox 2899 3455 3274 3526; x_wconf 87' lang='lat' dir='ltr'>percurristis.</span> <span class='ocrx_word' id='word_1_703' title='bbox 3316 3457 3428 3509; x_wconf 73' lang='lat' dir='ltr'>Nec</span> <span class='ocrx_word' id='word_1_704' title='bbox 3454 3458 3542 3511; x_wconf 87' lang='lat' dir='ltr'>fac</span> <span class='ocrx_word' id='word_1_705' title='bbox 3599 3462 3676 3510; x_wconf 87' lang='lat' dir='ltr'>est</span> <span class='ocrx_word' id='word_1_706' title='bbox 3717 3459 3771 3506; x_wconf 90' lang='lat' dir='ltr'>ut</span> 
     </span>
    </p>
   </div>
   <div class='ocr_carea' id='block_1_98' title="bbox 2091 3540 3767 3614">
    <p class='ocr_par' dir='ltr' id='par_1_98' title="bbox 2091 3540 3767 3614">
     <span class='ocr_line' id='line_1_98' title="bbox 2091 3540 3767 3614; baseline 0.001 -20"><span class='ocrx_word' id='word_1_707' title='bbox 2091 3540 2322 3594; x_wconf 89' lang='lat' dir='ltr'>Orosius</span> <span class='ocrx_word' id='word_1_708' title='bbox 2375 3541 2508 3611; x_wconf 84' lang='lat' dir='ltr'>vigil</span> <span class='ocrx_word' id='word_1_709' title='bbox 2554 3542 2614 3595; x_wconf 89' lang='lat' dir='ltr'>in</span> <span class='ocrx_word' id='word_1_710' title='bbox 2660 3543 2811 3596; x_wconf 88' lang='lat' dir='ltr'>lenio</span> <span class='ocrx_word' id='word_1_711' title='bbox 2898 3585 2913 3612; x_wconf 95' lang='lat'>,</span> <span class='ocrx_word' id='word_1_712' title='bbox 2957 3544 3056 3614; x_wconf 90' lang='lat' dir='ltr'>qui</span> <span class='ocrx_word' id='word_1_713' title='bbox 3089 3545 3161 3598; x_wconf 91' lang='lat' dir='ltr'>ob</span> <span class='ocrx_word' id='word_1_714' title='bbox 3201 3544 3528 3598; x_wconf 84' lang='lat' dir='ltr'>discendam</span> <span class='ocrx_word' id='word_1_715' title='bbox 3566 3550 3767 3599; x_wconf 89' lang='lat' dir='ltr'>tantum</span> 
     </span>
    </p>
   </div>
   <div class='ocr_carea' id='block_1_99' title="bbox 2089 3628 3770 3702">
    <p class='ocr_par' dir='ltr' id='par_1_99' title="bbox 2089 3628 3770 3702">
     <span class='ocr_line' id='line_1_99' title="bbox 2089 3628 3770 3702; baseline 0.001 -21"><span class='ocrx_word' id='word_1_716' title='bbox 2089 3628 2296 3682; x_wconf 84' lang='lat' dir='ltr'>animae</span> <span class='ocrx_word' id='word_1_717' title='bbox 2340 3629 2628 3699; x_wconf 89' lang='lat' dir='ltr'>originem</span> <span class='ocrx_word' id='word_1_718' title='bbox 2676 3647 2709 3684; x_wconf 91' lang='lat' dir='ltr'>a</span> <span class='ocrx_word' id='word_1_719' title='bbox 2746 3631 2897 3684; x_wconf 91' lang='lat' dir='ltr'>claro</span> <span class='ocrx_word' id='word_1_720' title='bbox 2942 3631 3262 3702; x_wconf 88' lang='lat' dir='ltr'>Augustino</span> <span class='ocrx_word' id='word_1_721' title='bbox 3314 3632 3527 3687; x_wconf 89' lang='lat' dir='ltr'>missus</span> <span class='ocrx_word' id='word_1_722' title='bbox 3580 3647 3770 3701; x_wconf 86' lang='lat' dir='ltr'>magno</span> 
     </span>
    </p>
   </div>
   <div class='ocr_carea' id='block_1_100' title="bbox 2089 3717 3767 3786">
    <p class='ocr_par' dir='ltr' id='par_1_100' title="bbox 2089 3717 3767 3786">
     <span class='ocr_line' id='line_1_100' title="bbox 2089 3717 3767 3786; baseline 0.001 -16"><span class='ocrx_word' id='word_1_723' title='bbox 2089 3717 2434 3786; x_wconf 86' lang='lat' dir='ltr'>Hieronymo</span> <span class='ocrx_word' id='word_1_724' title='bbox 2484 3717 2713 3785; x_wconf 85' lang='lat' dir='ltr'>exstitit,</span> <span class='ocrx_word' id='word_1_725' title='bbox 2777 3724 2834 3773; x_wconf 88' lang='lat' dir='ltr'>et</span> <span class='ocrx_word' id='word_1_726' title='bbox 2886 3719 3108 3773; x_wconf 85' lang='lat' dir='ltr'>vivente</span> <span class='ocrx_word' id='word_1_727' title='bbox 3174 3721 3370 3774; x_wconf 88' lang='lat' dir='ltr'>eodem</span> <span class='ocrx_word' id='word_1_728' title='bbox 3425 3722 3767 3776; x_wconf 84' lang='lat' dir='ltr'>sanctissimo</span> 
     </span>
    </p>
   </div>
   <div class='ocr_carea' id='block_1_101' title="bbox 2091 3805 3767 3881">
    <p class='ocr_par' dir='ltr' id='par_1_101' title="bbox 2091 3805 3767 3881">
     <span class='ocr_line' id='line_1_101' title="bbox 2091 3805 3767 3881; baseline 0 -21"><span class='ocrx_word' id='word_1_729' title='bbox 2091 3805 2439 3874; x_wconf 87' lang='lat' dir='ltr'>Hieronymo</span> <span class='ocrx_word' id='word_1_730' title='bbox 2471 3821 2762 3876; x_wconf 87' lang='lat' dir='ltr'>regressus</span> <span class='ocrx_word' id='word_1_731' title='bbox 2789 3807 3106 3862; x_wconf 89' lang='lat' dir='ltr'>identidem</span> <span class='ocrx_word' id='word_1_732' title='bbox 3138 3809 3263 3875; x_wconf 86' lang='lat' dir='ltr'>fuit,</span> <span class='ocrx_word' id='word_1_733' title='bbox 3296 3809 3418 3863; x_wconf 88' lang='lat' dir='ltr'>sine</span> <span class='ocrx_word' id='word_1_734' title='bbox 3448 3812 3645 3881; x_wconf 89' lang='lat' dir='ltr'>aliquo</span> <span class='ocrx_word' id='word_1_735' title='bbox 3669 3809 3767 3863; x_wconf 81' lang='lat' dir='ltr'>evi-</span> 
     </span>
    </p>
   </div>
   <div class='ocr_carea' id='block_1_102' title="bbox 2088 3893 3769 3967">
    <p class='ocr_par' dir='ltr' id='par_1_102' title="bbox 2088 3893 3769 3967">
     <span class='ocr_line' id='line_1_102' title="bbox 2088 3893 3769 3967; baseline 0.002 -20"><span class='ocrx_word' id='word_1_736' title='bbox 2088 3893 2242 3947; x_wconf 90' lang='lat' dir='ltr'>denti</span> <span class='ocrx_word' id='word_1_737' title='bbox 2287 3893 2496 3948; x_wconf 83' lang='lat' dir='ltr'>indicio</span> <span class='ocrx_word' id='word_1_738' title='bbox 2556 3899 2610 3948; x_wconf 90' lang='lat' dir='ltr'>et</span> <span class='ocrx_word' id='word_1_739' title='bbox 2656 3895 2928 3967; x_wconf 89' lang='lat' dir='ltr'>palpabili</span> <span class='ocrx_word' id='word_1_740' title='bbox 2977 3897 3218 3962; x_wconf 89' lang='lat' dir='ltr'>ratione,</span> <span class='ocrx_word' id='word_1_741' title='bbox 3267 3898 3533 3967; x_wconf 89' lang='lat' dir='ltr'>protinus</span> <span class='ocrx_word' id='word_1_742' title='bbox 3575 3913 3769 3952; x_wconf 87' lang='lat' dir='ltr'>remea-</span> 
     </span>
    </p>
   </div>
   <div class='ocr_carea' id='block_1_103' title="bbox 2087 3983 3768 4055">
    <p class='ocr_par' dir='ltr' id='par_1_103' title="bbox 2087 3983 3768 4055">
     <span class='ocr_line' id='line_1_103' title="bbox 2087 3983 3768 4055; baseline 0.002 -20"><span class='ocrx_word' id='word_1_743' title='bbox 2087 3987 2173 4035; x_wconf 91' lang='lat' dir='ltr'>ret</span> <span class='ocrx_word' id='word_1_744' title='bbox 2202 3998 2214 4036; x_wconf 91' lang='lat'><strong>:</strong></span> <span class='ocrx_word' id='word_1_745' title='bbox 2249 3983 2569 4052; x_wconf 58' lang='lat' dir='ltr'>praesertim</span> <span class='ocrx_word' id='word_1_746' title='bbox 2602 4000 2729 4036; x_wconf 92' lang='lat' dir='ltr'>cum</span> <span class='ocrx_word' id='word_1_747' title='bbox 2786 4001 2903 4038; x_wconf 64' lang='lat' dir='ltr'>suae</span> <span class='ocrx_word' id='word_1_748' title='bbox 2931 3986 3220 4054; x_wconf 90' lang='lat' dir='ltr'>opinionis</span> <span class='ocrx_word' id='word_1_749' title='bbox 3250 4002 3355 4055; x_wconf 90' lang='lat' dir='ltr'>per</span> <span class='ocrx_word' id='word_1_750' title='bbox 3402 4002 3536 4041; x_wconf 88' lang='lat' dir='ltr'>eum</span> <span class='ocrx_word' id='word_1_751' title='bbox 3571 3989 3768 4042; x_wconf 88' lang='lat' dir='ltr'>destru-</span> 
     </span>
    </p>
   </div>
   <div class='ocr_carea' id='block_1_104' title="bbox 2087 4071 3769 4144">
    <p class='ocr_par' dir='ltr' id='par_1_104' title="bbox 2087 4071 3769 4144">
     <span class='ocr_line' id='line_1_104' title="bbox 2087 4071 3769 4144; baseline 0.001 -20"><span class='ocrx_word' id='word_1_752' title='bbox 2087 4071 2336 4124; x_wconf 89' lang='lat' dir='ltr'>ctionem</span> <span class='ocrx_word' id='word_1_753' title='bbox 2414 4071 2482 4125; x_wconf 90' lang='lat' dir='ltr'>ab</span> <span class='ocrx_word' id='word_1_754' title='bbox 2544 4073 2862 4143; x_wconf 89' lang='lat' dir='ltr'>Augustino</span> <span class='ocrx_word' id='word_1_755' title='bbox 2915 4081 3301 4144; x_wconf 86' lang='lat' dir='ltr'>cognosceret,</span> <span class='ocrx_word' id='word_1_756' title='bbox 3377 4076 3656 4130; x_wconf 89' lang='lat' dir='ltr'>latissime</span> <span class='ocrx_word' id='word_1_757' title='bbox 3722 4081 3769 4126; x_wconf 87' lang='lat' dir='ltr'>et</span> 
     </span>
    </p>
   </div>
   <div class='ocr_carea' id='block_1_105' title="bbox 2087 4159 3766 4232">
    <p class='ocr_par' dir='ltr' id='par_1_105' title="bbox 2087 4159 3766 4232">
     <span class='ocr_line' id='line_1_105' title="bbox 2087 4159 3766 4232; baseline 0.002 -19"><span class='ocrx_word' id='word_1_758' title='bbox 2087 4160 2378 4214; x_wconf 89' lang='lat' dir='ltr'>enucleate</span> <span class='ocrx_word' id='word_1_759' title='bbox 2426 4159 2727 4230; x_wconf 83' lang='lat' dir='ltr'>digestam.</span> <span class='ocrx_word' id='word_1_760' title='bbox 2782 4163 2848 4215; x_wconf 87' lang='lat' dir='ltr'>Et</span> <span class='ocrx_word' id='word_1_761' title='bbox 2903 4163 3003 4232; x_wconf 89' lang='lat' dir='ltr'>qui</span> <span class='ocrx_word' id='word_1_762' title='bbox 3049 4163 3250 4216; x_wconf 90' lang='lat' dir='ltr'>solitus</span> <span class='ocrx_word' id='word_1_763' title='bbox 3295 4169 3418 4216; x_wconf 90' lang='lat' dir='ltr'>erat</span> <span class='ocrx_word' id='word_1_764' title='bbox 3473 4166 3627 4218; x_wconf 87' lang='lat' dir='ltr'>ultra</span> <span class='ocrx_word' id='word_1_765' title='bbox 3664 4164 3766 4218; x_wconf 83' lang='lat' dir='ltr'>elo-</span> 
     </span>
    </p>
   </div>
   <div class='ocr_carea' id='block_1_106' title="bbox 2086 4248 3768 4318">
    <p class='ocr_par' dir='ltr' id='par_1_106' title="bbox 2086 4248 3768 4318">
     <span class='ocr_line' id='line_1_106' title="bbox 2086 4248 3768 4318; baseline 0.001 -17"><span class='ocrx_word' id='word_1_766' title='bbox 2086 4248 2333 4318; x_wconf 67' lang='lat' dir='ltr'>quentiae</span> <span class='ocrx_word' id='word_1_767' title='bbox 2388 4248 2575 4302; x_wconf 88' lang='lat' dir='ltr'>fontes</span> <span class='ocrx_word' id='word_1_768' title='bbox 2633 4249 2942 4318; x_wconf 90' lang='lat' dir='ltr'>dimittere,</span> <span class='ocrx_word' id='word_1_769' title='bbox 3012 4255 3068 4304; x_wconf 89' lang='lat' dir='ltr'>et</span> <span class='ocrx_word' id='word_1_770' title='bbox 3120 4252 3569 4308; x_wconf 89' lang='lat' dir='ltr'>scaturientibus</span> <span class='ocrx_word' id='word_1_771' title='bbox 3624 4253 3768 4306; x_wconf 81' lang='lat' dir='ltr'>venis</span> 
     </span>
    </p>
   </div>
   <div class='ocr_carea' id='block_1_107' title="bbox 2085 4337 3764 4410">
    <p class='ocr_par' dir='ltr' id='par_1_107' title="bbox 2085 4337 3764 4410">
     <span class='ocr_line' id='line_1_107' title="bbox 2085 4337 3764 4410; baseline 0 -20"><span class='ocrx_word' id='word_1_772' title='bbox 2085 4353 2262 4407; x_wconf 89' lang='lat' dir='ltr'>aquas</span> <span class='ocrx_word' id='word_1_773' title='bbox 2291 4337 2420 4390; x_wconf 63' lang='lat' dir='ltr'>vitae</span> <span class='ocrx_word' id='word_1_774' title='bbox 2451 4337 2675 4391; x_wconf 86' lang='lat' dir='ltr'>rivatim</span> <span class='ocrx_word' id='word_1_775' title='bbox 2718 4353 2984 4404; x_wconf 89' lang='lat' dir='ltr'>manare;</span> <span class='ocrx_word' id='word_1_776' title='bbox 3015 4355 3168 4393; x_wconf 91' lang='lat' dir='ltr'>nunc</span> <span class='ocrx_word' id='word_1_777' title='bbox 3216 4340 3465 4394; x_wconf 80' lang='lat' dir='ltr'>maxime</span> <span class='ocrx_word' id='word_1_778' title='bbox 3497 4341 3764 4410; x_wconf 86' lang='lat' dir='ltr'>rejiceret,</span> 
     </span>
    </p>
   </div>
   <div class='ocr_carea' id='block_1_108' title="bbox 2086 4426 3768 4497">
    <p class='ocr_par' dir='ltr' id='par_1_108' title="bbox 2086 4426 3768 4497">
     <span class='ocr_line' id='line_1_108' title="bbox 2086 4426 3768 4497; baseline 0.001 -19"><span class='ocrx_word' id='word_1_779' title='bbox 2086 4431 2142 4478; x_wconf 92' lang='lat' dir='ltr'>et</span> <span class='ocrx_word' id='word_1_780' title='bbox 2188 4429 2410 4479; x_wconf 85' lang='lat' dir='ltr'>meatus</span> <span class='ocrx_word' id='word_1_781' title='bbox 2444 4442 2577 4479; x_wconf 90' lang='lat' dir='ltr'>suos</span> <span class='ocrx_word' id='word_1_782' title='bbox 2608 4426 2771 4497; x_wconf 89' lang='lat' dir='ltr'>quasi</span> <span class='ocrx_word' id='word_1_783' title='bbox 2817 4427 3067 4497; x_wconf 88' lang='lat' dir='ltr'>quodam</span> <span class='ocrx_word' id='word_1_784' title='bbox 3102 4431 3296 4482; x_wconf 91' lang='lat' dir='ltr'>monte</span> <span class='ocrx_word' id='word_1_785' title='bbox 3336 4445 3506 4483; x_wconf 83' lang='lat' dir='ltr'>saxeo</span> <span class='ocrx_word' id='word_1_786' title='bbox 3555 4431 3768 4484; x_wconf 88' lang='lat' dir='ltr'>obtura-</span> 
     </span>
    </p>
   </div>
   <div class='ocr_carea' id='block_1_109' title="bbox 2085 4514 3767 4586">
    <p class='ocr_par' dir='ltr' id='par_1_109' title="bbox 2085 4514 3767 4586">
     <span class='ocr_line' id='line_1_109' title="bbox 2085 4514 3767 4586; baseline 0 -18"><span class='ocrx_word' id='word_1_787' title='bbox 2085 4517 2170 4568; x_wconf 89' lang='lat' dir='ltr'>tas</span> <span class='ocrx_word' id='word_1_788' title='bbox 2203 4514 2444 4583; x_wconf 89' lang='lat' dir='ltr'>doleret,</span> <span class='ocrx_word' id='word_1_789' title='bbox 2478 4514 2706 4585; x_wconf 91' lang='lat' dir='ltr'>quando</span> <span class='ocrx_word' id='word_1_790' title='bbox 2754 4519 2810 4569; x_wconf 90' lang='lat' dir='ltr'>et</span> <span class='ocrx_word' id='word_1_791' title='bbox 2840 4515 3103 4569; x_wconf 88' lang='lat' dir='ltr'>materies</span> <span class='ocrx_word' id='word_1_792' title='bbox 3133 4517 3481 4586; x_wconf 87' lang='lat' dir='ltr'>postulabat,</span> <span class='ocrx_word' id='word_1_793' title='bbox 3529 4524 3588 4572; x_wconf 89' lang='lat' dir='ltr'>et</span> <span class='ocrx_word' id='word_1_794' title='bbox 3615 4533 3767 4572; x_wconf 88' lang='lat' dir='ltr'>causa</span> 
     </span>
    </p>
   </div>
   <div class='ocr_carea' id='block_1_110' title="bbox 2086 4601 3767 4674">
    <p class='ocr_par' dir='ltr' id='par_1_110' title="bbox 2086 4601 3767 4674">
     <span class='ocr_line' id='line_1_110' title="bbox 2086 4601 3767 4674; baseline 0.001 -20"><span class='ocrx_word' id='word_1_795' title='bbox 2086 4601 2472 4672; x_wconf 88' lang='lat' dir='ltr'>responsionis</span> <span class='ocrx_word' id='word_1_796' title='bbox 2502 4603 2824 4673; x_wconf 88' lang='lat' dir='ltr'>specialiter</span> <span class='ocrx_word' id='word_1_797' title='bbox 2851 4604 3245 4674; x_wconf 79' lang='lat' dir='ltr'>perurgebat?</span> <span class='ocrx_word' id='word_1_798' title='bbox 3276 4605 3383 4660; x_wconf 87' lang='lat' dir='ltr'>Sed</span> <span class='ocrx_word' id='word_1_799' title='bbox 3415 4611 3513 4659; x_wconf 91' lang='lat' dir='ltr'>aut</span> <span class='ocrx_word' id='word_1_800' title='bbox 3564 4605 3767 4660; x_wconf 85' lang='lat' dir='ltr'>incuria</span> 
     </span>
    </p>
   </div>
   <div class='ocr_carea' id='block_1_111' title="bbox 2085 4690 3765 4759">
    <p class='ocr_par' dir='ltr' id='par_1_111' title="bbox 2085 4690 3765 4759">
     <span class='ocr_line' id='line_1_111' title="bbox 2085 4690 3765 4759; baseline 0.001 -16"><span class='ocrx_word' id='word_1_801' title='bbox 2085 4695 2450 4759; x_wconf 86' lang='lat' dir='ltr'>posterorum</span> <span class='ocrx_word' id='word_1_802' title='bbox 2508 4690 2738 4758; x_wconf 87' lang='lat' dir='ltr'>abolita,</span> <span class='ocrx_word' id='word_1_803' title='bbox 2799 4695 2898 4744; x_wconf 89' lang='lat' dir='ltr'>aut</span> <span class='ocrx_word' id='word_1_804' title='bbox 2923 4692 2993 4746; x_wconf 90' lang='lat' dir='ltr'>ad</span> <span class='ocrx_word' id='word_1_805' title='bbox 3043 4697 3264 4747; x_wconf 87' lang='lat' dir='ltr'>nostras</span> <span class='ocrx_word' id='word_1_806' title='bbox 3294 4709 3500 4747; x_wconf 90' lang='lat' dir='ltr'>manus</span> <span class='ocrx_word' id='word_1_807' title='bbox 3547 4695 3765 4748; x_wconf 89' lang='lat' dir='ltr'>minime</span> 
     </span>
    </p>
   </div>
   <div class='ocr_carea' id='block_1_112' title="bbox 2085 4779 3766 4852">
    <p class='ocr_par' dir='ltr' id='par_1_112' title="bbox 2085 4779 3766 4852">
     <span class='ocr_line' id='line_1_112' title="bbox 2085 4779 3766 4852; baseline 0 -20"><span class='ocrx_word' id='word_1_808' title='bbox 2085 4779 2362 4832; x_wconf 88' lang='lat' dir='ltr'>hactenus</span> <span class='ocrx_word' id='word_1_809' title='bbox 2403 4783 2584 4833; x_wconf 86' lang='lat' dir='ltr'>exstat</span> <span class='ocrx_word' id='word_1_810' title='bbox 2627 4784 2924 4850; x_wconf 84' lang='lat' dir='ltr'>perventa.</span> <span class='ocrx_word' id='word_1_811' title='bbox 2976 4781 3130 4836; x_wconf 88' lang='lat' dir='ltr'>Unde</span> <span class='ocrx_word' id='word_1_812' title='bbox 3183 4782 3229 4834; x_wconf 89' lang='lat' dir='ltr'>si</span> <span class='ocrx_word' id='word_1_813' title='bbox 3281 4798 3624 4852; x_wconf 84' lang='lat' dir='ltr'>responsum</span> <span class='ocrx_word' id='word_1_814' title='bbox 3657 4783 3766 4852; x_wconf 87' lang='lat' dir='ltr'>ejus</span> 
     </span>
    </p>
   </div>
   <div class='ocr_carea' id='block_1_113' title="bbox 2085 4867 3765 4940">
    <p class='ocr_par' dir='ltr' id='par_1_113' title="bbox 2085 4867 3765 4940">
     <span class='ocr_line' id='line_1_113' title="bbox 2085 4867 3765 4940; baseline 0 -18"><span class='ocrx_word' id='word_1_815' title='bbox 2085 4867 2414 4939; x_wconf 89' lang='lat' dir='ltr'>ubicunque</span> <span class='ocrx_word' id='word_1_816' title='bbox 2473 4868 2713 4936; x_wconf 88' lang='lat' dir='ltr'>vidistis,</span> <span class='ocrx_word' id='word_1_817' title='bbox 2763 4869 2933 4940; x_wconf 89' lang='lat' dir='ltr'>quale</span> <span class='ocrx_word' id='word_1_818' title='bbox 2982 4870 3056 4924; x_wconf 90' lang='lat' dir='ltr'>sit</span> <span class='ocrx_word' id='word_1_819' title='bbox 3129 4872 3402 4925; x_wconf 88' lang='lat' dir='ltr'>notescite</span> <span class='ocrx_word' id='word_1_820' title='bbox 3461 4877 3520 4927; x_wconf 89' lang='lat' dir='ltr'>et</span> <span class='ocrx_word' id='word_1_821' title='bbox 3575 4870 3765 4927; x_wconf 83' lang='lat' dir='ltr'>sufﬁcit</span> 
     </span>
    </p>
   </div>
   <div class='ocr_carea' id='block_1_114' title="bbox 2085 4956 2270 5010">
    <p class='ocr_par' dir='ltr' id='par_1_114' title="bbox 2085 4956 2270 5010">
     <span class='ocr_line' id='line_1_114' title="bbox 2085 4956 2270 5010; baseline -0.011 0"><span class='ocrx_word' id='word_1_822' title='bbox 2085 4956 2270 5010; x_wconf 90' lang='lat' dir='ltr'>nobis.</span> 
     </span>
    </p>
   </div>
   <div class='ocr_carea' id='block_1_115' title="bbox 2159 5113 3759 5184">
    <p class='ocr_par' dir='ltr' id='par_1_115' title="bbox 2159 5113 3759 5184">
     <span class='ocr_line' id='line_1_115' title="bbox 2159 5113 3759 5184; baseline 0.001 -15"><span class='ocrx_word' id='word_1_823' title='bbox 2159 5113 2176 5148; x_wconf 72' lang='grc' dir='ltr'><em>τ</em></span> <span class='ocrx_word' id='word_1_824' title='bbox 2215 5115 2335 5180; x_wconf 88' lang='lat' dir='ltr'>Ms.,</span> <span class='ocrx_word' id='word_1_825' title='bbox 2389 5114 2534 5184; x_wconf 86' lang='lat' dir='ltr'>quod</span> <span class='ocrx_word' id='word_1_826' title='bbox 2587 5131 2655 5169; x_wconf 79' lang='lat' dir='ltr'>ea:</span> <span class='ocrx_word' id='word_1_827' title='bbox 2707 5117 2868 5169; x_wconf 78' lang='lat' dir='ltr'>unius</span> <span class='ocrx_word' id='word_1_828' title='bbox 2925 5115 3116 5170; x_wconf 71' lang='lat' dir='ltr'>delicto</span> <span class='ocrx_word' id='word_1_829' title='bbox 3163 5133 3392 5172; x_wconf 81' lang='lat' dir='ltr'>omnem.</span> <span class='ocrx_word' id='word_1_830' title='bbox 3433 5119 3538 5172; x_wconf 89' lang='lat' dir='ltr'>Sed</span> <span class='ocrx_word' id='word_1_831' title='bbox 3587 5134 3759 5174; x_wconf 87' lang='lat' dir='ltr'>emen-</span> 
     </span>
    </p>
   </div>
   <div class='ocr_carea' id='block_1_116' title="bbox 2085 5185 3533 5259">
    <p class='ocr_par' dir='ltr' id='par_1_116' title="bbox 2085 5185 3533 5259">
     <span class='ocr_line' id='line_1_116' title="bbox 2085 5185 3533 5259; baseline 0.003 -20"><span class='ocrx_word' id='word_1_832' title='bbox 2085 5185 2212 5239; x_wconf 91' lang='lat' dir='ltr'>davi</span> <span class='ocrx_word' id='word_1_833' title='bbox 2243 5202 2308 5239; x_wconf 85' lang='lat' dir='ltr'>ex</span> <span class='ocrx_word' id='word_1_834' title='bbox 2341 5186 2572 5259; x_wconf 77' lang='lat' dir='ltr'>laudata</span> <span class='ocrx_word' id='word_1_835' title='bbox 2597 5186 2929 5259; x_wconf 83' lang='lat' dir='ltr'>Augustini,</span> <span class='ocrx_word' id='word_1_836' title='bbox 2965 5187 3129 5257; x_wconf 87' lang='lat' dir='ltr'>epist.</span> <span class='ocrx_word' id='word_1_837' title='bbox 3168 5191 3287 5251; x_wconf 68' lang='lat' dir='ltr'>loti,</span> <span class='ocrx_word' id='word_1_838' title='bbox 3321 5205 3444 5259; x_wconf 80' lang='lat' dir='ltr'>cap.</span> <span class='ocrx_word' id='word_1_839' title='bbox 3481 5192 3533 5244; x_wconf 90' lang='lat'>8.</span> 
     </span>
    </p>
   </div>
   <div class='ocr_carea' id='block_1_117' title="bbox 2158 5256 3672 5328">
    <p class='ocr_par' dir='ltr' id='par_1_117' title="bbox 2158 5256 3672 5328">
     <span class='ocr_line' id='line_1_117' title="bbox 2158 5256 3672 5328; baseline 0.003 -18"><span class='ocrx_word' id='word_1_840' title='bbox 2158 5268 2188 5311; x_wconf 71' lang='grc' dir='ltr'>ε</span> <span class='ocrx_word' id='word_1_841' title='bbox 2225 5257 2390 5327; x_wconf 88' lang='lat' dir='ltr'>Apud</span> <span class='ocrx_word' id='word_1_842' title='bbox 2424 5256 2810 5327; x_wconf 87' lang='lat' dir='ltr'>Augustinum</span> <span class='ocrx_word' id='word_1_843' title='bbox 2842 5257 2942 5321; x_wconf 89' lang='lat' dir='ltr'>ibi,</span> <span class='ocrx_word' id='word_1_844' title='bbox 2975 5256 3300 5324; x_wconf 72' lang='lat' dir='ltr'>curreretur,</span> <span class='ocrx_word' id='word_1_845' title='bbox 3333 5256 3672 5328; x_wconf 68' lang='lat' dir='ltr'>baptizandi.</span> 
     </span>
    </p>
   </div>
   <div class='ocr_carea' id='block_1_118' title="bbox 2158 5328 3757 5402">
    <p class='ocr_par' dir='ltr' id='par_1_118' title="bbox 2158 5328 3757 5402">
     <span class='ocr_line' id='line_1_118' title="bbox 2158 5328 3757 5402; baseline 0.002 -21"><span class='ocrx_word' id='word_1_846' title='bbox 2158 5328 2184 5368; x_wconf 66' lang='grc' dir='ltr'><strong>ιι</strong></span> <span class='ocrx_word' id='word_1_847' title='bbox 2224 5328 2402 5402; x_wconf 79' lang='lat' dir='ltr'>Locus</span> <span class='ocrx_word' id='word_1_848' title='bbox 2428 5328 2687 5402; x_wconf 77' lang='lat' dir='ltr'>mutilus,</span> <span class='ocrx_word' id='word_1_849' title='bbox 2731 5328 2810 5402; x_wconf 79' lang='lat' dir='ltr'>sic</span> <span class='ocrx_word' id='word_1_850' title='bbox 2840 5344 2906 5402; x_wconf 79' lang='lat' dir='ltr'>ex</span> <span class='ocrx_word' id='word_1_851' title='bbox 2932 5330 3253 5398; x_wconf 81' lang='lat' dir='ltr'>Augustino</span> <span class='ocrx_word' id='word_1_852' title='bbox 3293 5330 3510 5384; x_wconf 83' lang='lat' dir='ltr'>ibidem</span> <span class='ocrx_word' id='word_1_853' title='bbox 3548 5334 3757 5402; x_wconf 83' lang='lat' dir='ltr'>explen-</span> 
     </span>
    </p>
   </div>
   <div class='ocr_carea' id='block_1_119' title="bbox 2088 5397 3758 5470">
    <p class='ocr_par' dir='ltr' id='par_1_119' title="bbox 2088 5397 3758 5470">
     <span class='ocr_line' id='line_1_119' title="bbox 2088 5397 3758 5470; baseline 0.001 -18"><span class='ocrx_word' id='word_1_854' title='bbox 2088 5397 2193 5452; x_wconf 89' lang='lat' dir='ltr'>dus</span> <span class='ocrx_word' id='word_1_855' title='bbox 2226 5415 2238 5452; x_wconf 90' lang='lat'><strong>:</strong></span> <span class='ocrx_word' id='word_1_856' title='bbox 2275 5400 2340 5451; x_wconf 75' lang='lat' dir='ltr'>Si</span> <span class='ocrx_word' id='word_1_857' title='bbox 2369 5399 2506 5452; x_wconf 85' lang='lat' dir='ltr'>hanc</span> <span class='ocrx_word' id='word_1_858' title='bbox 2533 5397 2696 5464; x_wconf 81' lang='lat' dir='ltr'>ﬁdem</span> <span class='ocrx_word' id='word_1_859' title='bbox 2727 5399 3177 5460; x_wconf 78' lang='lat' dir='ltr'>fundattssimam</span> <span class='ocrx_word' id='word_1_860' title='bbox 3208 5416 3311 5454; x_wconf 77' lang='lat' dir='ltr'>non</span> <span class='ocrx_word' id='word_1_861' title='bbox 3359 5397 3658 5470; x_wconf 79' lang='lat' dir='ltr'>oppugnat,</span> <span class='ocrx_word' id='word_1_862' title='bbox 3699 5405 3758 5455; x_wconf 76' lang='lat' dir='ltr'>sit</span> 
     </span>
    </p>
   </div>
   <div class='ocr_carea' id='block_1_120' title="bbox 2113 5471 3121 5537">
    <p class='ocr_par' dir='ltr' id='par_1_120' title="bbox 2113 5471 3121 5537">
     <span class='ocr_line' id='line_1_120' title="bbox 2113 5471 3121 5537; baseline 0.003 -16"><span class='ocrx_word' id='word_1_863' title='bbox 2113 5473 2162 5521; x_wconf 86' lang='lat' dir='ltr'>et</span> <span class='ocrx_word' id='word_1_864' title='bbox 2189 5485 2339 5530; x_wconf 83' lang='lat' dir='ltr'>mea;</span> <span class='ocrx_word' id='word_1_865' title='bbox 2369 5471 2419 5522; x_wconf 82' lang='lat' dir='ltr'>si</span> <span class='ocrx_word' id='word_1_866' title='bbox 2445 5474 2747 5537; x_wconf 82' lang='lat' dir='ltr'>oppugnat,</span> <span class='ocrx_word' id='word_1_867' title='bbox 2776 5485 2879 5522; x_wconf 79' lang='lat' dir='ltr'>non</span> <span class='ocrx_word' id='word_1_868' title='bbox 2903 5473 2976 5524; x_wconf 81' lang='lat' dir='ltr'>sit</span> <span class='ocrx_word' id='word_1_869' title='bbox 3009 5475 3121 5524; x_wconf 84' lang='lat' dir='ltr'>tua.</span> 
     </span>
    </p>
   </div>
   <div class='ocr_carea' id='block_1_121' title="bbox 2153 5539 3050 5611">
    <p class='ocr_par' dir='ltr' id='par_1_121' title="bbox 2153 5539 3050 5611">
     <span class='ocr_line' id='line_1_121' title="bbox 2153 5539 3050 5611; baseline 0.004 -21"><span class='ocrx_word' id='word_1_870' title='bbox 2153 5540 2165 5573; x_wconf 74' lang='grc' dir='ltr'><strong>ί</strong></span> <span class='ocrx_word' id='word_1_871' title='bbox 2211 5539 2382 5611; x_wconf 71' lang='lat' dir='ltr'>Epist.</span> <span class='ocrx_word' id='word_1_872' title='bbox 2420 5542 2538 5602; x_wconf 81' lang='grc'>166,</span> <span class='ocrx_word' id='word_1_873' title='bbox 2571 5541 2644 5595; x_wconf 88' lang='lat' dir='ltr'>al.</span> <span class='ocrx_word' id='word_1_874' title='bbox 2687 5541 2809 5604; x_wconf 74' lang='lat' dir='ltr'>t02,</span> <span class='ocrx_word' id='word_1_875' title='bbox 2839 5557 2962 5611; x_wconf 88' lang='lat' dir='ltr'>cap.</span> <span class='ocrx_word' id='word_1_876' title='bbox 2997 5542 3050 5594; x_wconf 71' lang='grc'>4.</span> 
     </span>
    </p>
   </div>
   <div class='ocr_carea' id='block_1_122' title="bbox 2148 5609 2561 5680">
    <p class='ocr_par' dir='ltr' id='par_1_122' title="bbox 2148 5609 2561 5680">
     <span class='ocr_line' id='line_1_122' title="bbox 2148 5609 2561 5680; baseline 0.002 -18"><span class='ocrx_word' id='word_1_877' title='bbox 2148 5611 2160 5652; x_wconf 75' lang='lat' dir='ltr'>t</span> <span class='ocrx_word' id='word_1_878' title='bbox 2235 5609 2288 5662; x_wconf 87' lang='lat' dir='ltr'>L.</span> <span class='ocrx_word' id='word_1_879' title='bbox 2325 5612 2561 5680; x_wconf 78' lang='lat' dir='ltr'>ingenio.</span> 
     </span>
    </p>
   </div>
  </div>
