3860 6262
22 299 127 349 457

94 435 181 486 l0.
217 433 317 487 Sin
348 434 536 499 aliter,
560 433 697 505 quid
720 433 948 503 cupiam
988 433 1302 487 edisserere
1330 448 1443 485 non
1470 433 1730 486 moreris.
1772 436 1815 485 A

16 523 319 592 Interrogo
352 524 530 587 enim,
577 528 634 576 et
683 523 816 575 satis
864 522 1155 593 desquiro,
1204 522 1332 592 quis
1363 538 1427 574 ex
1486 527 1729 591 utroque

16 611 262 665 homine
293 620 317 644 ⁸
343 612 654 664 mundatur
674 611 977 681 baptismo,
1013 615 1205 664 utrum
1238 626 1464 680 corpus,
1500 609 1597 679 qui
1628 625 1729 663 ex—

15 700 198 751 terior
233 700 307 753 ab
337 700 608 770 Apostolo
638 702 723 752 est
760 700 943 753 dictus
977 700 1159 768 (Rom.
1207 702 1323 765 vn),
1358 715 1430 751 an
1464 698 1724 763 interior,

16 789 111 857 qui
153 788 423 857 spiritus,
454 789 540 841 vel
580 788 771 840 anima
802 791 887 840 est
924 788 1281 857 appellatus?
1318 788 1383 839 Et
1413 786 1458 839 si
1518 801 1729 856 corpus

14 882 253 929 tantum
288 883 345 929 et
376 893 485 929 non
519 876 731 942 anima,
764 892 890 929 cum
924 891 1179 946 corpore,
1220 874 1484 944 superius
1514 875 1727 928 dictum

16 978 356 1015 recenseam
384 963 710 1032 Augustini.
746 964 858 1017 Cur
896 978 1014 1015 non
1059 962 1422 1032 baptizantur
1463 967 1519 1015 et
1565 978 1725 1015 mor-

16 1052 148 1104 tui?
198 1053 274 1105 Et
308 1052 353 1103 si
393 1051 607 1117 anima,
649 1051 786 1121 quid
824 1051 1064 1104 diluitur
1111 1050 1171 1104 in
1214 1051 1333 1119 illa,
1373 1067 1501 1121 quae
1548 1066 1659 1104 non
1698 1067 1729 1103 a

18 1139 206 1210 primo
243 1140 480 1193 homine
507 1139 743 1193 existitit
776 1144 1107 1210 propagata,
1161 1139 1258 1193 sed
1291 1140 1511 1193 noviter
1550 1156 1580 1192 a
1614 1140 1726 1192 Deo

17 1228 369 1297 singillatim
412 1227 723 1298 unicuique
772 1229 1003 1281 creata?
1039 1228 1147 1280 Hac
1178 1226 1563 1296 disputatione
1594 1242 1725 1295 pro-

18 1317 155 1369 clive
186 1317 543 1383 ostenditur,
594 1332 800 1387 corpus
832 1322 1055 1369 tantum
1092 1332 1156 1369 ex
1190 1315 1455 1385 originali
1513 1331 1727 1385 propa-

19 1409 218 1473 gatum
257 1404 493 1471 delicto,
518 1405 671 1476 quod
698 1421 763 1458 ex
790 1404 927 1458 Adae
969 1403 1287 1474 propagine
1316 1419 1420 1474 per
1465 1403 1727 1456 traduces

20 1494 247 1563 liquore
287 1494 541 1563 quodam
574 1494 758 1547 oritur
829 1494 1033 1546 saeculo
1067 1509 1079 1544 :
1122 1492 1314 1545 anima
1352 1497 1545 1545 tamen
1595 1508 1723 1561 qua:

21 1598 161 1633 nova
194 1586 256 1635 et
308 1583 523 1653 absque
570 1584 761 1653 aliqua
792 1582 1020 1651 corpori
1052 1580 1376 1634 infunditur
1407 1581 1593 1647 culpa,
1627 1597 1728 1633 cur

20 1670 298 1739 baptismi
332 1671 639 1725 mandetur
686 1670 755 1724 ab
783 1672 952 1729 unda,
986 1686 1113 1739 quae
1157 1685 1259 1722 nec
1287 1670 1346 1721 in
1413 1669 1726 1739 primordio

25 1760 238 1813 exstitit
302 1759 771 1829 transgressionis
798 1758 1070 1829 praecepti
1122 1758 1180 1810 in
1238 1758 1573 1828 protoplasti
1621 1758 1727 1811 de-

24 1848 150 1899 licto
182 1850 542 1901 comestione
583 1848 874 1902 interdicti
924 1846 1144 1900 arboris
1176 1847 1444 1911 sauciata,
1505 1862 1609 1899 nec
1665 1846 1725 1899 in

26 1928 238 1981 mundo
273 1929 512 1983 veniens
550 1930 610 1981 in
648 1944 883 1998 corpore
935 1928 1069 1980 vitio
1108 1927 1488 1981 concretionis
1544 1926 1725 1980 sative

26 2022 324 2086 compacto
349 2022 531 2070 exstat
559 2017 799 2070 inclusa.
832 2017 1157 2071 Absurdum
1199 2017 1354 2069 enim
1386 2020 1489 2081 est,
1527 2016 1664 2069 satis
1694 2032 1727 2068 a

27 2105 281 2157 veritatis
305 2104 458 2158 linea
477 2106 727 2169 devium,
753 2110 808 2158 et
836 2106 1101 2158 omnibus
1124 2106 1307 2158 modis
1338 2109 1421 2158 est
1450 2105 1721 2170 alienum,

30 2196 121 2244 aut
164 2192 368 2246 eluere
423 2210 535 2246 non
587 2194 815 2264 penitus
862 2193 1250 2263 inquinatum,
1302 2197 1400 2246 aut
1447 2192 1724 2246 mundare

31 2281 349 2350 cnjuspiam
402 2282 733 2335 insensibile
790 2282 1133 2335 membrum.
1189 2282 1245 2336 Si
1309 2283 1462 2335 enim
1520 2297 1724 2351 corpus

32 2373 246 2421 tantum
280 2369 617 2434 mundatur,
660 2368 812 2438 quod
845 2368 1202 2422 immobilem
1231 2369 1378 2439 gerit
1407 2372 1635 2435 statum,
1671 2372 1726 2421 et

32 2456 130 2508 nisi
160 2456 341 2510 fuerit
388 2456 591 2527 spiritu
642 2457 958 2510 viviﬁcante
999 2458 1344 2525 animarum,
1394 2457 1724 2511 insensibile

33 2546 207 2614 magis
240 2546 567 2611 metallum,
600 2562 771 2616 quam
793 2546 1034 2615 alicujus
1066 2546 1148 2599 rei
1177 2546 1507 2599 invenietur
1536 2562 1725 2599 neces-

33 2635 172 2687 sario
200 2641 407 2704 aptum
436 2652 448 2689 :
483 2650 620 2704 ergo
654 2635 948 2689 fatendum
980 2640 1085 2701 est,
1115 2651 1230 2688 non
1262 2635 1329 2689 ad
1361 2634 1723 2688 redimendas

33 2724 242 2776 animas
274 2724 571 2777 Christum
603 2724 909 2777 Dominum
942 2724 1297 2777 descendisse
1318 2724 1385 2777 de
1409 2724 1569 2790 ccelo,
1595 2740 1723 2794 quae

36 2829 141 2864 non
173 2818 306 2865 sunt
341 2812 477 2867 Adae
508 2813 742 2866 infectas
777 2812 1044 2882 originali
1078 2813 1300 2877 delicto,
1352 2813 1444 2866 sed
1490 2819 1552 2865 ut
1598 2830 1721 2866 cor-

35 2914 168 2967 pora
214 2905 449 2953 tantum
489 2900 818 2969 redimeret,
859 2917 985 2970 quae
1037 2916 1105 2953 ex
1154 2901 1385 2955 traduce
1436 2900 1723 2970 peccantis

37 2994 151 3040 orta
180 2994 489 3042 manerent
530 2992 575 3041 Β.
610 2990 675 3043 Et
704 2990 830 3060 quis
867 2990 975 3042 hoc
1021 2989 1299 3059 insipiens
1337 2991 1422 3043 vel
1469 2990 1720 3061 cogitare

38 3077 222 3130 leviter
251 3078 501 3131 audeat?
531 3078 693 3141 Quod
724 3079 767 3131 si
803 3078 1125 3132 animarum
1159 3079 1348 3149 potius
1379 3095 1551 3149 quam
1589 3096 1720 3133 cor—

39 3182 229 3233 porum
261 3170 447 3219 exstat
488 3167 841 3237 redemptor,
888 3167 1183 3222 reddenda
1233 3174 1319 3221 est
1365 3185 1533 3221 causa
1558 3185 1719 3221 crea-

39 3253 201 3306 tionis
226 3254 408 3323 ipsius
438 3266 481 3320 ε,
512 3270 585 3307 ne
616 3254 676 3307 in
707 3254 944 3308 dubium
979 3256 1168 3309 veniat
1204 3256 1615 3327 redemptionis
1644 3257 1721 3309 il-

42 3341 156 3393 lius.
187 3342 242 3396 Si
275 3343 504 3411 cecidit,
535 3343 810 3413 erigitur;
837 3344 884 3396 si
914 3360 1073 3398 caeno
1095 3344 1301 3398 infecta
1343 3349 1444 3411 est,
1480 3345 1717 3409 eluitur;

42 3430 81 3481 si
105 3432 383 3499 captivata
417 3436 502 3485 est
546 3448 579 3485 a
608 3436 891 3503 serpente,
926 3433 1246 3487 redimitur.
1276 3433 1333 3487 Si
1374 3437 1564 3485 autem
1618 3448 1722 3485 nec

40 3519 221 3573 cecidit
249 3521 311 3573 in
341 3525 599 3591 parente,
630 3538 735 3574 nec
766 3537 926 3575 caeno
953 3522 1159 3575 infecta
1191 3527 1276 3574 est
1299 3520 1588 3590 originali,
1618 3536 1722 3574 nec

38 3606 261 3677 decepta
292 3614 379 3662 est
424 3610 485 3662 in
528 3609 733 3679 primis
772 3610 1103 3663 hominibus
1134 3626 1167 3662 a
1205 3614 1489 3679 serpente,
1533 3625 1634 3663 cur
1674 3610 1720 3663 si

38 3711 139 3749 non
164 3696 604 3767 tingituraquis,
626 3698 909 3767 mergitur
928 3698 1215 3753 flammis?
1240 3698 1509 3768 Nunquid
1533 3698 1719 3752 alieno

35 3789 249 3853 peccato
281 3786 612 3853 damnatur,
646 3792 703 3840 et
731 3803 835 3857 pro
880 3802 1120 3856 corpore
1155 3787 1253 3857 qui
1285 3786 1356 3839 ab
1387 3786 1718 3840 eorumdem

34 3879 322 3941 parentum
382 3874 655 3928 hactenus
705 3875 947 3945 origitur
983 3876 1030 3941 ἀ,
1080 3875 1200 3943 igni
1250 3879 1526 3945 perpetuo
1574 3892 1721 3928 mer-

35 3962 217 4028 gitur?
244 3968 301 4016 et
329 3968 674 4017 curtenetur
694 3963 901 4029 alieno,
922 3980 1049 4033 quae
1080 3962 1259 4016 libera
1289 3969 1375 4016 est
1400 3964 1536 4016 suo?
1564 3964 1718 4016 Unde

32 4055 149 4117 peto
178 4056 244 4104 ut
274 4051 321 4103 si
356 4052 502 4104 hanc
535 4051 911 4121 quaestionem
944 4052 1273 4121 ubicunque
1313 4050 1391 4103 ita
1422 4054 1519 4103 aut
1547 4067 1580 4103 a
1626 4067 1717 4105 me

36 4138 363 4207 proponitur
410 4141 709 4194 enodatam
755 4140 990 4209 legistis,
1039 4156 1130 4193 me
1173 4139 1523 4209 reciprocare
1553 4139 1718 4192 citius

37 4232 136 4269 non
168 4220 409 4271 moreris
439 4235 453 4272 :
484 4219 564 4272 sic
585 4236 812 4290 semper
830 4225 1106 4290 perpetuo
1143 4220 1412 4273 ﬂoreatis.
1448 4220 1545 4273 Vel
1578 4220 1715 4289 quid

1593 294 1948 352 EPISTOLA‘Z

3434 298 3537 350 458

2650 432 2735 484 Vl.

1928 534 2043 571 ITEM
2086 534 2328 571 EPISTOLA
2366 535 2587 572 JOANNIS
2628 536 2903 573 SPALENSIS
2950 537 3158 575 ALVARO
3200 538 3442 576 DIRECTA.

1908 606 2161 670 Inlustri,
2212 605 2422 659 eximio
2469 608 2734 677 celsoque
2785 609 3004 662 ALVARO
3044 610 3310 677 Jomxas,
3363 610 3529 663 mini-

1839 708 1965 746 mus
1997 694 2283 760 omnibus,
2317 694 2374 746 in
2406 695 2625 747 cunctis
2654 699 2965 750 extremus.

1912 785 1958 835 l.
1992 783 2131 835 Cum
2161 782 2361 836 diebus
2391 783 2661 835 omnibus
2697 789 2751 836 et
2785 785 3089 837 momentis
3134 786 3385 839 studium
3440 804 3531 840 sa-

1836 869 2071 939 pientia:
2097 875 2298 925 vestrae
2321 876 2376 924 et
2422 872 2862 925 sollicitudinem
2893 872 3227 943 pervigilem
3256 875 3401 927 circa
3423 876 3533 928 uti-

1838 958 2052 1013 litatem
2111 960 2244 1013 fidei
2301 960 2593 1013 catholica:
2638 961 3161 1031 comprobaremus,
3203 966 3390 1031 grates
3421 964 3534 1017 Deo

1837 1046 2061 1116 egimus
2093 1048 2228 1118 quia
2276 1049 2471 1101 lumen
2510 1054 2757 1102 vestrum
2792 1049 2891 1102 diu
2926 1049 3139 1102 redolet
3180 1050 3239 1102 in
3278 1052 3531 1116 occultis,

1835 1138 2119 1205 perpetim
2152 1138 2303 1190 lucet
2350 1142 2405 1190 et
2450 1137 2509 1190 in
2555 1137 2818 1208 publicis,
2872 1138 3215 1208 plerumque
3261 1139 3421 1193 radio
3447 1141 3534 1193 sui

1835 1225 2076 1295 fulgoris
2128 1226 2189 1279 in
2244 1226 2455 1279 finibus
2513 1227 2839 1295 resplendet
2885 1227 3184 1291 universis,
3246 1228 3533 1282 interdum

1835 1315 2144 1367 concrescit
2177 1319 2238 1367 ut
2268 1315 2460 1385 pluvia
2508 1316 2566 1367 in
2595 1314 2839 1385 eloquiis
2892 1314 3225 1384 cunctisque
3274 1316 3481 1369 divinis
3516 1333 3529 1370 :

1835 1402 2033 1456 crebro
2075 1403 2237 1473 quasi
2286 1403 2471 1456 imber
2522 1420 2695 1473 super
2737 1404 3000 1473 gramina
3047 1404 3278 1473 eloquia
3329 1405 3530 1470 mittis,

1836 1496 1891 1543 et
1920 1491 2065 1544 sicut
2113 1491 2277 1544 stillae
2327 1507 2497 1561 super
2538 1491 2741 1545 herbas
2786 1492 3099 1546 doctrinam
3144 1493 3409 1547 eximiam
3442 1493 3532 1547 in-

1836 1578 2042 1631 fundis.
2076 1580 2137 1631 Et
2180 1578 2313 1647 quia
2344 1579 2401 1630 in
2450 1579 2538 1631 his
2562 1579 2828 1631 omnibus
2858 1581 3065 1648 praesul
3118 1580 3329 1645 existis,
3362 1580 3531 1633 faciat

1836 1671 1892 1719 te
1926 1666 2199 1719 Dominus
2228 1666 2640 1736 longitudinem
2671 1667 2893 1720 dierum
2933 1667 3174 1736 implere
3220 1669 3275 1719 in
3341 1669 3526 1733 annis,

1836 1759 1893 1807 et
1924 1754 2255 1821 :ostendere
2291 1770 2462 1823 super
2498 1759 2550 1807 te
2598 1755 2818 1807 vultum
2847 1771 2961 1807 suae
3008 1755 3251 1825 pietatis,
3282 1759 3349 1809 ut
3382 1773 3415 1809 a
3444 1762 3527 1810 te-

1832 1842 1934 1893 tris
1986 1844 2182 1893 erutus
2211 1841 2551 1911 caliginibus
2602 1856 2646 1905 6,
2708 1842 3000 1896 sodalibus
3058 1842 3118 1895 in
3178 1844 3314 1896 locis
3373 1845 3529 1898 ocius

1832 1929 2215 1983 conscendere
2242 1930 2535 1983 merearis.
2569 1933 2773 1984 Amen.

1904 2019 1955 2071 2.
1988 2019 2283 2071 Postremo
2316 2018 2595 2087 quidquid
2621 2019 2900 2089 sapientia
2929 2024 3113 2073 vestra
3154 2020 3221 2073 de
3271 2021 3525 2092 quinque

1832 2123 2134 2160 causarum
2211 2107 2535 2160 animarum
2603 2108 2961 2161 connexione
3035 2109 3392 2179 multiplicat,
3472 2116 3526 2164 et

1834 2194 2179 2264 quaestiones
2202 2195 2425 2248 diversa
2461 2194 2478 2229 τ
2500 2195 2650 2248 inter
2682 2212 2738 2248 se
2770 2196 3163 2262 defendentes,
3199 2203 3254 2250 et
3283 2198 3341 2251 in
3378 2199 3527 2252 mul-

1831 2282 1902 2335 tis
1949 2282 2171 2336 diversa
2198 2282 2529 2348 sentientes,
2569 2291 2859 2352 utcunque
2912 2283 3205 2353 potuimus
3272 2285 3527 2339 animad-

1831 2369 2124 2435 vertimus,
2162 2374 2217 2423 et
2244 2386 2485 2440 qumque
2521 2387 2586 2423 ex
2618 2370 2751 2423 inde
2780 2370 3013 2439 majoris
3045 2371 3225 2423 nostri
3247 2372 3530 2425 senserint

1830 2458 2238 2512 intelleximus.
2293 2459 2464 2512 Addit
2512 2463 2705 2512 tamen
2758 2460 3060 2527 prudentia
3108 2463 3311 2527 vestra,
3368 2465 3433 2514 ut
3480 2462 3528 2515 si

1831 2548 2043 2601 alicubi
2073 2548 2506 2617 responsionem
2550 2547 2701 2601 beati
2753 2548 3085 2617 Hieronymi
3134 2548 3365 2618 egregio
3410 2553 3525 2603 Au—

1831 2637 2061 2706 gustino
2110 2636 2481 2706 perlegimus,
2536 2635 2823 2689 dulcedini
2882 2640 3081 2689 vestra:
3138 2638 3525 2693 transmittere

1831 2740 1947 2777 non
1978 2724 2289 2778 tardemus.
2333 2724 2480 2777 Vivit
2539 2724 2836 2785 Dominus,
2887 2729 2943 2778 et
2985 2724 3136 2777 vivat
3183 2724 3375 2778 anima
3404 2731 3525 2792 tua,

1832 2813 1965 2882 quia
1995 2813 2137 2866 nihil
2168 2812 2370 2867 exinde
2402 2812 2639 2882 legerim
2674 2812 3010 2882 rescriptum
3053 2825 3101 2878 ε,
3138 2812 3247 2865 nisi
3302 2818 3526 2869 tantum

1831 2901 1982 2955 beati
2030 2901 2315 2955 Ambrosii
2359 2901 2595 2970 legerim
2646 2902 2855 2971 dogma
2913 2902 3215 2955 adversum
3283 2917 3379 2956 eos
3427 2904 3527 2974 qui

1762 3006 1801 3061 ρ
1830 2989 2083 3043 animam
2115 3006 2231 3043 non
2280 2989 2621 3043 confitemur
2670 2990 2765 3043 Dei
2804 3006 2923 3043 esse
2972 2990 3272 3055 facturam,
3314 2992 3413 3045 aut
3460 3008 3525 3045 ex

1830 3077 2061 3131 traduce
2088 3077 2287 3131 dicunt
2326 3093 2447 3130 esse
2479 3081 2753 3143 exortam,
2786 3081 2885 3129 aut
2929 3076 3251 3147 portionem
3296 3078 3392 3132 Dei
3430 3096 3524 3134 as-

1832 3170 2028 3217 serunt
2059 3180 2179 3217 esse
2210 3164 2599 3234 praedicatam.
2626 3164 2769 3227 Quid
2802 3164 2935 3218 inde
2964 3167 3288 3236 suprafatus
3329 3167 3526 3221 doctor

1831 3253 2097 3322 egregius
2151 3252 2411 3316 senserit,
2459 3252 2668 3322 quidve
2719 3253 2987 3306 institerit
3035 3255 3171 3324 quid
3210 3256 3521 3309 tenendum

1831 3357 1951 3394 esse
1996 3341 2270 3405 docuerit,
2318 3340 2565 3395 breviter
2614 3342 3063 3413 summatimque
3116 3344 3276 3398 vobis
3331 3348 3522 3398 trans-

1828 3428 2110 3495 misimus,
2164 3428 2299 3499 quia
2334 3430 2577 3499 sapienti
2636 3446 2701 3483 ex
2743 3431 2943 3484 multis
2975 3431 3298 3502 sapientum
3359 3433 3521 3486 dictis

1829 3518 2090 3571 sufﬁcere
2122 3518 2408 3571 credimus
2441 3534 2633 3587 parva.

1902 3609 1954 3660 3.
1988 3606 2077 3660 Sic
2106 3606 2261 3659 enim
2311 3606 2366 3659 in
2414 3606 2580 3659 initio
2635 3606 2902 3659 dictionis
2955 3622 3072 3660 suae
3126 3607 3327 3660 affatus
3387 3614 3515 3663 est:

1831 3715 1857 3743 ‹‹
1891 3696 1934 3747 A
1967 3710 2055 3747 me
2082 3693 2231 3747 exiet
2261 3694 2514 3763 spiritus,
2542 3694 2677 3747 dicit
2720 3694 3016 3759 Dominus,
3044 3699 3101 3747 et
3147 3712 3377 3750 omnem
3408 3696 3519 3749 fla-

1828 3787 1949 3836 tum
1985 3798 2091 3852 ego
2116 3798 2266 3835 creo.
2302 3783 2500 3835 Nonne
2529 3782 2636 3835 iste
2678 3788 2763 3835 est
2808 3783 2977 3849 Deus,
3018 3782 3117 3851 qui
3166 3789 3328 3836 vocat
3374 3801 3519 3854 pue-

1829 3887 1957 3924 rum
1988 3886 2155 3923 suum
2184 3871 2355 3924 Jacob
2404 3876 2460 3923 et
2489 3871 2661 3924 Israel
2712 3887 2937 3923 servum
2992 3886 3180 3936 suum,
3220 3872 3317 3941 qui
3352 3873 3519 3927 tinxit

1829 3974 1960 4013 eum
1994 3959 2051 4011 in
2098 3960 2298 4011 utero?
2346 3960 2546 4013 Nonne
2585 3958 2677 4012 hic
2722 3964 2805 4011 est
2853 3958 3029 4012 factor
3060 3958 3404 4027 animarum,
3447 3962 3516 4015 de

1829 4062 1943 4117 quo
1974 4047 2188 4100 dictum
2228 4051 2351 4100 est:
2383 4047 2486 4111 Qui
2531 4048 2688 4114 ﬁngit
2745 4047 3069 4111 singillatim
3100 4046 3263 4099 corda
3300 4048 3517 4103 eorum?

1827 4136 1992 4202 (Psal.
2030 4151 2221 4202 xxxm,
2256 4134 2371 4203 l5.)
2416 4135 2482 4188 Et
2528 4134 2828 4205 Apostolus
2874 4134 2996 4187 ait:
3051 4134 3155 4200 Qui
3200 4151 3282 4188 me
3338 4151 3514 4203 segre-

1828 4226 1982 4290 gavit
2010 4224 2074 4277 de
2103 4229 2251 4277 utero
2280 4226 2473 4277 matris
2502 4239 2633 4277 mea:
2674 4224 2809 4293 (Gal.
2850 4240 2888 4291 ι,
2937 4223 3041 4294 15).
3076 4223 3183 4287 Qui
3215 4223 3383 4278 habet
3420 4240 3519 4294 po-

37 4304 156 4358 inde
184 4307 500 4361 tenendum
533 4307 623 4373 sit,
655 4309 743 4361 vel
774 4307 1142 4366 credendum,
1183 4308 1271 4360 vel
1302 4308 1550 4377 qualiter
1592 4310 1713 4377 jus-
1754 4302 1797 4356 D
1822 4316 2081 4365 testatem
2117 4311 2481 4382 segregandi,
2514 4311 2686 4364 habet
2730 4316 2787 4365 et
2818 4315 2875 4363 in
2924 4318 3085 4365 utero
3113 4312 3385 4382 tingendi.
3422 4314 3516 4366 Vi-

38 4392 148 4444 titia
178 4393 275 4447 Dei
324 4394 383 4447 in
434 4394 915 4448 condemnatione
951 4394 1347 4448 innocentium
1389 4395 1713 4448 animarum

41 4479 103 4531 sit
128 4481 499 4548 defendenda,
529 4484 673 4553 stylo
701 4483 1061 4549 evidentiori,
1095 4488 1153 4537 et
1190 4483 1535 4537 documento
1570 4484 1713 4537 veri-

43 4568 134 4620 lico
180 4570 457 4639 indicetis,
511 4576 682 4642 atque
726 4571 1089 4626 luminositer
1135 4574 1340 4625 cuncta
1392 4571 1553 4625 nobis
1601 4572 1715 4626 oris

46 4657 193 4709 vestri
224 4665 422 4728 aperta
444 4659 730 4712 sententia
751 4658 961 4712 revelet
980 4659 1331 4712 serenitatim
1349 4659 1711 4729 deprompta.

45 4742 123 4795 Sic
151 4747 469 4801 coelestibus
511 4747 846 4800 mereamini
876 4747 967 4801 hic
997 4752 1053 4801 et
1089 4748 1149 4801 in
1205 4747 1394 4801 futuro
1424 4747 1716 4801 munerari

45 4829 102 4882 de
128 4834 358 4901 praemio
392 4834 588 4904 vigore
620 4834 888 4903 aathereo,
924 4840 981 4889 et
1008 4834 1278 4890 felicitate
1321 4835 1564 4890 caelestis
1614 4851 1714 4905 pa-

44 4919 511 4993 trieindisrupta.
544 4924 747 4977 Amen.
775 4923 941 4977 Finit.

107 5102 129 5126 ⁸
163 5096 276 5167 Ms,
300 5113 366 5151 ea:
387 5102 615 5167 utroque
646 5099 907 5152 homines.

108 5167 130 5206 δ
164 5166 222 5218 F.
251 5166 569 5222 manarunt.

109 5237 321 5310 πλάθει
352 5240 582 5304 animae,
616 5255 682 5292 ne
709 5238 936 5293 dubium
974 5242 1178 5305 veniat,
1226 5243 1356 5305 etc.,
1408 5255 1715 5310 suppresso

56 5307 233 5427 Vel
263 5310 383 5379 lege
416 5312 610 5363 statim
647 5311 964 5379 redemptio,
1000 5311 1098 5364 ubi
1140 5307 1537 5379 redemptionis
1573 5311 1717 5363 scri-

89 5393 205 5427 iur.

89 5382 205 5429 itur.

112 5446 133 5479 *ί
171 5449 224 5501 F.
255 5454 447 5518 oritur,
482 5451 593 5519 vel,
624 5450 671 5505 si
702 5451 902 5519 mavis,
922 5454 1251 5519 originatur.

344 5635 639 5696 PATROL.
686 5634 911 5697 CXXI.

1823 4398 1923 4453 des
1953 4415 2088 4469 ergo
2126 4401 2303 4453 Deum
2338 4405 2395 4453 et
2425 4400 2797 4453 formatorem
2837 4415 2955 4452 esse
2987 4399 3045 4451 in
3077 4404 3258 4465 utero,
3291 4405 3345 4453 et
3374 4400 3514 4453 linc-

1821 4492 1999 4540 torem
2034 4487 2380 4553 animarum,
2431 4488 2566 4558 quia
2611 4487 2730 4557 ipse
2780 4486 3058 4540 Dominus
3101 4488 3179 4540 sic
3214 4489 3512 4558 loquitur:

1821 4578 1982 4630 Pater
2029 4591 2176 4630 meus
2231 4591 2399 4644 usque
2439 4576 2594 4630 modo
2633 4578 2913 4644 operatur,
2958 4581 3008 4628 et
3036 4591 3129 4641 ego
3168 4591 3359 4643 operor
3398 4576 3515 4646 (Job

1822 4679 1874 4728 v,
1920 4664 2028 4733 l7).
2064 4665 2128 4717 Et
2162 4665 2377 4734 Moyses
2426 4664 2569 4717 lator
2601 4663 2741 4731 legis
2771 4679 2783 4715 :
2819 4662 2922 4727 Qui
2965 4665 3291 4729 percusserit
3333 4665 3518 4717 mulie-

1821 4767 1934 4806 rem
1981 4754 2139 4819 calce,
2191 4758 2244 4806 et
2293 4752 2597 4806 abortivum
2627 4751 2957 4820 hprojecerit
3002 4753 3320 4817 ﬁguratum,
3353 4752 3511 4808 dabit

1822 4843 2005 4895 omnia
2032 4841 2320 4895 muliebria
2344 4840 2635 4894 secundum
2681 4841 3014 4892 voluntatem
3048 4840 3159 4891 viri
3187 4842 3292 4893 sui.
3325 4841 3387 4893 Si
3417 4856 3516 4893 au-

1824 4934 1927 4983 tem
1987 4928 2277 4999 profecerit
2334 4928 2457 4996 jam
2535 4929 2851 4995 ﬁguratum,
2931 4925 3085 4979 dabit
3148 4927 3358 4980 oculum
3417 4943 3517 4996 pro

1896 5109 1918 5135 ο
1959 5101 2080 5167 Ms.,
2114 5100 2388 5167 caliginis.

1896 5169 1916 5207 τ
1955 5172 2075 5237 Ms.,
2110 5173 2460 5239 quaestionum
2484 5168 2844 5223 diversarum.

1896 5254 1926 5295 ιζ
1966 5243 2059 5294 Ms.
2073 5283 2085 5307 ,
2126 5245 2408 5309 rescripta.

1895 5314 1921 5353 ιι
1962 5312 2019 5364 F.
2084 5313 2224 5365 calce
2254 5316 2302 5363 et
2359 5310 2683 5381 abortivum,
2762 5310 2845 5362 vel
2918 5311 3156 5366 nondum
3215 5313 3519 5381 pi-ujecerit

1821 5384 2157 5449 ﬁguratum:
2211 5381 2471 5450 sequitur
2516 5380 2709 5434 enim:
2751 5381 2813 5435 Si
2843 5388 3019 5437 autem
3069 5380 3356 5454 prujccu'it
3397 5385 3519 5455 jam

1820 5455 2143 5519 ﬁguratum.

3129 5638 3205 5695 15
