3860 6262
343 273 446 326 459

1706 271 1962 326 ALVARI
2000 268 2483 326 COBDUBENSIS
3751 273 3814 322 te

342 410 509 474 oculo,
565 408 785 462 livorem
832 424 930 476 pro
972 408 1137 460 livore
1186 409 1426 460 animam
1475 422 1574 475 pro
1615 409 1801 460 anima
1834 406 2031 476 (Ed-od.
2073 407 2121 458 A
2151 405 2362 460 riorem
2390 422 2510 460 esse
2552 405 2710 475 dicit,
2748 421 2920 476 quam
2951 410 3007 460 et
3052 409 3249 461 noster
3309 405 3656 461 Bracharius
3695 407 3827 459 altir-

339 513 448 560 xxx,
498 497 610 562 22).
667 495 830 550 Vides
883 512 1018 566 ergo
1067 495 1380 566 ﬁguratum
1439 495 1500 548 in
1561 499 1722 548 utero
1785 495 2036 548 animam

341 586 612 656 accipere.

410 675 458 727 4.
493 675 631 726 Nam
687 677 742 726 et
782 677 963 726 mater
993 677 1213 743 septem
1271 672 1526 726 ﬁliorum
1585 672 1709 726 ait:
1763 673 1874 725 Nec
1928 688 2034 741 ego

338 762 474 832 quid
505 771 529 796 ⁸
559 761 716 815 vobis
755 761 816 814 in
866 766 1028 814 utero
1067 762 1324 814 membra
1370 761 1654 831 compegi,
1718 762 1812 814 sed
1865 762 2030 814 Deus.

337 852 404 904 Et
433 851 638 903 iterum
669 850 791 920 ipsa
815 851 1070 920 loquitur
1103 867 1114 902 :
1153 851 1262 902 Nec
1289 865 1395 919 ego
1422 849 1676 902 animam
1712 849 1864 902 vobis
1881 849 2031 916 dedi,

336 938 432 991 sed
465 940 613 992 Deus
664 939 1100 1007 compaginatur
1149 939 1428 1007 corporis,
1487 943 1540 991 et
1596 937 1829 990 liniator
1877 938 2036 991 omni

336 1042 504 1080 carne
537 1031 594 1079 et
625 1026 919 1096 ﬁguralor,
953 1025 1205 1078 animum
1245 1025 1400 1078 vobis
1443 1025 1599 1078 dedit
1653 1027 1726 1092 (ll
1761 1027 1898 1080 Mar.
1936 1043 2030 1091 v11,

333 1117 446 1182 22).
504 1117 568 1168 Et
615 1115 768 1183 apud
823 1115 1020 1167 Isaiam
1070 1115 1147 1167 sic
1206 1115 1383 1168 dicit:
1439 1117 1700 1168 Dominus
1757 1117 1897 1168 Deus
1940 1118 2037 1183 qui

333 1206 575 1271 ﬁrmavit
607 1206 809 1268 cvm-lum,
844 1210 890 1256 et
919 1204 1174 1256 solidarit
1202 1209 1422 1268 terram,
1452 1210 1500 1256 et
1531 1219 1648 1272 qua:
1688 1206 1746 1257 in
1788 1220 1848 1256 ea
1884 1210 2029 1269 sunt,

333 1292 432 1346 dat
470 1295 659 1359 [latum
700 1293 1001 1344 hominibus
1039 1295 1134 1359 qui
1172 1307 1333 1360 super
1371 1308 1488 1345 cum
1527 1296 1674 1356 sunt,
1708 1297 1757 1345 et
1803 1295 2032 1360 Spiritus

331 1381 667 1434 calcantibus
698 1396 811 1433 eam
839 1383 970 1446 (lsa.
1001 1397 1130 1448 xw,
1178 1383 1249 1450 ὃ).
1301 1381 1402 1434 Job
1435 1384 1458 1423 ι»
1488 1381 1619 1434 item
1658 1397 1670 1434 :
1723 1382 1884 1447 Quem
1943 1382 2032 1435 do-

332 1485 445 1522 cere
475 1467 739 1522 voluisti?
769 1485 940 1522 nonne
965 1485 1084 1522 eum
1131 1473 1227 1537 qui
1251 1471 1382 1534 fecit
1413 1473 1804 1538 spiramentum
1840 1469 2031 1524 tuum?

332 1557 444 1622 (Job
493 1573 637 1622 xxvr,
690 1556 764 1626 4).
841 1559 904 1610 Et
959 1557 1170 1610 Isaias:
1239 1561 1493 1610 Dominus
1545 1561 1680 1612 Deus
1739 1564 1882 1624 tuus,
1934 1561 2032 1627 qui

326 1649 491 1714 ﬁnmit
515 1651 560 1698 te
592 1662 805 1698 servum
831 1647 939 1698 sibi
969 1649 1024 1698 in
1063 1652 1213 1699 utero
1246 1647 1383 1714 (Isa.
1423 1663 1554 1712 xui,
1589 1649 1698 1712 2i).
1731 1649 1797 1700 Et
1831 1647 2030 1700 Esdras

330 1737 484 1788 Solus
516 1750 566 1786 es
593 1739 670 1801 tu,
727 1735 890 1798 Deus,
942 1740 992 1786 et
1036 1751 1146 1786 una
1185 1736 1474 1802 plusmatio
1516 1741 1628 1800 tua,
1698 1751 1792 1788 nos
1843 1751 2026 1789 sumus

331 1838 494 1890 opera
530 1838 786 1874 manuum
816 1828 1052 1886 tuarum,
1093 1826 1233 1876 sicut
1273 1824 1476 1876 loculus
1525 1838 1577 1876 es
1607 1826 1702 1890 qui
1732 1827 1927 1877 cisitus
1973 1827 2029 1876 in

331 1913 553 1963 mutricc
603 1913 932 1978 plasmatum
971 1927 1183 1978 corpus,
1232 1915 1458 1978 prmstas
1499 1913 1755 1978 membra,
1817 1928 2023 1966 censa:-

328 2005 484 2051 valor
511 2002 566 2051 in
609 2003 786 2064 ignem
817 2004 866 2051 et
909 2015 1128 2068 aquam,
1163 2006 1255 2053 tua
1307 2003 1502 2054 creutio
1539 2016 1723 2054 novem
1759 2002 2027 2055 mensibus

323 2089 542 2155 patitur
571 2089 982 2155 plusmalionem
1041 2093 1300 2141 creatura:
1355 2095 1476 2152 tua},
1525 2105 1586 2142 ea
1631 2105 1748 2158 quae
1803 2095 1860 2142 in
1908 2093 2025 2158 ipso

329 2181 510 2228 creata
558 2181 655 2242 est,
691 2181 750 2228 ut
798 2181 1057 2228 servetur.
1085 2178 1154 2230 Et
1212 2177 1430 2244 quando
1473 2179 1668 2230 iterum
1722 2178 2026 2232 reddiderit

325 2264 560 2326 metrici,
596 2278 714 2330 quae
761 2264 818 2314 in
863 2279 924 2315 ea
957 2268 1133 2315 creata
1179 2266 1408 2330 fuerint,
1457 2267 1717 2333 imperas,
1765 2271 1826 2318 ut
1872 2271 1921 2319 et
1965 2270 2024 2320 in

324 2351 596 2416 membris,
645 2353 738 2404 hoc
783 2356 882 2418 est,
931 2353 1211 2417 mamillis,
1263 2354 1569 2420 praebeatur
1611 2355 1713 2420 lue,
1760 2358 2019 2422 fructum,

325 2441 717 2505 mamilla-rum,
787 2445 836 2494 et
884 2443 1170 2494 nutriatur
1228 2441 1372 2508 quod
1431 2444 1766 2510 plasmatum
1832 2449 1910 2497 est
1965 2446 2023 2496 in

325 2531 473 2580 utero
494 2526 590 2594 (IV
613 2527 763 2580 Iisdr.
799 2544 910 2594 Vlll,
945 2532 974 2580 7
1009 2529 1141 2596 seq.)

491 2617 678 2668 Cesset
709 2617 942 2669 assertio
981 2617 1318 2685 pravissima
1369 2617 1544 2670 nullis
1589 2617 2020 2672 auctoritatibus

323 2703 674 2758 conﬁrmata.
711 2707 900 2758 Cesset
943 2705 1122 2770 Plato,
1159 2706 1261 2774 qui
1288 2705 1425 2759 dicit
1472 2707 1688 2760 fontem
1735 2723 1856 2760 esse
1900 2707 2019 2760 ani-

324 2809 570 2845 marum.
617 2793 809 2846 Cesset
847 2793 1215 2862 Erinogenes,
1249 2794 1347 2863 qui
1377 2795 1514 2848 dicit
1545 2795 1684 2848 nihil
1717 2801 1844 2864 post
1874 2811 2020 2848 mor-

324 2886 439 2934 tem
471 2881 766 2934 hominem
795 2881 1074 2934 futurum.
1115 2883 1301 2936 Cesset
1333 2884 1624 2953 Epicurus,
1652 2884 1750 2953 qui
1783 2889 2021 2937 testatur

2144 495 2319 547 mavit
2349 512 2361 548 :
2397 494 2750 564 Augustinus
2783 510 2912 548 vero
2944 495 3204 565 quintam
3227 494 3578 549 Priscilliani
3619 494 3826 547 dimitti:

2144 581 2310 634 simul
2365 587 2421 636 et
2453 587 2699 652 quatuor
2725 581 2993 636 omnibus
3031 581 3282 636 favorem
3315 599 3486 636 suum
3521 582 3755 638 ademit.
3791 589 3828 633 et

2143 673 2248 725 soli
2285 672 2386 725 Dei
2417 671 2665 726 scientia
2721 671 2982 741 reliquit:
3015 671 3121 725 hoc
3160 672 3400 741 pulchre
3449 671 3826 740 singulariter,

2142 765 2202 814 ut
2233 777 2384 826 reor,
2405 759 2499 814 ille
2533 760 2783 826 sentivit,

2214 848 2264 899 6.
2301 848 2440 900 Nam
2477 847 2812 918 ambiguum
2841 847 3068 902 videtur
3120 863 3510 919 nequaquam,
3567 855 3634 900 ut
3677 848 3826 916 parvi-

2142 937 2228 988 tas
2257 936 2367 988 mei
2416 953 2615 989 sensus
2653 936 2904 1005 attingit,
2941 941 3001 989 ut
3049 943 3423 1007 regeneretur
3471 953 3695 1006 corpus
3743 953 3824 988 me-

2141 1024 2344 1078 tallum
2395 1024 2775 1090 insensatum,
2821 1025 2930 1078 nisi
2983 1041 3112 1080 cum
3172 1043 3272 1078 sua
3315 1026 3536 1093 anima,
3601 1041 3730 1078 cum
3777 1027 3827 1076 sit

2142 1111 2209 1164 de
2269 1113 2465 1179 Adam,
2525 1114 2702 1166 factus
2758 1119 2844 1166 est
2897 1113 2954 1166 in
3014 1113 3267 1167 animam
3334 1113 3546 1177 vivam,
3605 1118 3666 1166 et
3727 1123 3826 1182 [νος

2140 1204 2523 1271 transgressor
2576 1203 2860 1272 apparuit,
2941 1206 2996 1256 et
3071 1207 3200 1272 post
3258 1208 3564 1273 peccatum
3657 1201 3830 1272 genuit

2141 1289 2326 1342 Kaim.

2208 1383 2262 1432 '7.
2317 1379 2416 1431 Per
2443 1393 2610 1431 unum
2660 1376 3005 1449 [hominem]
3056 1377 3248 1447 inquit
3279 1379 3582 1448 apostolus
3621 1379 3826 1438 l’aulu=,

2139 1468 2388 1520 introivit
2414 1471 2690 1534 peccatum
2719 1468 2778 1519 in
2827 1467 3109 1527 mundum,
3155 1471 3204 1520 et
3229 1483 3329 1535 per
3353 1473 3644 1534 peccatum
3685 1483 3822 1520 mers.

2141 1555 2214 1606 Ex
2247 1571 2360 1607 uno
2395 1555 2661 1624 equidem
2713 1554 2890 1609 Adam
2916 1555 3084 1624 coepit
3112 1555 3172 1608 in
3209 1554 3316 1607 hoc
3353 1555 3577 1608 mundo
3607 1570 3824 1624 regnare

2139 1649 2456 1711 peceatum,
2493 1649 2548 1696 et
2593 1647 2841 1710 regnavit
2875 1648 2930 1697 in
2953 1661 3036 1698 eos
3082 1648 3178 1712 qui
3214 1647 3382 1698 secuti
3411 1651 3540 1698 sunt
3581 1651 3828 1713 prmeri-

2139 1735 2368 1785 calionis
2425 1733 2562 1786 Adae
2612 1733 3045 1801 similitudinem,
3107 1737 3162 1786 et
3217 1739 3524 1803 propterea
3565 1734 3826 1800 judicium

2138 1835 2204 1872 ex
2237 1837 2338 1872 uno
2388 1823 2444 1872 in
2488 1821 2980 1874 condemnationem
3031 1824 3198 1878 (Rom.
3247 1838 3298 1888 ν,
3353 1825 3576 1890 12-16).
3619 1823 3682 1875 Et
3721 1839 3824 1874 rur-

2138 1925 2263 1961 sum
2299 1925 2311 1962 :
2349 1910 2454 1962 Per
2479 1927 2655 1962 unum
2689 1927 2896 1964 novum
2929 1911 3108 1964 Adam
3140 1911 3324 1980 gratia
3369 1928 3622 1979 regnare
3653 1913 3823 1980 coepit.

2136 2012 2240 2065 per
2280 1997 2678 2067 justitiamque
2725 2001 2986 2068 regnavit
3039 2001 3098 2052 in
3151 1999 3436 2052 omnibus.
3491 1999 3662 2062 Quod
3712 2017 3822 2051 vero

2134 2085 2491 2153 supradictus
2523 2087 2901 2156 Hieronymus
2919 2087 3160 2140 eximius
3191 2103 3366 2140 novas
3400 2088 3634 2140 animas
3665 2088 3820 2140 creari

2135 2187 2264 2224 cum
2296 2173 2462 2226 sociis
2493 2174 2776 2243 praedicat,
2831 2180 2889 2228 et
2939 2175 3179 2244 singulis
3225 2177 3566 2246 corporibus
3599 2176 3820 2244 singulas

2134 2259 2331 2326 inseri,
2382 2267 2436 2315 et
2472 2279 2504 2314 a
2553 2263 2718 2316 beato
2747 2264 3070 2333 Augustino
3125 2263 3364 2318 dubium
3399 2263 3561 2333 poni,
3599 2264 3820 2334 quaestio

2134 2347 2278 2401 dura
2309 2349 2364 2402 et
2389 2350 2629 2404 ob'scura
2659 2359 2715 2404 et
2749 2353 2932 2405 nodus
2965 2368 3260 2421 operosus,
3291 2353 3503 2406 arduus
3529 2359 3594 2404 et
3641 2351 3820 2406 difﬁci-

2131 2435 2220 2500 lis,
2257 2437 2764 2504 ctinexlricabilis,
2795 2445 2849 2492 et
2881 2440 2984 2493 soli
3019 2441 3132 2494 Deo
3165 2441 3441 2494 solubilis.

2202 2527 2254 2577 8.
2291 2526 2608 2580 Dircximus
2651 2521 2810 2581 vbbis
2841 2528 2995 2582 illam
3043 2529 3472 2582 adnotationem
3513 2529 3822 2583 Mammetis

2129 2613 2386 2668 haeretici
2421 2615 2477 2668 in
2511 2615 2686 2669 linem
2721 2617 2976 2686 epistolae
3003 2618 3236 2686 hujusce
3263 2619 3515 2688 ascripti.
3548 2618 3736 2672 Simul
3779 2629 3818 2668 et

2129 2703 2360 2772 qualem
2393 2703 2719 2756 invenimus
2752 2706 2900 2774 apud
2950 2706 3193 2774 majores
3241 2711 3460 2775 partem
3515 2707 3682 2760 illam
3713 2723 3817 2758 ora.

2128 2790 2301 2843 tionis
2337 2795 2630 2859 maturius,
2689 2809 2860 2862 quam
2915 2793 3250 2863 inquiristis.
3302 2795 3600 2862 Maturius,
3651 2803 3716 2848 ut
3745 2797 3818 2848 Ci-

2128 2893 2255 2931 cero
2299 2879 2400 2946 ait,
2457 2880 2514 2934 id
2564 2888 2665 2942 est,
2727 2881 2990 2937 velocius.
3047 2883 3236 2947 citius,
3303 2883 3587 2937 festinius.
3673 2885 3820 2938 Vides

323 2969 394 3021 ad
449 2969 690 3021 invicem
725 2985 946 3022 eorum.
1004 2970 1195 3024 Cesset
1227 2971 1631 3024 nefandissima
1679 2977 1830 3024 secta
1888 2972 2020 3026 Sad-
2056 2999 2093 3052 ρ
2130 2967 2262 3036 quia
2293 2968 2626 3022 adverbium
2659 2973 2760 3034 est,
2797 2986 2829 3022 a
2860 2970 3031 3023 verbo
3073 2975 3336 3037 maturat,
3385 2972 3438 3026 id
3475 2979 3585 3038 est,
3625 2975 3818 3026 accele-

325 3057 678 3117 ducmorum,
725 3058 1198 3110 resurrectionem
1265 3075 1499 3127 negans.
1554 3060 1745 3112 Cesset
1800 3061 2015 3114 Aristo-

323 3145 484 3208 teles,
516 3143 731 3212 pariter
773 3147 829 3196 et
861 3147 1065 3208 Manes,
1101 3145 1304 3197 similis
1335 3163 1552 3210 eorum,
1588 3148 1685 3216 qui
1717 3147 1851 3200 dicit
1893 3164 2017 3202 cor-

325 3249 430 3302 pus
461 3248 581 3284 esse
611 3231 911 3284 fantasma.
953 3233 1142 3286 Cesset
1185 3232 1589 3298 Priscillianus,
1623 3235 1722 3304 qui
1773 3251 1886 3288 non
1934 3237 2016 3289 fa-

325 3328 564 3383 cturam,
619 3320 716 3374 sed
763 3320 1090 3389 portionem
1142 3321 1240 3373 Dei
1285 3339 1404 3374 esse
1457 3324 1708 3376 animum
1767 3325 2015 3378 hominis

323 3411 651 3474 conlitetur,
686 3410 884 3462 Nostra
914 3409 1090 3478 igitur
1124 3411 1360 3462 assertio
1391 3411 1519 3463 talis
1553 3417 1655 3474 est,
1689 3429 1857 3481 quam
1897 3429 2014 3466 non

323 3497 556 3568 propria
603 3499 917 3560 voluntate,
970 3498 1066 3550 sed
1115 3497 1320 3550 divinis
1369 3497 1674 3567 Scripturis
1721 3501 2014 3554 credentes

281 3635 288 3650 ,
321 3587 630 3657 loquimur.
665 3586 846 3638 Deum
881 3585 1118 3638 immani
1158 3586 1408 3654 corporis
1448 3603 1566 3639 esse
1597 3588 1902 3642 tiuctorum
1954 3589 2014 3642 in

322 3681 481 3728 utero
513 3674 822 3727 mulierum
857 3689 868 3726 :
905 3674 1003 3742 qui
1049 3673 1211 3726 tinxit
1246 3691 1490 3743 corpora
1537 3691 1763 3729 necesse
1809 3685 1911 3742 est,
1950 3683 2014 3731 ut

319 3765 568 3816 animam
604 3763 773 3816 faciat
801 3763 1136 3831 corporibus
1187 3781 1217 3815 a
1266 3779 1325 3816 se
1355 3763 1634 3834 figuratis.
1693 3765 1798 3819 Sed
1848 3771 1900 3820 cl
1947 3783 2012 3819 ea

318 3867 446 3920 qum
489 3851 822 3903 Bracharius
875 3851 1174 3920 episcopus
1222 3851 1283 3904 in
1339 3852 1456 3904 suis
1495 3853 1861 3922 dogmatibus
1909 3871 2011 3924 per

315 3955 542 3991 omnem
579 3955 738 3991 suam
775 3939 1071 3992 Ecclesium
1100 3939 1236 3992 dicit
1264 3942 1682 4009 agnoscendam
1713 3942 1865 3996 inter
1894 3960 2010 3996 cm-

315 4030 436 4078 tera
467 4027 538 4078 ita
573 4025 822 4079 instituit
855 4043 866 4078 :
901 4045 926 4074 ι(
950 4027 1182 4079 Animas
1209 4028 1510 4082 hominum
1538 4047 1654 4082 non
1673 4047 1791 4084 esse
1815 4032 1883 4084 ab
1905 4031 2010 4084 ini-

313 4113 564 4166 tiointer
594 4119 824 4165 caeteras
859 4113 1268 4168 intellectuales
1295 4123 1543 4182 naturas,
1581 4134 1680 4170 nec
1723 4119 1782 4171 in
1831 4120 2007 4172 semel

313 4206 529 4253 creatas
559 4200 704 4253 sicut
734 4201 1004 4268 Origenes
1039 4201 1206 4271 ﬁngit
1239 4219 1251 4255 :
1287 4219 1474 4273 neque
1508 4221 1636 4257 cum
1672 4207 2004 4274 corporibus

312 4306 417 4359 per
462 4288 675 4341 coitum
719 4291 1091 4352 seminantur,
1129 4291 1276 4344 sicut
1317 4291 1673 4358 Luciferiani,
1722 4299 1778 4347 ct
1824 4295 2002 4365 Cyril-

311 4378 418 4442 lus,
477 4383 532 4429 et
585 4379 748 4429 multi
819 4377 1150 4431 Latinorum
1199 4385 1643 4449 prmsumptores
1691 4381 1996 4448 afﬁrmant,

311 4467 472 4537 quasi
523 4471 742 4519 natura:
792 4467 1200 4534 consequentia
1253 4466 1582 4520 serviente:
1630 4469 1726 4523 sed
1757 4470 2000 4525 dicimus

307 4571 512 4624 corpus
543 4559 764 4606 tantum
798 4569 902 4622 per
932 4553 1185 4622 conjugii
1213 4555 1474 4622 copulam
1509 4557 1820 4624 germinari
1851 4577 1866 4610 :
1901 4559 1998 4612 Dei

304 4642 672 4713 verojudicio
705 4641 996 4712 coagulari
1016 4641 1074 4694 in
1109 4641 1294 4708 vulva,
1321 4646 1374 4695 et
1405 4644 1633 4712 conﬁgi,
1667 4651 1837 4715 atque
1883 4647 1995 4700 for-

303 4735 450 4787 mari
475 4750 488 4798 ;
518 4739 573 4785 et
602 4732 846 4785 formato
873 4731 992 4800 jam
1026 4727 1265 4800 corpore
1301 4732 1550 4784 animam
1598 4735 1776 4787 creari
1824 4740 1880 4789 et
1907 4736 1995 4789 in-

301 4820 489 4888 fundi,
517 4825 581 4872 ut
610 4819 762 4872 vivat
792 4819 852 4871 in
885 4825 1049 4871 utero
1109 4819 1282 4871 homo
1321 4835 1387 4873 ex
1423 4821 1616 4873 anima
1642 4827 1907 4876 constans
1939 4829 1996 4877 et

302 4919 560 4973 corpogc,
623 4907 680 4954 et
737 4901 1064 4971 egrediatur
1115 4902 1270 4956 vivus
1318 4920 1384 4956 ex
1433 4909 1592 4957 utero
1647 4906 1850 4974 plenus
1887 4907 1993 4960 hu-

301 5008 472 5044 mana
507 4989 844 5042 substantia.
881 5009 906 5036 ››
941 4989 1102 5052 Quod
1129 5007 1256 5043 vero
1290 4991 1486 5044 beatus
1529 4992 1906 5063 Hieronymus
1937 5001 1994 5048 et

299 5077 564 5148 egregius
593 5077 944 5145 Augustinus
974 5077 1042 5131 de
1085 5079 1459 5148 opinionibus
1493 5081 1699 5135 animm
1757 5082 1992 5136 diversm

293 5169 626 5231 sanxerunt,
677 5169 732 5217 et
779 5169 978 5218 contra
1002 5183 1059 5219 se
1089 5167 1331 5222 invicem
1383 5170 1666 5223 contraria
1719 5175 1991 5226 tractave-

297 5259 449 5322 runt,
483 5259 540 5307 et
563 5253 786 5306 illuster
815 5253 1192 5326 Hieronymus
1223 5257 1484 5328 quintam
1515 5259 1848 5329 opinionem
1901 5276 1990 5314 ve-

363 5407 386 5434 ι
427 5395 624 5470 Melius
649 5395 988 5470 ex_Vulgata
1027 5415 1040 5452 :
1075 5401 1176 5456 Nec
1205 5415 1296 5466 ego
1328 5403 1468 5470 ipsa.

367 5470 390 5510 δ
431 5469 554 5535 Ms,
581 5467 754 5520 Jacob
781 5483 880 5535 pro
910 5469 1024 5522 Job.

363 5547 384 5572 θ
423 5538 722 5592 Asteriscis
751 5542 966 5604 notata,
989 5555 1106 5593 non
1136 5541 1324 5610 prima
1353 5541 1450 5594 sed
1483 5543 1727 5596 secunda
1783 5559 1982 5613 manu,

2128 3061 2240 3123 rat,
2279 3055 2507 3110 festinat
2542 3073 2553 3110 :
2583 3057 2717 3111 inde
2749 3063 2804 3110 et
2834 3058 3166 3112 adverbium
3202 3061 3574 3128 compesitivi
3621 3061 3818 3131 gradus

2131 3145 2427 3210 maturius,
2463 3145 2631 3198 sicuti
2666 3151 2749 3199 est
2787 3147 3169 3217 insipientius,
3227 3149 3528 3216 stultitius,
3589 3151 3810 3220 aptius:

2127 3232 2250 3285 hanc
2279 3233 2544 3286 adverbia
2590 3250 2702 3286 non
2761 3250 2792 3286 a
2845 3251 2902 3286 se
2943 3240 3084 3301 orta,
3143 3235 3238 3288 sed
3281 3236 3352 3289 ab
3383 3236 3514 3290 aliis
3575 3239 3814 3308 partibus

2126 3320 2399 3372 orationis
2431 3327 2764 3390 propagata.

2195 3411 2246 3461 9.
2308 3409 2610 3462 Adnotntio
2655 3409 2972 3463 Mammetis
3000 3410 3248 3464 Arabum
3300 3411 3602 3483 principis.
3659 3415 3812 3468 Ortus

2125 3503 2208 3550 est
2253 3497 2518 3550 Mammet
2569 3498 2892 3565 haereticos,
2951 3499 3203 3552 Arabum
3264 3502 3810 3572 pseudo-propheta-

2123 3601 2252 3636 rum
2297 3585 2535 3655 sigillus,
2579 3587 2909 3640 Antichristi
2939 3603 3272 3657 praecessor,
3333 3595 3603 3660 tempore
3645 3593 3812 3662 impe-

2121 3673 2326 3726 ratoris
2357 3674 2558 3727 Eraclii
2609 3691 2757 3727 anno
2807 3675 3069 3745 septimo,
3105 3681 3369 3730 currente
3417 3694 3537 3731 aera
3596 3697 3812 3734 sexcen-

2121 3759 2325 3813 tesima
2377 3761 2856 3832 quinquagesima
2908 3781 2977 3816 vx.
3022 3765 3086 3818 In
3119 3765 3227 3818 hoc
3271 3771 3534 3834 tempore
3573 3769 3814 3822 Isidorus

2123 3848 2470 3918 Hispalensis
2523 3849 2580 3903 in
2621 3856 2813 3904 nostro
2863 3851 3132 3922 dogmate
3172 3853 3394 3920 claruit,
3431 3861 3490 3908 et
3521 3856 3812 3910 Sisebutns

2119 3937 2313 3990 Toleto
2368 3939 2580 4007 regulae
2633 3940 2856 3992 culmen
2913 3940 3180 3994 obtinuit.
3239 3941 3419 4004 Quem
3473 3947 3812 4012 praedictum

2119 4027 2425 4080 nefandum
2460 4027 2799 4096 prophetam
2833 4029 3008 4081 tantis
3045 4029 3333 4082 miraculis
3365 4048 3494 4084 cum
3546 4049 3812 4104 sequaces

2118 4113 2204 4165 sui
2233 4130 2554 4169 coruscasse
2606 4122 2928 4179 narrantur,
2981 4123 3045 4170 ut
3091 4119 3260 4172 etiam
3312 4119 3486 4172 adure
3527 4138 3652 4175 sum
3685 4123 3814 4191 libi-

2115 4201 2264 4253 dinis
2297 4219 2526 4256 uxorem
2561 4205 2791 4257 alterius
2825 4205 3105 4273 auferens,
3158 4207 3216 4260 in
3267 4208 3536 4278 conjugio
3587 4211 3814 4264 sibimet

2045 4317 2087 4370 ι)
2116 4290 2398 4358 copularit
2431 4307 2444 4344 :
2487 4297 2542 4346 et
2572 4299 2634 4345 ut
2671 4294 2894 4346 nullum
2925 4294 3262 4364 prophetam
3312 4295 3506 4349 fecisse
3541 4299 3810 4367 legimus,

2114 4377 2170 4430 in
2197 4380 2501 4442 camelum,
2531 4383 2692 4450 cujus
2737 4381 3090 4435 intellectum
3149 4383 3404 4452 gerebat,
3457 4387 3810 4453 praesideret.

2109 4467 2284 4520 Morte
2315 4484 2447 4520 vero
2479 4469 2894 4524 interveniente
2923 4486 3054 4523 cum
3097 4487 3154 4522 se
3185 4471 3276 4524 die
3337 4473 3510 4524 tertia
3559 4489 3810 4528 resurre-

2109 4561 2333 4610 cturum
2365 4557 2750 4626 polliceretur,
2784 4558 3226 4612 custodientium
3257 4561 3618 4630 negligentia
3645 4581 3678 4617 ει
3731 4581 3810 4616 ca-

2111 4643 2280 4697 nibus
2315 4649 2571 4713 repertus
2614 4650 2695 4698 est
2742 4647 3062 4700 devoratus.
3109 4647 3368 4701 Obtinuit
3419 4649 3808 4720 principatum

2108 4733 2272 4784 annis
2294 4733 2489 4786 decem
2537 4733 2745 4804 quibus
2789 4735 3028 4804 expletis
3079 4737 3335 4804 sepultus
3383 4743 3468 4790 est
3523 4739 3580 4790 in
3645 4740 3810 4792 infer-

2108 4836 2268 4886 num,
2295 4823 2450 4874 “aera
2481 4838 2533 4874 ο.
2577 4839 2624 4874 c.
2669 4839 2713 4875 c.
2757 4840 2886 4877 xvu.
2927 4825 3217 4877 Venerunt
3273 4825 3450 4879 Mauri
3511 4826 3570 4879 in
3623 4828 3812 4898 Hispa-

2105 4907 2198 4959 nia
2229 4913 2488 4978 tempore
2533 4910 2795 4964 Roderici
2847 4911 3018 4981 regis,
3063 4929 3214 4965 anno
3243 4915 3496 4967 Arabum
3552 4931 3806 4984 nonage-

2105 4996 2250 5049 simo
2311 4997 2518 5066 primo,
2578 5015 2692 5052 sera
2740 4999 3045 5054 millesima
3107 5002 3419 5055 centesima
3473 5019 3594 5070 xui,
3655 5020 3806 5056 anno

2101 5087 2354 5139 Arabum
2400 5103 2686 5140 CCCCLXVIII
2717 5089 2740 5107 ‘
2765 5097 2804 5139 ε.

2177 5176 2259 5228 10.
2292 5175 2346 5228 Si
2377 5176 2538 5229 illum
2594 5177 2802 5230 librum
2852 5178 2913 5231 D.
2948 5177 3170 5248 Eulogii
3203 5179 3452 5249 dirigere
3503 5197 3623 5234 non
3701 5199 3801 5251 po-

2099 5263 2280 5328 testis,
2315 5264 2402 5316 vel
2434 5263 2560 5318 illas
2609 5266 2852 5336 syllabas
2902 5282 3029 5338 quae
3069 5268 3129 5321 in
3181 5269 3382 5322 ordine
3413 5275 3570 5332 sunt,
3607 5271 3664 5325 id
3697 5277 3796 5330 est.

2097 5401 2336 5482 antiqua
2373 5408 2590 5469 tamen,
2622 5405 2853 5482 scripta,
2889 5405 3184 5461 intervallo
3228 5408 3480 5478 quodam
3519 5411 3676 5466 inter
3707 5428 3798 5482 pa-

2095 5473 2410 5542 ragraphos
2438 5481 2691 5530 vacante.
