3860 6262
59 297 118 348 ili
129 298 144 346 l

1615 289 1965 346 EPISTOL/E

3447 292 3550 344 462

56 446 85 482 α
111 434 385 500 sequente
417 428 579 494 illud,
622 433 678 482 et
715 428 854 483 illud
885 444 917 481 a
949 427 1282 498 producitur
1312 430 1408 479 aut
1442 426 1747 496 corripitur
1785 428 1826 481 Δ
1857 425 2034 489 ciunt,
2074 425 2436 494 Evangelium
2467 441 2523 478 se
2564 425 2848 496 suscipere
2882 425 3103 491 dicunt;
3138 431 3192 480 et
3213 426 3353 480 illud
3401 426 3549 497 quod

57 517 315 572 similiter
343 534 370 571 e
405 533 587 588 usque
621 517 690 570 ad
737 534 774 570 u
805 521 861 571 et
891 517 1154 586 deinceps
1186 516 1273 579 ba,
1308 515 1386 578 be,
1431 515 1503 577 bi,
1539 515 1620 579 bo,
1655 515 1744 580 bu,

56 609 104 655 et
131 604 386 674 reliquas
412 619 594 674 usque
625 605 691 657 ad
726 604 896 658 finem
927 605 1099 673 hujus
1129 603 1346 672 operis;
1383 603 1426 655 si
1457 602 1616 655 illum
1660 601 1746 655 bi-

55 692 204 745 blum
244 693 494 762 dirigere
529 709 643 746 non
675 693 931 762 potestis,
956 693 1092 745 istas
1143 691 1384 761 syllabas
1416 691 1578 744 nobis
1615 690 1751 744 scri-

57 781 183 844 bite,
229 785 286 833 et
339 781 676 836 festinanter
717 782 964 851 dirigere
994 779 1287 850 praecipite
1323 797 1334 833 :
1387 780 1463 832 sic
1495 779 1750 833 Christus

54 868 210 921 vobis
254 870 560 924 commoda
614 870 887 936 conferat,
922 874 978 923 et
1028 869 1175 921 bona
1207 869 1406 922 crebro
1456 867 1746 921 concedat.

54 959 258 1010 Amen.
292 959 487 1012 Valeat
519 959 798 1029 sapientia
845 963 1031 1011 vestra
1076 958 1209 1012 felix
1253 957 1422 1026 longa
1455 972 1561 1026 per
1595 961 1748 1008 tem-

53 1059 211 1112 pora.
249 1047 455 1098 Amen.
510 1047 567 1099 Si
611 1046 768 1099 vobis
818 1046 960 1099 illud
1012 1045 1388 1115 praestaverit,
1440 1060 1749 1098 numerum

54 1131 279 1185 dierum
323 1134 620 1202 notescite,
671 1135 879 1205 quibus
920 1150 1051 1187 eum
1085 1133 1287 1187 faciam
1343 1137 1646 1186 revertere.
1695 1132 1751 1186 Si

53 1234 254 1273 ausum
343 1222 507 1286 datis,
582 1225 894 1277 salutamus
954 1239 1184 1276 omnem
1266 1222 1752 1292 pulchritudinem

54 1309 257 1361 domus
292 1317 508 1365 vestras.
562 1313 776 1367 Merear
825 1313 1046 1366 vultum
1095 1317 1343 1364 vestrum
1396 1311 1636 1365 hilarem
1681 1311 1754 1364 ci-

55 1397 160 1449 tius
203 1396 456 1466 intuere,
511 1406 568 1454 et
624 1401 841 1471 pariter
886 1400 1178 1455 vobiscum
1237 1400 1506 1470 gaudere.
1570 1403 1753 1453 Amen

62 1486 220 1539 Finit.

848 1561 962 1613 Vll.

61 1661 178 1698 ΠΕΜ
262 1663 511 1700 EPISTOLA
583 1664 777 1702 ALVARI
854 1665 1181 1702 SPERAINDEO
1246 1665 1435 1702 ABBATI
1512 1665 1750 1702 DIRECTA.

123 1754 351 1807 Domno
401 1754 765 1808 dilectissimo
824 1759 878 1808 et
929 1755 988 1808 in
1023 1756 1242 1810 Christo
1290 1755 1440 1809 Patri
1491 1755 1752 1810 SPERAl-N-

61 1857 150 1894 ι)εο
181 1841 385 1895 abbati
413 1845 664 1897 ALvARUs
695 1843 893 1896 cliens.

127 1934 170 1984 l.
203 1931 489 1984 Praescius
527 1936 584 1985 et
614 1931 976 2002 omnipotens
1017 1933 1164 1986 Deus
1197 1932 1318 1986 haec
1374 1931 1430 1984 in
1461 1948 1590 2003 quae
1658 1933 1756 1986 de-

59 2015 328 2069 venimus
357 2021 635 2087 tempora,
669 2024 723 2072 et
755 2020 1004 2074 esuriem
1037 2019 1197 2074 verbi
1250 2019 1351 2074 Dei
1390 2035 1562 2090 quam
1619 2021 1756 2090 pati-

63 2121 202 2167 mur,
242 2106 494 2159 validam
527 2123 622 2160 vos
665 2108 829 2162 nobis
865 2109 1135 2178 opposuit
1166 2108 1448 2162 destinam
1479 2117 1523 2176 ε,
1557 2109 1656 2178 qui
1705 2113 1762 2162 et

61 2199 315 2248 nostram
342 2194 555 2249 cibaret
584 2195 858 2266 inediam,
893 2201 947 2250 et
986 2196 1226 2267 dapibus
1283 2196 1594 2262 alimoniae,
1626 2197 1761 2251 refi-

65 2287 204 2336 ceret
233 2282 430 2336 corda.
481 2284 588 2338 Sed
634 2285 770 2354 quia
811 2301 910 2337 vos
940 2301 1094 2338 nunc
1147 2286 1261 2339 scio
1294 2285 1762 2340 tribulationibus

65 2372 346 2436 deditum,
397 2372 487 2426 vel
541 2373 1017 2427 amaritudinibus
1067 2390 1422 2444 oppressum,
1475 2391 1668 2445 quaeso
1701 2378 1763 2428 ut

65 2459 442 2528 apostolicum
473 2459 685 2513 dictum
728 2477 833 2529 pro
866 2461 1273 2514 consolationis
1302 2463 1604 2516 assumatis
1647 2462 1758 2515 elo-

66 2547 192 2617 quio
217 2549 272 2600 b.
309 2547 404 2600 Ait
435 2549 586 2600 enim
615 2565 680 2602 ex
710 2549 1147 2603 tribulationum
1177 2550 1447 2621 periculis
1478 2567 1602 2622 quae
1633 2567 1759 2604 sus-

65 2635 233 2689 tinuit
271 2652 285 2687 :
343 2637 604 2690 Periculis
649 2639 708 2691 in
751 2640 990 2702 civitate,
1035 2641 1292 2706 periculis
1340 2642 1398 2692 in
1448 2639 1762 2706 solitudine,

65 2725 316 2791 periculis
355 2726 415 2777 in
454 2725 616 2789 falsis
635 2727 906 2791 fratribus
949 2728 1018 2792 (ll
1066 2729 1183 2782 Cor.
1236 2743 1311 2794 xi,
1357 2728 1462 2794 26).
1527 2728 1592 2780 Et
1637 2730 1765 2796 post

68 2813 181 2865 hzec
213 2813 332 2865 alio
367 2813 424 2865 in
464 2813 588 2866 loco
638 2813 780 2867 dixit
828 2815 1144 2868 Gloriamur
1187 2818 1246 2868 in
1298 2816 1761 2881 tribulationibus,

69 2903 284 2955 scientes
325 2901 473 2969 quod
521 2902 799 2956 tribulatio
824 2906 1153 2971 patientiam
1202 2909 1500 2972 operatur:
1546 2905 1762 2972 patien-

1859 512 2134 582 scriptum
2165 520 2249 565 est
2282 529 2294 565 :
2347 514 2588 566 Ascendo
2619 515 2692 566 ad
2744 517 2954 568 Patrem
2989 531 3182 581 meum,
3239 520 3289 569 et
3326 515 3400 569 ad
3435 517 3551 568 Pa—

1859 604 1991 653 trem
2038 606 2295 666 vestrum,
2347 601 2420 653 ad
2463 602 2634 654 Deum
2683 619 2851 655 meum
2888 609 2937 655 et
2993 604 3067 655 ad
3122 607 3286 657 Deum
3316 609 3550 656 vestrum

1860 689 2026 755 (Joan.
2093 705 2182 754 xx,
2256 693 2358 748 l7).
2426 690 2570 741 male
2635 691 2834 760 utique
2899 691 3186 757 sentiunt;
3259 691 3549 745 Christum

1859 777 2037 829 Deum
2071 792 2132 830 ac
2162 777 2471 830 Dominum
2506 782 2762 831 nostrum
2796 779 3089 832 hominem
3121 785 3344 832 tantum
3401 795 3549 832 asse-

1857 869 2013 930 runt,
2038 870 2274 936 propter
2299 866 2438 919 illud
2471 867 2623 936 quod
2677 867 2745 919 dc
2779 883 2843 919 eo
2876 867 2933 919 iu
2966 868 3268 937 Evangelio
3305 869 3502 937 legunt
3536 883 3547 920 :

1861 955 1932 1005 De
1976 953 2064 1006 die
2096 960 2272 1007 autem
2303 955 2400 1007 illa
2425 959 2475 1007 et
2524 955 2654 1008 hora
2685 970 2835 1008 nemo
2879 957 2998 1020 scit,
3034 971 3202 1023 neque
3230 958 3408 1022 angeli
3448 971 3551 1010 cai-

1860 1042 2052 1108 lorum,
2092 1059 2262 1110 neque
2310 1044 2508 1109 Filius,
2560 1045 2672 1096 nisi
2703 1046 2866 1097 Pater
2911 1045 3054 1098 solus
3103 1045 3320 1114 (Matth.
3369 1060 3548 1110 xxxrv,

1862 1130 1969 1200 36).
2015 1131 2238 1185 Cunctis
2284 1136 2474 1185 tamen
2533 1131 2751 1185 nisibus
2799 1149 2970 1202 posco
3008 1138 3068 1186 ut
3107 1133 3313 1186 horum
3364 1132 3553 1202 genti-

1860 1218 2002 1273 lium
2043 1221 2221 1273 aniles
2268 1221 2615 1290 quaestiones
2671 1230 2708 1287 ε,
2763 1221 2898 1292 quia
2949 1222 3269 1275 mortiferos
3329 1222 3557 1275 audien-

1861 1308 2004 1361 tium
2037 1315 2315 1379 generant
2346 1327 2526 1376 casus,
2552 1311 2621 1363 iis
2671 1310 2936 1364 videlicet
2963 1311 3061 1381 qui
3107 1315 3241 1364 sunt
3281 1309 3552 1381 imperiti,

1863 1401 1918 1451 et
1945 1397 2249 1468 Scriptura:
2284 1404 2494 1452 sancta:
2528 1415 2645 1452 non
2685 1399 2964 1453 ventilant
2995 1405 3196 1453 textus.
3231 1399 3379 1463 Quas
3417 1399 3557 1452 duas

1864 1485 2264 1554 responsiones
2298 1492 2358 1538 ut
2388 1486 2536 1539 soliti
2569 1487 2702 1540 estis
2736 1487 2795 1540 in
2831 1487 2957 1540 aliis
2989 1487 3172 1541 facere
3192 1487 3396 1551 causis,
3432 1503 3555 1540 am-

1865 1572 2013 1641 plius
2043 1573 2464 1643 Scriptumer
2494 1574 2741 1627 flosculis
2785 1575 3093 1628 adornetis.
3127 1577 3194 1629 Et
3227 1593 3328 1646 per
3383 1592 3555 1628 unam

1865 1676 2097 1731 quoque
2141 1663 2452 1726 assertoris,
2499 1679 2670 1731 quam
2721 1663 2877 1717 vobis
2908 1664 3269 1733 protulimus,
3319 1663 3556 1716 locutio-

1867 1764 2020 1815 nem,
2078 1753 2269 1819 aptam
2327 1751 2708 1820 promulgetis
2768 1753 3220 1821 responsionem.
3282 1752 3372 1806 Sic
3428 1767 3558 1805 cum

1867 1837 2074 1890 sanctis
2100 1837 2156 1890 in
2191 1824 2452 1892 teth'ereis
2483 1840 2673 1909 regnis
2712 1839 3000 1910 accipiatis
3049 1857 3080 1894 a
3116 1840 3356 1894 Domino
3390 1840 3560 1909 fulgi-

1868 1925 1996 1978 dam
2032 1926 2412 1980 mansionem.
2446 1929 2644 1982 Amen.

2071 2174 2190 2211 ITEM
2227 2174 2476 2213 EPISTULA
2516 2175 2831 2212 SPERAINDHI
2872 2175 3080 2215 ALV'ARO
3120 2177 3354 2214 DIRECTA.

1934 2278 2348 2336 Inlustrissimo
2437 2283 2576 2336 mihi
2662 2284 2893 2338 domino
2962 2301 3024 2338 ac
3074 2285 3383 2338 venerabili
3460 2302 3556 2339 seu

1869 2368 2023 2421 omni
2081 2369 2380 2424 affectione
2444 2370 2653 2427 Christi
2725 2373 2785 2425 in
2838 2373 3114 2426 cliaritate
3164 2373 3565 2444 amplectendo

1870 2455 2082 2526 inclyto
2112 2462 2330 2512 ALVARO
2363 2459 2723 2514 Srauamono.

1938 2545 1992 2598 1.
2047 2547 2190 2600 Dum
2222 2564 2253 2600 a
2283 2548 2749 2603 tribulationibus
2809 2549 3191 2603 validissimus
3256 2566 3438 2604 essem
3485 2552 3565 2604 ni-

1873 2635 2054 2690 mium
2080 2643 2407 2706 occupatus,
2439 2643 2493 2691 et
2522 2655 2683 2691 mens
2714 2655 2839 2693 mea
2889 2644 3145 2693 extuaret
3174 2641 3260 2694 vel
3317 2642 3564 2709 animus,

1873 2739 1936 2776 ac
1966 2724 2178 2792 jaculis
2209 2727 2548 2779 aemulorum
2597 2727 2883 2792 inretitus,
2927 2728 3170 2798 telisque
3215 2729 3510 2782 confossus
3539 2728 3565 2764 ί¹

1873 2812 2128 2866 sederem
2181 2830 2214 2866 a
2271 2814 2603 2868 vulneribus
2653 2815 2954 2869 tasdiorum
2988 2817 3293 2883 sauciatus,
3349 2822 3404 2870 et
3461 2818 3568 2872 flu-

1872 2903 2090 2954 ctuaret
2142 2907 2205 2955 ut
2256 2902 2412 2954 navis
2469 2903 2618 2956 inter
2667 2904 2842 2956 maris
2889 2905 3147 2974 gurgites
3194 2904 3428 2975 spiritus
3487 2906 3566 2959 'ab

70 2992 143 3041 tia
170 2994 354 3042 autem
397 2989 791 3058 probationem,
821 2991 1072 3060 probatio
1111 3007 1234 3046 vero
1278 3007 1448 3061 spem,
1491 3008 1610 3061 spes
1658 3008 1765 3045 au-
1805 3012 1844 3066 ο
1874 2989 2257 3044 amaritudine
2300 2990 2743 3062 circumseptus;
2775 2992 2963 3046 subito
3006 2995 3238 3062 gerulus
3269 2999 3454 3048 vester
3496 2995 3569 3048 ad

73 3081 166 3129 tem
200 3093 300 3132 nos
341 3093 452 3131 non
485 3079 770 3143 confundit
802 3080 975 3148 (Rom.
1009 3097 1064 3147 v,
1108 3081 1180 3151 3).
1242 3082 1489 3151 Ideoque
1530 3096 1762 3135 venera-

71 3163 194 3218 bilis
237 3167 430 3231 Pater,
483 3171 540 3219 et
591 3169 852 3222 omnium
913 3169 1271 3224 sacerdotum
1321 3169 1537 3239 optime
1587 3185 1762 3236 sacer,

74 3253 183 3305 noli
211 3253 285 3306 ob
333 3253 769 3309 tribulationem
801 3256 1133 3311 discrimina
1167 3259 1450 3328 postulata
1502 3258 1763 3325 reticere,

75 3341 166 3394 sed
200 3341 478 3396 clientulo
523 3344 760 3413 quaesita
791 3344 1018 3416 largire,
1053 3345 1188 3416 quia
1218 3361 1422 3400 manus
1450 3347 1582 3400 inde
1635 3347 1769 3400 dan-

74 3428 140 3481 do
196 3435 460 3500 augetur,
520 3436 576 3484 et
632 3434 894 3502 negando
971 3434 1272 3489 minuitur.
1335 3435 1606 3488 Instruxit
1676 3450 1768 3489 me

75 3517 286 3588 quippe
319 3520 840 3590 Moyseslegiferus,
869 3522 1004 3576 dum
1028 3523 1148 3592 ejus
1169 3521 1393 3576 intonat
1433 3522 1724 3594 eloquium
1753 3538 1766 3575 :

76 3608 598 3678 Interrogajiatrem
654 3615 824 3676 tuum,
887 3615 936 3664 et
988 3612 1128 3665 dicet
1160 3611 1291 3678 tibi;
1343 3615 1577 3667 seniores
1629 3617 1768 3680 tuos,

75 3700 121 3748 et
175 3697 587 3751 annuntiabunt
663 3699 766 3752 tibi
829 3699 1004 3768 (Deut.
1065 3716 1237 3766 xxxu,
1319 3701 1418 3770 7):
1499 3705 1554 3753 et
1636 3700 1772 3771 quia

76 3783 391 3852 spiritalem
443 3789 498 3838 te
556 3785 741 3839 recolo
798 3787 1046 3853 Patrem,
1104 3787 1234 3840 ideo
1283 3787 1601 3857 spiritalem
1655 3789 1770 3842 im-

77 3877 237 3941 petro
280 3887 471 3942 opem.
527 3873 750 3928 Scilicet
797 3875 932 3944 quia
979 3875 1213 3929 haeresis
1261 3875 1356 3928 illa
1414 3892 1586 3946 quam
1645 3892 1773 3929 mea

76 3959 234 4013 vobis
297 3962 416 4030 jam
477 3961 696 4016 dudum
754 3962 1065 4017 insinuavit
1122 3963 1352 4030 inertia,
1411 3963 1510 4017 Dei
1563 3964 1776 4018 lacerat

79 4049 404 4114 Ecclesiam,
463 4054 520 4103 et
572 4067 678 4120 per
731 4051 1102 4105 assertionem
1157 4051 1431 4106 Itehalem
1489 4057 1771 4106 catervam

78 4143 205 4206 post
236 4153 294 4190 se
326 4137 503 4191 trahit
540 4139 609 4192 ad
662 4144 904 4193 mortem
941 4157 953 4193 :
1003 4141 1156 4210 quia,
1186 4141 1350 4210 juxta
1389 4141 1648 4210 Apostoli
1689 4140 1772 4193 di-

79 4230 255 4290 ctum,
317 4224 516 4279 Sermo
569 4225 968 4280 hereticorum
1028 4232 1088 4281 ut
1147 4243 1336 4281 cancer
1387 4230 1558 4296 serpit
1607 4227 1775 4281 corda

1876 3093 1967 3131 me
2000 3077 2289 3149 ingressus
2337 3079 2655 3133 litterarum
2704 3080 2846 3134 mihi
2883 3081 3088 3135 detulit
3118 3097 3344 3136 munus.
3383 3084 3570 3153 Ipsam

1877 3181 2010 3219 vero
2039 3167 2307 3236 scriptam
2341 3169 2556 3222 concite
2597 3169 2833 3239 perlegi,
2883 3174 2938 3224 et
2967 3171 3195 3240 eloquia
3243 3171 3566 3225 serenitatis

1875 3261 2076 3308 vestras
2105 3255 2257 3310 illico
2305 3257 2528 3327 agnovi,
2580 3258 2854 3312 continuo
2903 3263 2965 3312 ut
3001 3260 3125 3312 luce
3182 3260 3425 3314 clariora
3482 3277 3573 3314 re-

1878 3345 2250 3415 splenderunt
2272 3346 2392 3415 jam
2425 3362 2571 3416 pene
2617 3352 2869 3408 mortuo.
2925 3352 2979 3401 et
3012 3364 3146 3401 mox
3170 3348 3419 3402 interior
3475 3349 3570 3402 ille

1877 3433 2179 3487 suscitatus
2210 3439 2294 3486 est
2322 3435 2515 3488 homo.
2564 3435 2716 3506 (ἰωρὶ
2749 3436 2876 3506 quis
2916 3451 3098 3489 essem
3149 3437 3573 3507 obstupefactus

1876 3517 2112 3587 intueri,
2153 3524 2250 3572 aut
2283 3519 2411 3588 quis
2443 3524 2586 3572 esset
2613 3536 2715 3590 per
2735 3537 2908 3590 quem
2938 3522 3064 3575 talis
3101 3526 3166 3576 ut
3194 3539 3351 3576 eram
3394 3539 3574 3578 mere-

1878 3622 1970 3660 rer
2028 3607 2306 3673 suscitari,
2363 3609 2447 3661 vel
2503 3625 2606 3678 pro
2660 3613 2774 3662 tam
2835 3609 3252 3663 difficilioribus
3282 3628 3351 3664 ex
3403 3612 3575 3665 sacris

1879 3694 2185 3764 Scripturis
2251 3695 2664 3765 quaestionibus
2721 3696 3026 3762 sciscitari;
3103 3698 3236 3751 dum
3305 3715 3458 3752 nunc
3512 3700 3573 3752 in

1879 3787 2138 3851 tempore
2169 3799 2284 3848 non
2316 3785 2387 3837 ad
2429 3784 2535 3837 hoc
2584 3784 2862 3851 nonnulli,
2922 3785 3018 3838 sed
3076 3783 3134 3838 in
3190 3786 3575 3842 locutionibus

1879 3871 2202 3940 vulgalibus
2247 3871 2468 3924 malunt
2538 3871 2854 3938 immorari,
2917 3889 3032 3926 non
3081 3875 3444 3929 attendentes
3502 3876 3570 3929 ad

1882 3959 2044 4012 illum
2079 3959 2307 4013 Domini
2338 3960 2550 4013 dictum
2579 3977 2590 4013 :
2627 3961 2810 4030 Omne,
2842 3962 3048 4031 inquit,
3081 3963 3299 4016 verbum
3347 3967 3575 4019 otiosum

1883 4046 2024 4115 quod
2054 4047 2217 4100 locuti
2257 4049 2463 4113 fuerint
2517 4048 2772 4115 homines,
2820 4049 3050 4103 reddent
3097 4049 3161 4103 de
3197 4066 3253 4104 eo
3313 4054 3578 4106 rationem

1883 4137 1942 4187 in
1972 4135 2058 4187 die
2079 4135 2285 4203 judicii
2317 4136 2535 4205 (Matth.
2572 4153 2707 4205 χχιι,
2741 4137 2846 4206 36).
2877 4141 2987 4190 Aut
3026 4138 3084 4191 in
3116 4156 3350 4194 suorum
3410 4142 3576 4196 soda-

1884 4223 2028 4276 lium
2060 4224 2506 4277 detractionibus
2530 4224 2729 4278 volunt
2755 4225 3012 4296 linguam
3059 4229 3302 4294 extendi,
3335 4246 3448 4284 non
3497 4247 3581 4284 re-

80 4312 386 4367 humilium
416 4315 501 4382 (II
549 4317 687 4368 Tim.
744 4332 804 4380 ιι,
841 4315 953 4384 17),
986 4316 1326 4386 praesertim,
1358 4316 1493 4386 quia
1521 4331 1779 4370 uenenum
1818 4311 1860 4363 D
1892 4312 2258 4366 miniscentes
2325 4312 2464 4366 illud
2515 4329 2740 4367 sacrum
2800 4315 3170 4384 Evangelium
3203 4333 3214 4372 :
3279 4319 3579 4385 Festucam,

83 4402 336 4470 aspidum
365 4403 464 4456 sub
513 4403 675 4457 labiis
722 4419 902 4457 eorum
952 4405 1119 4473 (Psal.
1173 4420 1290 4470 xm,
1343 4403 1416 4474 3).
1479 4404 1560 4460 0b
1609 4404 1782 4474 hujus

87 4491 164 4543 rei
192 4506 422 4544 causam
455 4495 642 4544 vestra
690 4491 1016 4562 flagitamus
1040 4493 1248 4546 auxilia
1297 4495 1352 4545 et
1406 4492 1644 4547 subsidii
1684 4493 1780 4546 ad-

85 4579 375 4646 minicula,
427 4580 678 4650 qualiter
722 4581 954 4634 haeresis
1005 4597 1209 4636 eorum
1268 4582 1544 4636 nebulosa
1597 4586 1654 4635 et
1699 4581 1781 4634 in-

88 4667 271 4733 fanda,
326 4668 587 4739 potentia
640 4669 862 4724 caelitus
919 4675 1137 4740 pereat,
1197 4675 1253 4723 et
1310 4685 1531 4740 sponsae
1579 4669 1784 4724 Christi

87 4756 398 4810 clarissima
430 4756 644 4826 dogma
703 4773 804 4828 per
855 4775 948 4812 vos
1005 4758 1234 4828 fulgens
1279 4758 1513 4812 eniteat.
1571 4759 1784 4812 Eorum

89 4860 218 4897 vero
250 4845 639 4914 oppositiones
671 4845 786 4900 illa:
818 4850 970 4914 sunt,
999 4862 1129 4917 quae
1161 4845 1322 4900 vobis
1355 4846 1476 4915 jam
1509 4862 1541 4900 a
1569 4861 1661 4899 me
1695 4845 1784 4899 iu-

88 4932 302 4986 timata;
335 4937 491 4986 sunt.

155 5023 209 5072 2.
274 5021 457 5092 Caput
516 5025 706 5076 autem
781 5022 1037 5092 ipsorum
1087 5022 1573 5093 nequissimorum
1636 5022 1790 5093 quod

91 5107 232 5161 falce
264 5109 333 5161 sit
362 5108 624 5163 veritatis
673 5111 1068 5176 resecandum,
1107 5111 1246 5165 illud
1299 5116 1419 5165 est:
1468 5111 1620 5181 quod
1659 5111 1790 5164 Tri-

92 5212 230 5250 num
259 5195 318 5249 in
350 5197 572 5251 unitate
606 5202 663 5251 et
693 5215 869 5252 unum
899 5198 960 5252 in
1011 5199 1286 5253 Trinitate
1318 5215 1433 5252 non
1499 5198 1742 5253 credunt
1775 5215 1789 5254 :

95 5282 510 5352 prophetarum
543 5284 694 5339 dicta
735 5291 1009 5351 renuunt,
1057 5287 1356 5341 doctorum
1404 5287 1614 5357 dogma
1659 5287 1796 5357 reji-

163 5416 187 5440 ³
229 5408 350 5474 Ms,
409 5409 670 5464 valida...
729 5411 1010 5466 destina...
1076 5412 1152 5464 De
1197 5427 1336 5465 voce
1394 5410 1609 5465 destina
1665 5409 1795 5464 vide

101 5493 272 5548 supra
290 5481 457 5549 epist.
491 5481 542 5534 4.
572 5497 731 5535 num.
759 5487 812 5549 7,
845 5482 904 5536 in
932 5482 1029 5535 ﬁn.

167 5552 192 5590 δ
235 5551 356 5616 Μεη
387 5552 676 5619 eloquium.

1891 4400 2098 4471 inquit,
2131 4405 2189 4454 in
2228 4402 2373 4456 oculo
2405 4403 2606 4467 fratris
2664 4405 2745 4456 tui
2773 4403 2944 4468 vides,
2980 4409 3028 4458 et
3075 4406 3278 4460 trabem
3323 4413 3380 4460 in
3429 4409 3584 4461 corde

1893 4494 1983 4543 tuo
2013 4505 2118 4543 non
2147 4489 2454 4544 consideras
2503 4491 2718 4553 (Matth.
2755 4508 2848 4554 vn,
2897 4492 2975 4561 3).
3030 4495 3103 4546 Ea
3157 4511 3286 4548 vero
3324 4512 3448 4565 quae
3481 4511 3585 4548 no-

1894 4578 2013 4632 civa
2044 4583 2196 4644 sunt,
2250 4584 2306 4632 et
2354 4578 2576 4632 inimici
2625 4581 2699 4634 ob
2744 4580 3150 4635 detrimentum
3198 4582 3387 4636 fratris
3431 4583 3586 4653 inge-

1893 4671 2045 4731 runt,
2090 4667 2350 4720 nonuulli
2378 4667 2528 4720 illico
2559 4668 2816 4735 credunt,
2861 4673 2916 4720 et
2946 4669 3258 4723 Psalmistas
3289 4671 3585 4741 eloquium

1896 4769 2014 4808 non
2071 4755 2365 4807 recolunt:
2444 4754 2621 4808 Verba.
2699 4755 2910 4807 inimici
2967 4757 3232 4822 iniquitas
3297 4762 3345 4810 ct
3431 4757 3585 4810 dolus

1897 4843 2014 4912 (Ps.
2059 4858 2220 4910 xxxv,
2247 4843 2322 4911 4).
2367 4844 2490 4911 Ipse
2541 4859 2675 4895 vero
2725 4841 3092 4895 inimicorum
3147 4844 3419 4913 ﬁgmenta
3452 4842 3585 4898 'mox

1896 4929 2009 5000 ipsi
2038 4931 2314 4983 ventilant
2337 4929 2644 4996 auditores,
2676 4935 2731 4982 et
2785 4929 2913 4982 aliis
2946 4947 3010 4982 ea
3043 4931 3248 4985 iterum
3297 4933 3357 4986 in
3404 4934 3587 4986 detra-

1900 5019 2086 5072 ctione
2117 5017 2302 5071 fratris
2335 5022 2630 5087 exponunt
2677 5017 3037 5086 insultantes,
3088 5021 3372 5092 verbaque
3409 5024 3586 5076 sancti

1899 5105 2160 5176 Apostoli
2189 5111 2314 5176 post
2353 5110 2578 5173 tergum
2620 5105 2941 5175 rejicieutes
2976 5123 2989 5160 :
3034 5110 3138 5174 Qui
3188 5109 3447 5176 detrahit,
3498 5112 3590 5164 iu-

1903 5195 2045 5265 quit,
2078 5196 2270 5260 fratri,
2297 5199 2346 5247 et
2363 5192 2584 5262 judicat
2613 5197 2866 5260 fratrem,
2901 5195 3140 5250 detrahit
3179 5198 3340 5265 legtjm
3412 5206 3460 5252 et
3503 5199 3588 5268 ju-

1904 5283 2053 5337 dicat
2083 5284 2246 5349 legem
2275 5283 2411 5350 (Jac.
2447 5298 2516 5347 iv,
2554 5286 2655 5344 ll).
2705 5285 2750 5337 A
2779 5283 2988 5338 talibus
3023 5287 3172 5340 enim
3207 5287 3429 5340 casibus
3479 5305 3596 5341 non

1977 5415 1997 5441 °
2035 5406 2271 5475 Supple,
2304 5422 2578 5531 oppugnes
2608 5409 2692 5462 vel
2725 5409 2859 5479 quid
2896 5412 3100 5465 simile.

1977 5475 2002 5512 ἀ
2040 5477 2160 5531 Με..
2187 5479 2346 5531 inred
2389 5482 2518 5531 itus.
2551 5480 2775 5531 telisam;
2804 5487 3093 5531 mnfussos.

1976 5475 2002 5512 δ
2040 5477 2160 5542 Ms.,
2187 5475 2518 5540 inredditus,
2551 5475 2775 5547 telisque
2804 5487 3093 5547 (‘OﬂquSOS.
