3860 6262
280 296 384 348 463

1650 291 1900 345 ALVARI
1938 284 2422 343 CORDUBENSIS
3696 282 3780 333 te;

283 425 489 478 solerte
541 421 805 476 convenit
851 421 1201 475 abstrahere.
1245 436 1317 473 ne
1358 436 1553 474 vocem
1605 420 1833 474 Domini
1874 436 1973 491 per
2012 421 2053 475 A
2086 434 2177 472 me
2210 434 2357 488 pene
2402 416 2594 470 multis
2627 416 2811 469 modis
2860 414 3122 469 contrivit
3177 415 3371 469 saeculi
3418 414 3607 484 hujus
3653 430 3780 468 acer-

282 512 583 565 Jeremiam
616 510 955 581 prophetam
984 509 1147 563 nobis
1177 508 1402 563 intonet
1445 510 1594 562 clare
1629 526 1642 562 :
1675 510 1904 563 Attendi
1929 514 1979 562 et

282 601 598 664 obscultavi,
632 600 767 652 dicit
801 602 1099 653 Dominus:
1143 614 1292 652 nemo
1340 599 1484 668 quod
1534 599 1726 652 bonum
1773 604 1849 653 est
1898 600 1980 652 lo-

283 693 489 757 quitur,
520 690 703 741 nullus
733 693 809 740 est
841 690 937 756 qui
963 692 1094 752 agat
1136 690 1507 755 pmnitentiam
1558 703 1719 752 super
1766 692 1979 757 peccato

283 793 377 830 suo
411 780 687 845 (Jer.vui,
734 777 808 844 6).
861 776 1015 829 Unde
1044 780 1303 828 nostrum
1363 776 1626 829 omnibus
1677 776 1981 829 momentis

285 865 741 934 contemplantes
781 863 1073 927 delictum,
1136 868 1193 916 et
1247 864 1643 933 praestolantes
1701 862 1981 916 universis

290 953 501 1022 prioris
531 954 663 1005 vita:
701 960 907 1004 nostrai
939 951 1273 1017 terminum,
1307 951 1702 1021 compassione
1724 950 1981 1021 piissima

283 1057 387 1110 pro
436 1041 627 1093 fratris
688 1042 843 1108 lapsu
882 1039 1127 1093 ﬂebilem
1163 1039 1436 1093 debemus
1482 1038 1745 1093 exhibere
1801 1040 1980 1109 gemi-

284 1135 429 1194 tum,
466 1134 520 1181 et
549 1129 687 1181 illud
726 1128 964 1197 implere
999 1144 1061 1180 ac
1114 1129 1367 1197 proferre
1400 1128 1770 1197 apostolicum
1800 1147 1815 1180 :
1851 1128 1981 1192 Quis

284 1218 616 1282 inﬁrmatur,
673 1222 724 1270 et
766 1232 857 1282 ego
901 1232 1005 1269 non
1050 1216 1337 1283 iuﬁrmor?
1372 1219 1503 1280 Quis
1546 1217 1977 1269 scandalizatur.

285 1312 333 1359 et
364 1320 455 1372 ego
500 1320 605 1358 non
650 1306 826 1358 uror?
858 1306 930 1373 (Il
972 1306 1090 1359 Cor.
1149 1320 1222 1368 x1,
1284 1306 1397 1369 29.)
1456 1305 1579 1357 Non
1637 1320 1774 1373 ergo
1818 1304 1982 1358 facile

287 1399 373 1447 est
394 1394 765 1458 credendum,
799 1394 933 1446 dum
967 1393 1094 1462 quis
1142 1409 1272 1446 cum
1305 1393 1491 1445 verbis
1542 1392 1836 1447 maledicis
1880 1410 1982 1446 au-

286 1482 442 1535 ribus
491 1481 811 1534 insonuerit
849 1481 1081 1549 nostris,
1114 1482 1224 1534 nisi
1276 1485 1406 1534 ante
1456 1482 1674 1534 utiliter
1717 1482 1985 1535 discussis

287 1574 342 1622 et
368 1569 615 1621 ﬁdeliter
656 1567 883 1636 agnitis,
918 1569 1243 1637 exemplum
1299 1567 1576 1620 habentes
1617 1568 1677 1619 in
1723 1566 1811 1620 his
1856 1584 1983 1638 quas

288 1658 561 1710 Dominus
602 1658 826 1709 locutus
878 1661 962 1708 est
1009 1656 1240 1708 verbis:
1277 1656 1494 1712 Clamor
1532 1656 1881 1710 Sodomorum
1934 1663 1983 1710 et

2087 507 2246 560 vitas.
2281 506 2385 560 Sed
2421 505 2554 575 quia
2588 505 2660 558 ad
2693 505 2798 558 hoc
2825 521 2968 574 opus
3024 520 3125 557 vos
3154 504 3317 557 valde
3380 502 3675 567 sufficitis,
3730 510 3779 555 ut

2090 612 2217 649 reor
2242 611 2356 648 non
2386 595 2456 648 ab
2499 593 2654 646 aliud
2688 593 2971 663 expetitis,
3006 593 3117 646 nisi
3164 598 3227 646 ut
3257 592 3621 645 credulitatis
3657 607 3778 644 mea

2089 689 2307 738 textum
2355 699 2663 753 agnoscere
2698 683 2949 735 valeatis.
3014 683 3128 753 Ego
3184 697 3317 735 vero
3368 680 3681 734 humiliter
3728 696 3779 733 ea

2088 771 2372 840 proferam
2409 786 2538 840 quae
2586 770 2778 832 credo,
2810 775 2981 840 atque
3035 769 3374 838 simpliciter
3426 784 3703 821 enarrem
3735 769 3779 821 in

2090 858 2501 929 quaestionibus
2541 858 2838 911 sciscitatis
2870 874 2999 929 quas
3056 858 3255 911 sentio.
3303 856 3611 927 Quidquid
3647 858 3780 908 enim

2090 948 2302 1018 absque
2333 964 2536 1001 norma
2567 948 2819 1000 veritatis
2861 947 3171 1017 paternitas
3222 946 3432 999 ibidem
3494 961 3783 1016 praesensa

2089 1038 2159 1090 rit
2209 1036 2407 1090 domui
2459 1036 2657 1101 nostri,
2712 1036 2882 1089 vestri
2915 1034 3211 1104 genitoris,
3246 1051 3371 1087 mox
3422 1035 3576 1087 illud
3614 1051 3785 1086 emen-

2091 1127 2184 1179 det
2209 1126 2473 1178 velocitas
2504 1125 2798 1194 scriptoris
2833 1141 2845 1178 :
2879 1130 2934 1178 et
2972 1140 3063 1177 me
3100 1126 3307 1177 iterum
3339 1124 3491 1177 clam
3530 1124 3784 1183 instruat,

2090 1220 2154 1267 ut
2184 1215 2319 1267 olim
2377 1214 2510 1267 fecit
2548 1214 2707 1279 alios,
2766 1214 2950 1283 gratia
2981 1213 3155 1266 vestri
3206 1212 3486 1266 honoris:
3552 1217 3613 1264 et
3664 1212 3788 1264 celet

2090 1303 2336 1356 inscium
2366 1308 2540 1373 atque
2568 1303 2834 1373 ignarum
2876 1307 3058 1356 vestra
3092 1302 3321 1355 solertia
3354 1301 3577 1363 cordis,
3629 1300 3708 1353 ita
3743 1307 3789 1351 ut

2092 1406 2347 1444 errorem
2376 1407 2548 1444 nemo
2600 1391 2804 1444 sentiat
2847 1390 3025 1443 foris:
3069 1390 3206 1460 quia
3235 1390 3303 1443 ad
3337 1389 3785 1453 emendandum,

2092 1480 2181 1532 vel
2207 1478 2573 1544 demendum,
2603 1483 2773 1548 atque
2801 1479 3160 1547 addendum,
3209 1478 3545 1531 celsitudini
3604 1483 3787 1529 vestrae

2094 1572 2178 1620 est
2204 1567 2573 1621 destinatum.
2611 1568 2747 1620 Ecce
2787 1571 2853 1620 ut
2884 1568 2952 1621 ab
2984 1567 3316 1620 excellentia
3337 1572 3531 1619 vestra
3590 1565 3787 1617 exstitit

2094 1656 2464 1726 imperatum,
2498 1662 2561 1710 ut
2607 1656 2761 1708 valui
2791 1656 3036 1724 persolvi
3068 1655 3370 1709 clientulus
3426 1656 3783 1707 famulatum.

289 1747 595 1800 Gomorrha:
634 1746 1055 1812 multiplicatum
1097 1751 1195 1811 est,
1235 1748 1285 1797 ei
1332 1750 1607 1812 peccatum
1657 1760 1836 1797 eorum
1879 1761 1983 1811 ag-
2022 1721 2062 1774 Β
2096 1721 2207 1799 Sed
2240 1745 2628 1815 oppositiones
2659 1721 2956 1814 illim-quae
3006 1751 3140 1797 sunt
3198 1744 3254 1796 in
3307 1744 3559 1813 epistola
3620 1748 3785 1794 vestra

289 1839 576 1900 gratatum
608 1840 685 1886 est
730 1835 910 1886 nimis.
956 1834 1286 1887 Descentlam
1325 1836 1515 1899 igitur,
1564 1838 1611 1885 et
1650 1834 1839 1887 videbo
1867 1837 1985 1888 clu-

289 1939 488 1976 morem
522 1926 617 1989 qui
654 1925 800 1973 venit
847 1922 921 1973 ad
962 1937 1060 1987 me,
1108 1937 1262 1989 opere
1308 1923 1725 1989 compleverint:
1779 1938 1849 1974 an
1878 1937 1985 1975 non

290 2018 367 2064 est
396 2015 494 2076 itu,
526 2017 583 2064 ut
614 2014 782 2064 sciam
814 2012 963 2079 (Gen.
998 2026 1152 2077 xviii,
1194 2012 1306 2077 20).
1359 2011 1735 2079 Omnipotens
1792 2012 1986 2063 Domi-

291 2115 417 2163 nus,
452 2098 759 2167 omniaque
797 2098 997 2164 sciens,
1050 2114 1151 2151 cur
1198 2104 1329 2150 ante
1390 2098 1785 2168 probationem
1822 2100 1985 2169 quasi

291 2187 533 2249 dubitat,
564 2187 675 2239 nisi
700 2192 756 2239 et
786 2186 1083 2255 gravitatis
1104 2186 1268 2239 nobis
1316 2188 1639 2257 exemplum
1676 2191 1979 2256 proponat,

289 2292 361 2328 ne
386 2277 534 2328 mala
571 2275 863 2328 hominem
906 2281 1033 2328 ante
1079 2291 1495 2345 praesumamus
1543 2276 1775 2330 credere
1810 2292 1983 2346 quam

288 2365 555 2434 probare.
591 2366 656 2417 Et
699 2365 826 2417 ideo
878 2365 955 2418 ait
995 2381 1008 2417 :
1067 2365 1390 2418 Descendam
1436 2371 1486 2419 et
1531 2365 1741 2430 videbo,
1800 2371 1983 2418 utrum

288 2455 570 2507 clamorem
600 2456 695 2521 qui
716 2455 858 2507 venit
901 2453 974 2506 ad
1002 2467 1106 2521 me,
1133 2468 1288 2522 opere
1318 2454 1694 2522 compleverint
1722 2470 1735 2507 :
1777 2470 1849 2507 an
1877 2470 1983 2508 non

289 2547 365 2595 est
394 2545 495 2606 ita,
526 2546 585 2593 ut
612 2543 799 2593 scium.

357 2632 409 2682 εὶ.
444 2630 548 2683 Sed
581 2630 701 2681 haec
726 2633 927 2681 cuncta
984 2646 1113 2699 quae
1163 2646 1268 2699 per
1324 2630 1729 2684 contritionem
1797 2631 1981 2684 cordis

289 2718 514 2772 locutus
547 2735 696 2784 sum,
730 2719 990 2771 omittam
1026 2736 1038 2772 :
1092 2724 1147 2771 et
1181 2720 1249 2773 ad
1292 2736 1357 2772 ea
1413 2736 1541 2791 qua:
1573 2725 1759 2773 vestra
1805 2721 1983 2773 excel-

288 2808 466 2860 lentia
498 2808 679 2877 poscit
728 2811 1029 2859 revertam.
1063 2807 1201 2870 Quis
1241 2808 1393 2861 enim
1432 2809 1489 2860 in
1531 2814 1646 2861 tam
1692 2808 1980 2863 ineffabile

287 2895 370 2948 rei
393 2896 685 2965 negotium
718 2895 1028 2964 quodpiam
1064 2895 1200 2965 quid
1226 2895 1332 2948 fari
1372 2897 1594 2964 audeat,
1620 2913 1747 2949 cum
1777 2898 1980 2950 beatus

288 2978 664 3047 Hieronymus
694 2978 843 3031 dicat
876 2994 887 3029 :
924 2979 1337 3031 lnenarrabilia
1383 2988 1516 3033 sunt
1550 2981 1857 3034 Dominicae
1888 2981 1978 3033 in-

287 3067 631 3118 carnationis
659 3067 946 3135 mysteria,
984 3072 1039 3118 et
1059 3067 1367 3121 nativitatis
1389 3068 1509 3137 ejus
1539 3074 1975 3123 sacramentum.

286 3154 353 3206 Et
382 3154 506 3207 ideo
536 3170 651 3205 non
685 3158 963 3223 quantum
998 3155 1120 3223 ipsa
1152 3156 1413 3209 nativitas
1444 3162 1527 3209 est
1562 3157 1827 3211 intimare
1883 3174 1979 3211 cu-

286 3258 501 3307 ramus,
536 3242 630 3294 sed
668 3248 947 3312 quantum
982 3258 1089 3311 per
1120 3260 1443 3298 sermonem
1476 3246 1793 3315 exprimere
1839 3248 1984 3300 vale-

287 3348 435 3384 mus.
469 3333 675 3384 Vcrum
698 3338 975 3402 quantum
1008 3332 1131 3401 ipsa
1158 3333 1421 3387 nativitas
1470 3340 1573 3401 est,
1617 3351 1734 3389 non
1795 3338 1980 3390 solum

286 3422 568 3490 explicare
618 3437 729 3473 non
780 3437 1100 3490 possumus,
1150 3422 1247 3475 sed
1279 3438 1381 3476 nec
1426 3424 1536 3493 ipsi
1577 3426 1758 3478 sancti
1811 3441 1980 3479 evan-

285 3511 502 3577 gelista:
533 3509 700 3579 plene
727 3510 913 3563 dicere
948 3516 1274 3580 potuerunt.
1312 3513 1377 3565 Et
1415 3512 1460 3565 si
1492 3514 1672 3566 sancti
1730 3530 1980 3584 evange-

284 3599 449 3663 listae,
480 3598 578 3668 qui
609 3604 802 3652 sancto
842 3599 1040 3669 utique
1094 3599 1305 3670 Spiritu
1335 3600 1531 3668 afﬂati,
1576 3602 1762 3655 dicere
1811 3604 1981 3672 plene

284 3687 687 3756 nequiverunt,
732 3703 797 3741 ex
836 3687 959 3757 ipso
993 3688 1146 3758 quod
1180 3688 1282 3741 sub
1316 3689 1487 3758 pleno
1517 3690 1575 3744 in
1608 3690 1769 3743 libris
1797 3693 1981 3745 Evan-

283 3776 565 3843 geliorum
610 3776 1050 3843 adnotaverunt,
1114 3778 1315 3831 melius
1373 3783 1456 3832 est
1510 3779 1747 3833 reticere
1806 3796 1980 3850 quam

284 3880 557 3927 asserere,
591 3867 648 3917 et
676 3870 828 3919 recte
876 3870 938 3918 ut
975 3866 1124 3919 dicta
1175 3872 1308 3920 sunt
1353 3868 1602 3934 credere,
1653 3885 1825 3938 quam
1857 3885 1982 3939 per-

283 3953 588 4004 scrutando
641 3952 845 4007 litteris
904 3954 1117 4024 aliquid
1182 3957 1605 4023 commendare,
1662 3958 1978 4010 secundum

284 4040 623 4092 sententiam
653 4040 897 4093 doctoris
924 4058 1050 4111 quae
1082 4042 1269 4111 posita
1308 4048 1393 4096 est
1443 4060 1594 4097 vere.
1657 4044 1976 4113 Credimus,

285 4126 493 4196 inquit,
522 4130 743 4179 Patrem
776 4145 905 4181 cum
947 4130 1111 4182 Prole
1155 4131 1297 4199 ejus,
1346 4138 1653 4201 ortumque
1701 4133 1977 4203 Spiritum

286 4214 524 4279 almum,
560 4214 618 4265 in
651 4218 910 4281 personis
946 4216 1181 4282 trinum,
1206 4218 1430 4271 deitatis
1463 4221 1745 4273 credimus
1774 4238 1974 4275 unum.

2097 1838 2343 1887 taxatas:
2395 1850 2489 1886 cas
2543 1834 2647 1887 sub
2668 1833 2899 1886 nomine
2945 1832 3241 1885 assertoris
3282 1833 3580 1884 exarando
3631 1831 3786 1883 indu-

2095 1938 2238 1987 cam,
2281 1927 2336 1975 et
2364 1928 2523 1976 textu
2563 1928 2747 1975 vestro
2790 1926 3111 1975 sanctarum
3143 1920 3579 1990 Scripturarom
3645 1920 3783 1971 testi-

2095 2010 2288 2063 monia
2317 2010 2652 2079 producam,
2705 2015 2919 2063 etcum
2970 2010 3268 2063 doctorum
3316 2009 3489 2074 dicta,
3549 2015 3615 2061 ut
3652 2008 3784 2077 qui‘

2093 2112 2226 2151 vero
2260 2103 2553 2152 conectam
2584 2114 2711 2169 quae
2750 2097 3152 2168 respondendo
3183 2098 3571 2151 conscribam.
3630 2097 3780 2150 Finit.

2164 2346 2285 2383 ITEM
2326 2346 2579 2384 EPISTOLA
2616 2346 2807 2383 ALVARI
2843 2345 3059 2383 ROMANO
3088 2345 3284 2382 MEDICO
3326 2344 3582 2382 DIBECTA.

2162 2453 2537 2509 Serenissimo
2570 2454 2830 2535 omnium
2861 2454 3273 2509 catholicorum
3300 2469 3530 2507 summo
3561 2451 3783 2506 domine

2092 2558 2221 2595 meo
2255 2544 2488 2597 ROMANO
2526 2545 2800 2598 ALVARUS.

2164 2633 2212 2683 t.
2289 2633 2657 2685 Auteriorum
2747 2647 3026 2697 meorum,
3102 2629 3467 2683 serenissima
3537 2627 3778 2687 domine,

2092 2733 2225 2788 erga
2262 2737 2357 2773 vos
2406 2721 2759 2773 amicabilem
2817 2721 3175 2773 dulcedinem
3229 2718 3507 2779 recolens,
3564 2720 3624 2769 et
3669 2714 3786 2766 affe-

2090 2810 2245 2861 ctum
2293 2808 2489 2878 glorias
2538 2814 2737 2862 vestrae
2786 2810 2843 2860 in
2868 2808 3078 2861 nostris
3119 2806 3617 2876 compassionibus
3676 2805 3783 2853 vul-

2090 2896 2323 2950 neribus
2362 2899 2404 2961 ιι,
2454 2896 2765 2965 saepissime
2798 2897 3198 2967 comprolians.
3235 2896 3340 2948 hos
3389 2893 3621 2947 inertiae
3658 2906 3783 2943 mete

2089 2984 2377 3038 conticuos
2406 2996 2425 3019 ο
2464 2986 2653 3056 apices
2702 2986 2918 3039 inculto
2968 3000 3232 3037 sermone
3281 2983 3554 3053 digestos,
3590 2986 3645 3033 et
3688 2980 3780 3031 im-

2091 3074 2269 3144 polito
2349 3079 2502 3127 textu
2556 3075 2862 3141 confectos,
2920 3079 3117 3127 vestrae
3175 3072 3396 3125 decrevi
3470 3068 3780 3140 praesentiae

2091 3163 2478 3229 destinandos,
2530 3180 2635 3232 per
2685 3179 2828 3232 quos
2882 3168 2939 3215 et
2993 3162 3329 3216 charitatem
3375 3161 3775 3229 [repriorarem

2091 3257 2302 3305 nostrae
2331 3252 2599 3317 miserias,
2634 3257 2690 3305 et
2718 3252 3070 3305 iuvectiones
3098 3248 3561 3305 adversariorum
3605 3247 3778 3315 apolo-

2090 3340 2272 3409 getico
2302 3340 2663 3393 retunderem
2698 3356 2870 3409 opere
2907 3353 2917 3394 :
2964 3343 3164 3409 petens
3197 3339 3255 3391 in
3287 3336 3581 3407 principio
3626 3334 3776 3388 rusti-

2090 3428 2274 3480 citatis
2328 3434 2537 3481 nostras
2605 3428 2882 3497 epistolae,
2939 3432 3003 3481 ut
3058 3428 3188 3480 laeta
3238 3426 3379 3480 facie
3456 3430 3515 3477 et
3576 3422 3777 3494 placida

2090 3524 2282 3569 mente
2341 3517 2489 3569 servi
2540 3517 2625 3569 tui
2685 3517 2774 3570 vel
2833 3516 2937 3569 filii
2991 3515 3382 3585 sugessionem
3428 3513 3694 3584 recipias,
3734 3514 3777 3562 et

2091 3620 2335 3675 quaeque
2392 3604 2599 3658 dixerit
2660 3604 2991 3658 rationabili
3067 3605 3225 3657 lance
3275 3618 3614 3673 perpenses.
3684 3601 3778 3653 Nec

2089 3694 2317 3747 aurium
2351 3693 2703 3747 celsitudinis
2732 3698 2932 3746 vestras
2961 3692 3253 3762 gravitatis
3284 3693 3407 3761 lege
3449 3690 3776 3761 praecultum

2089 3786 2147 3834 et
2230 3781 2601 3835 moderantiue
2674 3780 2892 3834 viribus
2959 3780 3350 3851 principaliter
3411 3782 3776 3847 perornatum

2090 3870 2337 3923 susurris
2370 3870 2588 3923 levibus
2632 3870 2719 3923 vel
2766 3870 2957 3922 vacuis
3004 3868 3139 3922 inde
3186 3867 3437 3921 collectis
3477 3882 3716 3931 reseres,
3751 3879 3777 3914 ο

2088 3958 2342 4023 domine,
2395 3974 2725 4023 concavum,
2787 3974 2878 4021 ne,
2934 3957 3083 4027 quod
3137 3956 3306 4020 absit,
3343 3956 3607 4008 falsitatis
3667 3968 3778 4006 con-

2088 4052 2176 4100 tra
2204 4046 2501 4117 proprium
2543 4046 2873 4100 scandalum
2905 4046 3150 4111 hauriat,
3181 4049 3235 4097 et
3284 4045 3617 4113 improbata
3660 4041 3779 4095 reci-

2090 4135 2253 4205 piens
2283 4136 2619 4189 charitatem
2656 4136 2963 4189 radicatam
2998 4134 3314 4203 antiquitus
3362 4133 3602 4186 dissuat.
3642 4131 3777 4184 Licet

2089 4225 2243 4278 enim
2314 4229 2558 4277 assertor
2626 4225 2842 4294 primas
2916 4228 3103 4293 partes
3168 4221 3591 4291 propositionis
3671 4234 3774 4271 suae

286 4300 542 4364 Qualiter
572 4301 816 4353 iutaclus
856 4304 1127 4372 processit
1158 4304 1407 4374 Virginis
1444 4313 1659 4377 partus,
1705 4315 1802 4362 aut
1833 4326 1971 4380 qua-
2014 4320 2058 4374 1)
2090 4313 2405 4368 abundanti
2431 4314 2823 4382 persecutione
2859 4317 3109 4383 peroret,
3153 4316 3208 4365 et
3238 4310 3547 4364 sufﬁcienti
3583 4309 3773 4381 proba-

285 4390 415 4442 liter
443 4390 561 4458 pati
592 4390 775 4443 voluit
808 4397 989 4458 natus,
1032 4392 1139 4445 hoc
1172 4398 1411 4448 tractare
1470 4397 1616 4450 nulli
1648 4398 1832 4468 liceat,
1883 4400 1982 4454 sed

286 4478 516 4530 credere
548 4482 791 4531 tantum.
830 4480 939 4533 Etsi
986 4481 1327 4550 prohibetur
1384 4484 1491 4537 hoc
1547 4488 1798 4554 tractari,
1854 4489 1980 4558 quis

285 4567 503 4619 calamo
535 4566 780 4621 scribere
812 4582 969 4637 ergo,
1004 4568 1425 4639 vellinguahoc
1446 4572 1743 4642 quidpiam
1778 4576 1983 4629 audeat

284 4652 435 4706 fari?

356 4744 406 4795 3.
465 4743 527 4795 Et
586 4743 719 4812 quia
777 4748 975 4797 contra
1017 4744 1137 4797 haec
1194 4745 1462 4814 capitula,
1526 4765 1654 4819 qua:
1712 4750 1981 4806 adnotata

283 4834 414 4881 sunt
446 4830 505 4882 in
546 4831 785 4900 epistola
835 4838 1037 4897 vestra,
1071 4833 1395 4887 testimonia
1442 4853 1507 4890 ex
1546 4839 1978 4908 Evangeliorum

284 4923 339 4969 et
368 4920 759 4987 apostolorum
793 4920 953 4973 libris
985 4922 1256 4992 exquiris,
1294 4939 1397 4992 pro
1452 4941 1653 4980 eorum
1696 4928 1981 4983 machina-

284 5005 534 5059 tionibus
595 5007 959 5076 dissipandis,
1033 5017 1089 5063 et
1144 5011 1332 5064 dubiis
1390 5013 1585 5084 utique
1636 5015 1979 5069 validissime

284 5094 724 5161 conﬁrmandis;
784 5097 1135 5152 eminentius
1185 5104 1377 5155 tamen
1451 5103 1510 5156 id
1568 5120 1736 5173 agere
1792 5110 1980 5159 vestra

284 5181 429 5232 valet
468 5182 805 5252 benignitas,
854 5201 1026 5255 quam
1068 5188 1225 5241 nulla
1247 5205 1503 5261 unquam
1548 5192 1843 5246 tribulatio
1891 5195 1977 5248 vel

284 5268 596 5322 mundialis
655 5272 913 5341 fatigavit
964 5275 1290 5331 adversitas.
1346 5280 1473 5333 Ideo
1528 5281 1840 5336 intellectui
1915 5300 1978 5337 ac

283 5359 473 5411 sensui
504 5363 687 5413 vestro
732 5378 956 5417 summa
994 5373 1295 5435 permanet
1326 5368 1648 5440 integritas;
1686 5372 1821 5442 quia
1854 5372 1974 5441 jam

350 5489 371 5561 ξ
412 5480 545 5561 beg.
586 5498 705 5561 cum
734 5484 1007 5542 doctorum
1033 5490 1215 5558 dictis,
1251 5497 1433 5561 atque.

351 5551 377 5591 Β
417 5551 549 5623 Leg.
583 5557 643 5608 in
668 5564 969 5613 nostrorum
998 5551 1361 5631 compaSsiorie
1384 5566 1683 5619 vulnerum.

2092 4402 2249 4455 tione
2325 4400 2559 4470 propria
2621 4400 2848 4453 firmare
2907 4416 2963 4451 se
3019 4405 3221 4468 putet;
3278 4403 3473 4451 tamen
3524 4397 3775 4450 inefﬁcax

2092 4504 2319 4559 semper
2348 4489 2499 4558 apud
2547 4489 2813 4542 honestos
2855 4489 3073 4558 judices
3127 4487 3367 4541 habetur
3418 4488 3628 4553 oratio,
3663 4498 3777 4555 quzr

2092 4577 2346 4631 solitaria
2376 4593 2614 4647 surgens
2661 4577 2871 4629 nullius
2913 4593 2942 4627 e
2992 4576 3222 4646 regione
3265 4576 3627 4628 adversantis
3659 4578 3777 4627 atte-

2089 4672 2304 4719 nuatur
2335 4666 2631 4734 repagulo.
2673 4666 3036 4733 Exspectatur
3071 4678 3316 4732 namque
3344 4662 3613 4715 secundm
3660 4674 3776 4731 par-

2090 4754 2163 4807 tis
2195 4753 2474 4820 defensio,
2525 4759 2577 4807 et
2619 4754 2749 4805 data
2787 4753 3068 4805 libertatis
3115 4752 3365 4815 licentia,
3416 4756 3472 4803 et
3526 4750 3597 4803 de
3648 4747 3775 4801 ulti-

2092 4842 2197 4895 mis
2230 4842 2376 4896 bene
2428 4842 2695 4895 discussis
2740 4847 2796 4894 et
2828 4841 3071 4910 cognitis
3101 4840 3387 4892 emittitur
3433 4836 3774 4908 perpetualis

2092 4930 2394 4984 sententia.
2420 4930 2550 4984 I-Izec
2568 4929 2623 4983 in
2652 4930 2932 4999 procemio
2949 4929 3156 4982 dixisse
3191 4927 3438 4980 sufﬁciat
3460 4934 3518 4979 et
3540 4923 3769 4996 sapienti

2090 5018 2338 5088 caspisse,
2368 5035 2473 5088 pro
2507 5023 2625 5072 toto
2642 5019 2951 5088 explicasse
2983 5017 3263 5087 proﬁciat.

2161 5110 2210 5160 2.
2247 5109 2324 5159 Ac
2376 5106 2606 5173 deinde,
2638 5108 2717 5159 mi
2766 5105 3172 5159 sublimissime
3224 5104 3478 5169 domine,
3533 5102 3768 5157 dilectio-

2089 5210 2221 5248 nem
2255 5210 2441 5247 meam
2474 5212 2608 5265 erga
2638 5212 2735 5248 vos
2763 5201 3095 5263 vestrosque
3124 5209 3323 5246 omnes
3356 5192 3426 5245 ab
3456 5192 3596 5263 ipsis
3626 5192 3770 5245 incu-

2088 5282 2295 5335 nabilis
2326 5282 2584 5336 infantia:
2620 5284 2829 5352 recole,
2860 5288 2916 5337 et
2945 5282 3126 5352 magis
3159 5282 3315 5334 vobis
3367 5280 3481 5350 ipsi
3512 5296 3606 5333 me
3642 5281 3769 5333 bene

2087 5375 2290 5424 notum
2339 5371 2594 5438 habenti,
2645 5388 2816 5442 quam
2854 5371 2977 5424 aliis
3023 5388 3091 5424 ex
3140 5386 3231 5424 me
3288 5369 3528 5422 adversa
3568 5381 3765 5441 sugge-

2157 5505 2179 5530 θ
2216 5497 2279 5552 Id
2304 5500 2391 5551 est
2420 5501 2719 5566 contiguos.
