3860 6262
62 348 169 401 465

1634 348 1980 407 EPISTOLE
1992 392 2009 410 .

3472 356 3574 407 466

60 486 334 539 rentibus
378 487 565 539 crede.
616 485 955 555 Superbiam
1008 500 1195 538 meam
1246 490 1302 538 et
1340 485 1631 555 rapinam,
1671 500 1769 538 seu
1808 486 1852 540 Α
1886 491 2214 553 tractantes,
2249 492 2305 540 et
2334 488 2470 556 quia
2497 488 2687 541 nullus
2712 487 2765 539 ei
2798 492 3024 557 poterat
3054 488 3119 541 ad
3152 489 3576 543 terminandum

60 573 397 627 insolentiae
430 575 626 640 vitam,
666 590 815 643 pene
847 572 1003 626 vobis
1032 574 1283 643 amplius
1322 588 1495 642 quam
1530 572 1657 625 aliis
1691 576 1778 625 est

64 666 133 715 ut
196 663 413 717 extimo
476 668 687 717 notam.
756 664 825 716 Et
884 678 1128 732 quzeque
1192 661 1260 714 ab
1327 661 1549 714 ineunti
1607 666 1774 715 astate

60 767 257 821 usque
290 752 350 805 in
387 752 499 805 hoc
534 756 763 821 tempus
792 756 1015 820 gestum
1051 755 1153 816 est,
1188 755 1253 803 ut
1286 766 1432 815 reor,
1469 766 1585 803 non
1618 750 1775 804 vobis

63 841 348 904 celatum,
380 841 476 894 sed
512 845 708 893 notum
755 845 857 893 est.
901 839 967 891 Et
998 844 1150 892 certe
1188 839 1446 908 patulum
1496 844 1688 891 manet
1721 843 1777 891 et

62 928 373 997 cognitum
421 928 616 981 multis
663 944 753 981 me
799 926 1015 997 laqueis
1056 927 1371 991 inretitum,
1413 926 1774 997 millenisque

63 1017 240 1070 malis
274 1017 389 1070 huc
418 1033 599 1086 usque
634 1016 942 1070 addictum.
978 1017 1042 1069 Et
1080 1016 1425 1085 plerumque
1467 1015 1775 1069 adversitas

64 1110 408 1175 temporum
449 1105 622 1158 etiam
654 1104 1145 1174 patientissimum
1190 1119 1222 1156 a
1267 1103 1503 1157 leuitate
1546 1104 1777 1158 divertit

60 1194 127 1247 in
161 1195 324 1248 aliud
366 1194 645 1247 animum.
683 1194 812 1260 Sed,
841 1195 1079 1262 juvante
1120 1192 1567 1261 praesentissimo
1599 1198 1655 1247 et
1687 1195 1772 1246 al-

59 1283 302 1337 tissimo
349 1289 619 1350 creatore,
668 1298 867 1336 omnes
906 1283 1271 1336 adversantes
1308 1281 1451 1334 mihi
1496 1281 1774 1335 amicissi-

66 1388 199 1424 mos
255 1372 364 1425 feci
422 1389 433 1425 :
497 1376 553 1425 et
614 1371 956 1441 quibusdam
1015 1370 1264 1439 pacificis
1322 1370 1556 1423 nexibus
1612 1376 1774 1423 utens

66 1461 311 1514 solertia
358 1460 557 1527 animi,
606 1476 780 1513 manu
830 1460 1148 1513 dilectionis
1192 1458 1507 1511 contrarios
1555 1460 1761 1529 ample-

65 1549 221 1615 xavi,
288 1550 610 1603 humilitate
674 1549 881 1603 liniens
943 1554 999 1601 et
1060 1547 1357 1601 affectione
1418 1547 1770 1601 demulcens.

68 1638 287 1691 Verum
325 1639 599 1708 iniquitas
637 1654 783 1705 mea,
834 1640 891 1691 et
928 1636 1275 1708 ignorantia).
1316 1636 1634 1705 juventutis
1681 1636 1774 1689 de-

68 1728 294 1789 lictum,
344 1728 493 1796 juste
546 1732 744 1780 contra
790 1742 882 1780 me
935 1741 1163 1795 semper
1217 1726 1367 1777 levat
1417 1725 1767 1778 calcaneum.
1810 1766 1851 1820 Β

70 1816 211 1869 Inde
262 1821 322 1869 et
367 1816 428 1869 in
477 1816 828 1869 contrarium
876 1815 1061 1881 surgit
1107 1813 1393 1883 quidquid
1438 1813 1771 1868 inchoatum

70 1904 245 1957 aliter
287 1904 416 1957 fuit.
462 1905 602 1957 Nam
647 1906 787 1957 teste
832 1904 966 1967 Deo,
1009 1917 1178 1971 quem
1211 1900 1571 1954 conscientim
1604 1918 1769 1967 meae,

68 1992 191 2045 imo
244 1997 303 2046 et
349 1993 521 2061 hujus
564 1992 819 2060 epistolae
868 1991 1247 2044 discussorem
1297 1995 1585 2058 exspecto,
1637 1991 1772 2061 quia

72 2080 358 2151 quidquid
394 2080 735 2134 Manichreus
780 2080 926 2132 Felix
972 2088 1016 2145 α,
1068 2077 1347 2148 quidquid
1391 2079 1682 2132 confessor
1722 2082 1767 2145 b,

73 2170 358 2233 Julianus,
392 2169 590 2221 crebra
633 2168 789 2221 vobis
826 2173 881 2221 et
917 2168 1247 2237 importuna
1278 2168 1646 2235 suggessione
1679 2184 1768 2221 as-

77 2263 297 2323 serunt,
331 2262 388 2310 et
414 2262 609 2310 contra
648 2273 739 2310 me
779 2257 1049 2310 falsidicis
1092 2255 1555 2326 oppositionibus
1602 2256 1770 2327 inge-

78 2351 229 2413 runt,
288 2362 407 2399 non
460 2350 588 2399 voto
648 2346 859 2399 mentis
915 2346 1139 2412 accidit,
1205 2348 1299 2400 sed
1352 2344 1588 2400 fortuito
1637 2362 1771 2399 casu

77 2435 289 2489 evenit.
329 2435 488 2498 Quod
518 2434 667 2487 idem
716 2432 1017 2503 religiosus
1056 2434 1281 2489 veriﬁce
1324 2436 1502 2499 novit,
1550 2439 1606 2488 et
1651 2435 1770 2487 cal-

76 2531 199 2577 cata
256 2523 604 2577 conscientia
665 2523 921 2592 propria,
982 2528 1116 2577 nota
1172 2524 1508 2588 contemnit,
1571 2525 1772 2594 ignota

79 2629 212 2665 vero
243 2613 512 2679 adstruit,
547 2617 601 2665 et
628 2612 902 2665 defendit.

144 2705 195 2755 3.
244 2703 313 2755 Et
357 2706 421 2754 ut
450 2701 742 2771 paulisper
772 2701 1025 2770 seposita
1055 2702 1275 2755 ratione
1321 2700 1594 2755 narrandi
1630 2717 1768 2771 qua-

78 2790 205 2842 liter
259 2796 453 2842 actum
514 2794 616 2855 est,
668 2806 795 2858 quae
852 2789 1069 2842 adverti
1121 2790 1421 2854 debentur,
1478 2789 1809 2859 ingeram;‘

78 2884 226 2931 certe
259 2882 393 2930 ante
421 2877 781 2947 aegritudinis
814 2893 955 2931 meae
985 2878 1370 2947 dispendium,
1407 2885 1461 2931 et
1490 2878 1772 2947 pmniten-

77 2967 162 3018 tiae
216 2976 406 3036 quam‘
442 2966 503 3018 in
552 2966 754 3019 ultima
800 2966 1139 3019 necessitate
1186 2968 1377 3036 accepi
1427 2967 1768 3032 remedium,

79 3055 271 3107 multis
305 3054 474 3107 donis
505 3054 814 3124 multisque
855 3055 1028 3107 rebus
1067 3060 1326 3107 sanctum
1364 3055 1527 3108 illum
1567 3071 1773 3108 mona—

81 3143 313 3195 sterium
360 3141 539 3195 ditavi
576 3143 783 3196 locum.
834 3143 901 3195 Et
948 3144 1100 3213 quod
1144 3144 1372 3213 genitor
1421 3159 1583 3197 meus
1631 3144 1772 3198 diva:

82 3231 393 3298 memorie,
432 3247 536 3283 nec
573 3236 703 3285 ante
745 3247 835 3284 me
877 3248 944 3284 ex
976 3232 1156 3285 nostri
1200 3232 1409 3287 fecerat
1454 3233 1623 3299 ullus,
1666 3249 1772 3301 ego

84 3326 394 3389 spontanea
472 3323 662 3373 mente
738 3319 1109 3389 impleveram
1183 3321 1359 3374 solus.
1429 3321 1589 3384 Quod
1651 3321 1772 3390 ipse

81 3409 367 3460 incusator
408 3423 618 3477 negare
662 3424 777 3460 non
816 3409 984 3472 valet,
1036 3415 1093 3462 et
1135 3409 1203 3463 de
1243 3426 1358 3479 quo
1407 3409 1594 3463 omnis
1636 3410 1770 3463 vici-

82 3496 222 3548 nitas
248 3496 648 3549 testimonium
681 3497 915 3549 habent.
952 3498 1016 3550 Et
1040 3513 1192 3550 nunc
1222 3498 1454 3565 quando
1488 3497 1772 3565 poeniten-

82 3585 169 3637 tize
202 3586 292 3638 lex
325 3584 720 3638 miserrimum
757 3585 979 3651 curbat,
1011 3592 1067 3638 et
1098 3586 1358 3639 debilitas
1391 3586 1513 3654 jam
1538 3587 1771 3656 jamque

85 3674 424 3726 moriturum
475 3673 745 3737 incurrat,
791 3676 1030 3742 januam
1082 3674 1224 3727 mihi
1282 3674 1408 3728 vitae
1463 3675 1774 3743 praeclude-

83 3778 216 3827 rem,
250 3766 307 3815 et
338 3763 397 3815 in
439 3767 604 3815 antro
637 3762 893 3816 barathri
933 3763 1091 3832 lapsu
1128 3762 1409 3831 prazcipiti
1441 3765 1771 3817 currerem?

82 3851 182 3904 Sed
213 3852 467 3921 qualiter
506 3856 717 3914 actum,
755 3868 985 3922 quoque
1017 3852 1297 3922 dispositu
1332 3852 1501 3905 exstit
1529 3867 1771 3921 usurpa-

84 3945 198 3993 tum
250 3944 391 3993 teste
446 3941 559 3992 Deo
601 3944 657 3993 et
696 3941 1075 4010 praesentibus
1119 3941 1541 3994 accusatoribus
1582 3941 1769 4010 profe-

83 4045 196 4081 ram
228 4031 490 4098 planum.

145 4119 197 4171 4.
232 4117 400 4169 Volui
444 4116 771 4171 universum
822 4117 982 4170 illum
1034 4118 1220 4170 locum
1273 4118 1416 4171 mihi
1465 4117 1769 4182 redimere,

85 4210 136 4257 et
160 4204 626 4274 inquietudinem
658 4206 1051 4258 Romanorum
1075 4215 1095 4238 ο
1114 4204 1360 4274 fugiens,
1387 4204 1572 4273 ipsum
1599 4222 1770 4276 quem

85 4294 259 4346 nostis
290 4294 615 4362 principem
651 4294 828 4346 malui
858 4293 1170 4363 inquirere.
1199 4294 1355 4346 Juste
1378 4310 1625 4363 namque
1647 4311 1775 4347 con-

86 4381 255 4434 fessor
284 4382 528 4445 dixerat,
562 4381 698 4451 quia
724 4381 807 4434 illi
840 4380 939 4451 qui
974 4397 1007 4433 a
1044 4381 1304 4448 genitore
1338 4398 1464 4434 meo
1504 4383 1586 4435 vel
1618 4398 1649 4434 a
1682 4399 1773 4437 me

89 4475 269 4539 empta
299 4470 595 4524 habebant
631 4470 874 4523 vendere
916 4470 1240 4539 cupiebant,
1293 4474 1349 4522 et
1399 4485 1513 4522 una
1560 4470 1774 4539 pariter

90 4574 208 4611 cum
239 4575 303 4613 eo
335 4558 604 4628 praavisio
637 4558 854 4611 exstitit
894 4564 1111 4621 nostra,
1152 4562 1216 4610 ut
1263 4562 1686 4627 argumentose,
1720 4564 1775 4612 et

91 4663 197 4700 non
232 4664 363 4701 vere
396 4647 587 4717 ipsum
628 4647 947 4716 principem
990 4648 1368 4712 mitteremus,
1416 4652 1472 4701 et
1508 4664 1611 4716 per
1643 4664 1771 4701 eum

93 4741 276 4789 nostra
300 4736 469 4789 nobis
502 4751 1002 4806 congregaremus,
1033 4735 1312 4789 honorem
1345 4737 1468 4806 ejus
1498 4740 1555 4789 et
1584 4736 1773 4790 locum

153 4904 175 4927 ι
206 4895 326 4955 Ms.
358 4896 635 4948 Maniceus
665 4895 827 4960 retia).

154 4967 177 5006 1»
210 4966 284 5019 De
312 4965 655 5018 confessoris
685 4980 823 5017 voce
857 4964 982 5018 vide
1014 4964 1157 5017 infra
1191 4965 1357 5034 epist.
1397 4969 1478 5033 l3,
1512 4982 1568 5018 n.
1607 4969 1654 5018 t.

154 5044 171 5068 ε
204 5036 512 5096 Florezius,
558 5035 619 5088 in
652 5036 1105 5104 Prolegomenis,
1152 5036 1221 5089 de
1270 5037 1373 5089 hac
1417 5053 1549 5089 voce
1601 5052 1613 5088 :
1664 5038 1773 5089 ΑΖ-

96 5104 228 5159 drete
263 5123 328 5159 en
367 5108 416 5159 el
457 5106 551 5159 lib.
595 5124 634 5172 ι,
678 5122 800 5174 cap.
846 5109 898 5165 6,
946 5107 1193 5160 entcndio
1242 5112 1350 5160 esto
1395 5108 1611 5160 nombre
1660 5107 1771 5161 Ro-

97 5191 386 5230 manorum
433 5177 500 5230 de
537 5179 832 5245 Espanotes
873 5177 1269 5232 descendientes
1311 5178 1377 5230 de
1412 5180 1696 5243 Romanos,
1739 5195 1771 5231 a

96 5245 379 5311 diferencia
417 5247 483 5300 de
527 5248 603 5301 los
647 5264 749 5315 que
792 5248 1114 5302 descendian
1163 5249 1228 5302 de
1274 5251 1349 5302 los
1397 5248 1590 5303 Godos.
1642 5250 1773 5301 Pero

96 5332 223 5383 para
256 5320 331 5372 los
371 5320 549 5372 Moros
596 5320 644 5371 to
690 5320 880 5372 mismo
928 5335 1059 5372 eran
1100 5334 1236 5373 unos
1283 5335 1385 5387 que
1425 5325 1589 5381 atros,
1637 5334 1770 5371 ava-

98 5389 317 5443 sallados
359 5388 511 5443 todos
549 5390 903 5454 igualmente;
947 5406 982 5457 ῃ
1024 5394 1109 5444 asi
1156 5390 1407 5458 procedio
1453 5391 1623 5455 mejor
1669 5390 1771 5444 Go-

100 5472 197 5511 me:
240 5462 434 5517 Braco,
482 5459 732 5513 diciendo
782 5475 883 5527 que
929 5476 1060 5513 eran
1105 5462 1375 5513 militares
1421 5461 1486 5513 de
1522 5462 1769 5519 Francia,

103 5528 166 5581 tos
204 5531 382 5597 quales
418 5529 645 5583 estaban
683 5545 745 5583 en
782 5532 1010 5584 servicio
1048 5531 1134 5584 del
1172 5534 1280 5599 Bay
1324 5531 1387 5583 de
1429 5530 1693 5595 Cordoba,
1736 5545 1771 5597 y

99 5612 145 5650 se
194 5601 461 5655 llamaban
512 5601 778 5655 Romanos
820 5615 924 5669 por
972 5605 1175 5671 quanto
1229 5603 1284 5655 la
1338 5601 1579 5655 Francia
1634 5602 1772 5654 occi-

1886 574 2160 628 obsistere
2190 580 2541 644 reputantes.
2580 576 2681 629 Cui
2724 592 2854 629 cum
2896 576 3234 645 petitionem
3278 577 3416 645 ipsis
3456 577 3575 631 die-

1883 662 1991 717 bus
2028 664 2387 733 aegritudinis
2428 681 2587 729 meze,
2622 664 2827 734 quibus
2862 664 3225 718 invisendum
3274 682 3363 719 me
3404 682 3575 719 vene-

1886 756 1991 817 rat,
2022 769 2122 821 pro
2162 753 2265 806 hoc
2297 753 2563 819 facerem,
2604 757 2659 805 et
2700 768 2942 822 quaeque
2976 752 3368 806 desiderabam
3401 771 3575 824 expo-

1886 856 2081 894 nerem
2114 841 2353 911 implere
2386 840 2650 911 promisit
2685 857 2696 893 :
2732 846 2787 893 et
2830 841 2936 893 hoc
2978 840 3098 893 sine
3145 842 3474 896 difficultate
3505 845 3575 897 ad

1885 930 2145 983 effectum
2182 931 2494 1000 perducere
2527 929 2685 983 dixit.
2735 928 2835 981 Cui
2866 945 2967 981 nos
2997 929 3295 983 confestim
3330 931 3473 984 nihil
3505 932 3575 984 de

1885 1035 1999 1088 quo
2058 1024 2253 1088 postea
2310 1024 2533 1087 gestum
2597 1021 2682 1071 est
2747 1017 3118 1086 suspicantes,
3188 1018 3576 1083 venditionem

1884 1108 2142 1173 fecimus,
2194 1113 2245 1161 et
2294 1124 2395 1177 per
2447 1112 2621 1159 testes
2681 1105 3055 1172 firmavimus,
3120 1110 3182 1157 ut
3221 1106 3575 1176 ingressione

1882 1195 2063 1265 ipsius
2106 1197 2244 1249 alios
2283 1196 2707 1260 seduceremus,
2753 1200 2810 1247 et
2856 1194 3022 1247 nobis
3064 1210 3167 1264 per
3213 1210 3343 1247 eum
3391 1200 3577 1249 totum

1882 1285 2196 1337 terminum
2232 1286 2668 1354 applicaremus.
2717 1283 2826 1337 Sed
2876 1283 2971 1335 ille
3018 1284 3078 1335 in
3127 1284 3578 1338 vacanietatibus

1881 1370 2215 1440 impeditus,
2265 1372 2333 1425 de
2379 1388 2492 1441 quo
2537 1372 2722 1424 fuerat
2762 1374 2983 1439 gestum
3030 1385 3145 1423 non
3186 1370 3320 1423 satis
3353 1371 3572 1437 anxius,

1882 1461 2055 1529 coepit
2097 1461 2373 1514 oblivioni
2424 1466 2645 1513 nostras
2693 1460 2914 1511 tradere
2963 1476 3177 1526 causas,
3233 1464 3289 1511 et
3336 1460 3392 1511 in
3435 1476 3575 1530 quas

1880 1549 2023 1602 nihil
2057 1549 2322 1613 habebat,
2355 1565 2457 1603 nec
2490 1549 2742 1613 dederat,
2775 1558 3119 1617 postponere
3150 1564 3335 1601 curas.
3367 1550 3430 1602 Et
3451 1566 3575 1602 cre-

1880 1637 2087 1691 berunt
2114 1638 2353 1706 rapinae,
2384 1643 2439 1689 et
2469 1636 2767 1706 privilegia
2794 1637 3208 1704 Romanorum,
3240 1638 3339 1706 qui
3369 1638 3574 1690 transi-

1882 1725 2084 1779 lientes
2106 1726 2314 1778 limites
2335 1741 2604 1795 agrorum
2630 1729 2978 1787 nostrorum,
3001 1724 3327 1777 universum
3355 1725 3575 1778 minita-

1883 1815 2022 1868 bant
2051 1814 2316 1867 invadere
2348 1815 2555 1867 locum.
2589 1816 2701 1867 Nos
2732 1819 2923 1865 autem
2944 1814 3064 1882 jam
3098 1813 3239 1865 nihil
3266 1813 3341 1866 ibi
3366 1814 3575 1867 habere

1882 1903 2252 1973 putabamur,
2306 1907 2363 1956 et
2413 1903 2507 1955 ille
2563 1902 2662 1972 qui
2721 1901 3206 1971 comparationem
3263 1902 3290 1942 ἀ
3343 1902 3571 1968 fecerat,

1882 1990 2170 2043 vindicare
2211 1990 2538 2043 invasiones
2570 1990 2811 2043 volebat.
2861 1991 2921 2043 In
2950 1988 3051 2041 tali
3083 1986 3347 2041 conﬂictu
3383 1988 3572 2056 positi,

1881 2078 2233 2149 pcenitudine
2291 2078 2498 2144 affecti,
2559 2077 2790 2130 contriti
2854 2078 3192 2147 lugebamus
3250 2079 3304 2127 et
3366 2076 3573 2129 moesti.

1880 2168 2010 2220 Post
2040 2182 2264 2219 menses
2296 2183 2389 2219 sex
2419 2171 2519 2218 aut
2547 2165 2798 2234 amplius
2830 2165 2953 2233 ipse
2983 2164 3250 2234 princeps
3284 2178 3385 2231 per
3418 2178 3474 2214 se
3506 2161 3575 2215 ad

1882 2272 1972 2309 me
2001 2255 2157 2309 venit
2184 2260 2240 2308 et
2277 2255 2605 2323 postulavit,
2644 2259 2705 2305 ut
2736 2253 2891 2323 quod
2925 2252 3088 2322 quasi
3121 2258 3571 2319 comparaverat,

1881 2344 2071 2398 verius
2102 2349 2337 2397 emeret.
2371 2345 2434 2396 In
2466 2342 2669 2412 primis
2697 2347 2842 2395 teste
2871 2343 2986 2395 Deo
3019 2340 3206 2399 renui,
3240 2345 3297 2392 et
3323 2338 3573 2391 haeredi—

1880 2438 2055 2488 tatem
2098 2449 2286 2486 meam
2332 2449 2402 2485 ne
2452 2432 2811 2485 traducerem
2861 2430 3056 2484 multis
3105 2428 3574 2498 suggessionibus

1882 2522 2200 2592 deprecavi.
2246 2522 2349 2576 Sed
2399 2521 2465 2574 ad
2500 2521 2651 2591 quod
2694 2520 2789 2573 ille
2840 2517 3174 2571 beneficium
3219 2532 3383 2569 suum
3434 2515 3576 2568 mihi

1881 2612 2168 2681 opposuit,
2213 2616 2270 2664 et
2306 2610 2441 2679 quia
2473 2610 2517 2663 si
2559 2612 2832 2663 donatum
2865 2617 2907 2673 ο,
2945 2607 3085 2660 illud
3130 2622 3162 2658 a
3192 2622 3284 2659 me
3317 2604 3571 2669 haberet,

1881 2701 2024 2754 nihil
2067 2704 2211 2753 esset
2257 2715 2361 2769 pro
2402 2699 2574 2751 tantis
2622 2696 2662 2761 ε,
2712 2714 2840 2767 quae
2882 2698 2941 2749 in
2992 2712 3093 2748 nos
3140 2696 3366 2760 fecerat,
3420 2709 3571 2747 asse-

1882 2790 2014 2843 ruit.
2076 2788 2184 2842 Sed
2233 2788 2326 2841 ubi
2377 2788 2435 2840 in
2486 2804 2575 2840 me
2628 2802 2883 2840 reversus
2934 2785 3344 2845 venditionem,
3400 2798 3572 2852 quam

1882 2879 1935 2932 ei
1980 2878 2102 2947 jam
2151 2878 2418 2945 feceram,
2470 2876 2729 2946 cogitavi,
2781 2880 2837 2928 et
2888 2877 3223 2943 potestatem
3270 2873 3394 2942 ejus
3443 2888 3573 2924 cum

1884 2965 2175 3019 debilitate
2233 2981 2365 3018 mea
2424 2965 2676 3035 pensavi,
2738 2963 2889 3016 illico
2960 2962 3233 3015 assentire
3292 2961 3568 3030 disposui,

1814 3051 1855 3106 C
1883 3055 2019 3124 quia
2051 3054 2207 3107 aliud
2241 3070 2412 3123 agere
2461 3054 2697 3106 minime
2742 3051 2919 3122 potui.
2972 3051 3082 3105 Sed
3128 3050 3443 3102 terminum
3482 3065 3571 3101 ec-

1882 3143 2091 3205 clesiae,
2126 3158 2296 3211 quem
2335 3158 2451 3195 non
2500 3141 2729 3210 genitor
2765 3156 2944 3203 meus,
2982 3138 3077 3191 sed
3113 3153 3219 3207 ego
3279 3136 3571 3201 dederam,

1881 3231 2126 3285 iudicavi
2164 3248 2176 3284 :
2228 3235 2284 3283 et
2326 3230 2388 3283 in
2422 3229 2847 3299 comparatione
2879 3228 3003 3297 ejus
3032 3225 3410 3297 praesentibus
3441 3224 3572 3276 sub-

1885 3320 2265 3374 scribentibus
2292 3319 2614 3381 terminavi,
2646 3324 2702 3371 et
2730 3318 3079 3370 confessores
3106 3316 3259 3385 ipsos
3280 3312 3574 3367 multoties

1881 3408 2299 3474 commendavi,
2335 3414 2390 3462 et
2422 3412 2701 3478 quantum
2743 3407 2893 3459 valui
2943 3421 3046 3474 pro
3092 3404 3217 3473 ipso
3263 3405 3387 3457 loco
3439 3419 3572 3471 sug-

1881 3514 2080 3568 gerere
2131 3514 2245 3550 non
2296 3497 2529 3549 cessavi.
2581 3497 2790 3547 Verum
2837 3494 3041 3547 delicto
3091 3508 3215 3545 meo
3266 3495 3322 3544 et
3364 3491 3571 3543 merito

1881 3587 2127 3640 multum
2163 3586 2313 3639 olido
2345 3598 2373 3638 σ
2403 3584 2729 3641 infestante.
2763 3583 2928 3635 aliter
2959 3586 3144 3633 actum
3172 3583 3256 3632 est
3276 3595 3449 3648 quam
3471 3596 3573 3648 pu-

1880 3674 2013 3727 tavi.
2050 3674 2339 3736 Quantum
2370 3671 2553 3723 voluit
2591 3676 2646 3723 et
2686 3669 2916 3740 quando
2957 3667 3156 3731 voluit,
3191 3671 3246 3719 et
3286 3666 3574 3735 quomodo

1880 3762 2079 3820 voluit,
2115 3760 2290 3814 dedit.

2053 3849 2201 3912 Quid
2244 3864 2399 3901 nunc
2444 3848 2731 3917 agendum
2771 3851 2873 3912 est,
2915 3842 3271 3897 serenissime
3301 3841 3574 3895 domine?

1884 3938 1995 3991 Nec
2035 3936 2383 4004 possibilitas
2421 3937 2479 3989 in
2512 3936 2678 3988 nobis
2719 3939 2799 3987 est
2838 3931 3159 3996 resistendi,
3192 3947 3297 3983 nec
3340 3930 3575 3983 facultas

1882 4024 2176 4089 reddendi,
2218 4040 2322 4078 nec
2358 4024 2708 4077 abundantia
2743 4020 3078 4075 redimendi.
3123 4022 3282 4074 Teste
3319 4020 3451 4083 Deo,
3483 4018 3571 4070 in-

1884 4114 2157 4179 gemisco,
2205 4112 2391 4182 rugio,
2431 4118 2484 4165 et
2522 4112 2757 4182 deploro
2798 4111 2948 4181 quod
2981 4110 3215 4175 accidit;
3247 4109 3339 4161 sed
3374 4124 3573 4160 sanare

1882 4208 1937 4255 et
1966 4202 2211 4255 solidare
2243 4218 2463 4270 nequeo
2504 4201 2658 4270 quod
2704 4201 2913 4253 evenit.
2948 4198 3173 4251 Vicibus
3207 4196 3260 4250 ei
3293 4196 3572 4266 suggessi,

1883 4297 1939 4345 et
1961 4291 2346 4345 abundantius
2374 4294 2401 4332 h
2425 4290 2670 4359 pretium
2705 4290 2882 4342 multo
2918 4304 3089 4357 quam
3116 4286 3273 4339 dedit
3295 4284 3531 4355 promisi
3559 4301 3570 4337 :

1885 4381 1984 4434 sed
2015 4396 2324 4448 suspensus
2354 4380 2629 4432 hactenus
2660 4377 2863 4431 mansi.
2909 4377 3220 4445 Culpamur
3269 4375 3339 4427 ab
3387 4373 3573 4426 omni-

1883 4470 1990 4523 bus
2019 4475 2074 4521 et
2102 4468 2435 4521 incusamur
2470 4484 2481 4520 :
2516 4467 2610 4520 sed
2645 4467 3025 4534 nosmetipsos
3056 4464 3163 4531 ipsi
3199 4462 3443 4532 amplius
3474 4462 3576 4515 de-

1884 4561 2176 4610 testamus.
2221 4558 2284 4609 Et
2322 4556 2453 4609 licet
2478 4557 2641 4625 juxta
2684 4555 2979 4608 doctorum
3021 4557 3351 4605 nostrorum
3397 4566 3572 4601 vene—

1881 4646 2065 4700 randa
2123 4645 2353 4698 oracula
2413 4645 2474 4697 in
2540 4643 2808 4696 omnibus
2864 4640 3047 4695 causis
3105 4655 3217 4692 non
3272 4653 3574 4707 processus

1883 4734 2093 4805 operis,
2134 4734 2232 4787 sed
2270 4733 2529 4786 voluntas
2561 4730 2862 4801 operandi,
2897 4730 2968 4782 sit
2996 4727 3292 4791 intuenda,
3325 4741 3428 4778 nec
3457 4730 3569 4777 sta-

1882 4893 2069 4947 dentat
2097 4908 2151 4946 se
2183 4892 2475 4945 intitulaba
2510 4893 2755 4945 Romana
2780 4904 2882 4956 por
2914 4888 2969 4939 la
3007 4888 3219 4953 lengua,
3253 4901 3287 4937 a
3324 4885 3573 4950 diferen—

1882 4966 1966 5018 cia
1998 4964 2063 5017 de
2093 4966 2147 5017 la
2180 4964 2417 5016 Francia
2447 4961 2678 5014 orimtal
2706 4975 2734 5011 ο
2771 4959 3079 5011 Teutonica.
3120 4960 3322 5009 Vcanse
3361 4957 3435 5009 los
3470 4971 3569 5007 au-

1882 5040 2020 5088 tores
2063 5034 2267 5088 citados
2306 5048 2370 5084 en
2408 5034 2454 5083 et
2490 5032 2742 5084 Glasario
2783 5029 2846 5081 de
2887 5029 3082 5093 Gange.
3133 5029 3195 5081 V.
3241 5027 3501 5090 Famem,
3543 5042 3572 5079 ο

1880 5121 1943 5159 en
1975 5107 2113 5172 Pagi
2140 5104 2291 5157 sobre
2319 5104 2365 5155 et
2396 5118 2499 5155 ano
2527 5102 2592 5153 de
2621 5102 2742 5165 888,
2776 5114 2925 5172 num.
2960 5101 3010 5150 5.

1949 5176 1975 5217 d
2008 5170 2380 5242 comparatio,
2416 5172 2473 5226 id
2506 5177 2589 5225 est
2618 5170 2854 5240 emptio.

1951 5253 1973 5278 °
2005 5247 2124 5309 Ms.,
2156 5243 2420 5295 donitum.

1950 5312 1971 5349 ί
2002 5317 2122 5379 Ms.,
2150 5328 2251 5382 pro
2284 5317 2458 5365 tanta.

1951 5396 1981 5437 ε
2014 5388 2087 5439 Ex
2136 5380 2271 5436 voce
2324 5384 2470 5447 olim,
2525 5381 2792 5436 nonnulli
2851 5382 3063 5448 alitum,
3107 5380 3195 5435 vel
3249 5381 3417 5435 olidm
3472 5397 3574 5450 pro

1880 5458 2106 5579 anﬁiq‘uo
2137 5454 2513 5578 deguxsgupt.

2064 5543 2133 5579 ε..
2165 5541 2200 5579 a
2237 5540 2312 5578 un
2391 5541 2425 5578 η
2452 5540 2513 5578 im

2064 5543 2104 5577 s.
2120 5565 2133 5590 ,
2165 5540 2637 5579 aounaannorem.
