3860 6262
254 341 354 392 467
1616 340 1778 394 ALVA

2236 339 2390 395 NSIS
3670 342 3753 395 468

260 471 362 524 tim
407 471 534 541 quis
579 469 717 539 quid
757 468 957 537 egerit,
997 468 1097 521 sed
1142 485 1256 538 quo
1295 473 1424 522 voto
1456 469 1513 522 id
1545 469 1725 538 egerit
1756 469 1946 539 inqui-
1985 474 2029 522 A
2064 472 2281 521 nostras
2321 467 2443 536 jam
2485 470 2649 521 solita
2693 470 2997 524 clementia
3049 475 3247 541 tergat,
3310 487 3470 541 quas
3534 486 3755 540 propere

260 559 524 624 rendam,
557 574 661 611 nec
694 573 782 610 res
813 556 938 626 ipsa
971 573 1097 627 qum
1128 557 1364 626 geritur,
1401 558 1495 610 sed
1531 558 1777 627 qualitas
1801 574 1953 611 men-

261 647 354 713 tis,
396 651 451 700 et
493 645 755 699 facientis
803 646 874 697 sit
918 646 1274 715 propositum
1316 647 1721 714 judicandum;
1765 653 1953 699 tamen

260 752 494 805 quoquo
528 736 700 788 modo
730 739 956 804 gestuin
988 735 1059 787 sit
1089 735 1297 787 nostris
1330 735 1546 787 meritis
1578 735 1951 804 imputamus,

262 830 318 877 et
345 822 629 892 judicium
666 823 892 877 Domini
923 822 1192 875 trementi
1223 822 1390 875 corde
1434 824 1690 893 quotidie
1725 840 1828 876 nos
1860 824 1954 876 in—

262 912 585 982 sequendos
631 910 965 979 lugimoniis
1004 927 1119 964 non
1160 911 1361 964 mediis
1402 917 1783 981 protestamus
1810 923 1854 979 ο,
1888 912 1956 965 de

261 1004 459 1052 nostra
490 998 857 1068 desperantes
898 998 1148 1068 pessima
1188 1014 1361 1067 opera
1390 1001 1434 1064 Β,
1469 999 1537 1052 de
1581 1000 1735 1052 illius
1779 1001 1956 1053 conﬁ-

261 1088 463 1141 dentes
492 1087 883 1140 misericordia
911 1092 1199 1140 consueta.
1231 1088 1365 1140 Ecce
1396 1087 1643 1157 qualiter
1665 1093 1956 1141 estactum

265 1182 467 1229 vestrae
498 1176 819 1246 prudentia:
857 1180 1041 1229 totum
1082 1181 1165 1229 est
1206 1176 1548 1245 patefactum
1588 1194 1598 1229 :
1644 1177 1795 1247 quod
1826 1177 1957 1231 ideo

269 1264 424 1318 vobis
455 1265 522 1318 ad
555 1264 781 1335 singula
807 1280 1072 1318 enarrare
1105 1264 1320 1331 curavi,
1352 1264 1489 1334 quia
1518 1281 1583 1317 ex
1616 1265 1794 1335 ipsius
1824 1282 1958 1318 con-

268 1354 495 1407 fessoris
525 1353 690 1406 laude
725 1354 903 1405 multa
933 1353 1094 1423 quasi
1128 1370 1159 1405 a
1196 1352 1352 1406 vobis
1391 1353 1542 1407 dicta
1582 1354 1794 1420 audivi,
1830 1370 1959 1424 qua:

268 1442 505 1494 minime
535 1441 771 1506 credidi,
802 1440 936 1511 quia
968 1448 1217 1495 vestrum
1248 1441 1505 1494 animum
1539 1458 1674 1511 erga
1710 1459 1798 1495 me
1825 1459 1957 1512 pro-

268 1530 457 1599 prium
495 1530 700 1600 saepius
732 1530 903 1583 sensi.

336 1622 387 1671 6.
423 1620 488 1672 In
518 1618 693 1671 tinem
726 1634 857 1671 vero
888 1617 1145 1687 epistolm
1172 1619 1476 1671 advolutus
1498 1619 1741 1688 pedibus
1764 1619 1960 1673 vestris

267 1725 535 1779 suggero,
569 1713 633 1761 ut
663 1708 795 1778 quia
828 1714 1138 1777 paupertas
1178 1713 1232 1760 et
1271 1707 1532 1761 debilitas
1582 1724 1673 1761 me
1721 1726 1753 1761 a
1800 1708 1959 1762 vobis

268 1798 401 1853 fecit
447 1797 762 1855 absentem.
814 1796 1039 1849 bonitas
1088 1801 1276 1849 vestra
1337 1812 1427 1849 me
1484 1813 1710 1866 semper
1766 1798 1958 1850 animo

268 1886 472 1939 reddat
505 1889 847 1955 praesentem
895 1902 905 1938 :
954 1885 1469 1956 suggessionesque
1516 1888 1821 1939 malevolus
1864 1887 1961 1941 illa

270 1974 608 2029 discretione
640 1972 941 2044 paternali,
978 1989 1090 2042 qua
1126 1990 1220 2027 vos
1252 1974 1383 2026 novi
1415 1973 1624 2043 vigere,
1663 1974 1961 2041 discutite;

270 2070 327 2118 et
357 2080 493 2117 aure
534 2063 705 2116 surda
746 2062 1041 2115 discordiae
1088 2062 1503 2115 incantationes
1537 2064 1791 2127 transite,
1826 2080 1958 2116 nos-

270 2168 382 2224 que
411 2150 717 2204 visceribus
748 2150 997 2221 propriis
1024 2151 1387 2203 comendatos
1416 2150 1636 2203 habete.
1672 2149 1963 2219 Quidquid

271 2257 404 2294 vero
448 2241 623 2304 Felix,
675 2238 918 2293 Gratiosi
962 2238 1172 2307 judicis
1218 2239 1388 2305 filius,
1432 2239 1489 2291 in
1530 2255 1697 2292 aures
1740 2238 1961 2292 domini

270 2330 545 2385 Servandi
604 2328 829 2381 comitis
886 2344 1015 2381 cum
1074 2327 1392 2381 confessore
1445 2327 1544 2380 illo
1594 2328 1959 2393 immisserit;

270 2424 453 2473 vestra
483 2417 817 2488 paternitas,
850 2417 897 2469 si
926 2417 1192 2483 voluerit,
1239 2421 1358 2469 tota
1397 2416 1636 2470 radebit.
1682 2417 1962 2486 Tempore

272 2506 486 2577 quippe
519 2510 702 2557 vestro
735 2504 977 2558 aliorum
1011 2520 1207 2557 causas
1234 2510 1353 2558 erat
1383 2504 1549 2557 nobis
1580 2506 1862 2574 explicare
1890 2506 1962 2559 li-

272 2596 449 2648 citum
482 2612 494 2648 :
529 2598 744 2664 quanto
774 2593 955 2662 magis
1000 2598 1256 2646 nostrum
1290 2593 1589 2663 proprium
1634 2610 1749 2647 non
1786 2610 1963 2664 expe—

271 2684 495 2737 diamus
532 2681 865 2751 negotium?
898 2682 1169 2747 Recolite,
1206 2681 1461 2743 obsecro,
1496 2687 1823 2735 nostrorum
1855 2699 1963 2736 an-

272 2774 569 2842 tiquorum
602 2771 869 2825 amicitia:
906 2770 1219 2835 vinculum,
1261 2776 1315 2823 et
1347 2777 1597 2823 vestrum
1636 2770 1963 2840 amplectite

270 2860 584 2914 visceribus
616 2860 819 2913 ﬁlium.
874 2859 1044 2912 Plura
1090 2860 1383 2912 volueram
1422 2858 1552 2912 licet
1587 2859 1810 2929 plebeio
1847 2875 1963 2912 ser-

274 2965 447 3003 mone
492 2948 838 3018 disputando
891 2947 1168 3001 coniicere
1223 2964 1234 2999 :
1282 2948 1380 3000 sed
1430 2948 1665 3001 modum
1711 2949 1966 3018 epistolae

2063 557 2473 622 contraximus,
2508 558 2724 627 culpas.
2770 558 2925 612 Valet
2969 560 3181 613 etenim
3225 561 3423 614 oratio
3468 559 3757 628 impetrare

2060 645 2198 712 justi
2230 645 2479 709 assidua,
2521 647 2672 715 quod
2712 649 3021 715 peccatoris
3064 649 3260 719 nequit
3300 649 3645 718 promereri
3673 665 3759 701 ne-

2066 733 2266 804 quitia.
2336 735 2594 787 Vestrum
2666 745 2747 787 est
2818 752 3084 806 namque,
3146 738 3224 790 mi
3286 736 3565 802 domine,
3628 736 3760 791 fratri

2066 820 2350 873 laboranti
2396 837 2630 874 manum
2659 824 2981 893 porrigere,
3016 829 3071 878 et
3102 825 3455 879 morborum
3489 826 3762 894 languori-

2067 910 2173 962 bus
2204 910 2396 962 saucio
2429 926 2598 979 opem
2629 911 2818 964 solatii
2849 912 3176 982 praelargire
3211 930 3223 967 :
3259 918 3569 984 quatenus
3599 918 3653 965 et
3682 930 3765 967 no-

2064 997 2152 1050 bis
2184 997 2441 1051 debitum
2475 999 2819 1069 impertiatis
2851 1001 3191 1067 remedium,
3233 1008 3289 1056 et
3325 1006 3604 1055 vestrum
3637 1004 3765 1071 quod

2067 1104 2170 1156 pro
2205 1088 2362 1140 omni
2396 1089 2636 1141 Ecclesia
2661 1090 2983 1160 injunctum
3014 1091 3237 1144 habetis
3277 1092 3584 1156 ofﬁcium,
3618 1092 3767 1160 incly-

2069 1181 2194 1229 tum
2225 1189 2245 1212 ε
2276 1178 2597 1246 perducatis
2622 1178 2693 1231 ad
2725 1181 3058 1233 terminum.
3096 1183 3296 1233 Amen.

2138 1268 2189 1318 2.
2230 1266 2302 1319 De.
2339 1272 2563 1333 caetero,
2604 1267 2685 1319 mi
2714 1266 2967 1334 domine,
3001 1284 3119 1321 non
3151 1285 3279 1322 reor
3310 1269 3508 1322 latere
3543 1274 3769 1321 vestram

2068 1355 2437 1423 prudentiam
2480 1355 2863 1409 calamitatem
2903 1357 3138 1426 hujusce
3179 1363 3395 1410 nostra
3443 1356 3766 1425 provinciae,

2070 1459 2197 1512 quae
2231 1442 2533 1512 multiplici
2578 1450 2757 1512 peste,
2810 1460 2873 1497 ac
2916 1445 3137 1514 ingenti
3175 1446 3369 1499 ulcere
3412 1445 3637 1510 saucia,
3670 1446 3767 1497 imo

2070 1532 2141 1585 ad
2187 1532 2403 1585 exitum
2448 1532 2577 1585 vita:
2624 1549 2802 1603 usque
2849 1533 3110 1602 deducta,
3143 1534 3371 1587 bestiali
3420 1534 3578 1587 rictu
3608 1538 3663 1587 et
3688 1533 3770 1586 be-

2070 1620 2229 1673 luina
2259 1620 2489 1673 etferata
2518 1620 2805 1690 barbarie,
2836 1621 3109 1675 hactenus
3150 1638 3295 1676 saeve
3338 1622 3666 1676 dilacinata
3702 1628 3768 1674 est

2071 1709 2244 1763 effero
2276 1710 2461 1763 dente.
2502 1710 2609 1763 Sed
2643 1710 2777 1779 quia
2808 1715 3067 1780 respectu
3111 1710 3377 1764 altissimi
3429 1715 3495 1764 et
3538 1724 3769 1779 praesen-

2070 1796 2273 1849 tissimi
2319 1797 2628 1850 conditoris
2672 1802 2961 1867 utcunque
3013 1798 3295 1867 respirare
3344 1802 3491 1867 post
3534 1796 3685 1850 diras
3718 1812 3767 1848 ac

2070 1884 2386 1954 palpabiles
2415 1901 2567 1939 nunc
2599 1884 2723 1937 nisa
2752 1890 2837 1938 est
2880 1885 3162 1951 tenebras,
3206 1889 3262 1938 et
3304 1886 3569 1939 liberum
3604 1884 3769 1953 potuit

2070 1977 2364 2043 utcunque
2411 1990 2526 2026 non
2568 1974 2819 2027 humano
2855 1974 3109 2043 ingenio,
3143 1974 3243 2026 sed
3273 1974 3481 2026 divino
3516 1972 3765 2042 imperio,

2072 2061 2354 2132 respicere
2387 2063 2610 2127 lumen;
2646 2068 2830 2115 actum
2877 2067 2981 2129 est,
3015 2069 3076 2115 ut
3112 2062 3210 2115 illa
3243 2061 3620 2115 admirabilis
3651 2061 3765 2113 dex-

2071 2156 2212 2216 tera,
2255 2167 2383 2221 quae
2424 2152 2581 2204 novit
2610 2152 2915 2205 humiliare
2947 2151 3232 2217 sublimia,
3267 2156 3322 2204 et
3352 2151 3538 2205 altius
3567 2151 3763 2203 elevare

2072 2243 2374 2309 prostrata,
2425 2246 2642 2309 pestem
2691 2256 2862 2309 quam
2913 2245 3143 2293 extensa
3184 2240 3271 2292 ira
3318 2240 3659 2301 induxerat,
3701 2237 3766 2290 di-

2071 2328 2185 2382 lata
2233 2329 2624 2383 misericordia
2686 2330 3065 2383 subtraheret.
3127 2330 3300 2399 Cujus
3351 2330 3672 2399 benignam
3719 2333 3765 2380 et

2071 2417 2417 2471 laudabilem
2476 2416 2989 2471 administrationis
3058 2417 3116 2470 in
3187 2417 3467 2487 operibus
3538 2416 3763 2486 gratiam

2072 2504 2474 2558 abundantiori
2528 2506 2695 2559 laude
2750 2522 3096 2575 prosequere
3148 2506 3471 2575 cupientes,
3538 2510 3596 2558 et
3647 2503 3763 2558 effe-

2073 2598 2271 2646 ctuoso
2303 2598 2507 2646 conatu
2542 2610 2606 2646 ex
2639 2610 2866 2664 quaqua
2897 2600 3080 2664 parte,
3127 2610 3239 2665 qua
3278 2611 3455 2664 posse
3496 2594 3663 2647 nobis
3690 2593 3763 2645 in-

2068 2682 2331 2750 junctum
2364 2687 2464 2749 est,
2499 2682 2852 2753 aequiperare
2895 2683 3167 2747 volentes,
3213 2682 3596 2735 unanimitati
3636 2695 3765 2749 pra:-

2074 2769 2274 2823 bentes
2308 2771 2695 2837 concordiam,
2731 2776 2788 2824 et
2823 2771 3121 2824 discordiae
3156 2770 3425 2824 radicitus
3456 2770 3761 2823 ambientes

2076 2857 2387 2926 exstirpare
2445 2858 2701 2912 funditus
2761 2874 3027 2925 massam,
3086 2859 3465 2928 praesentiam
3527 2862 3762 2910 nostram

2074 2944 2344 2999 fratribus
2388 2946 2599 2999 nostris
2641 2951 2696 3000 et
2740 2947 3260 3013 consacerdotibus,
3311 2948 3432 3001 sive
3468 2946 3638 3006 ﬁliis,
3683 2960 3759 3013 pe-

276 3038 545 3107 egredere
580 3036 761 3101 nolui,
797 3042 853 3090 et
884 3036 1269 3105 prudentibus
1300 3037 1471 3089 stulta
1501 3052 1847 3106 componere
1888 3037 1960 3089 ti-
2003 3044 2044 3097 ς.
2078 3033 2375 3099 culiarem,
2431 3035 2697 3089 exhibere
2752 3036 3014 3105 protinus
3071 3037 3283 3102 nancti,
3341 3042 3399 3090 et
3452 3051 3590 3106 quae
3646 3048 3759 3085 vera

276 3125 418 3179 mui.
462 3125 568 3179 Sed
601 3141 763 3193 rogo,
818 3129 877 3177 ut
915 3140 1041 3194 quae
1088 3124 1268 3193 magis
1312 3126 1614 3193 currendo,
1648 3141 1822 3195 quam
1854 3131 1967 3178 tra-

274 3214 480 3268 ctando
507 3213 837 3282 conscripsi,
873 3218 928 3265 et
951 3212 1080 3281 plus
1099 3213 1291 3265 dolore
1312 3229 1484 3283 quam
1509 3214 1694 3266 nitore
1717 3212 1966 3283 depinxi,

276 3320 391 3356 non
426 3301 759 3355 scholastice
791 3306 843 3354 et
886 3317 986 3370 per
1036 3301 1331 3355 liberalem
1380 3306 1561 3355 artem
1608 3314 1627 3337 ε
1674 3307 1966 3368 tractetur,

275 3392 374 3446 sed
406 3407 546 3461 pure
578 3396 632 3443 et
672 3390 1027 3459 simpliciter,
1081 3395 1141 3442 ut
1189 3390 1463 3460 scriptum
1507 3396 1610 3455 est,
1660 3391 1966 3459 relegatur.

349 3486 400 3534 7.
452 3479 660 3550 Vigens
702 3478 906 3531 ﬂoreat
944 3478 1305 3547 paternitatis
1347 3485 1546 3534 vestrae
1590 3484 1752 3533 aucta
1790 3479 1970 3534 felici-

276 3575 362 3624 tas
391 3586 495 3639 per
522 3568 705 3638 spatia
737 3583 1041 3622 annorum.
1077 3570 1277 3622 Amen.

278 3803 521 3855 EPISCOPI
571 3800 643 3869 (et
689 3804 748 3852 ut
786 3802 1017 3867 apparet
1066 3814 1222 3853 SAELI
1271 3800 1645 3867 CORDUUENSIS)
1695 3816 1764 3852 an
1812 3817 1971 3854 ALTE-

718 3902 827 3940 nou
870 3902 1163 3940 EPISCOPUM
1206 3902 1453 3939 EPISTOLA
1486 3885 1531 3941 ἀ.

352 4017 400 4065 »1.
452 4010 669 4076 Quibus
707 4010 1126 4063 calamitatibus
1165 4010 1440 4078 quibusve
1484 4010 1730 4064 miseriis
1769 4011 1973 4065 merito

280 4102 544 4171 exigente
585 4100 860 4152 hactenus
899 4104 1185 4163 conterar,
1231 4114 1415 4167 quove
1457 4099 1734 4152 acerrimo
1765 4100 1973 4156 intole-

280 4190 448 4244 rabili
500 4187 693 4242 dolore
753 4202 817 4238 ex
886 4186 1124 4239 diversis
1191 4187 1449 4254 partibus
1516 4187 1732 4251 insuar,
1805 4190 1973 4244 credo

279 4282 482 4331 vestra:
521 4272 863 4328 beatitudini
900 4278 954 4326 et
986 4290 1219 4326 rumore
1251 4274 1459 4327 celebri
1504 4275 1885 4346 divulgatum,
1920 4285 1977 4331 et

2078 3126 2229 3189 sunt,
2264 3123 2471 3192 partim
2512 3124 2811 3178 severitate
2847 3124 3070 3194 judicii,
3114 3125 3327 3195 partim
3370 3125 3609 3178 lenitate
3647 3137 3754 3174 sen-

2076 3210 2270 3264 tentia:
2301 3211 2604 3280 gliscentes
2637 3228 2972 3283 exsequere;
3005 3213 3178 3266 tantis
3215 3229 3274 3267 se
3306 3211 3755 3266 testimoniorum

2077 3298 2511 3369 probationibus
2544 3301 2898 3367 munierunt,
2939 3301 3229 3371 tantisque
3270 3303 3513 3354 Patrum
3548 3304 3754 3352 senten-

2077 3388 2189 3454 tiis,
2223 3404 2349 3458 qua!
2382 3390 2770 3459 compassione
2802 3396 3040 3460 egerant
3067 3390 3337 3460 plevium,
3367 3390 3753 3447 ﬁrmaverunt;

2079 3480 2141 3529 ut
2172 3492 2319 3546 pene
2350 3476 2565 3531 eisdem
2592 3477 2651 3531 in
2682 3477 2898 3547 aliquid
2933 3478 3160 3531 obviare
3191 3476 3211 3513 ί
3242 3494 3356 3531 non
3390 3478 3467 3531 sit
3502 3478 3644 3547 ejus,
3675 3471 3756 3543 qui

2080 3571 2282 3619 cuncta
2320 3582 2376 3618 se
2418 3566 2634 3636 judicio
2684 3572 2739 3619 et
2784 3567 3047 3636 exemplo
3097 3568 3330 3619 Patrum
3377 3566 3587 3619 asserit
3620 3564 3756 3617 inno-

2080 3654 2233 3708 dare.
2282 3656 2500 3721 Fateor,
2552 3656 2631 3709 mi
2676 3655 3033 3709 sanctissime
3082 3655 3334 3721 domine,
3388 3655 3458 3707 ad
3513 3658 3665 3707 tanta
3714 3652 3759 3701 et

2080 3742 2218 3795 talia
2247 3759 2376 3813 quae
2412 3759 2478 3796 ex
2508 3743 2762 3796 virorum
2793 3743 3081 3797 industria
3111 3743 3446 3796 obtulerunt
3478 3739 3753 3812 opuscula,

2081 3831 2353 3901 obstupui
2378 3842 2399 3877 ε
2425 3836 2480 3884 et
2510 3832 2855 3885 sententiam
2887 3847 3075 3885 meam
3107 3831 3274 3885 aliter
3300 3831 3583 3884 hactenus
3607 3840 3757 3881 aucu-

2082 3924 2295 3990 patam,
2340 3920 2614 3973 veraciori
2652 3925 2707 3973 et
2755 3920 3073 3989 probatiori
3122 3919 3496 3989 indagatione
3542 3916 3754 3988 probata

2082 4008 2143 4062 in
2182 4008 2404 4061 meliori
2451 4008 2621 4062 ductu
2670 4014 2727 4061 et
2769 4007 3078 4061 universali
3122 4008 3362 4077 collegio
3403 4000 3755 4063 commutavi.

2084 4115 2154 4152 ne
2196 4097 2595 4163 obstinatione,
2635 4097 2785 4167 quod
2833 4097 3000 4162 abelt,
3049 4097 3225 4151 animi
3267 4098 3472 4150 ductus
3517 4094 3755 4150 fomitem

2066 4178 2297 4241 ralerem
2333 4185 2649 4249 discordiae,
2697 4190 2754 4238 et
2797 4185 3119 4238 membrum
3160 4202 3355 4238 secans
3398 4202 3431 4237 a
3473 4184 3655 4253 capite
3682 4180 3757 4232 in-

2084 4281 2275 4329 sontes
2307 4290 2450 4345 quos
2477 4273 2823 4327 conscientia
2852 4274 3083 4337 liberos,
3116 4278 3171 4326 et
3202 4273 3534 4326 innocentia
3563 4274 3757 4325 immu—

279 4363 558 4419 veraciori
590 4360 1057 4430 comprobatione
1098 4361 1437 4430 praesentiae,
1473 4363 1636 4432 quasi
1676 4366 1972 4435 proprium
2014 4383 2057 4437 ι)
2086 4379 2189 4417 nes
2227 4364 2573 4428 ostenderat,
2609 4366 2805 4415 nostra
2847 4362 3105 4415 indebita
3153 4361 3436 4414 sententia
3473 4377 3507 4413 a
3546 4363 3755 4414 Patrum

280 4450 680 4523 compassione
732 4449 1138 4503 misericordiae
1186 4450 1643 4519 comprobatum.
1702 4454 1765 4506 Et
1818 4453 1970 4518 ideo,

281 4544 362 4598 mi
418 4538 824 4594 sublimissime
870 4537 1123 4603 domine,
1184 4540 1577 4607 apostolorum
1638 4541 1865 4607 vicarie,
1919 4549 1976 4598 et

282 4647 474 4686 rerum
510 4628 729 4699 opificis
770 4627 980 4681 Christi
1027 4627 1356 4697 sequipede,
1403 4628 1828 4698 suifragationis
1862 4631 1973 4684 fra-

280 4719 500 4775 ternale
559 4717 832 4771 auxilium
891 4721 1048 4768 tanto
1108 4714 1515 4769 abundantiori
1561 4716 1785 4770 fusione
1831 4718 1975 4772 mihi

280 4808 512 4879 porrige
542 4807 947 4875 lacrymarum,
981 4808 1195 4873 quanto
1222 4819 1313 4856 me
1336 4820 1455 4874 prae
1476 4806 1694 4859 cunctis
1716 4822 1974 4875 pressum

282 4897 432 4950 mole
469 4909 739 4948 noxarum
780 4908 883 4962 per
930 4890 1351 4945 immanitatem
1395 4894 1675 4962 conspicis
1714 4894 1973 4964 ﬂagello-

282 5002 439 5051 rum;
478 4988 539 5036 ut
569 4983 759 5036 divina
790 4980 989 5049 pietas,
1025 4996 1153 5050 quae
1195 4981 1500 5035 sceleribus
1535 4983 1679 5037 meis
1709 4984 1973 5037 innume-

281 5076 359 5127 ris
407 5073 644 5135 offensa,
688 5069 1003 5140 justissima
1044 5068 1331 5123 ultionum
1362 5074 1745 5141 temperantes
1776 5072 1975 5127 hacte-

283 5179 389 5216 nus
446 5161 675 5229 inrogat
724 5157 939 5227 plagas,
998 5156 1186 5227 diguis
1246 5159 1446 5213 vestris
1498 5160 1761 5231 precibus
1808 5160 1971 5228 ﬂexa,

350 5312 375 5336 ⁸
406 5302 467 5356 Id
496 5304 598 5366 est,
631 5297 877 5352 luctibus
908 5315 1022 5353 non
1056 5300 1457 5356 mediocribus.

350 5376 376 5415 ι)
407 5375 605 5441 Opera,
636 5386 700 5435 ae,
730 5369 881 5423 idem
913 5386 977 5424 ac
1003 5386 1156 5440 opus.

352 5453 371 5477 ο
402 5444 525 5507 Ms,
558 5458 658 5511 per
688 5441 902 5494 liberali
929 5448 1066 5496 arte.

350 5516 374 5556 ἀ
406 5513 540 5567 Vide
570 5511 853 5580 notitiam,
882 5528 1072 5581 supra.

351 5597 373 5619 υ
405 5586 600 5650 Bravo,
629 5600 685 5653 p.
730 5584 844 5646 149,
880 5584 1164 5638 indictum.

2084 4450 2463 4520 intelligentia
2506 4452 2769 4504 exsulans
2798 4455 3031 4503 conaret
3061 4450 3305 4513 abicere,
3340 4455 3637 4519 totamque
3676 4445 3755 4497 Ec-

2083 4540 2334 4603 clesiam,
2371 4540 2524 4609 quod
2557 4541 2749 4609 procul
2783 4540 2857 4591 sit
2886 4555 2917 4590 a
2950 4540 3274 4607 pastoribus
3313 4538 3429 4599 Dei,
3469 4534 3754 4590 crudelita-

2082 4628 2155 4682 tis
2197 4628 2407 4693 edictu,
2458 4628 2573 4681 imo
2617 4627 2924 4696 imperitiae
2980 4627 3146 4692 fastu,
3204 4627 3442 4679 maculis
3497 4619 3755 4679 indebetis

2081 4718 2345 4786 pollueri,
2389 4716 2781 4785 haereticisque
2828 4716 2887 4769 in
2936 4715 3246 4769 contemtia
3277 4718 3304 4757 ιι
3344 4715 3751 4771 concordantes,

2082 4806 2386 4876 parvisque
2433 4804 2798 4859 homunculis
2837 4804 3149 4872 inexpertis
3193 4808 3247 4856 et
3291 4803 3487 4856 insciis
3533 4798 3755 4869 compla-

2082 4900 2294 4959 centes,
2346 4892 2789 4947 universalitatis
2836 4908 3063 4955 nomen,
3110 4892 3167 4946 id
3199 4898 3284 4945 est
3315 4892 3675 4955 catholicum,
3706 4885 3753 4936 in

2081 4987 2264 5053 parte,
2298 4988 2351 5036 et
2383 4998 2495 5036 non
2529 4982 2589 5035 in
2629 4986 2765 5047 toto,
2805 4986 2861 5035 ut
2898 4981 3133 5050 dignum
3170 4986 3256 5035 est
3286 4981 3533 5034 retinere
3564 4980 3576 5015 ί
3603 4996 3615 5033 :
3644 4987 3752 5029 cum

2075 5072 2238 5142 juxta
2277 5072 2585 5125 canonicus
2632 5071 2955 5125 verissimas
3002 5076 3061 5124 et
3107 5071 3445 5124 universalis
3488 5070 3503 5114 l
3558 5062 3750 5123 saeculis

2082 5161 2511 5231 probatissimas
2549 5160 2891 5223 sanctiones,
2941 5164 3239 5230 peccatum
3284 5158 3486 5229 populi
3528 5157 3747 5212 inultum

2154 5303 2171 5337 ¹
2202 5304 2451 5369 Obviare,
2506 5303 2563 5357 id
2618 5308 2705 5356 est
2759 5301 3166 5367 contradicere,
3220 5302 3368 5356 sicut
3415 5300 3601 5355 obvius
3640 5310 3747 5350 con-

2082 5376 2311 5429 trarius.

2155 5459 2185 5500 3
2215 5447 2333 5512 Ms.,
2367 5447 2589 5513 ostipui.

2153 5518 2179 5557 τι
2211 5517 2491 5571 Contentia
2520 5516 2669 5568 idem
2698 5531 2761 5568 ac
2792 5517 3075 5581 contentio,
3108 5515 3213 5567 nis.

2156 5586 2167 5619 ³
2198 5588 2254 5640 F.
2294 5592 2351 5639 ut
2383 5588 2607 5652 dignum
2635 5593 2732 5652 est,
2762 5589 3061 5640 retinerem.

2159 5658 2173 5699 ἱ
2201 5658 2257 5711 F.
2293 5659 2580 5711 universis.
