  <div class='ocr_page' id='page_1' title='image "/cluster/home/n/w/nwhite01/storage/ocr_20150623/121/uva.x000827051/244.png"; bbox 0 0 3860 6262; ppageno 0'>
   <div class='ocr_carea' id='block_1_1' title="bbox 57 356 161 406">
    <p class='ocr_par' dir='ltr' id='par_1_1' title="bbox 57 356 161 406">
     <span class='ocr_line' id='line_1_1' title="bbox 57 356 161 406; baseline -0.029 0"><span class='ocrx_word' id='word_1_1' title='bbox 57 356 161 406; x_wconf 55' lang='lat' dir='ltr'>itif!</span> 
     </span>
    </p>
   </div>
   <div class='ocr_carea' id='block_1_2' title="bbox 1634 349 2004 404">
    <p class='ocr_par' dir='ltr' id='par_1_2' title="bbox 1634 349 2004 404">
     <span class='ocr_line' id='line_1_2' title="bbox 1634 349 2004 404; baseline 0 -3"><span class='ocrx_word' id='word_1_2' title='bbox 1634 349 2004 404; x_wconf 76' lang='lat' dir='ltr'>EPISTULE.</span> 
     </span>
    </p>
   </div>
   <div class='ocr_carea' id='block_1_3' title="bbox 3469 350 3572 402">
    <p class='ocr_par' dir='ltr' id='par_1_3' title="bbox 3469 350 3572 402">
     <span class='ocr_line' id='line_1_3' title="bbox 3469 350 3572 402; baseline 0 -1"><span class='ocrx_word' id='word_1_3' title='bbox 3469 350 3572 402; x_wconf 68' lang='grc'>470</span> 
     </span>
    </p>
   </div>
   <div class='ocr_carea' id='block_1_4' title="bbox 53 483 3556 556">
    <p class='ocr_par' dir='ltr' id='par_1_4' title="bbox 53 483 3556 556">
     <span class='ocr_line' id='line_1_4' title="bbox 53 483 3556 556; baseline 0 -18"><span class='ocrx_word' id='word_1_4' title='bbox 53 487 357 556; x_wconf 62' lang='lat' dir='ltr'>praeterire</span> <span class='ocrx_word' id='word_1_5' title='bbox 389 495 413 518; x_wconf 77' lang='grc' dir='ltr'>ι</span> <span class='ocrx_word' id='word_1_6' title='bbox 439 486 605 554; x_wconf 85' lang='lat' dir='ltr'>juxta</span> <span class='ocrx_word' id='word_1_7' title='bbox 650 485 803 554; x_wconf 87' lang='lat' dir='ltr'>quod</span> <span class='ocrx_word' id='word_1_8' title='bbox 838 483 1176 537; x_wconf 85' lang='lat' dir='ltr'>venerabilis</span> <span class='ocrx_word' id='word_1_9' title='bbox 1208 500 1354 552; x_wconf 85' lang='lat' dir='ltr'>papa</span> <span class='ocrx_word' id='word_1_10' title='bbox 1402 483 1761 535; x_wconf 87' lang='lat' dir='ltr'>Innocentius</span> <span class='ocrx_word' id='word_1_11' title='bbox 1800 486 1842 536; x_wconf 73' lang='grc' dir='ltr'>Α</span> <span class='ocrx_word' id='word_1_12' title='bbox 1868 483 2002 552; x_wconf 82' lang='lat' dir='ltr'>quia</span> <span class='ocrx_word' id='word_1_13' title='bbox 2027 489 2252 536; x_wconf 89' lang='lat' dir='ltr'>sanctus</span> <span class='ocrx_word' id='word_1_14' title='bbox 2285 483 2342 536; x_wconf 89' lang='lat' dir='ltr'>in</span> <span class='ocrx_word' id='word_1_15' title='bbox 2383 500 2448 536; x_wconf 91' lang='lat' dir='ltr'>ea</span> <span class='ocrx_word' id='word_1_16' title='bbox 2491 500 2727 537; x_wconf 90' lang='lat' dir='ltr'>manens</span> <span class='ocrx_word' id='word_1_17' title='bbox 2761 485 3005 554; x_wconf 78' lang='lat' dir='ltr'>Spiritus</span> <span class='ocrx_word' id='word_1_18' title='bbox 3053 485 3320 538; x_wconf 86' lang='lat' dir='ltr'>eumdem</span> <span class='ocrx_word' id='word_1_19' title='bbox 3373 501 3556 538; x_wconf 82' lang='lat' dir='ltr'>sacru-</span> 
     </span>
    </p>
   </div>
   <div class='ocr_carea' id='block_1_5' title="bbox 54 571 1760 644">
    <p class='ocr_par' dir='ltr' id='par_1_5' title="bbox 54 571 1760 644">
     <span class='ocr_line' id='line_1_5' title="bbox 54 571 1760 644; baseline -0.004 -16"><span class='ocrx_word' id='word_1_20' title='bbox 54 575 119 628; x_wconf 88' lang='lat' dir='ltr'>ad</span> <span class='ocrx_word' id='word_1_21' title='bbox 156 575 417 628; x_wconf 79' lang='lat' dir='ltr'>Rubium</span> <span class='ocrx_word' id='word_1_22' title='bbox 441 576 467 616; x_wconf 70' lang='grc' dir='ltr'>δ</span> <span class='ocrx_word' id='word_1_23' title='bbox 497 573 833 644; x_wconf 85' lang='lat' dir='ltr'>episcopum</span> <span class='ocrx_word' id='word_1_24' title='bbox 880 571 1297 642; x_wconf 86' lang='lat' dir='ltr'>probatissiniis</span> <span class='ocrx_word' id='word_1_25' title='bbox 1330 571 1516 624; x_wconf 78' lang='lat' dir='ltr'>sanxit</span> <span class='ocrx_word' id='word_1_26' title='bbox 1563 573 1760 623; x_wconf 88' lang='lat' dir='ltr'>decre-</span> 
     </span>
    </p>
   </div>
   <div class='ocr_carea' id='block_1_6' title="bbox 52 660 1762 732">
    <p class='ocr_par' dir='ltr' id='par_1_6' title="bbox 52 660 1762 732">
     <span class='ocr_line' id='line_1_6' title="bbox 52 660 1762 732; baseline -0.002 -16"><span class='ocrx_word' id='word_1_27' title='bbox 52 664 138 717; x_wconf 89' lang='lat' dir='ltr'>tis.</span> <span class='ocrx_word' id='word_1_28' title='bbox 188 662 364 726; x_wconf 87' lang='lat' dir='ltr'>Quod</span> <span class='ocrx_word' id='word_1_29' title='bbox 416 663 464 715; x_wconf 89' lang='lat' dir='ltr'>si</span> <span class='ocrx_word' id='word_1_30' title='bbox 521 667 818 732; x_wconf 89' lang='lat' dir='ltr'>peccatum</span> <span class='ocrx_word' id='word_1_31' title='bbox 878 676 1047 730; x_wconf 86' lang='lat' dir='ltr'>opere</span> <span class='ocrx_word' id='word_1_32' title='bbox 1096 661 1181 713; x_wconf 86' lang='lat' dir='ltr'>vel</span> <span class='ocrx_word' id='word_1_33' title='bbox 1245 660 1482 713; x_wconf 77' lang='lat' dir='ltr'>testibus</span> <span class='ocrx_word' id='word_1_34' title='bbox 1541 660 1762 712; x_wconf 84' lang='lat' dir='ltr'>idoneis</span> 
     </span>
    </p>
   </div>
   <div class='ocr_carea' id='block_1_7' title="bbox 49 748 1763 821">
    <p class='ocr_par' dir='ltr' id='par_1_7' title="bbox 49 748 1763 821">
     <span class='ocr_line' id='line_1_7' title="bbox 49 748 1763 821; baseline -0.002 -16"><span class='ocrx_word' id='word_1_35' title='bbox 49 751 502 821; x_wconf 87' lang='lat' dir='ltr'>comprobatum</span> <span class='ocrx_word' id='word_1_36' title='bbox 533 767 636 821; x_wconf 87' lang='lat' dir='ltr'>pro</span> <span class='ocrx_word' id='word_1_37' title='bbox 679 749 938 803; x_wconf 87' lang='lat' dir='ltr'>custodia</span> <span class='ocrx_word' id='word_1_38' title='bbox 968 749 1263 802; x_wconf 89' lang='lat' dir='ltr'>charitatis</span> <span class='ocrx_word' id='word_1_39' title='bbox 1319 748 1568 801; x_wconf 87' lang='lat' dir='ltr'>inultum</span> <span class='ocrx_word' id='word_1_40' title='bbox 1621 765 1763 817; x_wconf 71' lang='lat' dir='ltr'>pree-</span> 
     </span>
    </p>
   </div>
   <div class='ocr_carea' id='block_1_8' title="bbox 49 837 1762 910">
    <p class='ocr_par' dir='ltr' id='par_1_8' title="bbox 49 837 1762 910">
     <span class='ocr_line' id='line_1_8' title="bbox 49 837 1762 910; baseline -0.002 -16"><span class='ocrx_word' id='word_1_41' title='bbox 49 841 507 910; x_wconf 88' lang='lat' dir='ltr'>terirejubetur,</span> <span class='ocrx_word' id='word_1_42' title='bbox 532 845 746 910; x_wconf 90' lang='lat' dir='ltr'>quanto</span> <span class='ocrx_word' id='word_1_43' title='bbox 775 838 964 909; x_wconf 90' lang='lat' dir='ltr'>potius</span> <span class='ocrx_word' id='word_1_44' title='bbox 997 839 1065 891; x_wconf 92' lang='lat' dir='ltr'>ad</span> <span class='ocrx_word' id='word_1_45' title='bbox 1104 838 1285 907; x_wconf 64' lang='lat' dir='ltr'>culpae</span> <span class='ocrx_word' id='word_1_46' title='bbox 1311 854 1425 890; x_wconf 91' lang='lat' dir='ltr'>non</span> <span class='ocrx_word' id='word_1_47' title='bbox 1462 837 1762 890; x_wconf 76' lang='lat' dir='ltr'>deducitur</span> 
     </span>
    </p>
   </div>
   <div class='ocr_carea' id='block_1_9' title="bbox 47 925 1760 998">
    <p class='ocr_par' dir='ltr' id='par_1_9' title="bbox 47 925 1760 998">
     <span class='ocr_line' id='line_1_9' title="bbox 47 925 1760 998; baseline -0.001 -18"><span class='ocrx_word' id='word_1_48' title='bbox 47 929 315 992; x_wconf 87' lang='lat' dir='ltr'>titulum,</span> <span class='ocrx_word' id='word_1_49' title='bbox 371 927 523 998; x_wconf 91' lang='lat' dir='ltr'>quod</span> <span class='ocrx_word' id='word_1_50' title='bbox 576 927 830 980; x_wconf 78' lang='lat' dir='ltr'>veritatis</span> <span class='ocrx_word' id='word_1_51' title='bbox 878 925 1146 996; x_wconf 79' lang='lat' dir='ltr'>indagine</span> <span class='ocrx_word' id='word_1_52' title='bbox 1199 932 1255 979; x_wconf 89' lang='lat' dir='ltr'>et</span> <span class='ocrx_word' id='word_1_53' title='bbox 1300 925 1760 978; x_wconf 89' lang='lat' dir='ltr'>testimoniorum</span> 
     </span>
    </p>
   </div>
   <div class='ocr_carea' id='block_1_10' title="bbox 45 1014 1758 1083">
    <p class='ocr_par' dir='ltr' id='par_1_10' title="bbox 45 1014 1758 1083">
     <span class='ocr_line' id='line_1_10' title="bbox 45 1014 1758 1083; baseline -0.002 -13"><span class='ocrx_word' id='word_1_54' title='bbox 45 1017 333 1082; x_wconf 67' lang='lat' dir='ltr'>scientiae,</span> <span class='ocrx_word' id='word_1_55' title='bbox 368 1033 484 1069; x_wconf 92' lang='lat' dir='ltr'>non</span> <span class='ocrx_word' id='word_1_56' title='bbox 530 1015 869 1068; x_wconf 77' lang='lat' dir='ltr'>temeritatis</span> <span class='ocrx_word' id='word_1_57' title='bbox 914 1031 1075 1080; x_wconf 91' lang='lat' dir='ltr'>ausu,</span> <span class='ocrx_word' id='word_1_58' title='bbox 1113 1031 1214 1066; x_wconf 91' lang='lat' dir='ltr'>nec</span> <span class='ocrx_word' id='word_1_59' title='bbox 1255 1014 1640 1083; x_wconf 84' lang='lat' dir='ltr'>usurpationis</span> <span class='ocrx_word' id='word_1_60' title='bbox 1672 1015 1758 1066; x_wconf 91' lang='lat' dir='ltr'>in-</span> 
     </span>
    </p>
   </div>
   <div class='ocr_carea' id='block_1_11' title="bbox 45 1103 1760 1173">
    <p class='ocr_par' dir='ltr' id='par_1_11' title="bbox 45 1103 1760 1173">
     <span class='ocr_line' id='line_1_11' title="bbox 45 1103 1760 1173; baseline -0.001 -15"><span class='ocrx_word' id='word_1_61' title='bbox 45 1107 293 1173; x_wconf 89' lang='lat' dir='ltr'>stinctu,</span> <span class='ocrx_word' id='word_1_62' title='bbox 339 1105 437 1159; x_wconf 89' lang='lat' dir='ltr'>sed</span> <span class='ocrx_word' id='word_1_63' title='bbox 496 1105 617 1158; x_wconf 93' lang='lat' dir='ltr'>solo</span> <span class='ocrx_word' id='word_1_64' title='bbox 676 1110 892 1158; x_wconf 86' lang='lat' dir='ltr'>terrore</span> <span class='ocrx_word' id='word_1_65' title='bbox 947 1109 1004 1156; x_wconf 90' lang='lat' dir='ltr'>et</span> <span class='ocrx_word' id='word_1_66' title='bbox 1050 1103 1405 1156; x_wconf 78' lang='lat' dir='ltr'>immanitate</span> <span class='ocrx_word' id='word_1_67' title='bbox 1463 1103 1760 1156; x_wconf 81' lang='lat' dir='ltr'>saevissimi</span> 
     </span>
    </p>
   </div>
   <div class='ocr_carea' id='block_1_12' title="bbox 44 1192 1754 1265">
    <p class='ocr_par' dir='ltr' id='par_1_12' title="bbox 44 1192 1754 1265">
     <span class='ocr_line' id='line_1_12' title="bbox 44 1192 1754 1265; baseline -0.002 -17"><span class='ocrx_word' id='word_1_68' title='bbox 44 1195 336 1265; x_wconf 89' lang='lat' dir='ltr'>temporis</span> <span class='ocrx_word' id='word_1_69' title='bbox 404 1194 763 1259; x_wconf 88' lang='lat' dir='ltr'>imminente,</span> <span class='ocrx_word' id='word_1_70' title='bbox 831 1209 948 1246; x_wconf 89' lang='lat' dir='ltr'>non</span> <span class='ocrx_word' id='word_1_71' title='bbox 1003 1192 1372 1256; x_wconf 88' lang='lat' dir='ltr'>intentatum,</span> <span class='ocrx_word' id='word_1_72' title='bbox 1418 1192 1513 1245; x_wconf 90' lang='lat' dir='ltr'>sed</span> <span class='ocrx_word' id='word_1_73' title='bbox 1546 1192 1754 1245; x_wconf 83' lang='lat' dir='ltr'>discre-</span> 
     </span>
    </p>
   </div>
   <div class='ocr_carea' id='block_1_13' title="bbox 41 1280 1760 1352">
    <p class='ocr_par' dir='ltr' id='par_1_13' title="bbox 41 1280 1760 1352">
     <span class='ocr_line' id='line_1_13' title="bbox 41 1280 1760 1352; baseline -0.001 -18"><span class='ocrx_word' id='word_1_74' title='bbox 41 1284 198 1334; x_wconf 84' lang='lat' dir='ltr'>tione</span> <span class='ocrx_word' id='word_1_75' title='bbox 267 1282 612 1352; x_wconf 65' lang='lat' dir='ltr'>praecipua,</span> <span class='ocrx_word' id='word_1_76' title='bbox 673 1286 727 1334; x_wconf 90' lang='lat' dir='ltr'>et</span> <span class='ocrx_word' id='word_1_77' title='bbox 767 1280 1186 1351; x_wconf 84' lang='lat' dir='ltr'>dispensatione</span> <span class='ocrx_word' id='word_1_78' title='bbox 1245 1281 1486 1333; x_wconf 87' lang='lat' dir='ltr'>honesta</span> <span class='ocrx_word' id='word_1_79' title='bbox 1547 1280 1760 1333; x_wconf 83' lang='lat' dir='ltr'>exstitit</span> 
     </span>
    </p>
   </div>
   <div class='ocr_carea' id='block_1_14' title="bbox 43 1368 1753 1439">
    <p class='ocr_par' dir='ltr' id='par_1_14' title="bbox 43 1368 1753 1439">
     <span class='ocr_line' id='line_1_14' title="bbox 43 1368 1753 1439; baseline -0.002 -15"><span class='ocrx_word' id='word_1_80' title='bbox 43 1371 486 1439; x_wconf 83' lang='lat' dir='ltr'>temperatum?</span> <span class='ocrx_word' id='word_1_81' title='bbox 511 1369 732 1434; x_wconf 87' lang='lat' dir='ltr'>Quanta</span> <span class='ocrx_word' id='word_1_82' title='bbox 767 1386 897 1423; x_wconf 89' lang='lat' dir='ltr'>vero</span> <span class='ocrx_word' id='word_1_83' title='bbox 931 1385 1034 1439; x_wconf 92' lang='lat' dir='ltr'>pro</span> <span class='ocrx_word' id='word_1_84' title='bbox 1059 1373 1315 1438; x_wconf 89' lang='lat' dir='ltr'>tempore</span> <span class='ocrx_word' id='word_1_85' title='bbox 1346 1386 1377 1422; x_wconf 91' lang='lat' dir='ltr'>a</span> <span class='ocrx_word' id='word_1_86' title='bbox 1409 1368 1753 1422; x_wconf 79' lang='lat' dir='ltr'>beatissimis</span> 
     </span>
    </p>
   </div>
   <div class='ocr_carea' id='block_1_15' title="bbox 44 1459 1754 1529">
    <p class='ocr_par' dir='ltr' id='par_1_15' title="bbox 44 1459 1754 1529">
     <span class='ocr_line' id='line_1_15' title="bbox 44 1459 1754 1529; baseline 0 -17"><span class='ocrx_word' id='word_1_87' title='bbox 44 1461 173 1512; x_wconf 91' lang='lat' dir='ltr'>ﬁdei</span> <span class='ocrx_word' id='word_1_88' title='bbox 205 1464 430 1512; x_wconf 57' lang='lat' dir='ltr'>nostra</span> <span class='ocrx_word' id='word_1_89' title='bbox 457 1459 806 1523; x_wconf 81' lang='lat' dir='ltr'>auctoribus;</span> <span class='ocrx_word' id='word_1_90' title='bbox 841 1459 897 1512; x_wconf 91' lang='lat' dir='ltr'>id</span> <span class='ocrx_word' id='word_1_91' title='bbox 928 1463 1011 1512; x_wconf 90' lang='lat' dir='ltr'>est</span> <span class='ocrx_word' id='word_1_92' title='bbox 1039 1459 1331 1528; x_wconf 83' lang='lat' dir='ltr'>apostolis,</span> <span class='ocrx_word' id='word_1_93' title='bbox 1362 1459 1754 1529; x_wconf 73' lang='lat' dir='ltr'>temperantiae</span> 
     </span>
    </p>
   </div>
   <div class='ocr_carea' id='block_1_16' title="bbox 45 1546 1756 1618">
    <p class='ocr_par' dir='ltr' id='par_1_16' title="bbox 45 1546 1756 1618">
     <span class='ocr_line' id='line_1_16' title="bbox 45 1546 1756 1618; baseline 0 -16"><span class='ocrx_word' id='word_1_94' title='bbox 45 1549 187 1618; x_wconf 85' lang='lat' dir='ltr'>lege,</span> <span class='ocrx_word' id='word_1_95' title='bbox 221 1554 288 1600; x_wconf 91' lang='lat' dir='ltr'>et</span> <span class='ocrx_word' id='word_1_96' title='bbox 324 1547 686 1600; x_wconf 84' lang='lat' dir='ltr'>discretionis</span> <span class='ocrx_word' id='word_1_97' title='bbox 720 1549 887 1613; x_wconf 92' lang='lat' dir='ltr'>bono,</span> <span class='ocrx_word' id='word_1_98' title='bbox 942 1546 1266 1618; x_wconf 79' lang='lat' dir='ltr'>dispensata</span> <span class='ocrx_word' id='word_1_99' title='bbox 1299 1549 1640 1614; x_wconf 75' lang='lat' dir='ltr'>exstiterint,</span> <span class='ocrx_word' id='word_1_100' title='bbox 1700 1554 1756 1602; x_wconf 90' lang='lat' dir='ltr'>et</span> 
     </span>
    </p>
   </div>
   <div class='ocr_carea' id='block_1_17' title="bbox 49 1635 1754 1706">
    <p class='ocr_par' dir='ltr' id='par_1_17' title="bbox 49 1635 1754 1706">
     <span class='ocr_line' id='line_1_17' title="bbox 49 1635 1754 1706; baseline 0 -17"><span class='ocrx_word' id='word_1_101' title='bbox 49 1643 163 1689; x_wconf 87' lang='lat' dir='ltr'>acta</span> <span class='ocrx_word' id='word_1_102' title='bbox 194 1652 413 1690; x_wconf 89' lang='lat' dir='ltr'>eorum</span> <span class='ocrx_word' id='word_1_103' title='bbox 445 1635 803 1706; x_wconf 90' lang='lat' dir='ltr'>apertissima</span> <span class='ocrx_word' id='word_1_104' title='bbox 835 1636 981 1702; x_wconf 87' lang='lat' dir='ltr'>luce,</span> <span class='ocrx_word' id='word_1_105' title='bbox 1025 1636 1442 1706; x_wconf 80' lang='lat' dir='ltr'>perspicueque</span> <span class='ocrx_word' id='word_1_106' title='bbox 1499 1637 1754 1689; x_wconf 90' lang='lat' dir='ltr'>referunt</span> 
     </span>
    </p>
   </div>
   <div class='ocr_carea' id='block_1_18' title="bbox 49 1724 1752 1795">
    <p class='ocr_par' dir='ltr' id='par_1_18' title="bbox 49 1724 1752 1795">
     <span class='ocr_line' id='line_1_18' title="bbox 49 1724 1752 1795; baseline 0.001 -18"><span class='ocrx_word' id='word_1_107' title='bbox 49 1725 310 1778; x_wconf 86' lang='lat' dir='ltr'>claritate</span> <span class='ocrx_word' id='word_1_108' title='bbox 351 1741 363 1777; x_wconf 90' lang='lat'>:</span> <span class='ocrx_word' id='word_1_109' title='bbox 400 1730 457 1778; x_wconf 87' lang='lat' dir='ltr'>et</span> <span class='ocrx_word' id='word_1_110' title='bbox 505 1724 846 1777; x_wconf 87' lang='lat' dir='ltr'>sanctissimi</span> <span class='ocrx_word' id='word_1_111' title='bbox 896 1725 1232 1795; x_wconf 79' lang='lat' dir='ltr'>Hieronymi</span> <span class='ocrx_word' id='word_1_112' title='bbox 1288 1724 1664 1790; x_wconf 85' lang='lat' dir='ltr'>admirabilis,</span> <span class='ocrx_word' id='word_1_113' title='bbox 1699 1730 1752 1778; x_wconf 90' lang='lat' dir='ltr'>et</span> 
     </span>
    </p>
   </div>
   <div class='ocr_carea' id='block_1_19' title="bbox 48 1813 1748 1883">
    <p class='ocr_par' dir='ltr' id='par_1_19' title="bbox 48 1813 1748 1883">
     <span class='ocr_line' id='line_1_19' title="bbox 48 1813 1748 1883; baseline 0.001 -17"><span class='ocrx_word' id='word_1_114' title='bbox 48 1814 264 1866; x_wconf 90' lang='lat' dir='ltr'>cunctis</span> <span class='ocrx_word' id='word_1_115' title='bbox 301 1813 526 1866; x_wconf 68' lang='lat' dir='ltr'>saeculis</span> <span class='ocrx_word' id='word_1_116' title='bbox 558 1813 953 1883; x_wconf 71' lang='lat' dir='ltr'>praeconahilis</span> <span class='ocrx_word' id='word_1_117' title='bbox 977 1813 1102 1877; x_wconf 91' lang='lat' dir='ltr'>viri,</span> <span class='ocrx_word' id='word_1_118' title='bbox 1132 1817 1415 1866; x_wconf 82' lang='lat' dir='ltr'>testantur</span> <span class='ocrx_word' id='word_1_119' title='bbox 1445 1814 1702 1882; x_wconf 55' lang='lat' dir='ltr'>epistola</span> <span class='ocrx_word' id='word_1_120' title='bbox 1735 1830 1748 1866; x_wconf 90' lang='lat'>:</span> 
     </span>
    </p>
   </div>
   <div class='ocr_carea' id='block_1_20' title="bbox 47 1901 1753 1972">
    <p class='ocr_par' dir='ltr' id='par_1_20' title="bbox 47 1901 1753 1972">
     <span class='ocr_line' id='line_1_20' title="bbox 47 1901 1753 1972; baseline 0.001 -19"><span class='ocrx_word' id='word_1_121' title='bbox 47 1906 96 1953; x_wconf 88' lang='lat' dir='ltr'>et</span> <span class='ocrx_word' id='word_1_122' title='bbox 127 1908 187 1954; x_wconf 94' lang='lat' dir='ltr'>ut</span> <span class='ocrx_word' id='word_1_123' title='bbox 216 1903 506 1971; x_wconf 85' lang='lat' dir='ltr'>separatis</span> <span class='ocrx_word' id='word_1_124' title='bbox 546 1916 858 1972; x_wconf 87' lang='lat' dir='ltr'>parumper</span> <span class='ocrx_word' id='word_1_125' title='bbox 884 1901 1248 1966; x_wconf 89' lang='lat' dir='ltr'>testimoniis,</span> <span class='ocrx_word' id='word_1_126' title='bbox 1282 1917 1346 1954; x_wconf 88' lang='lat' dir='ltr'>ac</span> <span class='ocrx_word' id='word_1_127' title='bbox 1397 1906 1753 1972; x_wconf 87' lang='lat' dir='ltr'>sequestrata</span> 
     </span>
    </p>
   </div>
   <div class='ocr_carea' id='block_1_21' title="bbox 46 1990 1753 2060">
    <p class='ocr_par' dir='ltr' id='par_1_21' title="bbox 46 1990 1753 2060">
     <span class='ocr_line' id='line_1_21' title="bbox 46 1990 1753 2060; baseline 0.001 -17"><span class='ocrx_word' id='word_1_128' title='bbox 46 1991 387 2044; x_wconf 82' lang='lat' dir='ltr'>auctoritate</span> <span class='ocrx_word' id='word_1_129' title='bbox 422 1992 674 2056; x_wconf 90' lang='lat' dir='ltr'>Patrum,</span> <span class='ocrx_word' id='word_1_130' title='bbox 711 2006 836 2059; x_wconf 65' lang='lat' dir='ltr'>quae</span> <span class='ocrx_word' id='word_1_131' title='bbox 893 1990 1175 2042; x_wconf 88' lang='lat' dir='ltr'>debentur</span> <span class='ocrx_word' id='word_1_132' title='bbox 1208 1991 1480 2060; x_wconf 80' lang='lat' dir='ltr'>pastorali</span> <span class='ocrx_word' id='word_1_133' title='bbox 1537 1990 1753 2044; x_wconf 84' lang='lat' dir='ltr'>adverti</span> 
     </span>
    </p>
   </div>
   <div class='ocr_carea' id='block_1_22' title="bbox 49 2077 1752 2147">
    <p class='ocr_par' dir='ltr' id='par_1_22' title="bbox 49 2077 1752 2147">
     <span class='ocr_line' id='line_1_22' title="bbox 49 2077 1752 2147; baseline 0.002 -18"><span class='ocrx_word' id='word_1_134' title='bbox 49 2079 353 2147; x_wconf 72' lang='lat' dir='ltr'>regimine,</span> <span class='ocrx_word' id='word_1_135' title='bbox 389 2084 444 2131; x_wconf 83' lang='lat' dir='ltr'>et</span> <span class='ocrx_word' id='word_1_136' title='bbox 473 2077 756 2147; x_wconf 88' lang='lat' dir='ltr'>paternali</span> <span class='ocrx_word' id='word_1_137' title='bbox 786 2078 1062 2131; x_wconf 89' lang='lat' dir='ltr'>industria</span> <span class='ocrx_word' id='word_1_138' title='bbox 1088 2078 1410 2147; x_wconf 65' lang='lat' dir='ltr'>prarvideri,</span> <span class='ocrx_word' id='word_1_139' title='bbox 1458 2079 1752 2132; x_wconf 88' lang='lat' dir='ltr'>attentiori</span> 
     </span>
    </p>
   </div>
   <div class='ocr_carea' id='block_1_23' title="bbox 47 2167 1748 2222">
    <p class='ocr_par' dir='ltr' id='par_1_23' title="bbox 47 2167 1748 2222">
     <span class='ocr_line' id='line_1_23' title="bbox 47 2167 1748 2222; baseline 0.001 -2"><span class='ocrx_word' id='word_1_140' title='bbox 47 2175 90 2220; x_wconf 83' lang='lat' dir='ltr'>et</span> <span class='ocrx_word' id='word_1_141' title='bbox 131 2167 481 2220; x_wconf 88' lang='lat' dir='ltr'>liminatiori</span> <span class='ocrx_word' id='word_1_142' title='bbox 524 2167 840 2220; x_wconf 88' lang='lat' dir='ltr'>intentione</span> <span class='ocrx_word' id='word_1_143' title='bbox 871 2171 1204 2220; x_wconf 85' lang='lat' dir='ltr'>tractentur.</span> <span class='ocrx_word' id='word_1_144' title='bbox 1237 2168 1398 2221; x_wconf 87' lang='lat' dir='ltr'>Certe</span> <span class='ocrx_word' id='word_1_145' title='bbox 1447 2168 1504 2220; x_wconf 91' lang='lat' dir='ltr'>in</span> <span class='ocrx_word' id='word_1_146' title='bbox 1545 2168 1748 2222; x_wconf 89' lang='lat' dir='ltr'>horum</span> 
     </span>
    </p>
   </div>
   <div class='ocr_carea' id='block_1_24' title="bbox 48 2255 1752 2310">
    <p class='ocr_par' dir='ltr' id='par_1_24' title="bbox 48 2255 1752 2310">
     <span class='ocr_line' id='line_1_24' title="bbox 48 2255 1752 2310; baseline 0.001 -3"><span class='ocrx_word' id='word_1_147' title='bbox 48 2255 440 2308; x_wconf 89' lang='lat' dir='ltr'>consensionis</span> <span class='ocrx_word' id='word_1_148' title='bbox 479 2255 758 2309; x_wconf 86' lang='lat' dir='ltr'>sententia</span> <span class='ocrx_word' id='word_1_149' title='bbox 806 2271 921 2308; x_wconf 91' lang='lat' dir='ltr'>non</span> <span class='ocrx_word' id='word_1_150' title='bbox 972 2255 1270 2308; x_wconf 89' lang='lat' dir='ltr'>inferiores</span> <span class='ocrx_word' id='word_1_151' title='bbox 1301 2257 1484 2309; x_wconf 87' lang='lat' dir='ltr'>nostri</span> <span class='ocrx_word' id='word_1_152' title='bbox 1536 2257 1752 2310; x_wconf 89' lang='lat' dir='ltr'>ordinis</span> 
     </span>
    </p>
   </div>
   <div class='ocr_carea' id='block_1_25' title="bbox 49 2343 1750 2414">
    <p class='ocr_par' dir='ltr' id='par_1_25' title="bbox 49 2343 1750 2414">
     <span class='ocr_line' id='line_1_25' title="bbox 49 2343 1750 2414; baseline 0.001 -18"><span class='ocrx_word' id='word_1_153' title='bbox 49 2344 333 2397; x_wconf 86' lang='lat' dir='ltr'>habentur</span> <span class='ocrx_word' id='word_1_154' title='bbox 362 2343 619 2414; x_wconf 90' lang='lat' dir='ltr'>episcopi</span> <span class='ocrx_word' id='word_1_155' title='bbox 653 2360 665 2397; x_wconf 93' lang='lat'>:</span> <span class='ocrx_word' id='word_1_156' title='bbox 701 2349 759 2397; x_wconf 92' lang='lat' dir='ltr'>et</span> <span class='ocrx_word' id='word_1_157' title='bbox 800 2360 912 2396; x_wconf 91' lang='lat' dir='ltr'>non</span> <span class='ocrx_word' id='word_1_158' title='bbox 945 2343 1127 2398; x_wconf 90' lang='lat' dir='ltr'>solum</span> <span class='ocrx_word' id='word_1_159' title='bbox 1161 2343 1436 2414; x_wconf 88' lang='lat' dir='ltr'>episcopi,</span> <span class='ocrx_word' id='word_1_160' title='bbox 1481 2346 1576 2398; x_wconf 88' lang='lat' dir='ltr'>sed</span> <span class='ocrx_word' id='word_1_161' title='bbox 1626 2361 1750 2398; x_wconf 89' lang='lat' dir='ltr'>me-</span> 
     </span>
    </p>
   </div>
   <div class='ocr_carea' id='block_1_26' title="bbox 48 2433 1748 2504">
    <p class='ocr_par' dir='ltr' id='par_1_26' title="bbox 48 2433 1748 2504">
     <span class='ocr_line' id='line_1_26' title="bbox 48 2433 1748 2504; baseline 0.002 -20"><span class='ocrx_word' id='word_1_162' title='bbox 48 2433 539 2502; x_wconf 88' lang='lat' dir='ltr'>tropolitanorum</span> <span class='ocrx_word' id='word_1_163' title='bbox 605 2433 816 2502; x_wconf 87' lang='lat' dir='ltr'>partim</span> <span class='ocrx_word' id='word_1_164' title='bbox 877 2433 1169 2501; x_wconf 90' lang='lat' dir='ltr'>epistolari</span> <span class='ocrx_word' id='word_1_165' title='bbox 1231 2433 1474 2499; x_wconf 87' lang='lat' dir='ltr'>decreto,</span> <span class='ocrx_word' id='word_1_166' title='bbox 1541 2435 1748 2504; x_wconf 85' lang='lat' dir='ltr'>partim</span> 
     </span>
    </p>
   </div>
   <div class='ocr_carea' id='block_1_27' title="bbox 48 2521 1750 2592">
    <p class='ocr_par' dir='ltr' id='par_1_27' title="bbox 48 2521 1750 2592">
     <span class='ocr_line' id='line_1_27' title="bbox 48 2521 1750 2592; baseline 0.002 -19"><span class='ocrx_word' id='word_1_167' title='bbox 48 2522 396 2590; x_wconf 65' lang='lat' dir='ltr'>prmsentiali</span> <span class='ocrx_word' id='word_1_168' title='bbox 458 2521 912 2592; x_wconf 88' lang='lat' dir='ltr'>participationis</span> <span class='ocrx_word' id='word_1_169' title='bbox 966 2522 1296 2575; x_wconf 91' lang='lat' dir='ltr'>communio</span> <span class='ocrx_word' id='word_1_170' title='bbox 1358 2532 1378 2555; x_wconf 73' lang='grc' dir='ltr'><strong>ο</strong></span> <span class='ocrx_word' id='word_1_171' title='bbox 1438 2523 1750 2576; x_wconf 87' lang='lat' dir='ltr'>manifestis</span> 
     </span>
    </p>
   </div>
   <div class='ocr_carea' id='block_1_28' title="bbox 49 2609 1749 2680">
    <p class='ocr_par' dir='ltr' id='par_1_28' title="bbox 49 2609 1749 2680">
     <span class='ocr_line' id='line_1_28' title="bbox 49 2609 1749 2680; baseline 0.003 -20"><span class='ocrx_word' id='word_1_172' title='bbox 49 2609 487 2676; x_wconf 82' lang='lat' dir='ltr'>probationibus</span> <span class='ocrx_word' id='word_1_173' title='bbox 519 2626 636 2680; x_wconf 65' lang='lat' dir='ltr'>prie.</span> <span class='ocrx_word' id='word_1_174' title='bbox 671 2611 935 2664; x_wconf 89' lang='lat' dir='ltr'>manibus</span> <span class='ocrx_word' id='word_1_175' title='bbox 979 2610 1358 2665; x_wconf 84' lang='lat' dir='ltr'>exhibentur:</span> <span class='ocrx_word' id='word_1_176' title='bbox 1391 2616 1448 2664; x_wconf 92' lang='lat' dir='ltr'>et</span> <span class='ocrx_word' id='word_1_177' title='bbox 1495 2611 1749 2666; x_wconf 90' lang='lat' dir='ltr'>insolen-</span> 
     </span>
    </p>
   </div>
   <div class='ocr_carea' id='block_1_29' title="bbox 49 2698 1751 2769">
    <p class='ocr_par' dir='ltr' id='par_1_29' title="bbox 49 2698 1751 2769">
     <span class='ocr_line' id='line_1_29' title="bbox 49 2698 1751 2769; baseline 0.002 -19"><span class='ocrx_word' id='word_1_178' title='bbox 49 2699 133 2750; x_wconf 67' lang='lat' dir='ltr'>tiae</span> <span class='ocrx_word' id='word_1_179' title='bbox 165 2699 254 2751; x_wconf 87' lang='lat' dir='ltr'>vel</span> <span class='ocrx_word' id='word_1_180' title='bbox 292 2698 511 2752; x_wconf 73' lang='lat' dir='ltr'>levitati</span> <span class='ocrx_word' id='word_1_181' title='bbox 546 2699 887 2751; x_wconf 90' lang='lat' dir='ltr'>adscribitur</span> <span class='ocrx_word' id='word_1_182' title='bbox 918 2698 1224 2752; x_wconf 91' lang='lat' dir='ltr'>imminuto</span> <span class='ocrx_word' id='word_1_183' title='bbox 1284 2701 1751 2769; x_wconf 86' lang='lat' dir='ltr'>metropolitano-</span> 
     </span>
    </p>
   </div>
   <div class='ocr_carea' id='block_1_30' title="bbox 50 2787 1746 2858">
    <p class='ocr_par' dir='ltr' id='par_1_30' title="bbox 50 2787 1746 2858">
     <span class='ocr_line' id='line_1_30' title="bbox 50 2787 1746 2858; baseline 0.001 -19"><span class='ocrx_word' id='word_1_184' title='bbox 50 2803 166 2840; x_wconf 89' lang='lat' dir='ltr'>rum</span> <span class='ocrx_word' id='word_1_185' title='bbox 198 2787 463 2857; x_wconf 89' lang='lat' dir='ltr'>primatu</span> <span class='ocrx_word' id='word_1_186' title='bbox 495 2793 694 2840; x_wconf 87' lang='lat' dir='ltr'>contra</span> <span class='ocrx_word' id='word_1_187' title='bbox 741 2787 1017 2840; x_wconf 87' lang='lat' dir='ltr'>terminos</span> <span class='ocrx_word' id='word_1_188' title='bbox 1067 2788 1355 2858; x_wconf 62' lang='lat' dir='ltr'>aequitatis</span> <span class='ocrx_word' id='word_1_189' title='bbox 1401 2789 1543 2841; x_wconf 86' lang='lat' dir='ltr'>libra</span> <span class='ocrx_word' id='word_1_190' title='bbox 1592 2803 1746 2840; x_wconf 82' lang='lat' dir='ltr'>coni-</span> 
     </span>
    </p>
   </div>
   <div class='ocr_carea' id='block_1_31' title="bbox 48 2875 1746 2945">
    <p class='ocr_par' dir='ltr' id='par_1_31' title="bbox 48 2875 1746 2945">
     <span class='ocr_line' id='line_1_31' title="bbox 48 2875 1746 2945; baseline 0.001 -18"><span class='ocrx_word' id='word_1_191' title='bbox 48 2876 254 2944; x_wconf 87' lang='lat' dir='ltr'>positos</span> <span class='ocrx_word' id='word_1_192' title='bbox 284 2875 574 2945; x_wconf 73' lang='lat' dir='ltr'>superbia:</span> <span class='ocrx_word' id='word_1_193' title='bbox 616 2877 834 2929; x_wconf 85' lang='lat' dir='ltr'>elevare</span> <span class='ocrx_word' id='word_1_194' title='bbox 874 2876 1204 2929; x_wconf 87' lang='lat' dir='ltr'>calcaneum</span> <span class='ocrx_word' id='word_1_195' title='bbox 1237 2896 1251 2929; x_wconf 92' lang='lat'>:</span> <span class='ocrx_word' id='word_1_196' title='bbox 1299 2893 1425 2929; x_wconf 91' lang='lat' dir='ltr'>cum</span> <span class='ocrx_word' id='word_1_197' title='bbox 1474 2876 1746 2929; x_wconf 88' lang='lat' dir='ltr'>inrectra-</span> 
     </span>
    </p>
   </div>
   <div class='ocr_carea' id='block_1_32' title="bbox 49 2963 1744 3033">
    <p class='ocr_par' dir='ltr' id='par_1_32' title="bbox 49 2963 1744 3033">
     <span class='ocr_line' id='line_1_32' title="bbox 49 2963 1744 3033; baseline 0 -19"><span class='ocrx_word' id='word_1_198' title='bbox 49 2963 258 3015; x_wconf 84' lang='lat' dir='ltr'>ctabilis</span> <span class='ocrx_word' id='word_1_199' title='bbox 293 2963 396 3015; x_wconf 86' lang='lat' dir='ltr'>illa</span> <span class='ocrx_word' id='word_1_200' title='bbox 435 2964 654 3033; x_wconf 87' lang='lat' dir='ltr'>jugiter</span> <span class='ocrx_word' id='word_1_201' title='bbox 687 2963 966 3016; x_wconf 88' lang='lat' dir='ltr'>habeatur</span> <span class='ocrx_word' id='word_1_202' title='bbox 996 2963 1153 3015; x_wconf 92' lang='lat' dir='ltr'>omni</span> <span class='ocrx_word' id='word_1_203' title='bbox 1197 2964 1412 3016; x_wconf 87' lang='lat' dir='ltr'>mundo</span> <span class='ocrx_word' id='word_1_204' title='bbox 1443 2963 1744 3029; x_wconf 83' lang='lat' dir='ltr'>sententia,</span> 
     </span>
    </p>
   </div>
   <div class='ocr_carea' id='block_1_33' title="bbox 54 3049 1745 3118">
    <p class='ocr_par' dir='ltr' id='par_1_33' title="bbox 54 3049 1745 3118">
     <span class='ocr_line' id='line_1_33' title="bbox 54 3049 1745 3118; baseline 0.001 -18"><span class='ocrx_word' id='word_1_205' title='bbox 54 3065 156 3118; x_wconf 87' lang='lat' dir='ltr'>qua</span> <span class='ocrx_word' id='word_1_206' title='bbox 179 3049 443 3118; x_wconf 82' lang='lat' dir='ltr'>jubetur,</span> <span class='ocrx_word' id='word_1_207' title='bbox 475 3065 590 3102; x_wconf 89' lang='lat' dir='ltr'>non</span> <span class='ocrx_word' id='word_1_208' title='bbox 633 3049 1026 3114; x_wconf 87' lang='lat' dir='ltr'>conﬁnitimis,</span> <span class='ocrx_word' id='word_1_209' title='bbox 1070 3049 1166 3102; x_wconf 91' lang='lat' dir='ltr'>sed</span> <span class='ocrx_word' id='word_1_210' title='bbox 1208 3050 1536 3118; x_wconf 63' lang='lat' dir='ltr'>apostolicae</span> <span class='ocrx_word' id='word_1_211' title='bbox 1577 3050 1745 3110; x_wconf 81' lang='lat' dir='ltr'>sedis,</span> 
     </span>
    </p>
   </div>
   <div class='ocr_carea' id='block_1_34' title="bbox 53 3137 1284 3208">
    <p class='ocr_par' dir='ltr' id='par_1_34' title="bbox 53 3137 1284 3208">
     <span class='ocr_line' id='line_1_34' title="bbox 53 3137 1284 3208; baseline 0 -18"><span class='ocrx_word' id='word_1_212' title='bbox 53 3137 628 3206; x_wconf 85' lang='lat' dir='ltr'>metropolitanorum</span> <span class='ocrx_word' id='word_1_213' title='bbox 662 3137 961 3208; x_wconf 84' lang='lat' dir='ltr'>privilegia</span> <span class='ocrx_word' id='word_1_214' title='bbox 991 3138 1284 3190; x_wconf 84' lang='lat' dir='ltr'>ventilare.</span> 
     </span>
    </p>
   </div>
   <div class='ocr_carea' id='block_1_35' title="bbox 118 3226 1743 3296">
    <p class='ocr_par' dir='ltr' id='par_1_35' title="bbox 118 3226 1743 3296">
     <span class='ocr_line' id='line_1_35' title="bbox 118 3226 1743 3296; baseline 0.001 -18"><span class='ocrx_word' id='word_1_215' title='bbox 118 3229 163 3278; x_wconf 86' lang='lat'>3.</span> <span class='ocrx_word' id='word_1_216' title='bbox 208 3226 486 3296; x_wconf 82' lang='lat' dir='ltr'>Nunquid</span> <span class='ocrx_word' id='word_1_217' title='bbox 542 3243 654 3279; x_wconf 92' lang='lat' dir='ltr'>non</span> <span class='ocrx_word' id='word_1_218' title='bbox 698 3227 859 3295; x_wconf 82' lang='lat' dir='ltr'>juxta</span> <span class='ocrx_word' id='word_1_219' title='bbox 907 3226 1056 3279; x_wconf 91' lang='lat' dir='ltr'>beati</span> <span class='ocrx_word' id='word_1_220' title='bbox 1086 3226 1297 3280; x_wconf 86' lang='lat' dir='ltr'>Juliani</span> <span class='ocrx_word' id='word_1_221' title='bbox 1337 3227 1592 3280; x_wconf 87' lang='lat' dir='ltr'>Toletani</span> <span class='ocrx_word' id='word_1_222' title='bbox 1622 3242 1743 3279; x_wconf 87' lang='lat' dir='ltr'>me-</span> 
     </span>
    </p>
   </div>
   <div class='ocr_carea' id='block_1_36' title="bbox 55 3314 1747 3386">
    <p class='ocr_par' dir='ltr' id='par_1_36' title="bbox 55 3314 1747 3386">
     <span class='ocr_line' id='line_1_36' title="bbox 55 3314 1747 3386; baseline 0.002 -22"><span class='ocrx_word' id='word_1_223' title='bbox 55 3315 383 3383; x_wconf 87' lang='lat' dir='ltr'>tropolitani</span> <span class='ocrx_word' id='word_1_224' title='bbox 431 3314 685 3384; x_wconf 80' lang='lat' dir='ltr'>episcopi</span> <span class='ocrx_word' id='word_1_225' title='bbox 743 3315 1132 3368; x_wconf 88' lang='lat' dir='ltr'>venerandum</span> <span class='ocrx_word' id='word_1_226' title='bbox 1191 3315 1508 3386; x_wconf 86' lang='lat' dir='ltr'>eloquium,</span> <span class='ocrx_word' id='word_1_227' title='bbox 1561 3315 1747 3368; x_wconf 91' lang='lat' dir='ltr'>insani</span> 
     </span>
    </p>
   </div>
   <div class='ocr_carea' id='block_1_37' title="bbox 52 3403 1742 3473">
    <p class='ocr_par' dir='ltr' id='par_1_37' title="bbox 52 3403 1742 3473">
     <span class='ocr_line' id='line_1_37' title="bbox 52 3403 1742 3473; baseline 0.001 -19"><span class='ocrx_word' id='word_1_228' title='bbox 52 3403 242 3471; x_wconf 87' lang='lat' dir='ltr'>capitis</span> <span class='ocrx_word' id='word_1_229' title='bbox 263 3409 538 3456; x_wconf 88' lang='lat' dir='ltr'>censetur</span> <span class='ocrx_word' id='word_1_230' title='bbox 566 3419 710 3470; x_wconf 88' lang='lat' dir='ltr'>esse,</span> <span class='ocrx_word' id='word_1_231' title='bbox 742 3408 798 3457; x_wconf 91' lang='lat' dir='ltr'>et</span> <span class='ocrx_word' id='word_1_232' title='bbox 820 3403 970 3468; x_wconf 89' lang='lat' dir='ltr'>vani,</span> <span class='ocrx_word' id='word_1_233' title='bbox 1006 3403 1104 3472; x_wconf 91' lang='lat' dir='ltr'>qui</span> <span class='ocrx_word' id='word_1_234' title='bbox 1137 3403 1251 3456; x_wconf 88' lang='lat' dir='ltr'>illic</span> <span class='ocrx_word' id='word_1_235' title='bbox 1279 3404 1451 3473; x_wconf 89' lang='lat' dir='ltr'>pedes</span> <span class='ocrx_word' id='word_1_236' title='bbox 1482 3405 1742 3468; x_wconf 85' lang='lat' dir='ltr'>erexerit,</span> 
     </span>
    </p>
   </div>
   <div class='ocr_carea' id='block_1_38' title="bbox 51 3490 1746 3560">
    <p class='ocr_par' dir='ltr' id='par_1_38' title="bbox 51 3490 1746 3560">
     <span class='ocr_line' id='line_1_38' title="bbox 51 3490 1746 3560; baseline 0.002 -19"><span class='ocrx_word' id='word_1_237' title='bbox 51 3490 140 3542; x_wconf 89' lang='lat' dir='ltr'>ubi</span> <span class='ocrx_word' id='word_1_238' title='bbox 170 3490 375 3560; x_wconf 89' lang='lat' dir='ltr'>capitis</span> <span class='ocrx_word' id='word_1_239' title='bbox 421 3490 568 3542; x_wconf 89' lang='lat' dir='ltr'>ratio</span> <span class='ocrx_word' id='word_1_240' title='bbox 599 3507 709 3543; x_wconf 91' lang='lat' dir='ltr'>non</span> <span class='ocrx_word' id='word_1_241' title='bbox 738 3491 995 3544; x_wconf 86' lang='lat' dir='ltr'>suaserit.</span> <span class='ocrx_word' id='word_1_242' title='bbox 1035 3491 1141 3545; x_wconf 86' lang='lat' dir='ltr'>Sed</span> <span class='ocrx_word' id='word_1_243' title='bbox 1188 3491 1282 3544; x_wconf 89' lang='lat' dir='ltr'>siti</span> <span class='ocrx_word' id='word_1_244' title='bbox 1315 3497 1448 3544; x_wconf 88' lang='lat' dir='ltr'>sunt</span> <span class='ocrx_word' id='word_1_245' title='bbox 1483 3491 1746 3544; x_wconf 88' lang='lat' dir='ltr'>nonnulli</span> 
     </span>
    </p>
   </div>
   <div class='ocr_carea' id='block_1_39' title="bbox 54 3578 1742 3650">
    <p class='ocr_par' dir='ltr' id='par_1_39' title="bbox 54 3578 1742 3650">
     <span class='ocr_line' id='line_1_39' title="bbox 54 3578 1742 3650; baseline 0.001 -20"><span class='ocrx_word' id='word_1_246' title='bbox 54 3578 261 3630; x_wconf 77' lang='lat' dir='ltr'>fervore</span> <span class='ocrx_word' id='word_1_247' title='bbox 294 3578 528 3634; x_wconf 88' lang='lat' dir='ltr'>Domini</span> <span class='ocrx_word' id='word_1_248' title='bbox 570 3578 723 3648; x_wconf 85' lang='lat' dir='ltr'>frigi,</span> <span class='ocrx_word' id='word_1_249' title='bbox 774 3595 932 3632; x_wconf 63' lang='lat' dir='ltr'>vana:</span> <span class='ocrx_word' id='word_1_250' title='bbox 964 3580 1160 3650; x_wconf 68' lang='lat' dir='ltr'>gloria:</span> <span class='ocrx_word' id='word_1_251' title='bbox 1193 3579 1483 3650; x_wconf 74' lang='lat' dir='ltr'>jactantite</span> <span class='ocrx_word' id='word_1_252' title='bbox 1515 3580 1742 3644; x_wconf 90' lang='lat' dir='ltr'>tumidi,</span> 
     </span>
    </p>
   </div>
   <div class='ocr_carea' id='block_1_40' title="bbox 53 3665 1746 3738">
    <p class='ocr_par' dir='ltr' id='par_1_40' title="bbox 53 3665 1746 3738">
     <span class='ocr_line' id='line_1_40' title="bbox 53 3665 1746 3738; baseline 0.004 -22"><span class='ocrx_word' id='word_1_253' title='bbox 53 3667 279 3719; x_wconf 76' lang='lat' dir='ltr'>scientia</span> <span class='ocrx_word' id='word_1_254' title='bbox 318 3665 480 3732; x_wconf 89' lang='lat' dir='ltr'>nudi,</span> <span class='ocrx_word' id='word_1_255' title='bbox 531 3667 798 3736; x_wconf 85' lang='lat' dir='ltr'>superbia</span> <span class='ocrx_word' id='word_1_256' title='bbox 849 3667 1041 3737; x_wconf 84' lang='lat' dir='ltr'>rigidi,</span> <span class='ocrx_word' id='word_1_257' title='bbox 1079 3669 1178 3738; x_wconf 89' lang='lat' dir='ltr'>qui</span> <span class='ocrx_word' id='word_1_258' title='bbox 1219 3668 1640 3722; x_wconf 89' lang='lat' dir='ltr'>dissensionum</span> <span class='ocrx_word' id='word_1_259' title='bbox 1689 3675 1746 3722; x_wconf 88' lang='lat' dir='ltr'>et</span> 
     </span>
    </p>
   </div>
   <div class='ocr_carea' id='block_1_41' title="bbox 55 3757 1746 3825">
    <p class='ocr_par' dir='ltr' id='par_1_41' title="bbox 55 3757 1746 3825">
     <span class='ocr_line' id='line_1_41' title="bbox 55 3757 1746 3825; baseline 0.001 -17"><span class='ocrx_word' id='word_1_260' title='bbox 55 3757 406 3809; x_wconf 84' lang='lat' dir='ltr'>simultatum</span> <span class='ocrx_word' id='word_1_261' title='bbox 467 3760 720 3809; x_wconf 87' lang='lat' dir='ltr'>serentes</span> <span class='ocrx_word' id='word_1_262' title='bbox 767 3757 1044 3825; x_wconf 82' lang='lat' dir='ltr'>contagia</span> <span class='ocrx_word' id='word_1_263' title='bbox 1102 3765 1299 3809; x_wconf 88' lang='lat' dir='ltr'>contra</span> <span class='ocrx_word' id='word_1_264' title='bbox 1345 3757 1634 3809; x_wconf 87' lang='lat' dir='ltr'>charitatis</span> <span class='ocrx_word' id='word_1_265' title='bbox 1690 3762 1746 3810; x_wconf 90' lang='lat' dir='ltr'>et</span> 
     </span>
    </p>
   </div>
   <div class='ocr_carea' id='block_1_42' title="bbox 56 3845 1744 3914">
    <p class='ocr_par' dir='ltr' id='par_1_42' title="bbox 56 3845 1744 3914">
     <span class='ocr_line' id='line_1_42' title="bbox 56 3845 1744 3914; baseline 0.002 -19"><span class='ocrx_word' id='word_1_266' title='bbox 56 3845 437 3898; x_wconf 89' lang='lat' dir='ltr'>nnanimitatis</span> <span class='ocrx_word' id='word_1_267' title='bbox 489 3850 772 3914; x_wconf 67' lang='lat' dir='ltr'>praecepta</span> <span class='ocrx_word' id='word_1_268' title='bbox 810 3845 906 3898; x_wconf 86' lang='lat' dir='ltr'>Dei</span> <span class='ocrx_word' id='word_1_269' title='bbox 957 3845 1321 3897; x_wconf 81' lang='lat' dir='ltr'>veneratione</span> <span class='ocrx_word' id='word_1_270' title='bbox 1370 3845 1648 3914; x_wconf 77' lang='lat' dir='ltr'>mysterii,</span> <span class='ocrx_word' id='word_1_271' title='bbox 1690 3849 1744 3898; x_wconf 91' lang='lat' dir='ltr'>et</span> 
     </span>
    </p>
   </div>
   <div class='ocr_carea' id='block_1_43' title="bbox 51 3933 1739 4003">
    <p class='ocr_par' dir='ltr' id='par_1_43' title="bbox 51 3933 1739 4003">
     <span class='ocr_line' id='line_1_43' title="bbox 51 3933 1739 4003; baseline -0.001 -18"><span class='ocrx_word' id='word_1_272' title='bbox 51 3934 230 3986; x_wconf 86' lang='lat' dir='ltr'>divina</span> <span class='ocrx_word' id='word_1_273' title='bbox 261 3933 627 3986; x_wconf 84' lang='lat' dir='ltr'>invocatione</span> <span class='ocrx_word' id='word_1_274' title='bbox 669 3933 888 4000; x_wconf 90' lang='lat' dir='ltr'>sacrati,</span> <span class='ocrx_word' id='word_1_275' title='bbox 938 3933 1215 3986; x_wconf 85' lang='lat' dir='ltr'>infamare</span> <span class='ocrx_word' id='word_1_276' title='bbox 1248 3938 1471 3986; x_wconf 89' lang='lat' dir='ltr'>tentant</span> <span class='ocrx_word' id='word_1_277' title='bbox 1505 3933 1739 4003; x_wconf 87' lang='lat' dir='ltr'>quibus-</span> 
     </span>
    </p>
   </div>
   <div class='ocr_carea' id='block_1_44' title="bbox 52 4021 1744 4091">
    <p class='ocr_par' dir='ltr' id='par_1_44' title="bbox 52 4021 1744 4091">
     <span class='ocr_line' id='line_1_44' title="bbox 52 4021 1744 4091; baseline 0.001 -17"><span class='ocrx_word' id='word_1_278' title='bbox 52 4024 172 4075; x_wconf 88' lang='lat' dir='ltr'>dam</span> <span class='ocrx_word' id='word_1_279' title='bbox 203 4023 407 4076; x_wconf 89' lang='lat' dir='ltr'>leviter</span> <span class='ocrx_word' id='word_1_280' title='bbox 443 4021 814 4091; x_wconf 90' lang='lat' dir='ltr'>opinionibus</span> <span class='ocrx_word' id='word_1_281' title='bbox 873 4027 1245 4088; x_wconf 88' lang='lat' dir='ltr'>sacramenta,</span> <span class='ocrx_word' id='word_1_282' title='bbox 1299 4022 1552 4075; x_wconf 90' lang='lat' dir='ltr'>dicentes</span> <span class='ocrx_word' id='word_1_283' title='bbox 1609 4027 1744 4076; x_wconf 88' lang='lat' dir='ltr'>tunc</span> 
     </span>
    </p>
   </div>
   <div class='ocr_carea' id='block_1_45' title="bbox 51 4110 1739 4177">
    <p class='ocr_par' dir='ltr' id='par_1_45' title="bbox 51 4110 1739 4177">
     <span class='ocr_line' id='line_1_45' title="bbox 51 4110 1739 4177; baseline 0.001 -14"><span class='ocrx_word' id='word_1_284' title='bbox 51 4127 161 4163; x_wconf 88' lang='lat' dir='ltr'>esse</span> <span class='ocrx_word' id='word_1_285' title='bbox 191 4110 559 4164; x_wconf 86' lang='lat' dir='ltr'>solummodo</span> <span class='ocrx_word' id='word_1_286' title='bbox 590 4115 804 4177; x_wconf 87' lang='lat' dir='ltr'>sancta,</span> <span class='ocrx_word' id='word_1_287' title='bbox 838 4127 968 4164; x_wconf 91' lang='lat' dir='ltr'>cum</span> <span class='ocrx_word' id='word_1_288' title='bbox 1008 4116 1330 4163; x_wconf 89' lang='lat' dir='ltr'>sanctorum</span> <span class='ocrx_word' id='word_1_289' title='bbox 1367 4110 1577 4163; x_wconf 84' lang='lat' dir='ltr'>fuerint</span> <span class='ocrx_word' id='word_1_290' title='bbox 1622 4127 1739 4164; x_wconf 87' lang='lat' dir='ltr'>ma-</span> 
     </span>
    </p>
   </div>
   <div class='ocr_carea' id='block_1_46' title="bbox 52 4198 1741 4269">
    <p class='ocr_par' dir='ltr' id='par_1_46' title="bbox 52 4198 1741 4269">
     <span class='ocr_line' id='line_1_46' title="bbox 52 4198 1741 4269; baseline -0.001 -18"><span class='ocrx_word' id='word_1_291' title='bbox 52 4199 208 4252; x_wconf 88' lang='lat' dir='ltr'>nibus</span> <span class='ocrx_word' id='word_1_292' title='bbox 255 4198 579 4269; x_wconf 66' lang='lat' dir='ltr'>prmlibata,</span> <span class='ocrx_word' id='word_1_293' title='bbox 633 4204 832 4252; x_wconf 88' lang='lat' dir='ltr'>contra</span> <span class='ocrx_word' id='word_1_294' title='bbox 861 4198 1016 4251; x_wconf 66' lang='lat' dir='ltr'>illam</span> <span class='ocrx_word' id='word_1_295' title='bbox 1067 4198 1382 4251; x_wconf 89' lang='lat' dir='ltr'>beatissimi</span> <span class='ocrx_word' id='word_1_296' title='bbox 1439 4198 1741 4265; x_wconf 76' lang='lat' dir='ltr'>Augustini</span> 
     </span>
    </p>
   </div>
   <div class='ocr_carea' id='block_1_47' title="bbox 52 4286 1737 4357">
    <p class='ocr_par' dir='ltr' id='par_1_47' title="bbox 52 4286 1737 4357">
     <span class='ocr_line' id='line_1_47' title="bbox 52 4286 1737 4357; baseline 0.001 -19"><span class='ocrx_word' id='word_1_297' title='bbox 52 4288 407 4350; x_wconf 81' lang='lat' dir='ltr'>sententiam,</span> <span class='ocrx_word' id='word_1_298' title='bbox 472 4303 647 4357; x_wconf 88' lang='lat' dir='ltr'>quam</span> <span class='ocrx_word' id='word_1_299' title='bbox 715 4287 774 4340; x_wconf 92' lang='lat' dir='ltr'>in</span> <span class='ocrx_word' id='word_1_300' title='bbox 847 4287 1194 4357; x_wconf 83' lang='lat' dir='ltr'>expositione</span> <span class='ocrx_word' id='word_1_301' title='bbox 1252 4286 1456 4339; x_wconf 88' lang='lat' dir='ltr'>decimi</span> <span class='ocrx_word' id='word_1_302' title='bbox 1528 4287 1737 4340; x_wconf 84' lang='lat' dir='ltr'>Psalmi</span> 
     </span>
    </p>
   </div>
   <div class='ocr_carea' id='block_1_48' title="bbox 51 4374 1737 4444">
    <p class='ocr_par' dir='ltr' id='par_1_48' title="bbox 51 4374 1737 4444">
     <span class='ocr_line' id='line_1_48' title="bbox 51 4374 1737 4444; baseline 0 -16"><span class='ocrx_word' id='word_1_303' title='bbox 51 4382 232 4429; x_wconf 87' lang='lat' dir='ltr'>contra</span> <span class='ocrx_word' id='word_1_304' title='bbox 277 4376 484 4428; x_wconf 86' lang='lat' dir='ltr'>horum</span> <span class='ocrx_word' id='word_1_305' title='bbox 508 4374 782 4429; x_wconf 77' lang='lat' dir='ltr'>similium</span> <span class='ocrx_word' id='word_1_306' title='bbox 824 4375 1122 4428; x_wconf 82' lang='lat' dir='ltr'>intentavit</span> <span class='ocrx_word' id='word_1_307' title='bbox 1166 4375 1526 4444; x_wconf 84' lang='lat' dir='ltr'>falsiloquam</span> <span class='ocrx_word' id='word_1_308' title='bbox 1576 4375 1737 4429; x_wconf 92' lang='lat' dir='ltr'>vani-</span> 
     </span>
    </p>
   </div>
   <div class='ocr_carea' id='block_1_49' title="bbox 52 4463 1740 4534">
    <p class='ocr_par' dir='ltr' id='par_1_49' title="bbox 52 4463 1740 4534">
     <span class='ocr_line' id='line_1_49' title="bbox 52 4463 1740 4534; baseline 0.001 -18"><span class='ocrx_word' id='word_1_309' title='bbox 52 4473 231 4518; x_wconf 80' lang='lat' dir='ltr'>tatem.</span> <span class='ocrx_word' id='word_1_310' title='bbox 270 4466 393 4518; x_wconf 84' lang='lat' dir='ltr'>Non</span> <span class='ocrx_word' id='word_1_311' title='bbox 429 4465 607 4532; x_wconf 90' lang='lat' dir='ltr'>enim,</span> <span class='ocrx_word' id='word_1_312' title='bbox 644 4465 740 4530; x_wconf 89' lang='lat' dir='ltr'>ait,</span> <span class='ocrx_word' id='word_1_313' title='bbox 772 4465 1069 4518; x_wconf 89' lang='lat' dir='ltr'>conﬁdunt</span> <span class='ocrx_word' id='word_1_314' title='bbox 1099 4463 1154 4516; x_wconf 91' lang='lat' dir='ltr'>in</span> <span class='ocrx_word' id='word_1_315' title='bbox 1193 4463 1453 4528; x_wconf 89' lang='lat' dir='ltr'>Domino,</span> <span class='ocrx_word' id='word_1_316' title='bbox 1478 4464 1575 4534; x_wconf 83' lang='lat' dir='ltr'>qui</span> <span class='ocrx_word' id='word_1_317' title='bbox 1608 4469 1740 4518; x_wconf 91' lang='lat' dir='ltr'>tunc</span> 
     </span>
    </p>
   </div>
   <div class='ocr_carea' id='block_1_50' title="bbox 54 4551 1740 4620">
    <p class='ocr_par' dir='ltr' id='par_1_50' title="bbox 54 4551 1740 4620">
     <span class='ocr_line' id='line_1_50' title="bbox 54 4551 1740 4620; baseline 0.001 -16"><span class='ocrx_word' id='word_1_318' title='bbox 54 4553 232 4606; x_wconf 89' lang='lat' dir='ltr'>dicunt</span> <span class='ocrx_word' id='word_1_319' title='bbox 282 4558 479 4606; x_wconf 88' lang='lat' dir='ltr'>sancta</span> <span class='ocrx_word' id='word_1_320' title='bbox 537 4557 912 4614; x_wconf 87' lang='lat' dir='ltr'>sacramenta,</span> <span class='ocrx_word' id='word_1_321' title='bbox 967 4552 1012 4604; x_wconf 91' lang='lat' dir='ltr'>si</span> <span class='ocrx_word' id='word_1_322' title='bbox 1058 4567 1161 4620; x_wconf 92' lang='lat' dir='ltr'>per</span> <span class='ocrx_word' id='word_1_323' title='bbox 1208 4558 1429 4604; x_wconf 89' lang='lat' dir='ltr'>sanctos</span> <span class='ocrx_word' id='word_1_324' title='bbox 1477 4551 1740 4606; x_wconf 89' lang='lat' dir='ltr'>homines</span> 
     </span>
    </p>
   </div>
   <div class='ocr_carea' id='block_1_51' title="bbox 54 4640 1728 4695">
    <p class='ocr_par' dir='ltr' id='par_1_51' title="bbox 54 4640 1728 4695">
     <span class='ocr_line' id='line_1_51' title="bbox 54 4640 1728 4695; baseline 0.001 -2"><span class='ocrx_word' id='word_1_325' title='bbox 54 4640 264 4695; x_wconf 82' lang='lat' dir='ltr'>dentur.</span> <span class='ocrx_word' id='word_1_326' title='bbox 336 4641 444 4695; x_wconf 90' lang='lat' dir='ltr'>Sed</span> <span class='ocrx_word' id='word_1_327' title='bbox 496 4645 550 4693; x_wconf 90' lang='lat' dir='ltr'>et</span> <span class='ocrx_word' id='word_1_328' title='bbox 595 4641 946 4694; x_wconf 89' lang='lat' dir='ltr'>admirabilis</span> <span class='ocrx_word' id='word_1_329' title='bbox 996 4640 1195 4694; x_wconf 89' lang='lat' dir='ltr'>doctor</span> <span class='ocrx_word' id='word_1_330' title='bbox 1244 4640 1495 4693; x_wconf 91' lang='lat' dir='ltr'>Isidorus</span> <span class='ocrx_word' id='word_1_331' title='bbox 1543 4642 1568 4682; x_wconf 87' lang='lat' dir='ltr'>d</span> <span class='ocrx_word' id='word_1_332' title='bbox 1636 4641 1728 4694; x_wconf 86' lang='lat' dir='ltr'>bo-</span> 
     </span>
    </p>
   </div>
   <div class='ocr_carea' id='block_1_52' title="bbox 54 4729 1739 4799">
    <p class='ocr_par' dir='ltr' id='par_1_52' title="bbox 54 4729 1739 4799">
     <span class='ocr_line' id='line_1_52' title="bbox 54 4729 1739 4799; baseline 0.002 -19"><span class='ocrx_word' id='word_1_333' title='bbox 54 4744 163 4782; x_wconf 83' lang='lat' dir='ltr'>rum</span> <span class='ocrx_word' id='word_1_334' title='bbox 205 4729 606 4782; x_wconf 87' lang='lat' dir='ltr'>inanissimam</span> <span class='ocrx_word' id='word_1_335' title='bbox 638 4745 701 4781; x_wconf 88' lang='lat' dir='ltr'>ac</span> <span class='ocrx_word' id='word_1_336' title='bbox 725 4729 1116 4782; x_wconf 88' lang='lat' dir='ltr'>detestabilem</span> <span class='ocrx_word' id='word_1_337' title='bbox 1141 4730 1607 4799; x_wconf 78' lang='lat' dir='ltr'>praesumptionis</span> <span class='ocrx_word' id='word_1_338' title='bbox 1637 4747 1739 4784; x_wconf 84' lang='lat' dir='ltr'>au-</span> 
     </span>
    </p>
   </div>
   <div class='ocr_carea' id='block_1_53' title="bbox 53 4816 1733 4887">
    <p class='ocr_par' dir='ltr' id='par_1_53' title="bbox 53 4816 1733 4887">
     <span class='ocr_line' id='line_1_53' title="bbox 53 4816 1733 4887; baseline 0.002 -19"><span class='ocrx_word' id='word_1_339' title='bbox 53 4817 255 4870; x_wconf 87' lang='lat' dir='ltr'>daciam</span> <span class='ocrx_word' id='word_1_340' title='bbox 289 4817 382 4871; x_wconf 87' lang='lat' dir='ltr'>his</span> <span class='ocrx_word' id='word_1_341' title='bbox 407 4816 768 4871; x_wconf 88' lang='lat' dir='ltr'>documentis</span> <span class='ocrx_word' id='word_1_342' title='bbox 791 4817 1036 4870; x_wconf 80' lang='lat' dir='ltr'>veriticis</span> <span class='ocrx_word' id='word_1_343' title='bbox 1053 4818 1380 4887; x_wconf 81' lang='lat' dir='ltr'>extirpando</span> <span class='ocrx_word' id='word_1_344' title='bbox 1397 4819 1692 4871; x_wconf 85' lang='lat' dir='ltr'>detruncat</span> <span class='ocrx_word' id='word_1_345' title='bbox 1721 4835 1733 4872; x_wconf 93' lang='lat'>:</span> 
     </span>
    </p>
   </div>
   <div class='ocr_carea' id='block_1_54' title="bbox 56 4905 1738 4974">
    <p class='ocr_par' dir='ltr' id='par_1_54' title="bbox 56 4905 1738 4974">
     <span class='ocr_line' id='line_1_54' title="bbox 56 4905 1738 4974; baseline 0.002 -17"><span class='ocrx_word' id='word_1_346' title='bbox 56 4926 76 4951; x_wconf 81' lang='grc' dir='ltr'>ι</span> <span class='ocrx_word' id='word_1_347' title='bbox 101 4909 141 4957; x_wconf 78' lang='grc' dir='ltr'><strong>Α</strong></span> <span class='ocrx_word' id='word_1_348' title='bbox 170 4906 422 4966; x_wconf 86' lang='lat' dir='ltr'>secretis,</span> <span class='ocrx_word' id='word_1_349' title='bbox 457 4905 668 4974; x_wconf 89' lang='lat' dir='ltr'>inquit,</span> <span class='ocrx_word' id='word_1_350' title='bbox 703 4906 786 4958; x_wconf 89' lang='lat' dir='ltr'>vel</span> <span class='ocrx_word' id='word_1_351' title='bbox 819 4906 990 4958; x_wconf 91' lang='lat' dir='ltr'>sacris</span> <span class='ocrx_word' id='word_1_352' title='bbox 1019 4905 1325 4959; x_wconf 82' lang='lat' dir='ltr'>virtutibus</span> <span class='ocrx_word' id='word_1_353' title='bbox 1383 4913 1738 4961; x_wconf 87' lang='lat' dir='ltr'>sacramenta</span> 
     </span>
    </p>
   </div>
   <div class='ocr_carea' id='block_1_55' title="bbox 54 4992 1738 5064">
    <p class='ocr_par' dir='ltr' id='par_1_55' title="bbox 54 4992 1738 5064">
     <span class='ocr_line' id='line_1_55' title="bbox 54 4992 1738 5064; baseline 0.004 -20"><span class='ocrx_word' id='word_1_354' title='bbox 54 4992 328 5057; x_wconf 86' lang='lat' dir='ltr'>dicuntur,</span> <span class='ocrx_word' id='word_1_355' title='bbox 358 5010 487 5063; x_wconf 69' lang='lat' dir='ltr'>quae</span> <span class='ocrx_word' id='word_1_356' title='bbox 527 4994 654 5048; x_wconf 92' lang='lat' dir='ltr'>ideo</span> <span class='ocrx_word' id='word_1_357' title='bbox 699 4994 982 5047; x_wconf 88' lang='lat' dir='ltr'>fructuose</span> <span class='ocrx_word' id='word_1_358' title='bbox 1015 5011 1187 5064; x_wconf 87' lang='lat' dir='ltr'>penes</span> <span class='ocrx_word' id='word_1_359' title='bbox 1236 4995 1541 5049; x_wconf 89' lang='lat' dir='ltr'>Ecclesiam</span> <span class='ocrx_word' id='word_1_360' title='bbox 1592 4996 1738 5052; x_wconf 87' lang='lat' dir='ltr'>ﬁunt</span> 
     </span>
    </p>
   </div>
   <div class='ocr_carea' id='block_1_56' title="bbox 112 5151 1731 5222">
    <p class='ocr_par' dir='ltr' id='par_1_56' title="bbox 112 5151 1731 5222">
     <span class='ocr_line' id='line_1_56' title="bbox 112 5151 1731 5222; baseline 0.002 -19"><span class='ocrx_word' id='word_1_361' title='bbox 112 5165 132 5192; x_wconf 72' lang='grc' dir='ltr'><strong>δ</strong></span> <span class='ocrx_word' id='word_1_362' title='bbox 168 5151 399 5221; x_wconf 75' lang='lat' dir='ltr'>Aliquid</span> <span class='ocrx_word' id='word_1_363' title='bbox 451 5151 634 5222; x_wconf 74' lang='lat' dir='ltr'>deest,</span> <span class='ocrx_word' id='word_1_364' title='bbox 679 5167 886 5220; x_wconf 88' lang='lat' dir='ltr'>nempe</span> <span class='ocrx_word' id='word_1_365' title='bbox 934 5151 1238 5217; x_wconf 81' lang='lat' dir='ltr'>debeamus,</span> <span class='ocrx_word' id='word_1_366' title='bbox 1291 5153 1375 5205; x_wconf 89' lang='lat' dir='ltr'>vel</span> <span class='ocrx_word' id='word_1_367' title='bbox 1400 5151 1731 5222; x_wconf 83' lang='lat' dir='ltr'>jubeamur:</span> 
     </span>
    </p>
   </div>
   <div class='ocr_carea' id='block_1_57' title="bbox 57 5221 1632 5293">
    <p class='ocr_par' dir='ltr' id='par_1_57' title="bbox 57 5221 1632 5293">
     <span class='ocr_line' id='line_1_57' title="bbox 57 5221 1632 5293; baseline 0.004 -23"><span class='ocrx_word' id='word_1_368' title='bbox 57 5221 123 5271; x_wconf 84' lang='lat' dir='ltr'>ait</span> <span class='ocrx_word' id='word_1_369' title='bbox 151 5223 304 5274; x_wconf 89' lang='lat' dir='ltr'>enim</span> <span class='ocrx_word' id='word_1_370' title='bbox 338 5223 533 5275; x_wconf 85' lang='lat' dir='ltr'>statim</span> <span class='ocrx_word' id='word_1_371' title='bbox 563 5239 574 5275; x_wconf 92' lang='lat'>:</span> <span class='ocrx_word' id='word_1_372' title='bbox 609 5221 674 5275; x_wconf 83' lang='lat' dir='ltr'>Si</span> <span class='ocrx_word' id='word_1_373' title='bbox 694 5224 924 5275; x_wconf 81' lang='lat' dir='ltr'>inultum</span> <span class='ocrx_word' id='word_1_374' title='bbox 954 5226 1231 5290; x_wconf 60' lang='lat' dir='ltr'>praterire</span> <span class='ocrx_word' id='word_1_375' title='bbox 1251 5221 1495 5293; x_wconf 83' lang='lat' dir='ltr'>jubetur,</span> <span class='ocrx_word' id='word_1_376' title='bbox 1529 5229 1632 5277; x_wconf 88' lang='lat' dir='ltr'>etc.</span> 
     </span>
    </p>
   </div>
   <div class='ocr_carea' id='block_1_58' title="bbox 111 5292 1736 5363">
    <p class='ocr_par' dir='ltr' id='par_1_58' title="bbox 111 5292 1736 5363">
     <span class='ocr_line' id='line_1_58' title="bbox 111 5292 1736 5363; baseline 0.001 -17"><span class='ocrx_word' id='word_1_377' title='bbox 111 5294 132 5332; x_wconf 68' lang='grc' dir='ltr'><strong>ι)</strong></span> <span class='ocrx_word' id='word_1_378' title='bbox 166 5294 372 5357; x_wconf 82' lang='lat' dir='ltr'>Rufum</span> <span class='ocrx_word' id='word_1_379' title='bbox 404 5293 714 5362; x_wconf 85' lang='lat' dir='ltr'>legendum</span> <span class='ocrx_word' id='word_1_380' title='bbox 751 5309 762 5345; x_wconf 92' lang='lat'>:</span> <span class='ocrx_word' id='word_1_381' title='bbox 790 5292 1080 5346; x_wconf 84' lang='lat' dir='ltr'>decretum</span> <span class='ocrx_word' id='word_1_382' title='bbox 1115 5292 1520 5363; x_wconf 84' lang='lat' dir='ltr'>namqueillud</span> <span class='ocrx_word' id='word_1_383' title='bbox 1558 5299 1736 5348; x_wconf 77' lang='lat' dir='ltr'>exstat</span> 
     </span>
    </p>
   </div>
   <div class='ocr_carea' id='block_1_59' title="bbox 56 5361 1732 5433">
    <p class='ocr_par' dir='ltr' id='par_1_59' title="bbox 56 5361 1732 5433">
     <span class='ocr_line' id='line_1_59' title="bbox 56 5361 1732 5433; baseline 0.005 -23"><span class='ocrx_word' id='word_1_384' title='bbox 56 5361 125 5413; x_wconf 86' lang='lat' dir='ltr'>tit.</span> <span class='ocrx_word' id='word_1_385' title='bbox 154 5379 203 5414; x_wconf 69' lang='grc' dir='ltr'><strong>γι</strong></span> <span class='ocrx_word' id='word_1_386' title='bbox 245 5364 415 5433; x_wconf 86' lang='lat' dir='ltr'>epist.</span> <span class='ocrx_word' id='word_1_387' title='bbox 448 5366 518 5416; x_wconf 73' lang='lat'><strong>22</strong></span> <span class='ocrx_word' id='word_1_388' title='bbox 559 5363 878 5416; x_wconf 89' lang='lat' dir='ltr'>Innocentii</span> <span class='ocrx_word' id='word_1_389' title='bbox 932 5363 1006 5416; x_wconf 88' lang='lat' dir='ltr'>ad</span> <span class='ocrx_word' id='word_1_390' title='bbox 1055 5361 1326 5433; x_wconf 60' lang='lat' dir='ltr'>episcoiibs</span> <span class='ocrx_word' id='word_1_391' title='bbox 1387 5365 1732 5432; x_wconf 56' lang='lat' dir='ltr'>Macedonia,</span> 
     </span>
    </p>
   </div>
   <div class='ocr_carea' id='block_1_60' title="bbox 58 5434 1359 5504">
    <p class='ocr_par' dir='ltr' id='par_1_60' title="bbox 58 5434 1359 5504">
     <span class='ocr_line' id='line_1_60' title="bbox 58 5434 1359 5504; baseline 0.003 -20"><span class='ocrx_word' id='word_1_392' title='bbox 58 5448 282 5501; x_wconf 83' lang='lat' dir='ltr'>quorum</span> <span class='ocrx_word' id='word_1_393' title='bbox 316 5434 536 5504; x_wconf 88' lang='lat' dir='ltr'>primus</span> <span class='ocrx_word' id='word_1_394' title='bbox 557 5436 732 5498; x_wconf 81' lang='lat' dir='ltr'>Rufus</span> <span class='ocrx_word' id='word_1_395' title='bbox 759 5434 970 5488; x_wconf 87' lang='lat' dir='ltr'>ibidem</span> <span class='ocrx_word' id='word_1_396' title='bbox 1003 5436 1359 5488; x_wconf 89' lang='lat' dir='ltr'>nominatur.</span> 
     </span>
    </p>
   </div>
   <div class='ocr_carea' id='block_1_61' title="bbox 115 5505 747 5558">
    <p class='ocr_par' dir='ltr' id='par_1_61' title="bbox 115 5505 747 5558">
     <span class='ocr_line' id='line_1_61' title="bbox 115 5505 747 5558; baseline 0.002 -3"><span class='ocrx_word' id='word_1_397' title='bbox 115 5513 130 5532; x_wconf 72' lang='grc' dir='ltr'><em>τ</em></span> <span class='ocrx_word' id='word_1_398' title='bbox 169 5505 334 5558; x_wconf 83' lang='lat' dir='ltr'>Forte</span> <span class='ocrx_word' id='word_1_399' title='bbox 365 5507 747 5558; x_wconf 67' lang='lat' dir='ltr'>communione.</span> 
     </span>
    </p>
   </div>
   <div class='ocr_carea' id='block_1_62' title="bbox 114 5575 1069 5644">
    <p class='ocr_par' dir='ltr' id='par_1_62' title="bbox 114 5575 1069 5644">
     <span class='ocr_line' id='line_1_62' title="bbox 114 5575 1069 5644; baseline 0.004 -18"><span class='ocrx_word' id='word_1_400' title='bbox 114 5575 136 5614; x_wconf 75' lang='grc' dir='ltr'><em>ά</em></span> <span class='ocrx_word' id='word_1_401' title='bbox 175 5575 396 5641; x_wconf 88' lang='lat' dir='ltr'>lsidor.,</span> <span class='ocrx_word' id='word_1_402' title='bbox 440 5575 540 5629; x_wconf 90' lang='lat' dir='ltr'>lib.</span> <span class='ocrx_word' id='word_1_403' title='bbox 581 5591 630 5628; x_wconf 82' lang='lat' dir='ltr'><strong>VI</strong></span> <span class='ocrx_word' id='word_1_404' title='bbox 665 5577 868 5644; x_wconf 88' lang='lat' dir='ltr'>Etym.,</span> <span class='ocrx_word' id='word_1_405' title='bbox 901 5593 947 5629; x_wconf 90' lang='lat' dir='ltr'>c.</span> <span class='ocrx_word' id='word_1_406' title='bbox 988 5580 1069 5630; x_wconf 82' lang='lat' dir='ltr'>t9.</span> 
     </span>
    </p>
   </div>
   <div class='ocr_carea' id='block_1_63' title="bbox 115 5645 576 5710">
    <p class='ocr_par' dir='ltr' id='par_1_63' title="bbox 115 5645 576 5710">
     <span class='ocr_line' id='line_1_63' title="bbox 115 5645 576 5710; baseline 0.002 -11"><span class='ocrx_word' id='word_1_407' title='bbox 115 5652 133 5677; x_wconf 74' lang='grc' dir='ltr'><strong>ε</strong></span> <span class='ocrx_word' id='word_1_408' title='bbox 167 5645 290 5710; x_wconf 56' lang='lat' dir='ltr'>Ms,</span> <span class='ocrx_word' id='word_1_409' title='bbox 321 5647 576 5700; x_wconf 79' lang='lat' dir='ltr'>habeant.</span> 
     </span>
    </p>
   </div>
   <div class='ocr_carea' id='block_1_64' title="bbox 1875 572 3571 645">
    <p class='ocr_par' dir='ltr' id='par_1_64' title="bbox 1875 572 3571 645">
     <span class='ocr_line' id='line_1_64' title="bbox 1875 572 3571 645; baseline 0.001 -20"><span class='ocrx_word' id='word_1_410' title='bbox 1875 577 2131 625; x_wconf 90' lang='lat' dir='ltr'>mentum</span> <span class='ocrx_word' id='word_1_411' title='bbox 2186 572 2434 626; x_wconf 85' lang='lat' dir='ltr'>latenter</span> <span class='ocrx_word' id='word_1_412' title='bbox 2495 579 2767 641; x_wconf 87' lang='lat' dir='ltr'>operatur</span> <span class='ocrx_word' id='word_1_413' title='bbox 2810 574 3094 627; x_wconf 79' lang='lat' dir='ltr'>etfectnm.</span> <span class='ocrx_word' id='word_1_414' title='bbox 3147 573 3305 627; x_wconf 79' lang='lat' dir='ltr'>Unde</span> <span class='ocrx_word' id='word_1_415' title='bbox 3338 591 3433 628; x_wconf 89' lang='lat' dir='ltr'>seu</span> <span class='ocrx_word' id='word_1_416' title='bbox 3468 590 3571 645; x_wconf 89' lang='lat' dir='ltr'>per</span> 
     </span>
    </p>
   </div>
   <div class='ocr_carea' id='block_1_65' title="bbox 1871 659 3569 729">
    <p class='ocr_par' dir='ltr' id='par_1_65' title="bbox 1871 659 3569 729">
     <span class='ocr_line' id='line_1_65' title="bbox 1871 659 3569 729; baseline 0.002 -17"><span class='ocrx_word' id='word_1_417' title='bbox 1871 660 2068 724; x_wconf 90' lang='lat' dir='ltr'>bonos,</span> <span class='ocrx_word' id='word_1_418' title='bbox 2106 676 2202 711; x_wconf 90' lang='lat' dir='ltr'>seu</span> <span class='ocrx_word' id='word_1_419' title='bbox 2236 675 2339 729; x_wconf 90' lang='lat' dir='ltr'>per</span> <span class='ocrx_word' id='word_1_420' title='bbox 2371 659 2551 712; x_wconf 88' lang='lat' dir='ltr'>malos</span> <span class='ocrx_word' id='word_1_421' title='bbox 2586 661 2878 714; x_wconf 89' lang='lat' dir='ltr'>ministros</span> <span class='ocrx_word' id='word_1_422' title='bbox 2934 663 3081 714; x_wconf 89' lang='lat' dir='ltr'>intra</span> <span class='ocrx_word' id='word_1_423' title='bbox 3131 662 3230 716; x_wconf 78' lang='lat' dir='ltr'>Dei</span> <span class='ocrx_word' id='word_1_424' title='bbox 3267 664 3569 716; x_wconf 85' lang='lat' dir='ltr'>Ecclesiam</span> 
     </span>
    </p>
   </div>
   <div class='ocr_carea' id='block_1_66' title="bbox 1873 748 3566 821">
    <p class='ocr_par' dir='ltr' id='par_1_66' title="bbox 1873 748 3566 821">
     <span class='ocr_line' id='line_1_66' title="bbox 1873 748 3566 821; baseline 0.002 -20"><span class='ocrx_word' id='word_1_425' title='bbox 1873 748 2297 818; x_wconf 80' lang='lat' dir='ltr'>dispensentur,</span> <span class='ocrx_word' id='word_1_426' title='bbox 2331 755 2520 801; x_wconf 87' lang='lat' dir='ltr'>tamen</span> <span class='ocrx_word' id='word_1_427' title='bbox 2579 750 2711 818; x_wconf 82' lang='lat' dir='ltr'>quia</span> <span class='ocrx_word' id='word_1_428' title='bbox 2761 748 3004 818; x_wconf 89' lang='lat' dir='ltr'>Spiritus</span> <span class='ocrx_word' id='word_1_429' title='bbox 3055 755 3280 803; x_wconf 88' lang='lat' dir='ltr'>sanctus</span> <span class='ocrx_word' id='word_1_430' title='bbox 3329 752 3566 821; x_wconf 73' lang='lat' dir='ltr'>mystice</span> 
     </span>
    </p>
   </div>
   <div class='ocr_carea' id='block_1_67' title="bbox 1868 836 3568 908">
    <p class='ocr_par' dir='ltr' id='par_1_67' title="bbox 1868 836 3568 908">
     <span class='ocr_line' id='line_1_67' title="bbox 1868 836 3568 908; baseline 0.002 -19"><span class='ocrx_word' id='word_1_431' title='bbox 1868 836 1966 889; x_wconf 89' lang='lat' dir='ltr'>illa</span> <span class='ocrx_word' id='word_1_432' title='bbox 1994 837 2256 903; x_wconf 84' lang='lat' dir='ltr'>viviticat,</span> <span class='ocrx_word' id='word_1_433' title='bbox 2290 837 2387 907; x_wconf 89' lang='lat' dir='ltr'>qui</span> <span class='ocrx_word' id='word_1_434' title='bbox 2419 838 2710 907; x_wconf 89' lang='lat' dir='ltr'>quondam</span> <span class='ocrx_word' id='word_1_435' title='bbox 2753 838 3060 908; x_wconf 86' lang='lat' dir='ltr'>apostolico</span> <span class='ocrx_word' id='word_1_436' title='bbox 3107 839 3166 891; x_wconf 90' lang='lat' dir='ltr'>in</span> <span class='ocrx_word' id='word_1_437' title='bbox 3198 845 3456 908; x_wconf 82' lang='lat' dir='ltr'>tempore</span> <span class='ocrx_word' id='word_1_438' title='bbox 3494 840 3568 893; x_wconf 86' lang='lat' dir='ltr'>vi-</span> 
     </span>
    </p>
   </div>
   <div class='ocr_carea' id='block_1_68' title="bbox 1870 924 3567 996">
    <p class='ocr_par' dir='ltr' id='par_1_68' title="bbox 1870 924 3567 996">
     <span class='ocr_line' id='line_1_68' title="bbox 1870 924 3567 996; baseline 0.002 -18"><span class='ocrx_word' id='word_1_439' title='bbox 1870 924 2128 978; x_wconf 90' lang='lat' dir='ltr'>sibilibus</span> <span class='ocrx_word' id='word_1_440' title='bbox 2159 925 2472 996; x_wconf 84' lang='lat' dir='ltr'>apparebat</span> <span class='ocrx_word' id='word_1_441' title='bbox 2529 926 2847 990; x_wconf 84' lang='lat' dir='ltr'>obtutibus,</span> <span class='ocrx_word' id='word_1_442' title='bbox 2884 943 2987 979; x_wconf 86' lang='lat' dir='ltr'>nec</span> <span class='ocrx_word' id='word_1_443' title='bbox 3020 927 3300 980; x_wconf 89' lang='lat' dir='ltr'>bonorum</span> <span class='ocrx_word' id='word_1_444' title='bbox 3347 928 3567 981; x_wconf 87' lang='lat' dir='ltr'>meritis</span> 
     </span>
    </p>
   </div>
   <div class='ocr_carea' id='block_1_69' title="bbox 1867 1014 3565 1083">
    <p class='ocr_par' dir='ltr' id='par_1_69' title="bbox 1867 1014 3565 1083">
     <span class='ocr_line' id='line_1_69' title="bbox 1867 1014 3565 1083; baseline 0.001 -16"><span class='ocrx_word' id='word_1_445' title='bbox 1867 1014 2326 1083; x_wconf 86' lang='lat' dir='ltr'>dispensatorum</span> <span class='ocrx_word' id='word_1_446' title='bbox 2351 1015 2782 1083; x_wconf 88' lang='lat' dir='ltr'>ampliﬁcantur</span> <span class='ocrx_word' id='word_1_447' title='bbox 2811 1015 2931 1068; x_wconf 65' lang='lat' dir='ltr'>haec</span> <span class='ocrx_word' id='word_1_448' title='bbox 2955 1016 3126 1080; x_wconf 91' lang='lat' dir='ltr'>dona,</span> <span class='ocrx_word' id='word_1_449' title='bbox 3152 1032 3253 1067; x_wconf 85' lang='lat' dir='ltr'>nec</span> <span class='ocrx_word' id='word_1_450' title='bbox 3284 1017 3565 1069; x_wconf 90' lang='lat' dir='ltr'>malorum</span> 
     </span>
    </p>
   </div>
   <div class='ocr_carea' id='block_1_70' title="bbox 1867 1103 3564 1174">
    <p class='ocr_par' dir='ltr' id='par_1_70' title="bbox 1867 1103 3564 1174">
     <span class='ocr_line' id='line_1_70' title="bbox 1867 1103 3564 1174; baseline 0.001 -20"><span class='ocrx_word' id='word_1_451' title='bbox 1867 1107 2278 1156; x_wconf 80' lang='lat' dir='ltr'>attenuentur:</span> <span class='ocrx_word' id='word_1_452' title='bbox 2339 1103 2475 1174; x_wconf 90' lang='lat' dir='ltr'>quia</span> <span class='ocrx_word' id='word_1_453' title='bbox 2540 1119 2709 1170; x_wconf 83' lang='lat' dir='ltr'>neque</span> <span class='ocrx_word' id='word_1_454' title='bbox 2775 1106 2870 1172; x_wconf 86' lang='lat' dir='ltr'>qui</span> <span class='ocrx_word' id='word_1_455' title='bbox 2929 1105 3147 1172; x_wconf 79' lang='lat' dir='ltr'>plantat</span> <span class='ocrx_word' id='word_1_456' title='bbox 3194 1109 3272 1156; x_wconf 81' lang='lat' dir='ltr'>est</span> <span class='ocrx_word' id='word_1_457' title='bbox 3326 1105 3564 1172; x_wconf 78' lang='lat' dir='ltr'>aliquid,</span> 
     </span>
    </p>
   </div>
   <div class='ocr_carea' id='block_1_71' title="bbox 1865 1192 3560 1260">
    <p class='ocr_par' dir='ltr' id='par_1_71' title="bbox 1865 1192 3560 1260">
     <span class='ocr_line' id='line_1_71' title="bbox 1865 1192 3560 1260; baseline 0.002 -16"><span class='ocrx_word' id='word_1_458' title='bbox 1865 1207 2032 1259; x_wconf 86' lang='lat' dir='ltr'>neque</span> <span class='ocrx_word' id='word_1_459' title='bbox 2064 1194 2159 1258; x_wconf 86' lang='lat' dir='ltr'>qui</span> <span class='ocrx_word' id='word_1_460' title='bbox 2189 1195 2352 1258; x_wconf 83' lang='lat' dir='ltr'>rigat.</span> <span class='ocrx_word' id='word_1_461' title='bbox 2383 1192 2477 1245; x_wconf 85' lang='lat' dir='ltr'>sed</span> <span class='ocrx_word' id='word_1_462' title='bbox 2508 1195 2604 1259; x_wconf 87' lang='lat' dir='ltr'>qui</span> <span class='ocrx_word' id='word_1_463' title='bbox 2634 1195 3018 1245; x_wconf 80' lang='lat' dir='ltr'>incrementum</span> <span class='ocrx_word' id='word_1_464' title='bbox 3049 1193 3166 1259; x_wconf 87' lang='lat' dir='ltr'>dat,</span> <span class='ocrx_word' id='word_1_465' title='bbox 3203 1196 3335 1246; x_wconf 80' lang='lat' dir='ltr'>Deus</span> <span class='ocrx_word' id='word_1_466' title='bbox 3363 1196 3412 1260; x_wconf 84' lang='grc' dir='ltr'>(Ι</span> <span class='ocrx_word' id='word_1_467' title='bbox 3442 1195 3560 1249; x_wconf 89' lang='lat' dir='ltr'>Cor.</span> 
     </span>
    </p>
   </div>
   <div class='ocr_carea' id='block_1_72' title="bbox 1867 1281 3561 1352">
    <p class='ocr_par' dir='ltr' id='par_1_72' title="bbox 1867 1281 3561 1352">
     <span class='ocr_line' id='line_1_72' title="bbox 1867 1281 3561 1352; baseline 0.001 -20"><span class='ocrx_word' id='word_1_468' title='bbox 1867 1297 1947 1345; x_wconf 89' lang='grc' dir='ltr'><strong>ιιι,</strong></span> <span class='ocrx_word' id='word_1_469' title='bbox 1979 1285 2053 1344; x_wconf 81' lang='lat'>7).</span> <span class='ocrx_word' id='word_1_470' title='bbox 2095 1281 2248 1333; x_wconf 91' lang='lat' dir='ltr'>Unde</span> <span class='ocrx_word' id='word_1_471' title='bbox 2287 1284 2340 1331; x_wconf 84' lang='lat' dir='ltr'>et</span> <span class='ocrx_word' id='word_1_472' title='bbox 2373 1282 2562 1335; x_wconf 66' lang='lat' dir='ltr'>Graece</span> <span class='ocrx_word' id='word_1_473' title='bbox 2611 1284 2926 1347; x_wconf 79' lang='lat' dir='ltr'>mysterium</span> <span class='ocrx_word' id='word_1_474' title='bbox 2986 1281 3210 1344; x_wconf 89' lang='lat' dir='ltr'>dicitur,</span> <span class='ocrx_word' id='word_1_475' title='bbox 3267 1282 3415 1352; x_wconf 87' lang='lat' dir='ltr'>quod</span> <span class='ocrx_word' id='word_1_476' title='bbox 3465 1299 3561 1334; x_wconf 91' lang='lat' dir='ltr'>se—</span> 
     </span>
    </p>
   </div>
   <div class='ocr_carea' id='block_1_73' title="bbox 1865 1369 3564 1438">
    <p class='ocr_par' dir='ltr' id='par_1_73' title="bbox 1865 1369 3564 1438">
     <span class='ocr_line' id='line_1_73' title="bbox 1865 1369 3564 1438; baseline 0.002 -18"><span class='ocrx_word' id='word_1_477' title='bbox 1865 1372 2076 1421; x_wconf 87' lang='lat' dir='ltr'>cretam</span> <span class='ocrx_word' id='word_1_478' title='bbox 2111 1373 2166 1420; x_wconf 87' lang='lat' dir='ltr'>et</span> <span class='ocrx_word' id='word_1_479' title='bbox 2197 1369 2543 1421; x_wconf 88' lang='lat' dir='ltr'>reconditam</span> <span class='ocrx_word' id='word_1_480' title='bbox 2576 1369 2823 1421; x_wconf 72' lang='lat' dir='ltr'>habeat“</span> <span class='ocrx_word' id='word_1_481' title='bbox 2853 1369 3308 1438; x_wconf 85' lang='lat' dir='ltr'>dispositionem.</span> <span class='ocrx_word' id='word_1_482' title='bbox 3343 1392 3360 1415; x_wconf 67' lang='grc' dir='ltr'>ι</span> <span class='ocrx_word' id='word_1_483' title='bbox 3406 1369 3564 1430; x_wconf 82' lang='lat' dir='ltr'>Quod</span> 
     </span>
    </p>
   </div>
   <div class='ocr_carea' id='block_1_74' title="bbox 1865 1457 3564 1527">
    <p class='ocr_par' dir='ltr' id='par_1_74' title="bbox 1865 1457 3564 1527">
     <span class='ocr_line' id='line_1_74' title="bbox 1865 1457 3564 1527; baseline 0 -17"><span class='ocrx_word' id='word_1_484' title='bbox 1865 1462 1921 1510; x_wconf 92' lang='lat' dir='ltr'>et</span> <span class='ocrx_word' id='word_1_485' title='bbox 1947 1457 2287 1509; x_wconf 87' lang='lat' dir='ltr'>venerabilis</span> <span class='ocrx_word' id='word_1_486' title='bbox 2316 1457 2645 1509; x_wconf 86' lang='lat' dir='ltr'>Anastasius</span> <span class='ocrx_word' id='word_1_487' title='bbox 2677 1474 2825 1527; x_wconf 90' lang='lat' dir='ltr'>papa</span> <span class='ocrx_word' id='word_1_488' title='bbox 2879 1459 2946 1510; x_wconf 92' lang='lat' dir='ltr'>ad</span> <span class='ocrx_word' id='word_1_489' title='bbox 2979 1459 3342 1511; x_wconf 85' lang='lat' dir='ltr'>Anastasium</span> <span class='ocrx_word' id='word_1_490' title='bbox 3388 1458 3564 1527; x_wconf 88' lang='lat' dir='ltr'>impe-</span> 
     </span>
    </p>
   </div>
   <div class='ocr_carea' id='block_1_75' title="bbox 1864 1545 3560 1615">
    <p class='ocr_par' dir='ltr' id='par_1_75' title="bbox 1864 1545 3560 1615">
     <span class='ocr_line' id='line_1_75' title="bbox 1864 1545 3560 1615; baseline 0.001 -17"><span class='ocrx_word' id='word_1_491' title='bbox 1864 1551 2110 1598; x_wconf 89' lang='lat' dir='ltr'>ratorem</span> <span class='ocrx_word' id='word_1_492' title='bbox 2143 1562 2244 1615; x_wconf 92' lang='lat' dir='ltr'>pro</span> <span class='ocrx_word' id='word_1_493' title='bbox 2299 1545 2886 1598; x_wconf 88' lang='lat' dir='ltr'>communicatoribus</span> <span class='ocrx_word' id='word_1_494' title='bbox 2935 1546 3122 1598; x_wconf 83' lang='lat' dir='ltr'>Acacii</span> <span class='ocrx_word' id='word_1_495' title='bbox 3169 1547 3421 1599; x_wconf 68' lang='lat' dir='ltr'>hauetici</span> <span class='ocrx_word' id='word_1_496' title='bbox 3457 1548 3560 1599; x_wconf 83' lang='lat' dir='ltr'>lio-</span> 
     </span>
    </p>
   </div>
   <div class='ocr_carea' id='block_1_76' title="bbox 1863 1632 3560 1703">
    <p class='ocr_par' dir='ltr' id='par_1_76' title="bbox 1863 1632 3560 1703">
     <span class='ocr_line' id='line_1_76' title="bbox 1863 1632 3560 1703; baseline -0.002 -15"><span class='ocrx_word' id='word_1_497' title='bbox 1863 1633 2034 1688; x_wconf 90' lang='lat' dir='ltr'>minis</span> <span class='ocrx_word' id='word_1_498' title='bbox 2095 1640 2150 1686; x_wconf 91' lang='lat' dir='ltr'>et</span> <span class='ocrx_word' id='word_1_499' title='bbox 2184 1633 2460 1698; x_wconf 88' lang='lat' dir='ltr'>damnati,</span> <span class='ocrx_word' id='word_1_500' title='bbox 2521 1634 2579 1686; x_wconf 92' lang='lat' dir='ltr'>in</span> <span class='ocrx_word' id='word_1_501' title='bbox 2629 1637 3026 1686; x_wconf 87' lang='lat' dir='ltr'>auctoritatem</span> <span class='ocrx_word' id='word_1_502' title='bbox 3062 1632 3362 1703; x_wconf 90' lang='lat' dir='ltr'>splendido</span> <span class='ocrx_word' id='word_1_503' title='bbox 3424 1633 3560 1685; x_wconf 79' lang='lat' dir='ltr'>satis</span> 
     </span>
    </p>
   </div>
   <div class='ocr_carea' id='block_1_77' title="bbox 1862 1722 3561 1792">
    <p class='ocr_par' dir='ltr' id='par_1_77' title="bbox 1862 1722 3561 1792">
     <span class='ocr_line' id='line_1_77' title="bbox 1862 1722 3561 1792; baseline -0.002 -17"><span class='ocrx_word' id='word_1_504' title='bbox 1862 1722 2064 1775; x_wconf 91' lang='lat' dir='ltr'>eodem</span> <span class='ocrx_word' id='word_1_505' title='bbox 2086 1738 2278 1787; x_wconf 90' lang='lat' dir='ltr'>sensu,</span> <span class='ocrx_word' id='word_1_506' title='bbox 2312 1722 2446 1792; x_wconf 89' lang='lat' dir='ltr'>quia</span> <span class='ocrx_word' id='word_1_507' title='bbox 2477 1726 2531 1774; x_wconf 92' lang='lat' dir='ltr'>et</span> <span class='ocrx_word' id='word_1_508' title='bbox 2563 1722 2768 1774; x_wconf 88' lang='lat' dir='ltr'>eodem</span> <span class='ocrx_word' id='word_1_509' title='bbox 2799 1722 3022 1791; x_wconf 85' lang='lat' dir='ltr'>spiritu,</span> <span class='ocrx_word' id='word_1_510' title='bbox 3060 1727 3116 1774; x_wconf 92' lang='lat' dir='ltr'>et</span> <span class='ocrx_word' id='word_1_511' title='bbox 3183 1726 3561 1791; x_wconf 87' lang='lat' dir='ltr'>accuratoque</span> 
     </span>
    </p>
   </div>
   <div class='ocr_carea' id='block_1_78' title="bbox 1863 1810 3560 1881">
    <p class='ocr_par' dir='ltr' id='par_1_78' title="bbox 1863 1810 3560 1881">
     <span class='ocr_line' id='line_1_78' title="bbox 1863 1810 3560 1881; baseline -0.001 -17"><span class='ocrx_word' id='word_1_512' title='bbox 1863 1828 2145 1877; x_wconf 90' lang='lat' dir='ltr'>sermone,</span> <span class='ocrx_word' id='word_1_513' title='bbox 2189 1811 2541 1881; x_wconf 78' lang='lat' dir='ltr'>exsequitur.</span> <span class='ocrx_word' id='word_1_514' title='bbox 2605 1811 2746 1863; x_wconf 88' lang='lat' dir='ltr'>Dicit</span> <span class='ocrx_word' id='word_1_515' title='bbox 2787 1811 2937 1863; x_wconf 91' lang='lat' dir='ltr'>enim</span> <span class='ocrx_word' id='word_1_516' title='bbox 2992 1810 3050 1862; x_wconf 90' lang='lat' dir='ltr'>in</span> <span class='ocrx_word' id='word_1_517' title='bbox 3111 1810 3274 1863; x_wconf 90' lang='lat' dir='ltr'>titulo</span> <span class='ocrx_word' id='word_1_518' title='bbox 3318 1811 3560 1879; x_wconf 84' lang='lat' dir='ltr'>septimo</span> 
     </span>
    </p>
   </div>
   <div class='ocr_carea' id='block_1_79' title="bbox 1863 1897 3558 1969">
    <p class='ocr_par' dir='ltr' id='par_1_79' title="bbox 1863 1897 3558 1969">
     <span class='ocr_line' id='line_1_79' title="bbox 1863 1897 3558 1969; baseline -0.001 -18"><span class='ocrx_word' id='word_1_519' title='bbox 1863 1899 2118 1969; x_wconf 88' lang='lat' dir='ltr'>ejusdem</span> <span class='ocrx_word' id='word_1_520' title='bbox 2150 1898 2405 1968; x_wconf 67' lang='lat' dir='ltr'>epistola:</span> <span class='ocrx_word' id='word_1_521' title='bbox 2441 1914 2452 1951; x_wconf 91' lang='lat'>:</span> <span class='ocrx_word' id='word_1_522' title='bbox 2491 1922 2514 1943; x_wconf 87' lang='grc'>‹‹</span> <span class='ocrx_word' id='word_1_523' title='bbox 2550 1899 2689 1951; x_wconf 85' lang='lat' dir='ltr'>Nam</span> <span class='ocrx_word' id='word_1_524' title='bbox 2718 1897 3030 1950; x_wconf 89' lang='lat' dir='ltr'>secundum</span> <span class='ocrx_word' id='word_1_525' title='bbox 3065 1897 3322 1951; x_wconf 68' lang='lat' dir='ltr'>Ecclesia:</span> <span class='ocrx_word' id='word_1_526' title='bbox 3365 1897 3558 1950; x_wconf 89' lang='lat' dir='ltr'>catho-</span> 
     </span>
    </p>
   </div>
   <div class='ocr_carea' id='block_1_80' title="bbox 1860 1985 3557 2042">
    <p class='ocr_par' dir='ltr' id='par_1_80' title="bbox 1860 1985 3557 2042">
     <span class='ocr_line' id='line_1_80' title="bbox 1860 1985 3557 2042; baseline -0.001 -2"><span class='ocrx_word' id='word_1_527' title='bbox 1860 1987 1983 2042; x_wconf 60' lang='lat' dir='ltr'>lica:</span> <span class='ocrx_word' id='word_1_528' title='bbox 2033 1987 2502 2040; x_wconf 88' lang='lat' dir='ltr'>consuetudinem</span> <span class='ocrx_word' id='word_1_529' title='bbox 2555 1986 3000 2038; x_wconf 89' lang='lat' dir='ltr'>sacratissimum</span> <span class='ocrx_word' id='word_1_530' title='bbox 3058 1985 3380 2038; x_wconf 86' lang='lat' dir='ltr'>serenitatis</span> <span class='ocrx_word' id='word_1_531' title='bbox 3444 1989 3557 2038; x_wconf 67' lang='lat' dir='ltr'>tuae</span> 
     </span>
    </p>
   </div>
   <div class='ocr_carea' id='block_1_81' title="bbox 1859 2073 3558 2146">
    <p class='ocr_par' dir='ltr' id='par_1_81' title="bbox 1859 2073 3558 2146">
     <span class='ocr_line' id='line_1_81' title="bbox 1859 2073 3558 2146; baseline -0.002 -17"><span class='ocrx_word' id='word_1_532' title='bbox 1859 2080 2056 2146; x_wconf 89' lang='lat' dir='ltr'>pectus</span> <span class='ocrx_word' id='word_1_533' title='bbox 2084 2080 2374 2143; x_wconf 80' lang='lat' dir='ltr'>agnoscat,</span> <span class='ocrx_word' id='word_1_534' title='bbox 2409 2073 2562 2143; x_wconf 92' lang='lat' dir='ltr'>quod</span> <span class='ocrx_word' id='word_1_535' title='bbox 2595 2073 2817 2126; x_wconf 90' lang='lat' dir='ltr'>nullum</span> <span class='ocrx_word' id='word_1_536' title='bbox 2853 2075 2920 2126; x_wconf 94' lang='lat' dir='ltr'>de</span> <span class='ocrx_word' id='word_1_537' title='bbox 2955 2073 3038 2126; x_wconf 80' lang='lat' dir='ltr'>liis</span> <span class='ocrx_word' id='word_1_538' title='bbox 3079 2074 3165 2126; x_wconf 88' lang='lat' dir='ltr'>vel</span> <span class='ocrx_word' id='word_1_539' title='bbox 3203 2090 3346 2144; x_wconf 90' lang='lat' dir='ltr'>quos</span> <span class='ocrx_word' id='word_1_540' title='bbox 3375 2074 3558 2142; x_wconf 88' lang='lat' dir='ltr'>bapti-</span> 
     </span>
    </p>
   </div>
   <div class='ocr_carea' id='block_1_82' title="bbox 1861 2162 3555 2231">
    <p class='ocr_par' dir='ltr' id='par_1_82' title="bbox 1861 2162 3555 2231">
     <span class='ocr_line' id='line_1_82' title="bbox 1861 2162 3555 2231; baseline -0.001 -16"><span class='ocrx_word' id='word_1_541' title='bbox 1861 2162 2006 2215; x_wconf 91' lang='lat' dir='ltr'>zavit</span> <span class='ocrx_word' id='word_1_542' title='bbox 2053 2162 2310 2226; x_wconf 83' lang='lat' dir='ltr'>Aeacius,</span> <span class='ocrx_word' id='word_1_543' title='bbox 2381 2163 2468 2214; x_wconf 88' lang='lat' dir='ltr'>vel</span> <span class='ocrx_word' id='word_1_544' title='bbox 2523 2178 2665 2231; x_wconf 90' lang='lat' dir='ltr'>quos</span> <span class='ocrx_word' id='word_1_545' title='bbox 2721 2162 3058 2221; x_wconf 88' lang='lat' dir='ltr'>sacerdotes,</span> <span class='ocrx_word' id='word_1_546' title='bbox 3119 2162 3233 2214; x_wconf 87' lang='lat' dir='ltr'>sive</span> <span class='ocrx_word' id='word_1_547' title='bbox 3315 2162 3555 2226; x_wconf 90' lang='lat' dir='ltr'>Levitas,</span> 
     </span>
    </p>
   </div>
   <div class='ocr_carea' id='block_1_83' title="bbox 1860 2251 3555 2316">
    <p class='ocr_par' dir='ltr' id='par_1_83' title="bbox 1860 2251 3555 2316">
     <span class='ocr_line' id='line_1_83' title="bbox 1860 2251 3555 2316; baseline -0.001 -12"><span class='ocrx_word' id='word_1_548' title='bbox 1860 2251 2170 2304; x_wconf 86' lang='lat' dir='ltr'>secundum</span> <span class='ocrx_word' id='word_1_549' title='bbox 2209 2267 2454 2303; x_wconf 89' lang='lat' dir='ltr'>canones</span> <span class='ocrx_word' id='word_1_550' title='bbox 2503 2251 2804 2316; x_wconf 87' lang='lat' dir='ltr'>ordinavit,</span> <span class='ocrx_word' id='word_1_551' title='bbox 2867 2251 2983 2304; x_wconf 89' lang='lat' dir='ltr'>ulla</span> <span class='ocrx_word' id='word_1_552' title='bbox 3038 2267 3134 2303; x_wconf 90' lang='lat' dir='ltr'>eos</span> <span class='ocrx_word' id='word_1_553' title='bbox 3182 2266 3248 2303; x_wconf 85' lang='lat' dir='ltr'>ex</span> <span class='ocrx_word' id='word_1_554' title='bbox 3320 2251 3555 2303; x_wconf 86' lang='lat' dir='ltr'>nomine</span> 
     </span>
    </p>
   </div>
   <div class='ocr_carea' id='block_1_84' title="bbox 1858 2339 3556 2409">
    <p class='ocr_par' dir='ltr' id='par_1_84' title="bbox 1858 2339 3556 2409">
     <span class='ocr_line' id='line_1_84' title="bbox 1858 2339 3556 2409; baseline -0.001 -16"><span class='ocrx_word' id='word_1_555' title='bbox 1858 2339 2044 2394; x_wconf 86' lang='lat' dir='ltr'>Acacii</span> <span class='ocrx_word' id='word_1_556' title='bbox 2076 2339 2267 2409; x_wconf 91' lang='lat' dir='ltr'>portio</span> <span class='ocrx_word' id='word_1_557' title='bbox 2301 2339 2548 2392; x_wconf 67' lang='lat' dir='ltr'>ltesionis</span> <span class='ocrx_word' id='word_1_558' title='bbox 2574 2339 2838 2407; x_wconf 84' lang='lat' dir='ltr'>attingat,</span> <span class='ocrx_word' id='word_1_559' title='bbox 2881 2355 2992 2409; x_wconf 90' lang='lat' dir='ltr'>quo</span> <span class='ocrx_word' id='word_1_560' title='bbox 3022 2339 3261 2392; x_wconf 89' lang='lat' dir='ltr'>forsitan</span> <span class='ocrx_word' id='word_1_561' title='bbox 3313 2355 3416 2408; x_wconf 91' lang='lat' dir='ltr'>per</span> <span class='ocrx_word' id='word_1_562' title='bbox 3447 2339 3556 2393; x_wconf 91' lang='lat' dir='ltr'>ini-</span> 
     </span>
    </p>
   </div>
   <div class='ocr_carea' id='block_1_85' title="bbox 1859 2427 3553 2499">
    <p class='ocr_par' dir='ltr' id='par_1_85' title="bbox 1859 2427 3553 2499">
     <span class='ocr_line' id='line_1_85' title="bbox 1859 2427 3553 2499; baseline -0.001 -17"><span class='ocrx_word' id='word_1_563' title='bbox 1859 2445 2038 2499; x_wconf 89' lang='lat' dir='ltr'>quum</span> <span class='ocrx_word' id='word_1_564' title='bbox 2085 2428 2292 2481; x_wconf 90' lang='lat' dir='ltr'>tradita</span> <span class='ocrx_word' id='word_1_565' title='bbox 2340 2433 2692 2481; x_wconf 87' lang='lat' dir='ltr'>sacramenta</span> <span class='ocrx_word' id='word_1_566' title='bbox 2753 2427 2941 2480; x_wconf 90' lang='lat' dir='ltr'>minus</span> <span class='ocrx_word' id='word_1_567' title='bbox 3001 2428 3166 2481; x_wconf 89' lang='lat' dir='ltr'>ﬁrma</span> <span class='ocrx_word' id='word_1_568' title='bbox 3217 2427 3553 2496; x_wconf 46' lang='lat' dir='ltr'>(videantur,</span> 
     </span>
    </p>
   </div>
   <div class='ocr_carea' id='block_1_86' title="bbox 1860 2515 3556 2587">
    <p class='ocr_par' dir='ltr' id='par_1_86' title="bbox 1860 2515 3556 2587">
     <span class='ocr_line' id='line_1_86' title="bbox 1860 2515 3556 2587; baseline -0.002 -16"><span class='ocrx_word' id='word_1_569' title='bbox 1860 2533 1991 2571; x_wconf 90' lang='lat' dir='ltr'>nam</span> <span class='ocrx_word' id='word_1_570' title='bbox 2025 2521 2080 2570; x_wconf 90' lang='lat' dir='ltr'>et</span> <span class='ocrx_word' id='word_1_571' title='bbox 2109 2516 2484 2587; x_wconf 89' lang='lat' dir='ltr'>baptismum,</span> <span class='ocrx_word' id='word_1_572' title='bbox 2518 2518 2670 2587; x_wconf 91' lang='lat' dir='ltr'>quod</span> <span class='ocrx_word' id='word_1_573' title='bbox 2706 2517 2902 2586; x_wconf 88' lang='lat' dir='ltr'>procul</span> <span class='ocrx_word' id='word_1_574' title='bbox 2935 2515 3007 2569; x_wconf 91' lang='lat' dir='ltr'>sit</span> <span class='ocrx_word' id='word_1_575' title='bbox 3038 2517 3108 2569; x_wconf 88' lang='lat' dir='ltr'>ab</span> <span class='ocrx_word' id='word_1_576' title='bbox 3149 2517 3415 2581; x_wconf 81' lang='lat' dir='ltr'>Ecclesia,</span> <span class='ocrx_word' id='word_1_577' title='bbox 3441 2517 3556 2568; x_wconf 87' lang='lat' dir='ltr'>sive</span> 
     </span>
    </p>
   </div>
   <div class='ocr_carea' id='block_1_87' title="bbox 1859 2604 3558 2675">
    <p class='ocr_par' dir='ltr' id='par_1_87' title="bbox 1859 2604 3558 2675">
     <span class='ocr_line' id='line_1_87' title="bbox 1859 2604 3558 2675; baseline -0.001 -15"><span class='ocrx_word' id='word_1_578' title='bbox 1859 2607 1930 2660; x_wconf 88' lang='lat' dir='ltr'>ab</span> <span class='ocrx_word' id='word_1_579' title='bbox 1964 2606 2242 2673; x_wconf 89' lang='lat' dir='ltr'>adultero,</span> <span class='ocrx_word' id='word_1_580' title='bbox 2294 2605 2406 2658; x_wconf 91' lang='lat' dir='ltr'>sive</span> <span class='ocrx_word' id='word_1_581' title='bbox 2453 2622 2481 2656; x_wconf 86' lang='lat' dir='ltr'>a</span> <span class='ocrx_word' id='word_1_582' title='bbox 2516 2606 2638 2658; x_wconf 85' lang='lat' dir='ltr'>fure</span> <span class='ocrx_word' id='word_1_583' title='bbox 2666 2604 2838 2657; x_wconf 86' lang='lat' dir='ltr'>fuerit</span> <span class='ocrx_word' id='word_1_584' title='bbox 2871 2605 3086 2666; x_wconf 83' lang='lat' dir='ltr'>datum,</span> <span class='ocrx_word' id='word_1_585' title='bbox 3121 2604 3190 2658; x_wconf 90' lang='lat' dir='ltr'>ad</span> <span class='ocrx_word' id='word_1_586' title='bbox 3242 2605 3558 2675; x_wconf 87' lang='lat' dir='ltr'>percipien-</span> 
     </span>
    </p>
   </div>
   <div class='ocr_carea' id='block_1_88' title="bbox 1859 2694 3553 2764">
    <p class='ocr_par' dir='ltr' id='par_1_88' title="bbox 1859 2694 3553 2764">
     <span class='ocr_line' id='line_1_88' title="bbox 1859 2694 3553 2764; baseline 0 -16"><span class='ocrx_word' id='word_1_587' title='bbox 1859 2701 1972 2748; x_wconf 91' lang='lat' dir='ltr'>tem</span> <span class='ocrx_word' id='word_1_588' title='bbox 2004 2711 2214 2748; x_wconf 90' lang='lat' dir='ltr'>munus</span> <span class='ocrx_word' id='word_1_589' title='bbox 2249 2695 2506 2764; x_wconf 85' lang='lat' dir='ltr'>pervenit</span> <span class='ocrx_word' id='word_1_590' title='bbox 2559 2694 2882 2747; x_wconf 77' lang='lat' dir='ltr'>inlibatum.</span> <span class='ocrx_word' id='word_1_591' title='bbox 2935 2695 3079 2758; x_wconf 83' lang='lat' dir='ltr'>Quia</span> <span class='ocrx_word' id='word_1_592' title='bbox 3129 2710 3230 2746; x_wconf 86' lang='lat' dir='ltr'>vox</span> <span class='ocrx_word' id='word_1_593' title='bbox 3273 2694 3389 2760; x_wconf 88' lang='lat' dir='ltr'>illa,</span> <span class='ocrx_word' id='word_1_594' title='bbox 3423 2711 3553 2764; x_wconf 76' lang='lat' dir='ltr'>quae</span> 
     </span>
    </p>
   </div>
   <div class='ocr_carea' id='block_1_89' title="bbox 1859 2783 3557 2853">
    <p class='ocr_par' dir='ltr' id='par_1_89' title="bbox 1859 2783 3557 2853">
     <span class='ocr_line' id='line_1_89' title="bbox 1859 2783 3557 2853; baseline -0.001 -16"><span class='ocrx_word' id='word_1_595' title='bbox 1859 2784 2051 2837; x_wconf 88' lang='lat' dir='ltr'>sonuit</span> <span class='ocrx_word' id='word_1_596' title='bbox 2083 2801 2183 2853; x_wconf 87' lang='lat' dir='ltr'>per</span> <span class='ocrx_word' id='word_1_597' title='bbox 2213 2783 2555 2849; x_wconf 82' lang='lat' dir='ltr'>columbam,</span> <span class='ocrx_word' id='word_1_598' title='bbox 2584 2799 2812 2835; x_wconf 88' lang='lat' dir='ltr'>omnem</span> <span class='ocrx_word' id='word_1_599' title='bbox 2835 2784 3115 2836; x_wconf 85' lang='lat' dir='ltr'>maculam</span> <span class='ocrx_word' id='word_1_600' title='bbox 3147 2784 3415 2836; x_wconf 72' lang='lat' dir='ltr'>humanm</span> <span class='ocrx_word' id='word_1_601' title='bbox 3446 2784 3557 2853; x_wconf 86' lang='lat' dir='ltr'>pol-</span> 
     </span>
    </p>
   </div>
   <div class='ocr_carea' id='block_1_90' title="bbox 1857 2870 3555 2941">
    <p class='ocr_par' dir='ltr' id='par_1_90' title="bbox 1857 2870 3555 2941">
     <span class='ocr_line' id='line_1_90' title="bbox 1857 2870 3555 2941; baseline -0.001 -15"><span class='ocrx_word' id='word_1_602' title='bbox 1857 2873 2095 2927; x_wconf 91' lang='lat' dir='ltr'>lutionis</span> <span class='ocrx_word' id='word_1_603' title='bbox 2141 2872 2406 2938; x_wconf 85' lang='lat' dir='ltr'>excludit,</span> <span class='ocrx_word' id='word_1_604' title='bbox 2461 2887 2574 2941; x_wconf 84' lang='lat' dir='ltr'>qua</span> <span class='ocrx_word' id='word_1_605' title='bbox 2607 2870 2624 2904; x_wconf 68' lang='grc' dir='ltr'>ί</span> <span class='ocrx_word' id='word_1_606' title='bbox 2673 2871 3010 2937; x_wconf 80' lang='lat' dir='ltr'>declaratur,</span> <span class='ocrx_word' id='word_1_607' title='bbox 3058 2888 3121 2924; x_wconf 89' lang='lat' dir='ltr'>ac</span> <span class='ocrx_word' id='word_1_608' title='bbox 3153 2872 3402 2925; x_wconf 89' lang='lat' dir='ltr'>dicitur:</span> <span class='ocrx_word' id='word_1_609' title='bbox 3457 2875 3555 2925; x_wconf 85' lang='lat' dir='ltr'>Hic</span> 
     </span>
    </p>
   </div>
   <div class='ocr_carea' id='block_1_91' title="bbox 1857 2961 3552 3031">
    <p class='ocr_par' dir='ltr' id='par_1_91' title="bbox 1857 2961 3552 3031">
     <span class='ocr_line' id='line_1_91' title="bbox 1857 2961 3552 3031; baseline -0.002 -15"><span class='ocrx_word' id='word_1_610' title='bbox 1857 2969 1934 3016; x_wconf 81' lang='lat' dir='ltr'>est</span> <span class='ocrx_word' id='word_1_611' title='bbox 1973 2964 2068 3029; x_wconf 80' lang='lat' dir='ltr'>qui</span> <span class='ocrx_word' id='word_1_612' title='bbox 2117 2962 2360 3030; x_wconf 85' lang='lat' dir='ltr'>baptizat</span> <span class='ocrx_word' id='word_1_613' title='bbox 2389 2964 2446 3014; x_wconf 84' lang='lat' dir='ltr'>in</span> <span class='ocrx_word' id='word_1_614' title='bbox 2488 2962 2701 3029; x_wconf 79' lang='lat' dir='ltr'>Spiritu</span> <span class='ocrx_word' id='word_1_615' title='bbox 2731 2966 2780 3014; x_wconf 80' lang='lat' dir='ltr'>ct</span> <span class='ocrx_word' id='word_1_616' title='bbox 2811 2963 2933 3027; x_wconf 79' lang='lat' dir='ltr'>igne</span> <span class='ocrx_word' id='word_1_617' title='bbox 2965 2961 3137 3031; x_wconf 84' lang='lat' dir='ltr'>(Joan.</span> <span class='ocrx_word' id='word_1_618' title='bbox 3175 2977 3209 3026; x_wconf 83' lang='lat'>1,</span> <span class='ocrx_word' id='word_1_619' title='bbox 3268 2963 3378 3024; x_wconf 80' lang='lat'>33).</span> <span class='ocrx_word' id='word_1_620' title='bbox 3414 2961 3552 3014; x_wconf 85' lang='lat' dir='ltr'>Nam</span> 
     </span>
    </p>
   </div>
   <div class='ocr_carea' id='block_1_92' title="bbox 1809 3049 3550 3119">
    <p class='ocr_par' dir='ltr' id='par_1_92' title="bbox 1809 3049 3550 3119">
     <span class='ocr_line' id='line_1_92' title="bbox 1809 3049 3550 3119; baseline -0.001 -16"><span class='ocrx_word' id='word_1_621' title='bbox 1809 3077 1825 3119; x_wconf 55' lang='grc' dir='ltr'><strong><em>τ</em></strong></span> <span class='ocrx_word' id='word_1_622' title='bbox 1859 3053 1905 3104; x_wconf 91' lang='lat' dir='ltr'>si</span> <span class='ocrx_word' id='word_1_623' title='bbox 1937 3050 2170 3104; x_wconf 82' lang='lat' dir='ltr'>visibilis</span> <span class='ocrx_word' id='word_1_624' title='bbox 2205 3049 2338 3104; x_wconf 90' lang='lat' dir='ltr'>solis</span> <span class='ocrx_word' id='word_1_625' title='bbox 2369 3049 2532 3102; x_wconf 87' lang='lat' dir='ltr'>istius</span> <span class='ocrx_word' id='word_1_626' title='bbox 2559 3049 2704 3103; x_wconf 91' lang='lat' dir='ltr'>radii</span> <span class='ocrx_word' id='word_1_627' title='bbox 2737 3066 2862 3102; x_wconf 89' lang='lat' dir='ltr'>cum</span> <span class='ocrx_word' id='word_1_628' title='bbox 2895 3066 2996 3119; x_wconf 87' lang='lat' dir='ltr'>per</span> <span class='ocrx_word' id='word_1_629' title='bbox 3018 3062 3044 3102; x_wconf 77' lang='lat'><strong>8</strong></span> <span class='ocrx_word' id='word_1_630' title='bbox 3079 3051 3195 3102; x_wconf 88' lang='lat' dir='ltr'>loca</span> <span class='ocrx_word' id='word_1_631' title='bbox 3217 3049 3550 3102; x_wconf 88' lang='lat' dir='ltr'>fetidissima</span> 
     </span>
    </p>
   </div>
   <div class='ocr_carea' id='block_1_93' title="bbox 1857 3138 3550 3208">
    <p class='ocr_par' dir='ltr' id='par_1_93' title="bbox 1857 3138 3550 3208">
     <span class='ocr_line' id='line_1_93' title="bbox 1857 3138 3550 3208; baseline -0.002 -15"><span class='ocrx_word' id='word_1_632' title='bbox 1857 3145 2172 3205; x_wconf 88' lang='lat' dir='ltr'>transeunt,</span> <span class='ocrx_word' id='word_1_633' title='bbox 2197 3140 2353 3192; x_wconf 90' lang='lat' dir='ltr'>nulla</span> <span class='ocrx_word' id='word_1_634' title='bbox 2383 3144 2677 3192; x_wconf 87' lang='lat' dir='ltr'>contactus</span> <span class='ocrx_word' id='word_1_635' title='bbox 2707 3138 3101 3208; x_wconf 88' lang='lat' dir='ltr'>inquinatione</span> <span class='ocrx_word' id='word_1_636' title='bbox 3150 3138 3550 3204; x_wconf 89' lang='lat' dir='ltr'>maculantur;</span> 
     </span>
    </p>
   </div>
   <div class='ocr_carea' id='block_1_94' title="bbox 1855 3227 3536 3298">
    <p class='ocr_par' dir='ltr' id='par_1_94' title="bbox 1855 3227 3536 3298">
     <span class='ocr_line' id='line_1_94' title="bbox 1855 3227 3536 3298; baseline -0.002 -17"><span class='ocrx_word' id='word_1_637' title='bbox 1855 3228 2038 3282; x_wconf 86' lang='lat' dir='ltr'>multo</span> <span class='ocrx_word' id='word_1_638' title='bbox 2074 3228 2254 3297; x_wconf 87' lang='lat' dir='ltr'>magis</span> <span class='ocrx_word' id='word_1_639' title='bbox 2285 3227 2440 3280; x_wconf 91' lang='lat' dir='ltr'>illius</span> <span class='ocrx_word' id='word_1_640' title='bbox 2487 3227 2585 3298; x_wconf 92' lang='lat' dir='ltr'>qui</span> <span class='ocrx_word' id='word_1_641' title='bbox 2628 3228 2799 3280; x_wconf 88' lang='lat' dir='ltr'>istum</span> <span class='ocrx_word' id='word_1_642' title='bbox 2837 3227 3117 3279; x_wconf 86' lang='lat' dir='ltr'>visibilem</span> <span class='ocrx_word' id='word_1_643' title='bbox 3165 3227 3298 3279; x_wconf 86' lang='lat' dir='ltr'>facit</span> <span class='ocrx_word' id='word_1_644' title='bbox 3340 3228 3536 3292; x_wconf 88' lang='lat' dir='ltr'>virtus,</span> 
     </span>
    </p>
   </div>
   <div class='ocr_carea' id='block_1_95' title="bbox 1857 3314 3552 3386">
    <p class='ocr_par' dir='ltr' id='par_1_95' title="bbox 1857 3314 3552 3386">
     <span class='ocr_line' id='line_1_95' title="bbox 1857 3314 3552 3386; baseline -0.001 -16"><span class='ocrx_word' id='word_1_645' title='bbox 1857 3319 2010 3370; x_wconf 89' lang='lat' dir='ltr'>nulla</span> <span class='ocrx_word' id='word_1_646' title='bbox 2043 3317 2287 3370; x_wconf 89' lang='lat' dir='ltr'>ministri</span> <span class='ocrx_word' id='word_1_647' title='bbox 2319 3314 2342 3350; x_wconf 68' lang='lat' dir='ltr'><strong>h</strong></span> <span class='ocrx_word' id='word_1_648' title='bbox 2366 3316 2707 3386; x_wconf 88' lang='lat' dir='ltr'>indignitate</span> <span class='ocrx_word' id='word_1_649' title='bbox 2741 3316 3170 3385; x_wconf 87' lang='lat' dir='ltr'>constringitur.</span> <span class='ocrx_word' id='word_1_650' title='bbox 3209 3316 3347 3368; x_wconf 83' lang='lat' dir='ltr'>Nam</span> <span class='ocrx_word' id='word_1_651' title='bbox 3379 3321 3436 3369; x_wconf 89' lang='lat' dir='ltr'>et</span> <span class='ocrx_word' id='word_1_652' title='bbox 3460 3317 3552 3369; x_wconf 84' lang='lat' dir='ltr'>Ju-</span> 
     </span>
    </p>
   </div>
   <div class='ocr_carea' id='block_1_96' title="bbox 1855 3403 3552 3474">
    <p class='ocr_par' dir='ltr' id='par_1_96' title="bbox 1855 3403 3552 3474">
     <span class='ocr_line' id='line_1_96' title="bbox 1855 3403 3552 3474; baseline -0.001 -15"><span class='ocrx_word' id='word_1_653' title='bbox 1855 3406 1954 3459; x_wconf 90' lang='lat' dir='ltr'>das</span> <span class='ocrx_word' id='word_1_654' title='bbox 2007 3421 2133 3458; x_wconf 87' lang='lat' dir='ltr'>cum</span> <span class='ocrx_word' id='word_1_655' title='bbox 2191 3405 2360 3458; x_wconf 87' lang='lat' dir='ltr'>fuerit</span> <span class='ocrx_word' id='word_1_656' title='bbox 2407 3405 2716 3473; x_wconf 88' lang='lat' dir='ltr'>sacrilegus</span> <span class='ocrx_word' id='word_1_657' title='bbox 2747 3410 2918 3474; x_wconf 90' lang='lat' dir='ltr'>atque</span> <span class='ocrx_word' id='word_1_658' title='bbox 2959 3404 3068 3469; x_wconf 87' lang='lat' dir='ltr'>fur,</span> <span class='ocrx_word' id='word_1_659' title='bbox 3104 3405 3381 3474; x_wconf 90' lang='lat' dir='ltr'>quidquid</span> <span class='ocrx_word' id='word_1_660' title='bbox 3432 3403 3552 3472; x_wconf 87' lang='lat' dir='ltr'>egit</span> 
     </span>
    </p>
   </div>
   <div class='ocr_carea' id='block_1_97' title="bbox 1855 3492 3551 3563">
    <p class='ocr_par' dir='ltr' id='par_1_97' title="bbox 1855 3492 3551 3563">
     <span class='ocr_line' id='line_1_97' title="bbox 1855 3492 3551 3563; baseline -0.001 -17"><span class='ocrx_word' id='word_1_661' title='bbox 1855 3494 2005 3547; x_wconf 87' lang='lat' dir='ltr'>inter</span> <span class='ocrx_word' id='word_1_662' title='bbox 2061 3494 2350 3562; x_wconf 87' lang='lat' dir='ltr'>apostolos</span> <span class='ocrx_word' id='word_1_663' title='bbox 2396 3509 2500 3563; x_wconf 91' lang='lat' dir='ltr'>pro</span> <span class='ocrx_word' id='word_1_664' title='bbox 2569 3493 2845 3562; x_wconf 86' lang='lat' dir='ltr'>dignitate</span> <span class='ocrx_word' id='word_1_665' title='bbox 2896 3492 3219 3556; x_wconf 91' lang='lat' dir='ltr'>commissa,</span> <span class='ocrx_word' id='word_1_666' title='bbox 3273 3493 3551 3546; x_wconf 77' lang='lat' dir='ltr'>beneficia</span> 
     </span>
    </p>
   </div>
   <div class='ocr_carea' id='block_1_98' title="bbox 1852 3581 3547 3652">
    <p class='ocr_par' dir='ltr' id='par_1_98' title="bbox 1852 3581 3547 3652">
     <span class='ocr_line' id='line_1_98' title="bbox 1852 3581 3547 3652; baseline -0.001 -18"><span class='ocrx_word' id='word_1_667' title='bbox 1852 3598 1957 3652; x_wconf 89' lang='lat' dir='ltr'>per</span> <span class='ocrx_word' id='word_1_668' title='bbox 1992 3581 2299 3652; x_wconf 84' lang='lat' dir='ltr'>indignum</span> <span class='ocrx_word' id='word_1_669' title='bbox 2335 3581 2485 3645; x_wconf 88' lang='lat' dir='ltr'>data,</span> <span class='ocrx_word' id='word_1_670' title='bbox 2521 3583 2677 3633; x_wconf 88' lang='lat' dir='ltr'>nulla</span> <span class='ocrx_word' id='word_1_671' title='bbox 2718 3598 2780 3633; x_wconf 87' lang='lat' dir='ltr'>ex</span> <span class='ocrx_word' id='word_1_672' title='bbox 2819 3582 2923 3634; x_wconf 89' lang='lat' dir='ltr'>hoc</span> <span class='ocrx_word' id='word_1_673' title='bbox 2956 3581 3303 3633; x_wconf 88' lang='lat' dir='ltr'>detrimenta</span> <span class='ocrx_word' id='word_1_674' title='bbox 3357 3596 3547 3633; x_wconf 87' lang='lat' dir='ltr'>sense-</span> 
     </span>
    </p>
   </div>
   <div class='ocr_carea' id='block_1_99' title="bbox 1853 3668 3549 3738">
    <p class='ocr_par' dir='ltr' id='par_1_99' title="bbox 1853 3668 3549 3738">
     <span class='ocr_line' id='line_1_99' title="bbox 1853 3668 3549 3738; baseline -0.001 -15"><span class='ocrx_word' id='word_1_675' title='bbox 1853 3675 2007 3734; x_wconf 88' lang='lat' dir='ltr'>runt,</span> <span class='ocrx_word' id='word_1_676' title='bbox 2044 3669 2368 3722; x_wconf 88' lang='lat' dir='ltr'>declarante</span> <span class='ocrx_word' id='word_1_677' title='bbox 2399 3671 2502 3721; x_wconf 89' lang='lat' dir='ltr'>hoc</span> <span class='ocrx_word' id='word_1_678' title='bbox 2544 3669 2734 3738; x_wconf 89' lang='lat' dir='ltr'>ipsum</span> <span class='ocrx_word' id='word_1_679' title='bbox 2793 3668 3032 3721; x_wconf 90' lang='lat' dir='ltr'>Domino</span> <span class='ocrx_word' id='word_1_680' title='bbox 3085 3668 3549 3721; x_wconf 86' lang='lat' dir='ltr'>manifestissima</span> 
     </span>
    </p>
   </div>
   <div class='ocr_carea' id='block_1_100' title="bbox 1853 3756 3546 3826">
    <p class='ocr_par' dir='ltr' id='par_1_100' title="bbox 1853 3756 3546 3826">
     <span class='ocr_line' id='line_1_100' title="bbox 1853 3756 3546 3826; baseline -0.001 -15"><span class='ocrx_word' id='word_1_681' title='bbox 1853 3775 2023 3812; x_wconf 89' lang='lat' dir='ltr'>voce:</span> <span class='ocrx_word' id='word_1_682' title='bbox 2075 3758 2299 3824; x_wconf 60' lang='lat' dir='ltr'>Scriba},</span> <span class='ocrx_word' id='word_1_683' title='bbox 2359 3757 2567 3826; x_wconf 89' lang='lat' dir='ltr'>inquit,</span> <span class='ocrx_word' id='word_1_684' title='bbox 2619 3761 2667 3809; x_wconf 86' lang='lat' dir='ltr'>et</span> <span class='ocrx_word' id='word_1_685' title='bbox 2715 3757 2982 3809; x_wconf 67' lang='lat' dir='ltr'>Pharisaei</span> <span class='ocrx_word' id='word_1_686' title='bbox 3029 3771 3190 3824; x_wconf 82' lang='lat' dir='ltr'>super</span> <span class='ocrx_word' id='word_1_687' title='bbox 3231 3756 3546 3810; x_wconf 85' lang='lat' dir='ltr'>cathedram</span> 
     </span>
    </p>
   </div>
   <div class='ocr_carea' id='block_1_101' title="bbox 1851 3844 3542 3913">
    <p class='ocr_par' dir='ltr' id='par_1_101' title="bbox 1851 3844 3542 3913">
     <span class='ocr_line' id='line_1_101' title="bbox 1851 3844 3542 3913; baseline -0.002 -13"><span class='ocrx_word' id='word_1_688' title='bbox 1851 3849 2056 3913; x_wconf 83' lang='lat' dir='ltr'>Moyses</span> <span class='ocrx_word' id='word_1_689' title='bbox 2088 3845 2271 3899; x_wconf 84' lang='lat' dir='ltr'>sedent</span> <span class='ocrx_word' id='word_1_690' title='bbox 2305 3861 2318 3897; x_wconf 92' lang='lat'>:</span> <span class='ocrx_word' id='word_1_691' title='bbox 2357 3860 2475 3912; x_wconf 58' lang='lat' dir='ltr'>qua</span> <span class='ocrx_word' id='word_1_692' title='bbox 2505 3844 2690 3897; x_wconf 86' lang='lat' dir='ltr'>dicunt</span> <span class='ocrx_word' id='word_1_693' title='bbox 2729 3846 2914 3910; x_wconf 83' lang='lat' dir='ltr'>facite,</span> <span class='ocrx_word' id='word_1_694' title='bbox 2949 3860 3067 3911; x_wconf 54' lang='lat' dir='ltr'>qua</span> <span class='ocrx_word' id='word_1_695' title='bbox 3099 3849 3274 3896; x_wconf 81' lang='lat' dir='ltr'>autem</span> <span class='ocrx_word' id='word_1_696' title='bbox 3307 3845 3542 3909; x_wconf 81' lang='lat' dir='ltr'>faciunt,</span> 
     </span>
    </p>
   </div>
   <div class='ocr_carea' id='block_1_102' title="bbox 1849 3931 3544 4001">
    <p class='ocr_par' dir='ltr' id='par_1_102' title="bbox 1849 3931 3544 4001">
     <span class='ocr_line' id='line_1_102' title="bbox 1849 3931 3544 4001; baseline -0.004 -13"><span class='ocrx_word' id='word_1_697' title='bbox 1849 3937 2030 4001; x_wconf 86' lang='lat' dir='ltr'>facere</span> <span class='ocrx_word' id='word_1_698' title='bbox 2083 3934 2272 3998; x_wconf 79' lang='lat' dir='ltr'>nolite;</span> <span class='ocrx_word' id='word_1_699' title='bbox 2325 3931 2511 3986; x_wconf 83' lang='lat' dir='ltr'>dicunt</span> <span class='ocrx_word' id='word_1_700' title='bbox 2568 3934 2728 3996; x_wconf 86' lang='lat' dir='ltr'>enim,</span> <span class='ocrx_word' id='word_1_701' title='bbox 2789 3937 2838 3984; x_wconf 85' lang='lat' dir='ltr'>et</span> <span class='ocrx_word' id='word_1_702' title='bbox 2902 3947 3006 3984; x_wconf 90' lang='lat' dir='ltr'>non</span> <span class='ocrx_word' id='word_1_703' title='bbox 3061 3933 3277 3996; x_wconf 85' lang='lat' dir='ltr'>faciunt</span> <span class='ocrx_word' id='word_1_704' title='bbox 3327 3932 3544 4000; x_wconf 83' lang='lat' dir='ltr'>(Matth.</span> 
     </span>
    </p>
   </div>
   <div class='ocr_carea' id='block_1_103' title="bbox 1851 4019 3546 4091">
    <p class='ocr_par' dir='ltr' id='par_1_103' title="bbox 1851 4019 3546 4091">
     <span class='ocr_line' id='line_1_103' title="bbox 1851 4019 3546 4091; baseline -0.002 -15"><span class='ocrx_word' id='word_1_705' title='bbox 1851 4040 2006 4091; x_wconf 85' lang='lat' dir='ltr'>xxm,</span> <span class='ocrx_word' id='word_1_706' title='bbox 2039 4026 2113 4087; x_wconf 88' lang='grc'>3.)</span> <span class='ocrx_word' id='word_1_707' title='bbox 2147 4020 2433 4091; x_wconf 88' lang='lat' dir='ltr'>Quidquid</span> <span class='ocrx_word' id='word_1_708' title='bbox 2482 4037 2618 4090; x_wconf 90' lang='lat' dir='ltr'>ergo</span> <span class='ocrx_word' id='word_1_709' title='bbox 2643 4021 2711 4072; x_wconf 91' lang='lat' dir='ltr'>ad</span> <span class='ocrx_word' id='word_1_710' title='bbox 2747 4019 2974 4073; x_wconf 91' lang='lat' dir='ltr'>Domini</span> <span class='ocrx_word' id='word_1_711' title='bbox 3008 4019 3019 4052; x_wconf 75' lang='grc' dir='ltr'>ί</span> <span class='ocrx_word' id='word_1_712' title='bbox 3052 4019 3373 4088; x_wconf 83' lang='lat' dir='ltr'>profectum</span> <span class='ocrx_word' id='word_1_713' title='bbox 3423 4019 3546 4089; x_wconf 90' lang='lat' dir='ltr'>qui-</span> 
     </span>
    </p>
   </div>
   <div class='ocr_carea' id='block_1_104' title="bbox 1849 4108 3540 4179">
    <p class='ocr_par' dir='ltr' id='par_1_104' title="bbox 1849 4108 3540 4179">
     <span class='ocr_line' id='line_1_104' title="bbox 1849 4108 3540 4179; baseline -0.003 -13"><span class='ocrx_word' id='word_1_714' title='bbox 1849 4112 1990 4166; x_wconf 89' lang='lat' dir='ltr'>libet</span> <span class='ocrx_word' id='word_1_715' title='bbox 2020 4113 2077 4164; x_wconf 91' lang='lat' dir='ltr'>in</span> <span class='ocrx_word' id='word_1_716' title='bbox 2111 4110 2353 4163; x_wconf 84' lang='lat' dir='ltr'>Ecclesia</span> <span class='ocrx_word' id='word_1_717' title='bbox 2389 4109 2646 4162; x_wconf 89' lang='lat' dir='ltr'>minister</span> <span class='ocrx_word' id='word_1_718' title='bbox 2675 4109 2860 4162; x_wconf 89' lang='lat' dir='ltr'>ofﬁcio</span> <span class='ocrx_word' id='word_1_719' title='bbox 2895 4124 2995 4161; x_wconf 91' lang='lat' dir='ltr'>suo</span> <span class='ocrx_word' id='word_1_720' title='bbox 3031 4108 3254 4161; x_wconf 88' lang='lat' dir='ltr'>videtur</span> <span class='ocrx_word' id='word_1_721' title='bbox 3293 4109 3540 4179; x_wconf 89' lang='lat' dir='ltr'>operari,</span> 
     </span>
    </p>
   </div>
   <div class='ocr_carea' id='block_1_105' title="bbox 1853 4197 3542 4268">
    <p class='ocr_par' dir='ltr' id='par_1_105' title="bbox 1853 4197 3542 4268">
     <span class='ocr_line' id='line_1_105' title="bbox 1853 4197 3542 4268; baseline -0.002 -15"><span class='ocrx_word' id='word_1_722' title='bbox 1853 4200 1957 4253; x_wconf 85' lang='lat' dir='ltr'>hoc</span> <span class='ocrx_word' id='word_1_723' title='bbox 1990 4205 2174 4253; x_wconf 89' lang='lat' dir='ltr'>totum</span> <span class='ocrx_word' id='word_1_724' title='bbox 2222 4198 2502 4252; x_wconf 87' lang='lat' dir='ltr'>contineri</span> <span class='ocrx_word' id='word_1_725' title='bbox 2551 4198 2822 4268; x_wconf 88' lang='lat' dir='ltr'>implente</span> <span class='ocrx_word' id='word_1_726' title='bbox 2876 4197 3186 4252; x_wconf 89' lang='lat' dir='ltr'>divinitatis</span> <span class='ocrx_word' id='word_1_727' title='bbox 3243 4197 3480 4266; x_wconf 68' lang='lat' dir='ltr'>effectu,</span> <span class='ocrx_word' id='word_1_728' title='bbox 3529 4238 3542 4262; x_wconf 95' lang='lat'>,</span> 
     </span>
    </p>
   </div>
   <div class='ocr_carea' id='block_1_106' title="bbox 1851 4286 3542 4359">
    <p class='ocr_par' dir='ltr' id='par_1_106' title="bbox 1851 4286 3542 4359">
     <span class='ocr_line' id='line_1_106' title="bbox 1851 4286 3542 4359; baseline -0.002 -16"><span class='ocrx_word' id='word_1_729' title='bbox 1851 4291 1928 4343; x_wconf 88' lang='lat' dir='ltr'>ita</span> <span class='ocrx_word' id='word_1_730' title='bbox 1959 4289 2054 4342; x_wconf 92' lang='lat' dir='ltr'>ille</span> <span class='ocrx_word' id='word_1_731' title='bbox 2092 4303 2194 4359; x_wconf 90' lang='lat' dir='ltr'>per</span> <span class='ocrx_word' id='word_1_732' title='bbox 2222 4303 2391 4357; x_wconf 90' lang='lat' dir='ltr'>quem</span> <span class='ocrx_word' id='word_1_733' title='bbox 2425 4286 2679 4341; x_wconf 88' lang='lat' dir='ltr'>Christus</span> <span class='ocrx_word' id='word_1_734' title='bbox 2715 4286 2968 4357; x_wconf 91' lang='lat' dir='ltr'>loquitur</span> <span class='ocrx_word' id='word_1_735' title='bbox 3015 4287 3219 4340; x_wconf 86' lang='lat' dir='ltr'>Paulus</span> <span class='ocrx_word' id='word_1_736' title='bbox 3248 4286 3494 4339; x_wconf 80' lang='lat' dir='ltr'>afﬁrmat</span> <span class='ocrx_word' id='word_1_737' title='bbox 3529 4302 3542 4339; x_wconf 89' lang='lat'>:</span> 
     </span>
    </p>
   </div>
   <div class='ocr_carea' id='block_1_107' title="bbox 1850 4375 3544 4446">
    <p class='ocr_par' dir='ltr' id='par_1_107' title="bbox 1850 4375 3544 4446">
     <span class='ocr_line' id='line_1_107' title="bbox 1850 4375 3544 4446; baseline -0.002 -14"><span class='ocrx_word' id='word_1_738' title='bbox 1850 4380 1972 4446; x_wconf 87' lang='lat' dir='ltr'>Ego</span> <span class='ocrx_word' id='word_1_739' title='bbox 2000 4379 2270 4446; x_wconf 83' lang='lat' dir='ltr'>plantavi,</span> <span class='ocrx_word' id='word_1_740' title='bbox 2321 4377 2516 4444; x_wconf 76' lang='lat' dir='ltr'>Apollo</span> <span class='ocrx_word' id='word_1_741' title='bbox 2547 4377 2751 4442; x_wconf 81' lang='lat' dir='ltr'>rigavit</span> <span class='ocrx_word' id='word_1_742' title='bbox 2785 4390 2796 4428; x_wconf 87' lang='lat'>:</span> <span class='ocrx_word' id='word_1_743' title='bbox 2830 4375 2922 4428; x_wconf 85' lang='lat' dir='ltr'>sed</span> <span class='ocrx_word' id='word_1_744' title='bbox 2955 4378 3213 4428; x_wconf 84' lang='lat' dir='ltr'>Dominus</span> <span class='ocrx_word' id='word_1_745' title='bbox 3253 4377 3544 4429; x_wconf 83' lang='lat' dir='ltr'>incremen-</span> 
     </span>
    </p>
   </div>
   <div class='ocr_carea' id='block_1_108' title="bbox 1851 4464 3543 4532">
    <p class='ocr_par' dir='ltr' id='par_1_108' title="bbox 1851 4464 3543 4532">
     <span class='ocr_line' id='line_1_108' title="bbox 1851 4464 3543 4532; baseline -0.002 -12"><span class='ocrx_word' id='word_1_746' title='bbox 1851 4472 1962 4520; x_wconf 88' lang='lat' dir='ltr'>tum</span> <span class='ocrx_word' id='word_1_747' title='bbox 1983 4466 2153 4519; x_wconf 80' lang='lat' dir='ltr'>dedit.</span> <span class='ocrx_word' id='word_1_748' title='bbox 2189 4467 2376 4532; x_wconf 85' lang='lat' dir='ltr'>Itaque</span> <span class='ocrx_word' id='word_1_749' title='bbox 2418 4479 2586 4531; x_wconf 84' lang='lat' dir='ltr'>nequc</span> <span class='ocrx_word' id='word_1_750' title='bbox 2617 4467 2712 4532; x_wconf 85' lang='lat' dir='ltr'>qui</span> <span class='ocrx_word' id='word_1_751' title='bbox 2737 4465 2956 4532; x_wconf 79' lang='lat' dir='ltr'>plantat</span> <span class='ocrx_word' id='word_1_752' title='bbox 2985 4471 3063 4517; x_wconf 86' lang='lat' dir='ltr'>est</span> <span class='ocrx_word' id='word_1_753' title='bbox 3093 4464 3329 4532; x_wconf 81' lang='lat' dir='ltr'>aliquid,</span> <span class='ocrx_word' id='word_1_754' title='bbox 3374 4479 3543 4531; x_wconf 82' lang='lat' dir='ltr'>neque</span> 
     </span>
    </p>
   </div>
   <div class='ocr_carea' id='block_1_109' title="bbox 1849 4553 3538 4624">
    <p class='ocr_par' dir='ltr' id='par_1_109' title="bbox 1849 4553 3538 4624">
     <span class='ocr_line' id='line_1_109' title="bbox 1849 4553 3538 4624; baseline -0.002 -16"><span class='ocrx_word' id='word_1_755' title='bbox 1849 4558 1946 4624; x_wconf 83' lang='lat' dir='ltr'>qui</span> <span class='ocrx_word' id='word_1_756' title='bbox 1975 4557 2142 4622; x_wconf 88' lang='lat' dir='ltr'>rigat,</span> <span class='ocrx_word' id='word_1_757' title='bbox 2166 4553 2258 4606; x_wconf 83' lang='lat' dir='ltr'>scd</span> <span class='ocrx_word' id='word_1_758' title='bbox 2303 4555 2399 4622; x_wconf 86' lang='lat' dir='ltr'>qui</span> <span class='ocrx_word' id='word_1_759' title='bbox 2445 4556 2826 4606; x_wconf 82' lang='lat' dir='ltr'>incrementum</span> <span class='ocrx_word' id='word_1_760' title='bbox 2870 4553 2964 4605; x_wconf 84' lang='lat' dir='ltr'>dat</span> <span class='ocrx_word' id='word_1_761' title='bbox 3025 4555 3158 4605; x_wconf 85' lang='lat' dir='ltr'>Deus</span> <span class='ocrx_word' id='word_1_762' title='bbox 3191 4553 3246 4621; x_wconf 93' lang='grc'>(1</span> <span class='ocrx_word' id='word_1_763' title='bbox 3301 4554 3418 4606; x_wconf 87' lang='lat' dir='ltr'>Cor.</span> <span class='ocrx_word' id='word_1_764' title='bbox 3459 4569 3538 4617; x_wconf 88' lang='grc' dir='ltr'><strong>ιιι,</strong></span> 
     </span>
    </p>
   </div>
   <div class='ocr_carea' id='block_1_110' title="bbox 1849 4639 3540 4710">
    <p class='ocr_par' dir='ltr' id='par_1_110' title="bbox 1849 4639 3540 4710">
     <span class='ocr_line' id='line_1_110' title="bbox 1849 4639 3540 4710; baseline -0.004 -14"><span class='ocrx_word' id='word_1_765' title='bbox 1849 4645 1926 4710; x_wconf 82' lang='lat'>7).</span> <span class='ocrx_word' id='word_1_766' title='bbox 1961 4648 2000 4696; x_wconf 93' lang='lat' dir='ltr'>A</span> <span class='ocrx_word' id='word_1_767' title='bbox 2049 4641 2287 4695; x_wconf 89' lang='lat' dir='ltr'>Domino</span> <span class='ocrx_word' id='word_1_768' title='bbox 2346 4647 2541 4693; x_wconf 89' lang='lat' dir='ltr'>autem</span> <span class='ocrx_word' id='word_1_769' title='bbox 2585 4657 2698 4692; x_wconf 92' lang='lat' dir='ltr'>non</span> <span class='ocrx_word' id='word_1_770' title='bbox 2731 4641 3010 4710; x_wconf 61' lang='lat' dir='ltr'>quaeritur</span> <span class='ocrx_word' id='word_1_771' title='bbox 3055 4639 3182 4709; x_wconf 87' lang='lat' dir='ltr'>quis</span> <span class='ocrx_word' id='word_1_772' title='bbox 3231 4641 3317 4691; x_wconf 91' lang='lat' dir='ltr'>vel</span> <span class='ocrx_word' id='word_1_773' title='bbox 3352 4640 3540 4709; x_wconf 90' lang='lat' dir='ltr'>qualis</span> 
     </span>
    </p>
   </div>
   <div class='ocr_carea' id='block_1_111' title="bbox 1848 4727 3536 4801">
    <p class='ocr_par' dir='ltr' id='par_1_111' title="bbox 1848 4727 3536 4801">
     <span class='ocr_line' id='line_1_111' title="bbox 1848 4727 3536 4801; baseline -0.003 -16"><span class='ocrx_word' id='word_1_774' title='bbox 1848 4731 2138 4801; x_wconf 69' lang='lat' dir='ltr'>praedicet,</span> <span class='ocrx_word' id='word_1_775' title='bbox 2199 4734 2259 4782; x_wconf 90' lang='lat' dir='ltr'>ut</span> <span class='ocrx_word' id='word_1_776' title='bbox 2310 4729 2532 4783; x_wconf 88' lang='lat' dir='ltr'>invidos</span> <span class='ocrx_word' id='word_1_777' title='bbox 2573 4729 2741 4781; x_wconf 88' lang='lat' dir='ltr'>etiam</span> <span class='ocrx_word' id='word_1_778' title='bbox 2785 4729 2928 4782; x_wconf 89' lang='lat' dir='ltr'>bene</span> <span class='ocrx_word' id='word_1_779' title='bbox 2987 4727 3273 4781; x_wconf 88' lang='lat' dir='ltr'>Christum</span> <span class='ocrx_word' id='word_1_780' title='bbox 3325 4727 3536 4795; x_wconf 70' lang='lat' dir='ltr'>prazdi-</span> 
     </span>
    </p>
   </div>
   <div class='ocr_carea' id='block_1_112' title="bbox 1846 4815 3539 4887">
    <p class='ocr_par' dir='ltr' id='par_1_112' title="bbox 1846 4815 3539 4887">
     <span class='ocr_line' id='line_1_112' title="bbox 1846 4815 3539 4887; baseline -0.005 -13"><span class='ocrx_word' id='word_1_781' title='bbox 1846 4836 1999 4874; x_wconf 90' lang='lat' dir='ltr'>casse</span> <span class='ocrx_word' id='word_1_782' title='bbox 2027 4819 2345 4882; x_wconf 85' lang='lat' dir='ltr'>conﬁrmet,</span> <span class='ocrx_word' id='word_1_783' title='bbox 2381 4834 2492 4887; x_wconf 91' lang='lat' dir='ltr'>quo</span> <span class='ocrx_word' id='word_1_784' title='bbox 2542 4817 2692 4869; x_wconf 93' lang='lat' dir='ltr'>malo</span> <span class='ocrx_word' id='word_1_785' title='bbox 2741 4816 3000 4869; x_wconf 89' lang='lat' dir='ltr'>diabolus</span> <span class='ocrx_word' id='word_1_786' title='bbox 3039 4816 3160 4883; x_wconf 92' lang='lat' dir='ltr'>ipse</span> <span class='ocrx_word' id='word_1_787' title='bbox 3193 4815 3463 4883; x_wconf 90' lang='lat' dir='ltr'>deceptus</span> <span class='ocrx_word' id='word_1_788' title='bbox 3513 4815 3539 4848; x_wconf 73' lang='grc' dir='ltr'>κ</span> 
     </span>
    </p>
   </div>
   <div class='ocr_carea' id='block_1_113' title="bbox 1847 4902 3539 4975">
    <p class='ocr_par' dir='ltr' id='par_1_113' title="bbox 1847 4902 3539 4975">
     <span class='ocr_line' id='line_1_113' title="bbox 1847 4902 3539 4975; baseline -0.004 -14"><span class='ocrx_word' id='word_1_789' title='bbox 1847 4914 1950 4975; x_wconf 91' lang='lat' dir='ltr'>est,</span> <span class='ocrx_word' id='word_1_790' title='bbox 2005 4913 2062 4960; x_wconf 92' lang='lat' dir='ltr'>et</span> <span class='ocrx_word' id='word_1_791' title='bbox 2118 4908 2222 4959; x_wconf 83' lang='lat' dir='ltr'>hoc</span> <span class='ocrx_word' id='word_1_792' title='bbox 2279 4906 2398 4974; x_wconf 91' lang='lat' dir='ltr'>ipse</span> <span class='ocrx_word' id='word_1_793' title='bbox 2449 4903 2804 4974; x_wconf 57' lang='lat' dir='ltr'>praecipitare</span> <span class='ocrx_word' id='word_1_794' title='bbox 2839 4905 2851 4937; x_wconf 86' lang='grc'>¹</span> <span class='ocrx_word' id='word_1_795' title='bbox 2885 4919 2997 4956; x_wconf 90' lang='lat' dir='ltr'>non</span> <span class='ocrx_word' id='word_1_796' title='bbox 3047 4902 3253 4955; x_wconf 90' lang='lat' dir='ltr'>desint.</span> <span class='ocrx_word' id='word_1_797' title='bbox 3290 4923 3316 4950; x_wconf 77' lang='grc' dir='ltr'><strong>(ι</strong></span> <span class='ocrx_word' id='word_1_798' title='bbox 3371 4903 3435 4954; x_wconf 90' lang='lat' dir='ltr'>Et</span> <span class='ocrx_word' id='word_1_799' title='bbox 3477 4902 3539 4954; x_wconf 89' lang='lat' dir='ltr'>in</span> 
     </span>
    </p>
   </div>
   <div class='ocr_carea' id='block_1_114' title="bbox 1846 4989 3538 5063">
    <p class='ocr_par' dir='ltr' id='par_1_114' title="bbox 1846 4989 3538 5063">
     <span class='ocr_line' id='line_1_114' title="bbox 1846 4989 3538 5063; baseline -0.005 -14"><span class='ocrx_word' id='word_1_800' title='bbox 1846 5001 2042 5050; x_wconf 88' lang='lat' dir='ltr'>octavo</span> <span class='ocrx_word' id='word_1_801' title='bbox 2091 4993 2337 5063; x_wconf 89' lang='lat' dir='ltr'>capitulo</span> <span class='ocrx_word' id='word_1_802' title='bbox 2385 4993 2639 5044; x_wconf 87' lang='lat' dir='ltr'>iterum:</span> <span class='ocrx_word' id='word_1_803' title='bbox 2688 5012 2710 5037; x_wconf 79' lang='grc' dir='ltr'>ι</span> <span class='ocrx_word' id='word_1_804' title='bbox 2755 4991 2884 5043; x_wconf 84' lang='lat' dir='ltr'>Ideo</span> <span class='ocrx_word' id='word_1_805' title='bbox 2939 5006 3074 5058; x_wconf 90' lang='lat' dir='ltr'>ergo</span> <span class='ocrx_word' id='word_1_806' title='bbox 3129 4994 3185 5042; x_wconf 92' lang='lat' dir='ltr'>et</span> <span class='ocrx_word' id='word_1_807' title='bbox 3231 4989 3320 5042; x_wconf 88' lang='lat' dir='ltr'>hic</span> <span class='ocrx_word' id='word_1_808' title='bbox 3375 4989 3538 5059; x_wconf 86' lang='lat' dir='ltr'>cujus</span> 
     </span>
    </p>
   </div>
   <div class='ocr_carea' id='block_1_115' title="bbox 1917 5147 2996 5218">
    <p class='ocr_par' dir='ltr' id='par_1_115' title="bbox 1917 5147 2996 5218">
     <span class='ocr_line' id='line_1_115' title="bbox 1917 5147 2996 5218; baseline -0.006 -12"><span class='ocrx_word' id='word_1_809' title='bbox 1917 5153 1934 5186; x_wconf 72' lang='grc' dir='ltr'><em>τ</em></span> <span class='ocrx_word' id='word_1_810' title='bbox 1972 5153 2062 5206; x_wconf 90' lang='lat' dir='ltr'>Sic</span> <span class='ocrx_word' id='word_1_811' title='bbox 2090 5148 2374 5204; x_wconf 86' lang='lat' dir='ltr'>Anastasii</span> <span class='ocrx_word' id='word_1_812' title='bbox 2397 5147 2654 5218; x_wconf 89' lang='lat' dir='ltr'>epistola.</span> <span class='ocrx_word' id='word_1_813' title='bbox 2688 5147 2810 5214; x_wconf 82' lang='lat' dir='ltr'>Ms.,</span> <span class='ocrx_word' id='word_1_814' title='bbox 2844 5149 2996 5215; x_wconf 89' lang='lat' dir='ltr'>quia.</span> 
     </span>
    </p>
   </div>
   <div class='ocr_carea' id='block_1_116' title="bbox 1916 5224 2527 5288">
    <p class='ocr_par' dir='ltr' id='par_1_116' title="bbox 1916 5224 2527 5288">
     <span class='ocr_line' id='line_1_116' title="bbox 1916 5224 2527 5288; baseline -0.008 -12"><span class='ocrx_word' id='word_1_815' title='bbox 1916 5236 1946 5276; x_wconf 74' lang='grc' dir='ltr'><em>ε</em></span> <span class='ocrx_word' id='word_1_816' title='bbox 1983 5224 2101 5284; x_wconf 80' lang='lat' dir='ltr'>Ms.,</span> <span class='ocrx_word' id='word_1_817' title='bbox 2137 5234 2527 5288; x_wconf 87' lang='lat' dir='ltr'>quacuumque.</span> 
     </span>
    </p>
   </div>
   <div class='ocr_carea' id='block_1_117' title="bbox 1915 5289 3042 5358">
    <p class='ocr_par' dir='ltr' id='par_1_117' title="bbox 1915 5289 3042 5358">
     <span class='ocr_line' id='line_1_117' title="bbox 1915 5289 3042 5358; baseline -0.003 -13"><span class='ocrx_word' id='word_1_818' title='bbox 1915 5291 1940 5327; x_wconf 68' lang='grc' dir='ltr'>ιι</span> <span class='ocrx_word' id='word_1_819' title='bbox 1979 5295 2098 5357; x_wconf 62' lang='lat' dir='ltr'>Ms,</span> <span class='ocrx_word' id='word_1_820' title='bbox 2130 5293 2378 5358; x_wconf 75' lang='lat' dir='ltr'>mysterii</span> <span class='ocrx_word' id='word_1_821' title='bbox 2400 5289 2728 5353; x_wconf 83' lang='lat' dir='ltr'>indignitate</span> <span class='ocrx_word' id='word_1_822' title='bbox 2747 5290 3042 5356; x_wconf 83' lang='lat' dir='ltr'>conﬁcitur.</span> 
     </span>
    </p>
   </div>
   <div class='ocr_carea' id='block_1_118' title="bbox 1917 5360 3128 5430">
    <p class='ocr_par' dir='ltr' id='par_1_118' title="bbox 1917 5360 3128 5430">
     <span class='ocr_line' id='line_1_118' title="bbox 1917 5360 3128 5430; baseline -0.002 -14"><span class='ocrx_word' id='word_1_823' title='bbox 1917 5364 1928 5397; x_wconf 77' lang='grc' dir='ltr'>ί</span> <span class='ocrx_word' id='word_1_824' title='bbox 1973 5363 2142 5430; x_wconf 83' lang='lat' dir='ltr'>Epist.</span> <span class='ocrx_word' id='word_1_825' title='bbox 2181 5366 2372 5413; x_wconf 85' lang='lat' dir='ltr'>Anast.</span> <span class='ocrx_word' id='word_1_826' title='bbox 2403 5360 2476 5412; x_wconf 87' lang='lat' dir='ltr'>ad</span> <span class='ocrx_word' id='word_1_827' title='bbox 2499 5361 2770 5412; x_wconf 85' lang='lat' dir='ltr'>hominum</span> <span class='ocrx_word' id='word_1_828' title='bbox 2805 5361 3128 5428; x_wconf 74' lang='lat' dir='ltr'>profectum.</span> 
     </span>
    </p>
   </div>
   <div class='ocr_carea' id='block_1_119' title="bbox 1929 5431 3068 5500">
    <p class='ocr_par' dir='ltr' id='par_1_119' title="bbox 1929 5431 3068 5500">
     <span class='ocr_line' id='line_1_119' title="bbox 1929 5431 3068 5500; baseline 0 -14"><span class='ocrx_word' id='word_1_829' title='bbox 1929 5460 1938 5500; x_wconf 62' lang='grc' dir='ltr'><strong>ί</strong></span> <span class='ocrx_word' id='word_1_830' title='bbox 1989 5435 2108 5495; x_wconf 84' lang='lat' dir='ltr'>Ms.,</span> <span class='ocrx_word' id='word_1_831' title='bbox 2141 5432 2418 5500; x_wconf 83' lang='lat' dir='ltr'>implenda</span> <span class='ocrx_word' id='word_1_832' title='bbox 2451 5431 2761 5484; x_wconf 85' lang='lat' dir='ltr'>divinitatis</span> <span class='ocrx_word' id='word_1_833' title='bbox 2791 5431 3068 5499; x_wconf 75' lang='lat' dir='ltr'>affectum.</span> 
     </span>
    </p>
   </div>
   <div class='ocr_carea' id='block_1_120' title="bbox 1917 5503 2479 5573">
    <p class='ocr_par' dir='ltr' id='par_1_120' title="bbox 1917 5503 2479 5573">
     <span class='ocr_line' id='line_1_120' title="bbox 1917 5503 2479 5573; baseline -0.007 -15"><span class='ocrx_word' id='word_1_834' title='bbox 1917 5504 1942 5536; x_wconf 82' lang='lat'><strong><em>“</em></strong></span> <span class='ocrx_word' id='word_1_835' title='bbox 1985 5503 2155 5573; x_wconf 85' lang='lat' dir='ltr'>Epist.</span> <span class='ocrx_word' id='word_1_836' title='bbox 2171 5546 2182 5563; x_wconf 83' lang='lat'>,</span> <span class='ocrx_word' id='word_1_837' title='bbox 2217 5503 2479 5570; x_wconf 72' lang='lat' dir='ltr'>(tejcctus.</span> 
     </span>
    </p>
   </div>
   <div class='ocr_carea' id='block_1_121' title="bbox 1918 5573 2528 5644">
    <p class='ocr_par' dir='ltr' id='par_1_121' title="bbox 1918 5573 2528 5644">
     <span class='ocr_line' id='line_1_121' title="bbox 1918 5573 2528 5644; baseline -0.008 -15"><span class='ocrx_word' id='word_1_838' title='bbox 1918 5575 1931 5607; x_wconf 89' lang='grc'><strong>¹</strong></span> <span class='ocrx_word' id='word_1_839' title='bbox 1974 5573 2172 5644; x_wconf 88' lang='lat' dir='ltr'>Epist.,</span> <span class='ocrx_word' id='word_1_840' title='bbox 2204 5573 2528 5643; x_wconf 56' lang='lat' dir='ltr'>pradicare.</span> 
     </span>
    </p>
   </div>
  </div>
