3860 6262
312 325 409 378 471
1676 324 1927 376 ALVARI
1968 322 2442 378 CORDUBENSIS
3720 318 3784 372 iii

315 475 528 514 nomen
557 459 800 513 dicimus
848 472 970 511 esse
1017 457 1395 521 reticendum,
1442 459 1589 511 male
1635 458 1786 511 bona
1840 458 2011 511 mini-
2053 458 2226 526 Apro
2256 457 2438 510 salute
2470 456 2715 510 libenter
2751 458 2801 521 ιι,
2848 458 3045 509 contra
3094 459 3266 525 caput
3315 454 3507 508 etiam
3540 454 3586 506 si
3622 454 3821 508 facien-‘

315 549 547 602 strando
579 547 686 601 sibi
716 550 937 601 tantum
977 547 1194 600 nocuit.
1248 548 1390 601 Nam
1438 546 1766 600 inviolabile
1815 563 2008 601 sacra-

314 642 595 703 mentum,
627 636 778 707 quod
808 652 911 706 per
939 636 1103 689 illum
1135 636 1329 689 datum
1377 640 1481 701 est,
1535 637 1662 688 aliis
1704 636 2003 706 perfectio-

315 743 448 780 nem
478 743 593 780 suae
622 725 849 781 virtutis
879 725 1145 779 obtinuit.
1189 725 1348 788 Quod
1393 725 1438 777 si
1469 729 1550 778 est
1588 725 1913 795 aliquorum
1948 724 2006 777 in

312 818 539 868 tantum
569 831 627 867 se
676 813 988 867 extendens
1028 812 1298 882 suspicio,
1348 816 1411 865 ut
1440 812 1831 881 imaginentur
1870 829 2010 881 pro-

314 904 429 956 lato
459 920 491 957 a
529 919 676 974 papa
708 902 878 955 Felici
903 900 1122 970 judicio
1154 906 1351 971 postea
1389 900 1758 954 inefﬁcaciter
1810 901 1870 953 in
1918 917 2008 953 sa-

315 991 622 1046 cramentis
654 1007 782 1060 quae
810 989 1044 1043 Aeacius
1078 989 1372 1057 usurpavit
1403 989 1604 1058 egisse,
1653 1005 1716 1041 ac
1770 988 2008 1059 perinde

316 1098 412 1134 eos
461 1085 716 1133 metuere
775 1095 903 1148 quae
934 1078 1069 1131 “vel
1122 1077 1180 1131 in
1233 1077 1771 1140 consecrationibus,
1807 1079 1891 1131 vel
1949 1078 2008 1132 in

316 1165 661 1235 baptismate
714 1162 983 1233 mysteria
1037 1162 1243 1215 tradita
1284 1167 1675 1231 susceperunt,
1726 1178 1796 1215 ne
1849 1162 2012 1216 irrita

314 1254 593 1308 beneficia
630 1252 822 1306 divina
853 1252 1186 1315 videantur;
1229 1251 1605 1304 meminerint
1641 1250 1702 1304 in
1724 1251 1827 1303 hac
1861 1268 2010 1321 quo—

318 1359 430 1413 que
464 1346 623 1413 parte
673 1340 937 1394 similiter
974 1344 1219 1393 tractum
1268 1339 1579 1409 prmvalere
1630 1340 2009 1409 superiorem,

317 1430 581 1500 quianon
606 1428 726 1481 sine
750 1428 1120 1498 usurpatione
1136 1427 1388 1480 nominis
1410 1427 1710 1480 sacerdotii
1727 1427 2012 1496 adjudica'

316 1524 410 1571 tus
432 1518 538 1571 hoc
567 1518 685 1587 egit
712 1519 808 1570 :ln
832 1533 944 1586 quo
976 1517 1242 1569 virtutem
1274 1532 1435 1569 suam
1469 1516 1862 1569 obtinentibus
1883 1530 2010 1584 my-

319 1606 573 1659 steriisin
587 1607 693 1659 hoc
724 1621 951 1676 quoque
983 1604 1109 1657 aliis
1138 1620 1235 1657 rea
1258 1604 1365 1657 sibi
1387 1620 1630 1673 persona
1654 1621 1771 1657 non
1795 1605 2010 1658 nocuit.

318 1695 458 1747 Nam
488 1694 559 1747 ad
582 1693 742 1747 illum
767 1692 1047 1763 pertinuit
1067 1692 1223 1761 quod
1246 1690 1384 1743 tuba
1410 1689 1672 1744 Davidica
1702 1693 1727 1732 b
1752 1691 1974 1744 canitur
1997 1707 2009 1744 :

324 1784 703 1835 Verumtamen
730 1784 863 1835 Deus
894 1780 1277 1848 conquassabit
1298 1781 1484 1847 capita
1508 1781 1853 1832 inimicorum
1890 1794 2013 1833 suo-

317 1886 459 1937 rum,
482 1872 732 1923 verticem
767 1870 956 1937 capilli
991 1869 1489 1937 perambulantium
1536 1870 1595 1921 in
1628 1868 1845 1921 delictis
1891 1872 2014 1935 jsuis

322 1958 488 2029 (Psal.
523 1974 686 2024 vau,
748 1957 858 2026 22).
920 1958 1062 2010 Nam
1113 1956 1381 2026 superbia
1437 1972 1663 2026 semper
1719 1956 1845 2023 sibi,
1902 1972 2017 2010 non

322 2047 470 2110 aliis,
530 2046 663 2099 facit
736 2046 1009 2111 ruinam;
1062 2045 1215 2115 quod
1271 2044 1534 2098 universa
1591 2044 2015 2115 Scripturarum

322 2135 637 2189 caelestium
671 2139 909 2188 testatur
956 2133 1279 2186 auctoritas.
1330 2133 1482 2187 Sicut
1522 2134 1694 2186 etiam
1744 2149 1846 2203 per
1885 2133 2018 2203 Spi-

324 2225 499 2277 ritum
527 2223 734 2277 dicitur
779 2223 841 2276 in
873 2222 1158 2291 Propheta
1194 2238 1207 2274 :
1257 2224 1372 2276 Non
1404 2222 1674 2275 habitabit
1733 2224 1790 2274 in
1843 2220 2018 2274 medio

325 2313 513 2367 domus
545 2328 671 2366 meae
701 2314 799 2382 qui
827 2313 968 2378 facit
986 2312 1295 2379 superbiam
1326 2312 1492 2380 (Psal.
1518 2328 1567 2377 c,
1592 2309 1667 2378 7).
1702 2309 1859 2363 Unde
1889 2324 2018 2362 cum

326 2402 433 2455 sibi
477 2401 785 2455 sacerdotis
822 2416 1029 2454 nomen
1070 2400 1445 2452 vindicaverit
1487 2399 1924 2463 condemnatus,
1956 2397 2017 2450 in

321 2491 503 2561 ipsius
540 2490 809 2543 verticem
865 2489 1151 2559 superbire
1204 2493 1397 2541 tumor
1440 2487 1691 2541 inﬂictus
1734 2490 1837 2552 est,
1887 2486 2023 2557 quia

322 2595 441 2633 non
476 2580 725 2649 populus
757 2578 856 2648 qui
891 2579 951 2631 in
984 2577 1268 2647 mysteriis
1312 2577 1529 2630 donum
1577 2576 1758 2647 ipsius
1796 2575 2024 2628 sitiebat

324 2669 587 2723 exclusus
625 2674 729 2733 est,
794 2669 891 2721 sed
942 2669 1133 2721 anima
1190 2668 1308 2721 sola
1362 2667 1462 2720 illa
1508 2682 1637 2737 qum
1694 2670 2022 2736 peccaverat

317 2758 471 2828 justo
494 2756 674 2827 judici
696 2756 924 2827 proprie
947 2766 967 2789 ε
996 2761 1118 2808 erat
1148 2755 1408 2808 obnoxia.
1462 2754 1621 2817 Quod
1671 2754 1883 2824 ubique
1916 2770 2019 2806 nu-

325 2862 551 2898 merosa
587 2845 1019 2915 Scripturarum
1052 2848 1292 2897 testatur
1339 2844 1657 2897 instructio.
1726 2843 1882 2897 Unde
1932 2859 2021 2897 re-

325 2934 495 2987 motis
538 2934 798 2986 omnium
830 2931 857 2968 ἀ
901 2932 1105 2985 studiis
1140 2932 1255 2985 sive
1296 2932 1579 2997 versutiis,
1612 2932 1669 2985 in
1702 2932 1807 2985 hac
1839 2931 2023 2984 adhuc

325 3022 597 3093 praesenti
624 3021 932 3091 fragilitate
964 3021 1417 3090 propositorum,
1472 3021 1786 3074 secundum
1822 3037 2020 3091 preces

328 3115 552 3165 nostras
592 3110 877 3164 aduixuct
932 3110 1267 3163 auctoritate
1322 3109 1607 3179 imperiali
1658 3109 1856 3162 offerte
1908 3111 2019 3163 Deo

328 3203 523 3252 nostro
557 3199 617 3251 in
646 3214 820 3251 unam
859 3211 883 3240 θ
930 3198 1267 3250 catholicam
1306 3197 1610 3251 Ecclesiam
1658 3201 1714 3251 et
1744 3197 2020 3267 apostoli-

328 3303 449 3341 cam
478 3304 490 3339 :
524 3286 660 3357 quia
689 3286 797 3339 hoc
822 3287 1006 3339 solum
1030 3290 1134 3353 est,
1171 3286 1231 3338 in
1263 3302 1375 3356 quo
1405 3284 1422 3318 τ
1452 3302 1567 3338 non
1600 3286 1783 3339 solum
1813 3285 1871 3338 in
1902 3290 2022 3339 ter—

329 3375 426 3437 ris,
463 3375 561 3428 sed
595 3375 766 3427 etiam
797 3375 857 3427 in
887 3374 1027 3427 coelo
1053 3374 1409 3444 triumphare
1433 3373 1555 3428 sine
1586 3375 1700 3428 line
1730 3374 1948 3445 positis.
1990 3396 2019 3423 »

332 3465 397 3518 Et
425 3462 559 3533 quia
585 3473 646 3516 ut
674 3462 949 3516 canonica
988 3462 1275 3516 institutio
1304 3462 1514 3515 iterum
1568 3479 1669 3533 per
1699 3479 1760 3515 os
1813 3463 2025 3516 beatis-

331 3553 459 3606 simi
482 3569 643 3622 papae
675 3551 961 3606 leestini
991 3552 1058 3605 ad
1101 3551 1395 3621 episcopos
1424 3567 1527 3622 per
1568 3551 1835 3622 Apuliam
1885 3568 2020 3605 con-

326 3642 549 3695 stitutos
578 3640 963 3695 celeberrimis
993 3640 1224 3693 vocibus
1263 3641 1483 3707 clamat,
1532 3641 1680 3712 quod
1729 3641 2023 3694 docendus

327 3731 401 3783 sit
430 3730 696 3800 populus,
734 3746 848 3782 non
882 3730 1225 3799 sequendus,
1259 3745 1471 3799 eosque
1519 3729 1565 3782 si
1596 3729 1857 3783 nesciunt
1886 3728 2020 3799 quid

324 3819 510 3882 liceat,
545 3819 753 3888 quidve
785 3834 899 3870 non
933 3817 1119 3876 liceat.
1152 3834 1535 3879 commonere,
1583 3835 1700 3872 non
1746 3818 1835 3871 his
1879 3834 2024 3871 con-

328 3922 557 3959 sensum
590 3906 846 3975 przebere
878 3906 1103 3959 debere.

397 3996 448 4047 4.
484 3996 691 4048 Ratum
724 3993 988 4046 duximus
1018 3994 1339 4047 necessitati
1371 3995 1668 4048 consulere
1699 3999 1754 4047 et
1801 3995 2025 4065 dispen-

327 4082 578 4135 saliones
627 4082 1033 4135 ecclesiasticas
1091 4099 1197 4151 pro
1252 4088 1511 4152 tempore
1574 4099 1687 4136 non
1721 4088 2023 4152 'praasum-

327 4170 528 4240 ptione
570 4182 619 4234 ε,
643 4169 741 4222 sed
797 4170 1130 4223 necessitate
1186 4171 1475 4239 prmvisas,
1529 4171 1861 4240 apostolica,
1907 4172 2025 4225 imo

329 4257 603 4311 canonica
650 4256 1004 4311 institutione
1050 4258 1277 4311 formati
1306 4258 1617 4312 verissimis
1660 4261 2022 4313 constitutio-

329 4346 499 4399 nibus
537 4345 881 4415 approbare,
916 4362 986 4399 ne
1035 4352 1237 4401 contra
1270 4347 1472 4417 Moysis
1520 4347 1749 4417 legiferi
1781 4349 2022 4402 sanctio-

330 4451 464 4489 nem
503 4434 562 4488 id
590 4434 741 4504 quod
765 4435 987 4503 justum
1018 4441 1104 4488 est
1142 4451 1256 4489 non
1283 4438 1438 4505 juste
1486 4436 1857 4507 insequentes
1924 4439 2023 4492 ad-

330 4539 558 4577 versum
588 4522 908 4577 Salomonis
939 4528 1289 4594 praeceptum
1322 4524 1518 4579 nimia;
1552 4526 1793 4594 justitiaa
1824 4530 1879 4580 et
1936 4527 2022 4580 iu-

329 4615 646 4682 temperate
676 4628 781 4664 nos
815 4612 1219 4665 denotaremus
1266 4612 1519 4667 infamia.
1574 4613 1899 4668 Recolenda
1943 4621 2027 4670 est

329 4702 438 4755 hoc
485 4702 604 4754 loco
649 4700 964 4753 Innocentii
1008 4700 1305 4754 clarissimi
1337 4718 1503 4771 papae
1548 4702 1616 4755 ad
1678 4703 1930 4757 Rubium
1971 4709 2025 4757 et

332 4788 635 4843 Eusebium
666 4789 1003 4858 caeterisque
1034 4789 1311 4858 episcopis
1345 4806 1515 4859 quam
1561 4806 1665 4861 pro
1703 4791 1885 4844 Fotini
1936 4808 2026 4845 re-

330 4877 676 4931 stauratione
698 4877 998 4931 intentavit
1029 4878 1391 4946 sententiam,
1433 4882 1489 4931 et
1525 4879 1651 4949 ejus
1698 4879 1790 4933 hic
1824 4896 2025 4934 recen-

332 4966 508 5019 senda
531 4970 665 5019 sunt
690 4965 921 5019 oracula
946 4966 1289 5033 veneranda,
1333 4967 1431 5037 qui
1461 4972 1589 5037 post
1628 4968 1807 5021 multa
1844 4969 2028 5037 splen-

333 5054 463 5108 dide
489 5058 835 5124 pertractata
869 5054 1057 5107 taliter
1095 5054 1289 5110 intulit
1319 5072 1331 5109 :
1368 5076 1394 5106 (ι
1422 5056 1701 5109 Sollicitos
1730 5056 1885 5110 enim
1928 5073 2027 5110 vos

401 5220 428 5245 δ
464 5212 660 5282 Epist.,
687 5214 803 5280 qui.

402 5285 428 5325 b
465 5283 588 5345 Ms.,
619 5283 792 5336 davit.

402 5362 423 5387 ε
461 5353 662 5422 Epist.,
685 5354 899 5422 judicio
924 5357 1163 5424 proper
1190 5355 1359 5424 culpae
1387 5360 1523 5409 erat.

401 5427 426 5468 d
463 5425 592 5494 Ep.,
623 5426 908 5479 hominum.

400 5502 421 5529 °
462 5496 586 5564 Ep.,
608 5495 799 5563 offerre
834 5497 902 5548 D.
930 5512 986 5550 η.
1026 5512 1209 5549 unam.

400 5564 420 5600 ί
458 5566 579 5632 Ms.,
610 5569 670 5620 in
702 5582 830 5635 qua.

2064 4347 2490 4408 Ddiscretionis
2562 4347 3019 4417 gubernaculum
3089 4348 3382 4402 adhibere.

2118 546 2257 599 dum
2297 551 2382 598 est
2422 562 2536 599 non
2566 545 2811 599 libenter
2839 544 3114 610 admitto;
3151 564 3177 592 η
3211 560 3274 597 ac
3318 543 3372 596 si
3396 542 3618 595 diceret
3648 560 3659 595 :
3711 545 3787 597 Pro

2117 634 2433 687 commodis
2481 634 2673 704 itaque
2720 638 2776 686 et
2820 649 2957 703 pace
3005 633 3389 686 Ecclesiarum
3434 632 3669 701 provida
3712 632 3788 702 ξςθξ

2118 739 2314 791 gerere
2356 723 2587 776 solertia
2623 722 2839 791 jubco:
2882 725 3079 773 contra
3132 727 3305 791 caput
3362 724 3571 772 autem
3626 724 3677 772 et
3723 724 3790 790 qui

2112 810 2242 880 jure
2303 811 2361 865 in
2411 810 2567 864 vobis
2612 808 2926 879 primatum
2977 808 3220 875 obtinet,
3280 808 3466 862 etiam
3517 809 3789 878 reprehen-

2117 900 2303 953 denda
2364 898 2735 965 commiserit,
2798 897 3127 951 nullatenus
3196 897 3640 967 insurgendum
3699 914 3792 967 per-

2119 1005 2338 1042 censeo.
2367 987 2530 1052 Quod
2578 988 2625 1040 si
2659 987 3062 1057 episcoporum
3117 986 3596 1056 superinspectio
3644 985 3795 1055 hujus-

2120 1077 2277 1131 modi
2324 1076 2483 1129 freno
2535 1074 2840 1128 sanctionis
2892 1074 3352 1144 constringitur;
3405 1090 3529 1143 quo
3583 1076 3797 1143 plebium

2119 1181 2278 1219 camo
2310 1180 2410 1217 ora
2440 1165 2668 1217 cludere
2696 1168 2885 1216 ratum
2929 1168 3035 1228 est,
3069 1179 3195 1232 quae
3227 1162 3459 1216 inlicita
3491 1167 3552 1216 et
3591 1178 3697 1216 non
3722 1165 3801 1217 sibi

2119 1253 2311 1307 debita
2339 1253 2622 1306 intentare
2654 1268 3008 1322 prmsumens
3038 1252 3109 1306 de
3128 1252 3503 1306 sacerdotum
3534 1251 3639 1304 sibi
3675 1268 3800 1305 arro-

2123 1346 2220 1411 gat
2250 1339 3004 1409 excessibusjudicandum?
3034 1342 3144 1394 Nec
3173 1340 3380 1410 ignoro
3436 1341 3728 1409 generales
3754 1342 3800 1395 il-

2123 1433 2202 1483 las
2235 1430 2448 1500 Opponi
2480 1430 2661 1483 solere
2693 1429 3027 1495 sententias,
3058 1445 3187 1498 qum
3221 1429 3408 1482 libero
3444 1434 3503 1481 et
3532 1430 3801 1498 tranquillo

2122 1523 2384 1587 tempore
2440 1503 2824 1571 discurrentes
2886 1517 3217 1586 generalem
3269 1514 3667 1585 superborum
3718 1526 3801 1562 non

2122 1606 2543 1661 consulentium
2575 1605 2793 1676 patrias,
2830 1605 2929 1658 sed
2978 1605 3242 1658 scandala
3299 1608 3357 1657 et
3419 1601 3801 1655 controversias

2129 1693 2505 1747 asserenlium
2533 1696 2736 1762 putant
2762 1692 3103 1745 simultates.
3134 1691 3243 1746 Sed
3294 1691 3385 1744 his
3421 1704 3678 1759 quorum
3704 1702 3801 1739 cer-

2130 1782 2277 1836 vices
2317 1787 2513 1835 tumor
2552 1780 2834 1851 superbiae
2866 1780 3047 1845 inﬂat,
3112 1786 3170 1834 et
3223 1779 3479 1833 licentiae
3547 1777 3800 1831 studentes

2126 1871 2441 1942 quemlibet
2469 1870 2947 1939 superbissimum
2972 1873 3237 1939 proterve
3269 1867 3611 1931 defendere,
3642 1865 3721 1916 vel
3758 1864 3800 1914 in

2125 1963 2288 2025 parte
2314 1957 2576 2011 sedentes
2611 1957 2988 2011 universitatis
3015 1958 3421 2027 derelinquere
3459 1971 3608 2009 ausu
3656 1958 3793 2005 teme-

2124 2046 2277 2099 rario
2307 2046 2501 2099 nitunt
2528 2046 2853 2116 collegium,
2881 2046 3271 2113 maledictum,
3297 2045 3685 2099 obstinatione
3706 2057 3797 2109 per-

2127 2135 2279 2189 lidize
2310 2139 2695 2205 protegentes,
2718 2140 2774 2189 et
2793 2135 2971 2205 impio
2992 2134 3229 2188 cuilibet
3250 2136 3509 2188 ferentes
3536 2132 3793 2190 auxilium.

2127 2223 2254 2276 illas
2282 2224 2578 2293 generales
2610 2224 2919 2277 sententias
2950 2223 3242 2276 verissime
3294 2226 3641 2293 competunt
3670 2238 3682 2273 :
3729 2219 3797 2270 isti

2129 2327 2262 2365 vero
2317 2328 2461 2382 quos
2519 2311 2731 2382 impius
2785 2311 3122 2366 crudelitate
3168 2316 3225 2365 et
3278 2311 3598 2365 acerbitate
3652 2307 3797 2360 invisa

2129 2400 2480 2469 perdomuit,
2522 2401 2927 2470 percarceralis
2966 2401 3212 2453 claustra
3266 2400 3277 2433 ί
3311 2404 3368 2453 et
3426 2415 3606 2452 onere
3638 2396 3793 2449 nimia.

2131 2505 2389 2542 censurae
2466 2489 2754 2551 contrivit,
2826 2490 2926 2560 qui
2982 2490 3331 2543 conscientia
3386 2492 3538 2541 teste
3612 2498 3799 2552 semper

2132 2578 2505 2631 maledictum
2526 2578 3022 2631 maledictionibus
3052 2578 3446 2647 insequentes,
3478 2591 3597 2629 non
3617 2588 3795 2629 amore.

2132 2682 2236 2719 nec
2280 2666 2747 2737 pertinacissima:
2795 2666 3103 2720 voluntatis
3145 2669 3376 2727 conatu,
3435 2665 3538 2718 sed
3583 2663 3695 2716 sola
3726 2675 3797 2712 ne-

2134 2754 2498 2821 cessitudine,
2550 2760 2607 2808 et
2656 2755 2833 2825 regali
2880 2755 3139 2823 jussione
3177 2753 3426 2820 contriti,
3490 2750 3795 2807 discretione

2133 2843 2519 2911 intendentes,
2598 2849 2655 2897 et
2710 2843 2968 2913 quotidie
3016 2843 3086 2896 de
3134 2843 3253 2896 vita
3319 2843 3562 2912 propria
3610 2837 3797 2910 pericli-

2133 2936 2342 3000 tantes,
2374 2932 2564 3002 aliqua
2609 2948 2714 3001 pro
2760 2937 3018 3001 tempore
3062 2932 3397 3001 dispensare
3446 2928 3639 2984 conati
3666 2932 3793 2984 sunt;

2060 3052 2099 3108 ρ
2135 3037 2236 3075 cur
2267 3022 2588 3091 improvida
2613 3022 2996 3091 insequuntur
3024 3022 3251 3074 animus
3285 3021 3525 3082 ordine;
3570 3018 3654 3071 vel
3688 3017 3793 3068 alio-

2131 3126 2261 3161 rum
2292 3110 2359 3163 de
2386 3111 2496 3162 vita
2534 3110 2560 3143 κ
2606 3110 2932 3178 plectantur
2979 3110 3284 3175 sententia,
3318 3110 3565 3162 omnino
3598 3120 3702 3159 non
3730 3103 3791 3155 vi—

2133 3198 2260 3252 deo.
2296 3198 2672 3252 Conscientiae
2703 3203 2913 3252 nostra;
2944 3204 3000 3252 et
3016 3198 3356 3269 fragilitates
3376 3190 3791 3260 humanaeinspi-

2130 3286 2349 3339 ciendaz
2403 3291 2554 3351 sunt,
2596 3290 2653 3339 et
2681 3302 2748 3339 ex
2789 3286 2953 3340 nobis
2982 3286 3118 3356 ipsis
3150 3286 3514 3339 subditorum
3541 3283 3667 3336 vita
3706 3281 3789 3334 for-

2132 3376 2357 3428 mandae
2370 3417 2383 3429 .
2412 3374 2633 3438 Quanta
2647 3391 2895 3445 namque
2913 3391 3017 3445 pro
3032 3380 3312 3445 tempore,
3332 3391 3440 3444 pro
3460 3375 3696 3428 instante
3712 3384 3789 3421 ne-

2130 3462 2408 3530 cessitate,
2443 3479 2547 3532 pro
2579 3466 2926 3532 potestatum
2956 3467 3195 3529 terrore,
3221 3464 3621 3533 unusquisque
3641 3474 3701 3512 ex
3720 3472 3794 3507 no-

2131 3550 2218 3605 bis
2247 3552 2505 3621 pontifex
2529 3550 2589 3604 in
2620 3551 2723 3605 sibi
2744 3552 2986 3605 creditos
3004 3551 3364 3621 usurpaverit
3391 3567 3618 3621 greges,
3641 3548 3682 3601 si
3698 3542 3792 3599 utili

2133 3644 2188 3693 et
2219 3641 2309 3710 pia
2342 3640 2738 3710 compassione
2760 3640 3108 3694 voluerimus
3132 3640 3377 3705 librare;
3401 3641 3559 3694 illico
3582 3638 3674 3708 qui
3694 3650 3794 3687 nos-

2130 3729 2233 3781 tris
2265 3730 2707 3783 clementissime
2729 3730 2992 3783 videmur
3013 3730 3279 3795 existere,
3313 3729 3358 3782 si
3382 3730 3550 3783 aliter
3572 3725 3788 3781 subdito-

2132 3833 2260 3870 rum
2283 3834 2454 3887 quam
2491 3823 2815 3871 nostrorum
2848 3818 3199 3871 voluerimus
3245 3818 3529 3872 ventilare
3569 3817 3791 3873 festucas,

2132 3907 2445 3959 severiores
2484 3907 2544 3959 in
2601 3907 3040 3977 delinquentnm
3095 3907 3417 3960 excessibus
3458 3903 3793 3976 probavimur

2130 3993 2361 4047 insilere
2396 4011 2407 4046 :
2443 4011 2557 4065 quo
2582 3995 2801 4064 judicio
2852 3996 3006 4048 enim
3029 3995 3507 4064 judicaverimus,
3544 3996 3600 4047 in
3622 4009 3681 4046 eo
3708 4005 3790 4042 no-

2133 4082 2602 4153 bisjudicahitur.
2628 4085 2693 4136 Et
2718 4084 3025 4153 ideojuxta
3056 4084 3205 4137 beati
3230 4084 3445 4137 Iuliani
3477 4080 3684 4154 egregii
3714 4078 3791 4129 do-

2133 4171 2300 4225 ctoris
2339 4172 2701 4238 sententiam,
2738 4188 2853 4225 non
2896 4172 3138 4225 minoris
3170 4177 3254 4224 est
3295 4172 3669 4241 providentia?
3714 4181 3793 4218 ne-

2132 4260 2378 4313 cessitati
2437 4259 2764 4313 imminenti
2828 4262 3147 4325 consulere,
3210 4277 3383 4329 quam
3454 4252 3793 4330 plenitudinis

3462 4344 3790 4402 Laudabilius

2132 4451 2268 4505 ergo
2305 4439 2390 4488 est
2433 4451 2497 4488 ex
2541 4436 2878 4489 necessitate
2923 4436 3189 4507 quaedam
3222 4440 3553 4507 opportuna
3594 4434 3790 4500 eligere,

2133 4539 2307 4593 quam
2342 4523 2401 4576 in
2449 4523 2534 4576 his
2567 4540 2696 4594 quae
2721 4530 3035 4594 suppetunt
3063 4525 3323 4593 eligenda
3373 4524 3638 4578 formare.
3681 4519 3789 4574 Mul-

2133 4618 2306 4683 toque
2366 4616 2422 4664 et
2480 4613 2757 4681 grandius
2828 4613 3110 4666 defectum
3171 4613 3443 4666 adhibere
3507 4613 3788 4667 suffectum,

2133 4716 2307 4771 quam
2338 4700 2583 4770 copiosae
2614 4702 2697 4755 rei
2728 4700 3116 4771 dispositionis
3167 4717 3481 4771 prorogare
3521 4698 3785 4772 judicium.

2134 4790 2233 4842 Est
2261 4788 2410 4842 enim
2457 4790 2625 4854 salus,
2679 4796 2735 4844 et
2782 4789 2977 4843 salutis
3017 4789 3352 4843 omnimoda
3407 4788 3713 4859 plenitudo,
3757 4781 3791 4831 Si

2134 4877 2253 4931 illic
2287 4878 2547 4930 utilitatis
2584 4878 2916 4947 porrigatur
2959 4879 3308 4945 consultum,
3341 4879 3441 4932 ubi
3498 4870 3788 4932 omnimoda

2132 4967 2429 5035 plenitudo
2486 4966 2830 5035 perspicitur
2863 4983 2875 5019 :
2904 4967 3040 5036 quia
3076 4967 3197 5020 sine
3238 4967 3515 5021 fracmine
3550 4958 3790 5039 generalis

2132 5055 2406 5124 praicepti
2425 5054 2611 5108 forma
2640 5054 2932 5108 inducitur
2978 5055 3238 5125 specialis
3266 5056 3490 5126 judicii,
3522 5062 3580 5110 et
3605 5044 3788 5109 eventui

2207 5226 2236 5267 ε
2274 5214 2370 5267 Ms.
2383 5254 2397 5279 ,
2422 5215 2865 5281 presumptionis.

2205 5286 2233 5326 h
2269 5284 2427 5356 Adde
2467 5284 2656 5356 audior
2688 5300 2752 5337 ex
2800 5284 2963 5355 epist.
3029 5287 3097 5337 22
3155 5284 3350 5337 lnnoc.
3414 5285 3487 5339 ad
3536 5284 3783 5356 episcopos

2136 5354 2446 5418 Macedon,
2480 5354 2572 5408 tit.
2605 5355 2709 5409 ult.

2208 5426 2221 5459 ί
2264 5426 2517 5481 Claustra
2567 5426 2674 5480 sub
2726 5424 3007 5479 feminino
3055 5441 3265 5496 genere
3297 5431 3434 5479 tunc
3466 5431 3587 5480 erat
3618 5428 3779 5496 inusti;

2223 5514 2236 5556 ι
2274 5497 2509 5550 Animus
2538 5497 2746 5550 ordine.
2772 5499 2857 5551 An
2892 5497 3044 5550 idem
3058 5490 3135 5549 'ac
3154 5502 3314 5550 extra
3349 5498 3433 5550 vel
3459 5497 3577 5551 sine
3602 5490 3777 5552 ordine?

2211 5558 2236 5590 ¹⁶
2281 5566 2443 5619 Forte
2467 5567 2648 5619 debita
2676 5570 2961 5621 sententia.
