3860 6262
56 362 175 412 4ῖ3

1643 360 2012 415 EPISTOLAE.

3483 363 3587 417 474

54 492 423 559 consulitur,
456 492 608 561 quod
641 490 1019 561 generalitate
1051 506 1167 544 non
1205 490 1391 544 datur.
1437 490 1559 543 Non
1599 490 1776 560 igitur
1814 493 1856 544 A
1885 488 2048 560 cujus
2082 491 2235 560 justa
2272 490 2488 559 judicia
2538 490 2757 544 clarent
2791 490 3018 561 justitia
3064 507 3127 544 ac
3172 492 3383 561 pietate
3432 506 3580 561 pra:-

56 580 469 635 suhvertimus
530 580 841 651 primitiva,
902 580 1000 633 sed
1069 579 1385 633 consultius
1452 578 1781 633 ordinamus

62 668 437 734 praesentia:
478 684 607 721 cum
651 673 708 721 et
756 668 898 721 illud
948 667 1257 721 universali
1308 667 1515 727 edictu.
1563 672 1621 721 et
1660 668 1782 721 haec

61 756 423 823 pra-polleat
452 756 683 825 speciali
706 756 943 825 judicio.

142 847 199 895 5.
262 845 329 897 Et
381 845 502 898 haec
550 845 800 898 dicentes
851 862 967 898 non
1014 844 1174 898 vobis
1224 845 1566 915 replicamus
1615 844 1781 898 inco-

62 930 263 1001 gnita,
301 933 399 985 sed
430 938 565 986 nota
598 933 922 987 reducimus
952 933 1256 986 recolenda
1295 949 1307 985 :
1360 938 1425 986 ut
1468 933 1515 985 si
1559 934 1631 986 ab
1672 933 1780 985 ho-

61 1020 287 1073 dierno
323 1022 416 1075 die
459 1027 515 1074 et
557 1026 838 1092 tempore,
873 1022 1081 1092 aliquis
1124 1038 1192 1075 ex
1244 1021 1629 1075 sacerdotibus
1674 1038 1781 1074 no-

58 1110 208 1161 stris
259 1115 463 1163 vestra:
502 1112 825 1181 praesentia:
855 1127 1197 1181 quacunque
1228 1110 1421 1164 seaculi
1462 1110 1783 1164 exhibuerit

64 1199 426 1267 necessitas;
462 1216 576 1252 non
610 1199 960 1265 execrabilis,
994 1200 1145 1269 quod
1194 1200 1387 1269 procul
1438 1198 1530 1264 sit,
1577 1203 1780 1252 vestrae

66 1286 539 1356 participationi,
570 1288 656 1340 vel
690 1288 890 1340 exulus
920 1288 1219 1352 habeatur,
1254 1288 1350 1341 sed
1384 1287 1693 1356 recipiatur
1722 1292 1783 1341 ut

64 1374 376 1443 proprius,
411 1376 791 1445 amplectatur
817 1382 879 1429 ut
907 1376 1081 1443 ﬁlius,
1122 1382 1292 1446 atque
1323 1376 1395 1429 ad
1435 1391 1603 1429 omne
1634 1377 1782 1428 alta-

66 1463 150 1514 ris
204 1462 468 1515 ofﬁcium
520 1464 855 1517 admittatur
910 1463 1175 1528 idoneus;
1237 1464 1478 1517 libenter
1540 1481 1570 1516 a
1624 1462 1784 1517 vobis

69 1550 284 1619 utique
325 1556 705 1620 percepturus
747 1557 1071 1605 consecrata
1111 1552 1403 1620 libamina,
1446 1552 1781 1620 cmterisque

70 1638 520 1708 dispensaturus
550 1642 723 1695 etiam
754 1657 857 1711 per
885 1640 1254 1710 semetipsum
1285 1640 1541 1695 confecta
1571 1646 1782 1710 myste-

70 1726 162 1778 ria
215 1727 542 1796 praesertim
593 1745 723 1781 cum
771 1728 1097 1782 fraternitas
1136 1734 1334 1783 nostra
1385 1744 1622 1799 gregem
1674 1727 1783 1780 sibi

73 1814 371 1868 creditum
438 1816 662 1870 decreto
723 1817 1052 1871 ﬁrmissimo
1111 1833 1389 1871 manuum
1451 1822 1783 1871 nostrarum
1823 1793 1861 1846 Β

78 1903 513 1973 subscriptione
552 1906 797 1972 ﬁrmato,
838 1906 1168 1960 indemnem
1195 1911 1252 1960 et
1291 1906 1533 1959 liberum
1562 1906 1630 1960 ab
1662 1922 1786 1959 om-

77 1991 244 2043 nium
310 1993 732 2045 susurrantium
792 1992 1031 2047 infamio
1092 1998 1371 2063 perpetue
1428 1998 1655 2047 censeat
1715 2009 1782 2046 eo

76 2080 284 2149 vigore
351 2080 674 2134 stabilitatis
735 2082 1066 2152 perenniter
1124 2082 1601 2148 conservandum,
1668 2097 1783 2151 quo

79 2170 671 2239 metropolitanorum
707 2171 1099 2224 sanctionibus
1134 2172 1194 2224 in
1224 2170 1513 2240 praeterito
1546 2175 1602 2223 et
1628 2186 1782 2239 prie-

79 2258 228 2309 senti
282 2258 578 2311 invenitur
629 2259 1057 2314 conﬁrmatum.
1111 2260 1386 2329 Optamus
1435 2275 1538 2311 nos
1583 2258 1785 2311 vestris

78 2347 397 2415 reciprocis
430 2347 700 2401 litterulis
729 2348 1100 2416 praemunire.
1146 2350 1204 2401 et
1244 2346 1538 2400 fraternali
1569 2345 1783 2399 auxilio

78 2435 136 2486 in
169 2450 238 2487 ea
269 2451 405 2505 quae
438 2434 594 2504 pacis
625 2440 678 2489 et
709 2435 1002 2489 charitatis
1048 2440 1181 2489 sunt
1226 2434 1503 2488 roborari.
1552 2434 1609 2487 Si
1657 2434 1785 2504 quis

78 2529 275 2576 autem
320 2540 384 2576 ex
437 2524 881 2595 congregatione
924 2529 1119 2578 nostra
1164 2523 1444 2593 pravitate
1486 2523 1692 2589 cordis,
1729 2528 1786 2577 et

79 2610 261 2664 livore
317 2612 550 2679 mentis,
602 2628 702 2666 seu
751 2613 1043 2667 crescendi
1092 2612 1261 2677 fastu,
1306 2610 1501 2682 aliqua
1550 2610 1784 2664 auribus

77 2700 290 2752 nostris
327 2709 351 2732 ³
380 2701 671 2770 ρι’ωευηίε
702 2701 1024 2755 eruditione
1063 2701 1389 2755 divinorum
1420 2698 1780 2752 voluminum

81 2788 224 2841 levia
268 2788 561 2843 intentare
605 2789 917 2853 conaverit,
950 2789 1047 2841 illa
1085 2805 1199 2859 qua
1243 2805 1337 2841 vos
1368 2788 1502 2840 novi
1534 2786 1783 2840 naturali

79 2877 269 2945 vigere
300 2877 609 2945 industria,
634 2879 782 2931 male
804 2878 1148 2948 loquatium,
1173 2882 1515 2947 properatur
1536 2876 1779 2937 insania,

82 2966 177 3034 qui
203 2966 613 3019 unanimitatis
642 2966 1016 3036 despicientes
1046 2966 1376 3035 collegium,
1406 2980 1511 3035 per
1540 2964 1782 3033 abrupta

82 3059 135 3105 et
164 3054 338 3107 devia
368 3054 555 3107 nitent
572 3056 735 3125 lapsu
759 3056 945 3109 casuri
967 3054 1244 3126 praecipiti
1264 3054 1323 3107 in
1343 3054 1522 3107 altum
1544 3053 1781 3107 tendere

83 3157 363 3211 gressum.
400 3144 609 3197 Valete.

151 3451 351 3489 INCIPIT
402 3451 654 3489 EPISTOLA
701 3451 897 3490 ALVARI
945 3451 1115 3489 SAULO
1166 3451 1412 3489 EPISCOPO
1464 3452 1706 3489 DIBECTA.

150 3568 527 3622 Sanctissimo
584 3568 827 3622 Domino
881 3584 1010 3622 meo
1069 3568 1239 3623 Saulo
1299 3569 1568 3640 episcopo
1620 3570 1782 3623 Pauli

82 3658 286 3711 ALvARI
318 3657 635 3727 suggessio.

151 3750 199 3799 l.
253 3747 432 3799 Multa
474 3750 637 3798 erant
677 3761 807 3814 quae
857 3745 1139 3799 sanctitati
1185 3750 1385 3800 vestrae
1425 3746 1780 3801 debebantur

84 3834 271 3898 scribi,
306 3834 355 3887 si
385 3836 635 3904 procella
671 3834 863 3887 saeculi
893 3840 948 3887 et
977 3835 1270 3888 calamitas
1291 3835 1571 3905 temporis
1598 3836 1781 3889 nostri

82 3937 191 3974 non
224 3922 614 3992 prmpedirent
640 3922 895 3976 ofﬁcium
928 3923 1158 3993 linguae.
1192 3924 1303 3978 Sed
1337 3925 1473 3994 quia
1503 3925 1780 3977 acerbitas

84 4011 485 4080 angustiarum
536 4016 593 4064 et
642 4012 970 4064 immanitas
1027 4012 1388 4081 flagellorum
1440 4013 1781 4083 eloquentia:

84 4098 297 4152 fontem
334 4099 631 4165 conclusit,
666 4104 720 4152 et
750 4099 975 4153 dicendi
1017 4100 1317 4153 materiam
1367 4117 1467 4153 sua
1509 4102 1660 4154 mole
1692 4118 1778 4154 re-

84 4188 271 4253 trusit,
321 4186 451 4240 ideo
496 4187 745 4241 breviter
790 4192 934 4240 teste
984 4188 1464 4241 conscientiarum
1516 4189 1779 4242 omnium

88 4276 219 4339 Deo,
255 4275 409 4328 dulci
441 4275 656 4339 animo,
693 4280 749 4328 et
796 4280 986 4329 mente
1030 4292 1197 4346 pura,
1245 4277 1603 4329 salutationis
1647 4278 1780 4330 ofﬁ-

86 4364 231 4416 cium
264 4362 599 4433 pateruitati
644 4369 842 4417 vestra:
887 4364 1098 4430 defero,
1146 4365 1559 4435 propriamque
1608 4366 1778 4419 mise-

88 4451 225 4505 riem
258 4458 315 4504 et
347 4452 777 4521 suggessionem
809 4468 1049 4522 expono.
1088 4455 1240 4507 Reor
1270 4469 1385 4507 non
1418 4454 1576 4506 vobis
1604 4454 1780 4507 fuisse

88 4539 442 4609 incognitum
476 4539 717 4609 periculi
751 4541 838 4593 vel
876 4541 1237 4611 azgritudinis
1285 4559 1429 4596 meae
1475 4543 1580 4596 hoc
1628 4559 1780 4596 anno

88 4627 483 4698 dispendium;
528 4628 610 4681 ita
656 4634 721 4682 ut
762 4630 965 4683 mortis
1013 4646 1189 4700 agens
1232 4631 1567 4698 conﬁnium,
1600 4632 1782 4701 poeni-

89 4718 275 4770 tentia;
327 4718 685 4788 postularem
738 4719 1083 4785 remedium,
1134 4725 1306 4790 atque
1358 4726 1487 4791 post
1530 4721 1780 4791 dispera-

88 4804 298 4859 tionem
353 4822 474 4859 non
532 4806 842 4873 modicam,
890 4808 1198 4861 salutarem
1252 4809 1537 4863 invenisse
1586 4810 1778 4863 mede—

86 4892 213 4946 lam.
270 4895 541 4949 Dominus
586 4897 726 4948 em‘m
776 4898 872 4964 qui
915 4900 1228 4965 mortiﬁcat,
1278 4903 1328 4951 et
1373 4899 1638 4969 vivzﬁcat,
1685 4899 1782 4951 du-

86 4986 147 5035 cit
196 4983 275 5037 ad
318 4988 513 5052 portas
558 4985 783 5051 inferni,
831 4989 881 5039 et
924 4985 1135 5040 reducit
1174 4988 1223 5051 (1
1272 4988 1403 5052 Reg.
1440 5003 1497 5052 ιι,
1545 4990 1617 5052 6),
1652 4992 1783 5057 post

86 5074 317 5126 multam
374 5072 655 5125 ultionem
692 5072 921 5142 judicii,
968 5080 1024 5128 et
1070 5075 1307 5145 dignam
1358 5075 1780 5146 correptionem

88 5161 313 5232 ﬂagelli,
361 5162 672 5215 clementia
720 5161 990 5230 mirabili,
1034 5169 1092 5217 et
1127 5164 1340 5233 pietate
1387 5164 1681 5231 laudabili,
1718 5181 1784 5218 ac

89 5250 335 5317 potentia
366 5249 671 5319 singulari,
718 5251 1002 5304 revocavit
1043 5268 1077 5305 a
1113 5252 1352 5322 periculi
1375 5254 1578 5322 janua,
1607 5254 1784 5307 mise-

90 5337 325 5391 ricordia
356 5342 660 5403 consueta,
691 5355 866 5409 quem
898 5340 1073 5410 digne
1106 5342 1317 5395 scelera
1345 5340 1466 5411 jam
1498 5342 1782 5395 ducebant

91 5426 147 5479 ad
186 5432 427 5481 tartara.
474 5426 562 5479 Sit
604 5442 815 5481 nomen
863 5428 986 5497 ejus
1035 5428 1400 5484 benedictum
1443 5430 1504 5483 in
1551 5431 1778 5495 saecula,

146 5610 167 5636 ι
200 5602 330 5672 Leg.
365 5602 592 5655 vestris.

1890 578 2093 631 cincta.

1962 670 2012 721 2.
2050 667 2187 731 Qum
2223 671 2345 720 acta
2392 670 2523 719 sunt
2571 667 2902 737 paternitati
2945 673 3145 722 vestra:
3190 669 3435 723 breviter
3480 669 3580 723 ad-

1892 756 2101 809 notavi.
2158 757 2319 809 Nunc
2377 772 2505 826 qum
2556 757 2776 825 agenda
2836 761 2968 815 sunt
3025 758 3232 810 iterum
3286 758 3581 811 humiliter

1890 845 2058 915 cupio
2093 844 2423 914 implorare.
2458 845 2620 898 Certe
2654 844 2723 898 ab
2766 845 2891 914 ipso
2923 846 3279 914 aegritudinis
3320 852 3579 917 tempore

1890 950 2072 1003 usque
2103 933 2160 986 in
2207 932 2378 986 hodie
2422 949 2453 985 a
2486 934 2719 986 salutari
2750 934 3008 987 exclusus
3042 936 3225 986 mansi
3272 936 3526 988 remedio
3564 952 3578 989 :

1890 1027 1947 1076 et
1997 1022 2125 1075 licet
2177 1022 2704 1075 reconciliationem
2763 1022 2993 1075 aliunde
3049 1024 3293 1075 valerem
3351 1023 3482 1086 frui,
3535 1025 3582 1076 si

1892 1110 2122 1175 vellem;
2174 1114 2368 1163 tamen
2409 1126 2475 1162 ea
2523 1126 2653 1180 qua:
2702 1109 3038 1163 auctoritate
3091 1112 3321 1163 Patrum
3366 1117 3583 1164 sacrata

1890 1203 2036 1261 sunt,
2074 1198 2314 1266 implere
2345 1198 2675 1252 desiderans
2710 1199 3052 1267 permissum
3093 1203 3339 1251 vestrum
3389 1199 3581 1268 inqui-

1889 1303 2014 1340 rere
2062 1287 2238 1352 volui,
2294 1292 2462 1357 atque
2507 1305 2610 1358 per
2640 1288 2961 1357 jussionem
2993 1288 3353 1358 paternitatis
3384 1293 3584 1342 vestrae

1890 1375 1960 1428 ad
1993 1374 2458 1429 communionem
2488 1377 2737 1429 reditum
2769 1377 2982 1431 habere
3023 1377 3280 1447 disposui
3316 1392 3327 1430 :
3365 1381 3419 1430 et
3452 1377 3583 1429 inde

1891 1462 2026 1515 alibi
2072 1463 2180 1516 hoc
2222 1478 2339 1515 non
2373 1464 2662 1533 inquisivi,
2706 1465 2842 1534 quia
2874 1469 3019 1518 teste
3055 1467 3166 1518 Deo
3213 1467 3361 1525 Jesu.
3399 1464 3497 1519 Dei
3529 1468 3584 1517 et

1892 1552 2121 1605 Domini
2168 1553 2347 1605 nostri
2396 1552 2680 1606 sententia
2727 1553 3052 1607 formidavi.
3112 1554 3269 1607 Unde
3326 1558 3461 1622 peto
3521 1559 3583 1607 ut

1891 1640 2140 1709 epistola
2198 1641 2561 1710 paternitatis
2618 1645 2816 1694 vestras
2874 1642 2966 1694 cui
3022 1642 3202 1710 prius,
3265 1642 3469 1694 melius
3527 1646 3585 1696 et

1893 1728 2080 1797 aptius
2111 1726 2310 1780 videtis
2341 1743 2405 1780 ex
2450 1725 2651 1779 vestris
2695 1727 3081 1781 sacerdotibus
3122 1727 3332 1792 veniat,
3367 1743 3583 1781 meam-

1894 1832 2005 1886 que
2039 1816 2150 1868 illis
2184 1814 2729 1882 reconciliationem,
2763 1816 3011 1884 qualiter
3047 1815 3355 1881 volueritis,
3389 1816 3582 1884 injun-

1892 1910 2008 1973 gat.
2048 1906 2285 1957 Paratus
2316 1903 2472 1956 enim
2501 1919 2627 1956 sum
2660 1903 2720 1957 in
2752 1903 3019 1957 omnibus
3049 1904 3300 1968 obedire,
3345 1908 3401 1957 et
3440 1920 3583 1973 prae-

1892 1992 2069 2062 ceptis
2101 1992 2302 2045 vestris
2331 1991 2674 2045 salutaribus
2718 2008 2810 2045 me
2853 1997 3039 2045 totum
3070 1993 3279 2046 dedere
3314 2010 3325 2046 :
3360 1997 3582 2046 tantum

1891 2097 2006 2133 non
2041 2081 2226 2150 privet
2253 2079 2676 2133 communionis
2707 2080 2981 2145 remedio,
3016 2080 3151 2149 quia
3173 2081 3339 2149 plane
3368 2080 3585 2149 ingenti

1892 2168 2107 2222 afﬁcior
2146 2167 2338 2233 tmdio,
2384 2167 2522 2220 dum
2553 2171 2838 2221 extorrem
2876 2184 2965 2221 me
2998 2169 3162 2221 doleo
3193 2185 3224 2220 a
3254 2169 3586 2239 nuptiarum

1892 2257 2040 2327 Agni
2075 2257 2351 2311 convivio.
2407 2256 2645 2320 Qualem
2690 2273 2823 2310 vero
2871 2256 3013 2310 mihi
3055 2257 3243 2325 legem
3276 2256 3585 2326 posueritis

1884 2346 2107 2416 jejunii,
2142 2346 2656 2415 eleemosynarum,
2687 2360 2784 2398 seu
2817 2345 3211 2415 temperantize
3236 2344 3425 2413 operis
3447 2343 3585 2397 boni

1888 2435 2162 2504 perﬁcere
2194 2434 2385 2504 cupio,
2430 2437 2486 2486 et
2528 2432 2588 2486 in
2619 2434 2777 2486 nullo
2810 2450 2841 2485 a
2872 2432 3123 2486 veritatis
3155 2449 3251 2485 seu
3296 2432 3583 2502 possibili-

1889 2524 2023 2576 tatis
2055 2522 2268 2591 regulis
2296 2522 2540 2575 deviare.
2576 2524 2798 2575 Pronus
2832 2522 2986 2574 enim
3019 2528 3104 2574 est
3136 2523 3362 2575 animus
3396 2526 3586 2574 noster

1892 2616 2093 2665 cuncta
2123 2613 2400 2680 imperata
2431 2611 2692 2680 implere,
2727 2616 2783 2664 et
2828 2629 2861 2663 a
2905 2612 3121 2664 cunctis
3152 2611 3363 2663 illicitis
3386 2609 3581 2679 jussis,

1891 2706 1948 2752 et
1974 2705 2212 2769 paterna
2256 2700 2619 2753 ordinatione
2651 2699 2979 2770 prohibitis,
3027 2703 3304 2769 quantum
3339 2698 3583 2768 possibi-

1890 2790 2019 2842 litas
2067 2788 2308 2854 dederit,
2358 2794 2611 2840 mentem
2659 2788 2934 2841 hactenus
2981 2803 3082 2856 per
3123 2786 3287 2841 devia
3317 2786 3585 2839 oberran-

1889 2883 2007 2932 tem
2035 2877 2208 2930 frenis
2236 2876 2630 2946 temperantia:
2662 2892 2938 2929 coercere.

1961 2969 2012 3020 3.
2062 2966 2218 3019 Unde
2260 2981 2420 3034 rogo,
2467 2970 2523 3018 et
2568 2965 2900 3034 lacrymosis
2947 2964 3209 3034 precibus
3257 2980 3470 3034 quaeso,
3519 2969 3585 3017 ut

1891 3054 2056 3107 citius
2088 3070 2189 3106 nos
2232 3058 2417 3106 vestra
2460 3052 2775 3122 paternitas
2818 3054 3051 3106 cuilibet
3099 3069 3166 3106 ex
3198 3053 3583 3106 sacerdotibus

1889 3143 2229 3197 solvendum
2278 3142 2559 3212 injungat.
2621 3141 2717 3195 Sin
2774 3147 2965 3195 autem
3015 3142 3167 3195 aliud
3218 3142 3385 3194 nobis
3431 3142 3585 3211 viget

1890 3232 2200 3301 agendum,
2233 3236 2289 3285 et
2319 3232 2427 3284 hoc
2456 3232 2667 3284 iterum
2699 3230 2866 3284 citius
2897 3231 3103 3283 humili
3142 3247 3244 3283 suo
3291 3230 3580 3293 rescribat,

1889 3320 2027 3390 quia
2055 3319 2115 3372 in
2144 3319 2361 3372 cunctis
2394 3319 2553 3372 vobis
2587 3335 2786 3389 parere
2819 3326 3010 3372 nostra
3034 3319 3281 3372 tenuitas
3311 3318 3579 3388 disponit,

1888 3424 1992 3461 nec
2030 3408 2309 3462 terminos
2338 3409 2570 3461 Patrum
2604 3408 2846 3460 transire
2879 3408 3122 3477 superba
3150 3408 3453 3460 insolentia
3482 3422 3577 3459 cu-

1887 3497 1989 3567 pit.
2055 3498 2267 3549 Tamen
2329 3496 2668 3565 rescriptum
2728 3501 2983 3548 nostrum
3055 3496 3160 3549 hac
3223 3495 3580 3548 hebdomada

1886 3585 2263 3655 praestolabor
2316 3601 2328 3637 :
2388 3600 2560 3654 quem
2619 3584 2665 3636 si
2718 3584 2972 3653 recipere
3030 3600 3142 3636 non
3200 3599 3487 3648 meruero,
3547 3600 3580 3635 a

1886 3673 2156 3728 fratribus
2195 3673 2394 3725 vestris
2434 3678 2489 3725 et
2534 3673 2812 3747 episcopis
2845 3672 3365 3725 reconciliationem
3397 3671 3577 3740 ipsam

1888 3762 2197 3831 implorare
2234 3761 2495 3830 dispono,
2524 3760 2661 3831 quia
2691 3764 2850 3813 tanto
2883 3765 3139 3830 tempore
3170 3778 3199 3813 a
3222 3776 3455 3829 corpore
3480 3760 3582 3812 Dei

1888 3851 2001 3903 mei
2039 3856 2095 3903 et
2128 3848 2407 3918 sanguine
2440 3849 2691 3918 privatus
2737 3853 2884 3901 stare
2933 3865 3049 3901 non
3096 3849 3273 3901 valeo.
3310 3851 3424 3902 Hoc
3456 3848 3581 3901 ideo

1886 3935 2046 3989 vobis
2086 3934 2327 3997 innotui,
2366 3935 2501 4005 quia
2534 3942 2780 3988 vestram
2817 3936 3249 4005 responsionem
3282 3935 3448 3987 citam
3483 3951 3578 3987 cu-

1888 4023 1984 4093 pio
2016 4021 2247 4086 intueri,
2281 4027 2338 4074 et
2366 4022 2513 4075 hanc
2543 4022 2906 4075 festivitatem
2939 4021 3147 4092 ligatus
3190 4021 3385 4076 dubito
3430 4020 3584 4075 inter

1889 4109 2030 4163 alios
2088 4109 2355 4163 retinere.
2412 4111 2628 4164 Merear
2677 4111 2899 4164 vultum
2957 4116 3211 4164 vestrum
3261 4110 3583 4180 jucundum

1887 4198 1947 4250 in
1998 4198 2358 4266 jucunditate
2420 4205 2477 4253 et
2536 4198 2737 4253 laetitia
2802 4199 3047 4253 feliciter
3112 4200 3277 4253 citius
3343 4198 3579 4270 perfrui.

1891 4287 2061 4340 Finit.

2677 4395 2795 4448 XII.

1960 4523 2083 4560 ΙἸῈλί
2124 4522 2449 4562 RESCRIPTUM
2490 4525 2640 4562 SAULI
2682 4525 2912 4562 EPISCOPI
2963 4526 3173 4563 ALVABO
3221 4525 3510 4563 DIBECTUM.

1962 4634 2011 4685 1.
2046 4632 2220 4686 Multa
2252 4632 2416 4686 nobis
2447 4638 2610 4686 erant
2640 4633 2955 4687 necessaria
2995 4649 3124 4702 quae
3157 4633 3453 4686 obtutibus
3484 4649 3582 4685 ve-

1889 4720 2017 4773 stris
2070 4721 2423 4775 debebamus
2468 4721 2714 4775 scribere
2756 4739 2768 4776 :
2819 4722 2914 4774 sed
2946 4721 3339 4789 praepediente
3374 4720 3582 4774 delicto

1887 4809 2144 4880 quotidie
2173 4826 2469 4863 versamur
2514 4810 2571 4862 in
2607 4810 2877 4875 lamento,
2925 4814 2988 4861 ut
3025 4824 3129 4861 nec
3167 4808 3363 4876 lingua
3401 4808 3583 4876 possit

1889 4913 2156 4951 enarrare
2195 4899 2350 4968 quod
2398 4914 2558 4952 mens
2602 4903 2797 4951 nostra
2829 4897 3058 4966 patitur,
3096 4912 3199 4949 nec
3230 4896 3583 4950 characteres

1888 4986 2176 5040 scribendi
2216 4987 2370 5057 quod
2413 4986 2672 5047 debetur,
2724 4985 3014 5054 Scriptura
3057 4984 3280 5037 dicente
3315 5001 3326 5038 :
3368 4985 3583 5050 Defecit

1888 5075 2218 5129 inhabitatio
2256 5089 2506 5127 sensuum
2549 5075 2721 5126 multa
2765 5076 3086 5138 cogitantem
3136 5073 3289 5141 (Sap.
3341 5071 3434 5141 ix).
3476 5072 3580 5128 Sed

1889 5163 2025 5233 quia
2084 5162 2403 5216 dilectionis
2460 5167 2661 5214 vestra:
2722 5161 2996 5231 susceptis
3050 5160 3309 5230 apicibus
3366 5161 3583 5217 ibidem

1888 5256 2074 5305 vester
2107 5250 2346 5321 digessit
2376 5252 2573 5320 stylus,
2608 5256 2673 5302 ut
2704 5256 2841 5320 puto
2875 5250 3071 5303 auxiat
3095 5252 3120 5293 ι)
3151 5250 3394 5321 plenius,
3428 5268 3583 5305 com-

1888 5338 2129 5410 perique
2159 5355 2258 5391 vos
2291 5338 2469 5393 nimia
2499 5338 2754 5408 corporis
2794 5338 3184 5393 imbecillitate
3214 5340 3487 5407 solutum,
3521 5344 3583 5393 ut

1889 5426 1958 5480 ad
1993 5425 2303 5480 videndum
2337 5443 2439 5480 nos
2471 5426 2695 5480 nullum
2734 5426 2937 5480 dicatis
2966 5427 3176 5482 habere
3208 5427 3451 5493 aditum,
3483 5428 3583 5481 sed

1962 5603 1986 5644 l-
2016 5600 2152 5670 Leg.
2181 5603 2396 5656 anxiat.
