3860 6262
287 325 380 374 L75
1636 322 1810 374 ALVA

2229 319 2405 374 SNSIS
3677 321 3753 369 κῆ

279 342 380 377 ὰιῦ

281 462 449 514 vellet
496 466 556 512 ut
605 474 781 510 unum
819 474 882 510 ex
918 455 1303 509 sacerdotibus
1335 456 1606 509 Cordobae
1637 471 1667 507 a
1704 470 1792 508 me
1824 454 1965 508 diri-
2008 457 2051 508 A
2084 461 2266 522 sperat
2310 456 2369 507 in
2423 456 2640 507 Domino
2689 454 3086 519 confortabitur
3135 455 3311 523 (Prov.
3369 469 3525 517 xxix,
3577 456 3676 516 '25},
3720 461 3760 505 et
3810 453 3811 456 “

281 551 449 617 gatur
478 545 773 616 scriptum,
821 560 933 614 quo
977 560 1072 596 vos
1111 542 1450 596 informatos
1477 559 1506 595 a
1537 543 1744 597 Christi
1773 558 1976 612 corpus

276 635 478 689 reddat
525 636 798 699 solutum,
851 633 1106 686 dicentes
1154 632 1306 702 quod
1356 632 1514 685 fuere
1565 632 1826 686 nonnulli
1876 632 1975 702 qui

277 723 452 776 coacti
485 727 618 775 sunt
648 723 716 776 ad
747 721 1133 774 enarrandum
1166 720 1349 773 inviti.

345 814 397 864 2.
432 810 577 875 Quid
618 827 722 863 nos
761 809 883 862 haec
922 809 1198 875 dicemus,
1250 808 1348 878 qui
1397 813 1624 878 tempus
1669 809 1839 863 hodie
1889 815 1972 862 ta-

276 899 442 953 cendi
482 900 820 970 portamus?
849 898 963 952 Nos
996 897 1147 950 enim
1185 896 1474 950 neminem
1509 897 1970 967 praejudicamus,

276 989 618 1058 nullumque
662 987 1021 1051 damnamus,
1059 1001 1160 1038 nec
1185 984 1565 1054 justiﬁeamus
1599 985 1750 1055 quod
1781 985 1974 1039 nesci-

279 1093 428 1142 mus,
480 1092 582 1129 nec
640 1074 912 1145 punimus
960 1074 1114 1144 quod
1162 1073 1513 1143 ignoramus.
1567 1073 1674 1126 Sed
1723 1089 1820 1125 vos
1874 1073 1975 1144 qui

279 1180 476 1217 eorum
529 1162 706 1215 nostis
757 1165 992 1225 mentes,
1047 1167 1101 1214 et
1147 1160 1397 1231 pensatis
1442 1161 1786 1226 voluntates,
1838 1161 1974 1228 quia

278 1252 463 1306 aditus
494 1251 564 1305 ad
603 1251 915 1304 videndum
973 1267 1076 1303 nos
1102 1249 1261 1303 vobis
1290 1254 1556 1318 negatur,
1586 1250 1654 1303 ab
1680 1250 1793 1303 illis
1815 1250 1974 1303 abso-

277 1340 555 1394 lutionem
586 1339 884 1409 percipite,
919 1354 951 1391 a
996 1339 1203 1408 quibus
1243 1344 1297 1391 et
1335 1339 1734 1408 pcenitentiam
1781 1355 1970 1393 susce-

277 1428 457 1500 pistis.
492 1428 581 1482 Sic
611 1427 765 1481 enim
795 1432 929 1480 tunc
959 1427 1135 1496 digna
1164 1426 1272 1480 fuit
1313 1443 1514 1479 eorum
1548 1443 1752 1480 manus
1784 1427 1968 1497 impo-

278 1517 428 1585 sitio,
462 1521 690 1586 accepta
720 1521 775 1570 et
815 1531 967 1569 nunc
997 1515 1103 1569 erit
1134 1515 1256 1568 sine
1290 1515 1464 1568 dubio
1496 1515 1795 1570 absolutio.
1831 1519 1967 1570 Nam

279 1611 341 1659 ut
369 1604 528 1658 vobis
563 1603 974 1669 intimavimus,
1008 1619 1124 1656 non
1175 1608 1258 1656 est
1302 1619 1588 1656 mensurae
1638 1619 1779 1657 meae
1821 1603 1972 1673 judi-

276 1693 524 1748 candum
570 1693 638 1746 de
683 1691 916 1757 talibus,
969 1690 1072 1744 nisi
1111 1691 1285 1744 fuerit
1317 1691 1631 1760 inspirante
1679 1693 1792 1745 Deo
1834 1708 1971 1746 con-

279 1779 407 1832 cilio
434 1779 694 1848 legitimo
725 1793 925 1831 eorum
958 1783 1013 1830 et
1041 1783 1237 1831 nostra
1266 1778 1507 1848 quaestio
1538 1781 1826 1832 ventilata.
1859 1779 1968 1834 Sed

277 1871 341 1921 ut
371 1867 657 1921 dulcedini
700 1871 814 1919 tua:
853 1865 1013 1936 prius
1043 1865 1209 1919 notui
1241 1875 1284 1933 ι,
1331 1871 1559 1920 notesco
1607 1867 1758 1938 quod
1794 1867 1970 1921 inter-

278 1955 496 2009 dictum
530 1955 602 2007 sit
650 1955 756 2008 hoc
799 1953 1095 2024 negotium
1146 1954 1302 2007 omni
1342 1955 1492 2008 clero
1535 1962 1816 2026 praesente
1850 1957 1968 2026 epi-

278 2059 471 2114 scopo.
519 2044 675 2096 Tunc
721 2042 860 2096 dicit
901 2043 1181 2112 regularis
1224 2043 1486 2096 instituta
1519 2045 1625 2097 hoc
1656 2045 1746 2098 cui
1776 2046 1968 2115 injun-

278 2137 432 2186 ctum
487 2131 658 2184 fuerit
715 2130 903 2197 licere,
962 2147 1092 2184 cum
1138 2135 1237 2184 aut
1284 2131 1678 2202 longinquitas
1726 2132 1967 2199 itineris,

279 2225 378 2274 aut
435 2218 792 2274 imbecillitas
849 2219 1103 2290 corporis
1162 2220 1218 2273 id
1281 2220 1549 2290 episcopo
1606 2222 1972 2291 denegaverit

276 2324 459 2379 posse.
512 2310 668 2362 Nunc
718 2324 846 2361 vero
893 2308 1029 2378 quid
1078 2308 1147 2361 ad
1198 2309 1318 2362 haec
1369 2325 1660 2379 opponere
1715 2311 1968 2380 potestis,

279 2413 406 2452 cum
441 2413 530 2451 me
564 2396 785 2451 habetis
828 2398 1208 2466 praesentem?
1253 2413 1354 2451 cur
1402 2399 1767 2467 prasentiam
1814 2415 1975 2452 recu-

279 2492 468 2541 santes
505 2485 723 2539 litteras
763 2485 978 2556 petitis,
1022 2491 1077 2538 et
1121 2503 1245 2556 quae
1291 2487 1417 2539 vivo
1461 2503 1723 2540 sermone
1773 2487 1971 2541 audire

279 2574 534 2646 potestis,
568 2590 672 2645 per
713 2575 900 2645 apices
946 2574 1240 2644 qumritis?
1265 2575 1372 2630 Sed
1408 2575 1576 2645 plane
1607 2576 1798 2629 nescio
1830 2592 1972 2647 quos

280 2663 664 2734 salsuginosas
711 2663 986 2727 asseritis,
1039 2667 1095 2716 et
1139 2679 1319 2733 prope
1371 2663 1746 2733 Migentianos
1793 2667 1816 2707 b
1869 2666 1974 2719 Do-

279 2753 536 2818 natistas,
586 2756 641 2805 et
692 2751 1077 2805 Luciferianos
1125 2752 1351 2805 notatis.
1407 2753 1511 2806 Pro
1567 2752 1623 2806 id
1681 2753 1858 2806 miror
1917 2759 1970 2807 te

279 2841 619 2912 prudentem
664 2840 849 2893 virum
891 2847 946 2893 et
978 2841 1349 2908 industrium,
1381 2857 1482 2894 cur
1511 2842 1635 2894 illos
1663 2842 1971 2912 damnatis,

281 2929 378 2999 qui
407 2929 681 2983 hactenus
712 2928 1065 2982 concilialem
1116 2934 1343 2982 servant
1387 2945 1708 2995 censuram,
1740 2946 1843 2984 nec
1870 2947 1969 3000 pe-

2085 546 2310 609 caetera,
2359 558 2486 612 qua:
2532 541 2856 611 prudentiae
2905 546 3102 595 vestra:
3148 558 3265 595 non
3312 543 3526 595 latent.
3573 542 3691 593 Haec
3721 548 3761 591 et

2085 631 2291 683 horum
2317 631 2527 683 similia
2558 647 2722 700 rogo,
2755 636 2816 683 ut
2846 631 3004 700 prius
3035 636 3221 684 tecum
3253 646 3498 700 semper
3527 633 3758 692 tractare,

2085 725 2140 772 et
2191 720 2269 772 sic
2316 724 2372 772 te
2430 719 2859 773 Sacramentum
2913 719 3399 773 reconciliationis
3461 719 3753 772 admittere.

2083 809 2186 863 Sed
2223 809 2268 862 si
2297 809 2449 862 aliud
2485 810 2690 879 placet,
2722 809 2809 862 fac
2836 809 2986 879 quod
3019 809 3120 863 tibi
3152 809 3373 862 bonum
3408 807 3663 871 videtur,
3691 814 3758 861 aut

2084 897 2238 968 quod
2269 897 2578 966 prudentia
2617 901 2715 950 tua
2756 896 2991 950 docente
3025 896 3413 967 conspexerit.
3458 896 3556 948 His
3606 896 3761 962 explo-

2083 985 2302 1054 sisjam
2337 989 2613 1055 quantum
2647 985 2806 1055 potui
2857 984 2968 1038 dixi
3021 1002 3034 1038 :
3082 985 3152 1038 de
3200 984 3478 1054 plurimis
3528 983 3760 1052 cognovi,

2083 1089 2262 1142 pauca
2292 1073 2554 1126 charitati
2581 1077 2780 1126 vestra!
2817 1073 3020 1127 direxi.
3051 1073 3194 1126 Sunt
3225 1073 3413 1126 sancti
3444 1072 3550 1126 Dei
3584 1087 3764 1124 memo-

2081 1178 2172 1214 res
2202 1161 2371 1215 vestri
2405 1179 2416 1216 :
2451 1177 2574 1214 sum
2609 1167 2666 1215 et
2695 1178 2801 1232 ego
2850 1162 2906 1214 in
2955 1162 3239 1214 omnibus.
3290 1162 3632 1216 Salutamus
3675 1173 3766 1210 orn-

2083 1265 2183 1302 nes
2229 1249 2290 1302 in
2340 1250 2530 1302 osculo
2575 1254 2791 1314 sancto,
2837 1265 2979 1318 quos
3028 1249 3200 1301 cortis
3246 1258 3265 1282 ο
3317 1253 3533 1300 vestrae
3584 1246 3766 1298 retinet

2081 1337 2324 1390 claustra
2351 1335 2386 1389 τ.
2421 1339 2636 1391 Merear
2664 1353 2762 1390 vos
2792 1337 2852 1390 in
2882 1336 3078 1390 laetitia
3110 1337 3316 1390 videre.
3352 1339 3575 1389 Amen.

2188 1584 2309 1621 lTEM
2358 1583 2609 1621 EPISTOLA
2655 1584 2851 1621 ALVABI
2899 1583 3068 1621 SAULO
3119 1582 3370 1620 EPISCOPO
3427 1581 3674 1619 DIBECTA.

2155 1695 2199 1744 1.
2257 1691 2565 1761 Epistolam
2619 1707 2685 1744 ex
2747 1691 2979 1744 nomine
3033 1694 3219 1743 vestro
3275 1689 3451 1743 nobis
3511 1689 3760 1743 directam

2080 1780 2450 1849 suscepimus,
2488 1784 2543 1832 et
2573 1779 2967 1832 recitationem
3012 1795 3130 1832 non
3179 1783 3452 1845 vestram,
3497 1778 3598 1831 sed
3632 1777 3759 1830 illius

2077 1869 2416 1921 homunculi
2461 1884 2575 1921 esse
2620 1868 3006 1938 cognovimus,
3060 1883 3232 1937 quem
3271 1866 3483 1937 patriai
3526 1865 3761 1918 exturba-

2077 1961 2283 2024 torem,
2318 1961 2375 2010 et
2404 1959 2709 2009 multarum
2745 1957 3028 2010 haeresum
3066 1961 3315 2010 satorem
3365 1971 3527 2025 saepe
3576 1953 3759 2024 proba-

2077 2046 2284 2099 vimus.
2325 2047 2383 2098 Εἴ
2415 2061 2544 2098 cuin
2577 2061 2678 2099 nos
2713 2061 2854 2115 pure
2882 2051 2938 2098 et
2968 2044 3302 2115 simpliciter
3333 2060 3520 2098 manu
3552 2043 3759 2112 propria

2079 2134 2329 2188 remedia
2359 2133 2564 2188 animae
2597 2135 2971 2204 impetrantes
2995 2134 3329 2199 scribamus,
3363 2149 3468 2186 vos
3501 2149 3531 2186 e
3564 2137 3759 2184 contra-

2078 2223 2164 2277 rio
2197 2223 2537 2276 mordaciter
2583 2227 2640 2276 et
2681 2223 2916 2276 subdole
2959 2229 3172 2276 non'ex
3212 2227 3401 2274 vestra
3434 2226 3649 2283 mente,
3681 2219 3758 2270 sed

2080 2328 2143 2366 ex
2177 2313 2467 2365 stomacho
2517 2311 2710 2364 multis
2756 2311 3090 2381 potionibus
3135 2311 3412 2376 sauciato,
3465 2309 3633 2362 nobis
3665 2324 3756 2359 non

2079 2401 2284 2472 pocula
2313 2402 2461 2467 vitaa,
2497 2401 2592 2454 sed
2635 2417 2852 2453 venena
2892 2400 3203 2471 porrigitis,
3237 2405 3295 2453 et
3337 2400 3530 2453 ﬁlium
3579 2415 3610 2451 a
3646 2397 3755 2450 cha-

2079 2491 2245 2544 ritate
2277 2496 2460 2543 vestra
2490 2490 2687 2560 procul
2720 2489 2971 2559 rejieitis.

2151 2583 2202 2631 2.
2258 2579 2320 2632 Et
2368 2594 2484 2630 non
2529 2579 2712 2630 solum
2762 2593 2963 2643 unum,
3013 2577 3107 2630 sed
3159 2575 3498 2628 universum
3545 2588 3753 2644 gregem

2080 2666 2272 2720 nescio
2321 2683 2434 2736 quo
2467 2665 2703 2718 consilio
2742 2665 3064 2718 morbidum
3099 2663 3416 2729 aestimatis,
3453 2679 3626 2734 quem
3660 2677 3755 2713 non

2081 2754 2514 2808 medicinalibus
2555 2754 2843 2816 fomentis,
2893 2753 2988 2806 sed
3036 2752 3248 2806 ravidis
3292 2751 3617 2822 discerpitis
3646 2751 3757 2801 den-

2081 2845 2250 2911 tibus,
2289 2844 2660 2912 membraque
2692 2848 2878 2896 vestra
2910 2841 3108 2894 vestris
3146 2842 3439 2894 destruitis
3489 2839 3753 2894 manibus.

2081 2934 2124 2988 Ο
2169 2937 2379 3003 quanta
2428 2938 2589 2984 erant
2633 2931 2691 2984 in
2739 2930 2919 3001 ipsius
2967 2930 3196 2984 nefandi
3245 2930 3549 2983 interitum
3591 2926 3755 2998 jacula

278 3017 497 3071 reuntis
528 3016 910 3070 multitudinis
944 3017 1215 3071 dicuntur
1255 3019 1537 3088 exemplo,
1572 3020 1668 3072 sed
1716 3019 1813 3072 illa
1843 3036 1972 3089 qua:
2010 3037 2049 3094 ο
2081 3021 2489 3092 intorquenda,
2530 3021 2576 3074 si
2607 3021 2749 3074 facie
2775 3025 2966 3088 tenus,
2997 3025 3060 3073 ut
3085 3020 3169 3072 vir
3198 3027 3486 3085 strenuus,
3523 3018 3749 3070 decerta-

281 3107 514 3159 Patrum
549 3104 732 3158 sanxit
761 3105 1066 3158 auctoritas
1111 3105 1442 3159 inconvulso
1487 3107 1806 3161 retinerent
1849 3109 1969 3161 ani-

281 3206 396 3257 mo,
433 3190 616 3244 donec
649 3191 1030 3261 plurimorum
1077 3193 1474 3263 episcoporum
1521 3198 1826 3265 sententia,
1877 3201 1975 3251 aut

280 3278 651 3332 conﬁrmetur
683 3279 951 3349 edictum,
986 3286 1083 3335 aut
1121 3287 1474 3352 temperetur
1503 3284 1730 3338 decreta
1777 3295 1797 3319 ο
1842 3301 1976 3339 con-

280 3368 516 3421 sultum.
565 3369 686 3421 Non
719 3385 876 3439 ergo,
930 3374 992 3423 ut
1029 3371 1296 3439 diximus,
1347 3372 1682 3427 rebelliones
1730 3390 1763 3427 a
1805 3375 1972 3428 nobis

280 3456 560 3511 debentur
588 3456 785 3511 haberi
815 3459 1095 3524 Ecclesiae,
1135 3459 1233 3530 qui
1274 3461 1667 3516 ecclesiasticis
1712 3463 1975 3516 videntur

280 3546 504 3618 legibus
534 3546 832 3601 inservire.
881 3548 1046 3602 Prius
1083 3549 1318 3620 quidem
1350 3551 1738 3605 amantissime
1766 3552 1973 3605 idcirco

281 3635 614 3705 scripsimus
646 3635 804 3690 vobis
831 3638 1167 3708 semiplene,
1198 3639 1330 3709 quia
1359 3640 1714 3694 characteres
1743 3641 1973 3711 ignora-

277 3724 464 3778 vimus
496 3725 749 3796 epistolae
777 3731 996 3781 vestrae.
1043 3730 1114 3782 At
1142 3745 1293 3782 nunc
1323 3729 1460 3798 quia
1498 3729 1616 3798 jam
1651 3729 1974 3799 reperimus

279 3812 527 3884 propriis
583 3814 809 3881 litteris,
871 3818 926 3868 et
993 3831 1226 3869 manum
1290 3817 1638 3870 advertimus
1703 3823 1970 3884 vestram,

279 3901 490 3956 idcirco
540 3903 766 3956 amicali
815 3920 1008 3958 amore
1056 3905 1389 3975 scripsimus
1428 3906 1588 3958 vobis
1619 3923 1720 3975 pro
1765 3906 1974 3960 anima:

281 3994 479 4045 vestrae
511 3992 762 4045 remedio
792 3993 927 4045 totis
959 3993 1178 4046 nisibus
1209 4011 1308 4047 vos
1340 3999 1624 4063 optantes,
1661 4000 1722 4048 ut
1750 4012 1815 4048 ea
1843 4011 1973 4066 qua

280 4084 471 4133 sancta
502 4086 632 4132 sunt
674 4079 999 4149 requiratis,
1047 4087 1103 4134 et
1145 4098 1453 4151 pravorum
1489 4083 1775 4136 consortia
1805 4084 1974 4136 evite-

280 4167 370 4219 tis.
417 4168 558 4220 Nam
590 4183 717 4219 cum
762 4167 981 4221 dictum
1013 4169 1085 4222 sit
1131 4185 1142 4223 :
1193 4170 1296 4234 Qui
1336 4173 1572 4237 tetigerit
1609 4174 1797 4239 picem,
1835 4174 1975 4225 coin-

281 4255 605 4325 quinabitur
633 4256 701 4308 ab
738 4272 799 4309 ea
843 4259 1034 4324 (Eccli.
1084 4274 1201 4324 χιιι,
1256 4259 1341 4329 t);
1389 4275 1518 4328 quae
1569 4259 1730 4312 vobis
1761 4260 1976 4313 absolu-

280 4342 358 4396 tio
407 4341 477 4394 ad
533 4347 885 4395 sacramenta
933 4343 1301 4412 percipienda
1346 4344 1554 4414 poterit
1599 4343 1627 4380 ιι
1676 4345 1877 4412 inesse,
1925 4345 1971 4398 si

279 4428 767 4500 pseudoepiscopo
837 4429 895 4483 in
972 4433 1286 4485 crastinum
1358 4431 1664 4486 videamini
1739 4449 1970 4503 quoquo

280 4524 447 4588 pacto
487 4517 748 4572 adnecti?
793 4519 1043 4586 Domini,
1099 4536 1209 4572 non
1260 4524 1452 4573 nostra
1503 4520 1784 4573 sententia
1830 4526 1915 4574 est
1955 4538 1967 4574 :

279 4608 456 4661 Nolite
510 4609 695 4661 timere
745 4623 830 4662 eos
883 4611 981 4678 qui
1035 4608 1283 4662 occidunt
1339 4622 1550 4676 corpus,
1605 4612 1800 4662 animm
1849 4625 1972 4663 vero

277 4698 419 4750 nihil
447 4700 632 4750 nocent
676 4696 895 4766 (Matth.
944 4714 998 4763 x,
1051 4695 1158 4766 28).
1211 4696 1313 4750 Cui
1356 4697 1654 4750 consimile
1701 4698 1973 4752 Salomon

277 4785 467 4856 inquit
516 4801 529 4838 :
584 4785 690 4851 Qui
737 4788 887 4840 timet
937 4787 1196 4851 homines,
1252 4787 1356 4838 cito
1406 4791 1634 4838 corruet.
1687 4789 1825 4841 Nam
1877 4790 1975 4855 qui

349 4919 372 4943 ³
404 4909 465 4964 Id
497 4914 580 4962 est
610 4915 810 4963 notum
844 4909 972 4962 feci.

350 4983 374 5022 ιι
406 4981 480 5034 De
525 4980 882 5050 Migentianis
931 4979 1388 5052 erroribusvide
1436 4985 1577 5034 tom.
1612 4981 1655 5033 V
1687 4981 1973 5052 Hispania:

278 5049 480 5115 Sacrae,
522 5067 571 5124 7a
614 5049 752 5121 pag.
810 5052 930 5104 540.
990 5051 1125 5105 Vide
1178 5051 1348 5105 etiam
1411 5057 1565 5106 temo
1619 5054 1678 5119 Χ,
1734 5049 1858 5124 cap.
1916 5055 1969 5119 8,

281 5137 436 5174 num.
480 5123 562 5174 tO.

349 5203 370 5226 ε
405 5193 565 5244 Forte
595 5191 823 5246 decreto.

347 5259 374 5297 ἀ
407 5263 528 5323 Ms.,
561 5267 870 5330 potuerunt.
929 5287 948 5305 ο

349 5343 370 5367 ε
401 5334 585 5386 Certis
619 5332 708 5386 hic
752 5333 904 5387 idem
953 5350 1017 5388 ac
1061 5335 1267 5389 domus.
1316 5335 1451 5390 Vide
1500 5335 1696 5392 Ambr.
1749 5335 1817 5389 de
1861 5336 1974 5391 Mo-

279 5405 428 5477 rales
459 5403 556 5456 lib.
577 5420 666 5477 __ii,
698 5419 840 5477 Acap.
894 5408 944 5466 8,
982 5407 1041 5458 in
1073 5423 1248 5476 opera
1275 5407 1330 5462 S.
1368 5407 1588 5477 Eulogii
1617 5406 1969 5461 Glossarium

278 5475 492 5543 Gange,
524 5475 658 5527 edit.
690 5474 742 5529 S.
776 5475 972 5529 Mauri.

349 5543 370 5580 ί
403 5546 673 5619 Claustra,
707 5546 1013 5615 singularis
1045 5547 1291 5616 numeri,
1338 5551 1392 5602 et
1420 5547 1645 5619 generis
1682 5547 1969 5617 feminini,

280 5621 343 5670 ut
370 5631 544 5686 supra
574 5618 739 5688 epist.
779 5619 863 5684 lO,
891 5634 950 5673 n.
981 5619 1032 5673 4.

2081 3111 2261 3164 retin
2305 3126 2522 3180 pugna,
2577 3115 2633 3163 et
2681 3125 2793 3162 non
2840 3110 3005 3175 clam,
3057 3114 3124 3161 ut
3165 3109 3415 3173 testudo,
3470 3106 3752 3160 mulierum

2083 3215 2265 3266 more,
2302 3199 2359 3251 iu
2394 3198 2613 3251 umbris
2643 3197 2896 3268 gladium
2932 3201 3181 3250 acueret;
3219 3196 3315 3266 qui
3351 3196 3589 3275 proprio
3629 3191 3754 3262 judi-

2082 3287 2168 3340 cio
2197 3287 2612 3340 condemnatus
2645 3302 2746 3338 nec
2787 3285 3072 3338 confessor
3117 3289 3200 3337 est
3247 3284 3503 3353 proprie,
3557 3297 3655 3334 nec
3691 3294 3754 3330 sa-

2080 3377 2275 3429 cerdos
2305 3393 2317 3431 :
2351 3392 2522 3446 quem
2554 3374 2782 3428 habitus
2811 3374 3199 3426 confessorem
3227 3385 3272 3436 Β,
3302 3377 3359 3425 et
3388 3371 3594 3441 lingua
3621 3383 3749 3421 com-

2081 3465 2285 3535 probat
2337 3465 2680 3529 derisorem;
2736 3479 2909 3533 quem
2968 3461 3240 3515 staminia
3291 3465 3346 3513 et
3396 3461 3536 3513 lana
3587 3457 3752 3511 ovium

2081 3553 2415 3622 religiosum
2441 3553 2738 3622 approbat,
2769 3557 2823 3605 et
2852 3550 3150 3620 prolixitas
3181 3548 3372 3602 barbae
3396 3549 3606 3601 laieum
3630 3543 3750 3597 afﬁr-

2082 3647 2230 3706 mat;
2281 3657 2450 3711 quem
2502 3641 2790 3693 simulatio
2843 3641 3032 3710 operis
3080 3645 3359 3703 sanctum,
3395 3644 3453 3691 et
3488 3634 3750 3691 aemulatio

2082 3729 2448 3783 detractionis
2490 3730 2738 3782 ostendit
2783 3729 3016 3781 elatum.
3061 3727 3207 3791 Quid
3256 3727 3409 3780 enim
3469 3727 3687 3785 mirum,
3715 3719 3749 3771 si

2085 3817 2406 3871 sacerdotes
2465 3817 2640 3870 nostri
2694 3817 2972 3886 temporis
3023 3816 3304 3881 detrahat,
3364 3814 3467 3884 qui
3524 3814 3751 3866 doctores

2081 3906 2392 3975 infringere
2436 3907 2653 3958 tentat‘?
2695 3905 2750 3960 Si
2801 3905 3035 3958 clericos
3078 3905 3350 3957 damnare
3391 3903 3634 3965 studeat,
3674 3896 3750 3966 qui

2082 4010 2293 4063 agones
2344 3999 2656 4064 martyrum
2718 3993 2982 4046 mutilare
3038 4009 3157 4046 non
3203 3991 3460 4046 dubitat?
3511 3992 3685 4048 Pater,
3727 4000 3751 4034 0

2083 4087 2298 4153 quanta
2330 4089 2491 4135 erant
2524 4083 2580 4134 in
2615 4082 3059 4135 destructionem
3097 4081 3276 4150 ipsius
3311 4097 3427 4132 non
3475 4074 3752 4149 sapientis-

2082 4171 2234 4235 simi,
2288 4170 2381 4222 sed
2431 4169 2752 4222 stultissimi
2803 4169 3158 4234 homunculi,
3214 4168 3543 4221 testimonia
3599 4165 3754 4217 inten-

2081 4259 2284 4323 tanda;
2337 4264 2664 4327 quantaque
2708 4256 2768 4310 in
2818 4257 2996 4326 ipsius
3041 4256 3298 4326 epistolae
3344 4254 3646 4307 incondita:
3686 4251 3754 4300 in-

2015 4337 2408 4416 Dlringenda,
2467 4344 2512 4398 si
2573 4345 2808 4398 honoris
2871 4346 3040 4398 vestri
3103 4360 3209 4397 nos
3275 4343 3598 4397 reverentia
3653 4352 3749 4392 non

2084 4431 2376 4503 religaret!

2155 4525 2205 4577 3.
2249 4523 2389 4576 Nam
2432 4521 2559 4574 linis
2607 4520 2955 4591 principium
3005 4519 3263 4585 destruit,
3298 4522 3354 4571 et
3385 4517 3632 4588 qualiter
3657 4510 3747 4566 ini-

2082 4610 2310 4664 tiaverit
2341 4626 2454 4663 non
2485 4611 2807 4675 attendens,
2860 4608 2920 4661 iu
2968 4609 3180 4662 calcem
3213 4607 3322 4660 sibi
3357 4607 3595 4660 adversa
3635 4617 3747 4656 con-

2082 4697 2322 4769 scripsit.
2359 4698 2574 4752 Stultus
2619 4696 2773 4750 enim
2825 4697 3009 4749 editor
3041 4695 3396 4749 sanctitatem
3444 4700 3497 4747 et
3547 4692 3750 4763 sapien-

2079 4788 2220 4842 tiam
2251 4787 2507 4841 ambiens
2537 4785 2960 4857 stultiloquium
2997 4802 3112 4838 non
3149 4784 3374 4848 vitavit;
3412 4787 3468 4836 et
3497 4782 3748 4837 condem-

2153 4925 2183 4966 ς
2225 4909 2833 4983 Αηὶὶωιθδὶενάενὶεονὶε
2877 4912 2934 4962 et
2972 4909 3290 4983 confessoris
3330 4907 3526 4983 innuit
3566 4904 3743 4983 confes:

2080 4997 2249 5036 sarem
2308 4982 2400 5035 hic
2451 4981 2630 5048 accipi
2685 4997 2786 5051 pro
2837 4980 3177 5051 cantoreyid
3226 4984 3331 5051 est”
3364 4995 3483 5051 pro
3514 4978 3744 5051 inferiori

2080 5053 2418 5106 clericorum
2453 5053 2633 5122 gradu
2667 5049 2870 5104 divinis
2891 5049 3160 5122 canendis
3186 5049 3742 5122 laudibusinstitutq:

2081 5123 2217 5194 quia
2270 5124 2425 5176 enim
2456 5116 2725 5194 'conﬁteri
2782 5122 2992 5192 passim
3037 5121 3096 5174 in
3147 5120 3638 5194 sacra_Scriptura
3677 5116 3746 5194 est

2082 5190 2182 5248 Dei
2226 5194 2424 5247 laudes
2467 5190 2795 5255 decantare,
2838 5195 3163 5259 confessor-es
3202 5191 3542 5245 dicebautur
3584 5190 3743 5259 cauto-

2080 5281 2189 5319 res.
2225 5265 2380 5319 Unde
2413 5264 2716 5317 concilium
2759 5256 2944 5318 Tolet.
2981 5281 3019 5328 ι,
3069 5279 3190 5315 can.
3243 5264 3299 5335 9,
3342 5261 3576 5335 inquit:
3607 5256 3743 5335 Natta

2077 5338 2346 5405 professa.
2377 5337 2461 5389 vel
2501 5335 2671 5388 vidua
2701 5335 2916 5388 absente
2945 5336 3188 5402 episcopo
3219 5334 3301 5386 vel
3343 5333 3664 5401 presbytero.
3697 5333 3740 5376 in

2080 5407 2233 5460 domo
2290 5422 2391 5460 sua
2447 5407 2773 5474 antiphonas
2821 5421 2940 5459 cum
2985 5407 3303 5470 confessore,
3349 5405 3434 5457 vel
3483 5418 3629 5458 servo
3666 5410 3741 5451 suo

2076 5479 2272 5545 faciat.
2307 5477 2446 5531 Vide
2479 5478 2720 5531 Glossar.
2751 5475 2972 5546 Cangii.
