3860 6262
8 357 63 406 i7
80 360 102 405 7
1584 352 1950 405 EPISTULE.

3414 356 3514 409 478

7 491 171 539 natos
202 502 469 555 arguens,
514 487 653 539 dum
701 486 919 539 solvere
962 485 1201 556 ligatum
1252 484 1488 554 satagit;
1526 499 1698 554 quem
1734 486 1780 537 A
1808 498 2020 551 corpus,
2054 488 2245 539 anima:
2274 491 2453 539 autem
2481 489 2619 540 nihil
2643 494 2823 541 nocent
2845 490 3060 559 (Matth.
3086 506 3143 555 χ,
3168 492 3280 557 '28),
3307 506 3435 543 vere
3458 504 3517 555 et

7 573 260 627 solveret
288 574 605 627 invectione
648 590 750 627 sua
780 584 805 608 ⁸
849 574 1099 627 solutum
1151 574 1270 644 ipse
1317 574 1547 643 penitus
1600 588 1713 625 non

8 663 251 715 invenit.
296 664 430 734 Ego,
468 664 545 716 mi
577 664 840 728 Domine,
874 678 1003 715 cum
1038 662 1213 715 divini
1248 662 1501 715 numinis
1534 666 1712 715 testa-

8 754 168 804 tione
203 751 497 804 miseriam
542 751 782 821 periculi
814 750 925 804 mei
956 750 1217 820 exposui,
1252 749 1569 803 remedium
1608 766 1716 819 po-

8 840 222 892 stulavi
262 858 273 893 :
307 844 361 891 et
390 856 485 893 vos
513 856 627 892 non
659 855 725 891 ex
753 838 911 893 vobis
939 855 1100 909 pure,
1132 840 1229 892 sed
1263 838 1360 908 qui
1390 838 1531 891 mihi
1554 837 1719 908 quasi

12 928 257 981 inimico
306 929 675 998 responderet
720 927 1027 997 sophistam
1077 927 1388 998 inquiritis,
1439 927 1554 979 imo
1603 942 1719 979 non

12 1017 337 1086 sophistam
372 1017 479 1069 sed.
500 1016 840 1069 sollecistam
871 1015 1083 1085 rogatis
1116 1033 1127 1069 :
1167 1031 1387 1086 nosque
1420 1016 1717 1086 quiescen-

20 1112 127 1167 tes,
178 1112 241 1159 et
288 1111 484 1158 vestra
524 1104 869 1158 beatitudini
918 1105 1304 1169 condolentes,
1338 1104 1408 1157 ad
1459 1104 1720 1157 stimulos

12 1194 294 1247 incitatis.
341 1193 665 1247 Sententias
712 1210 847 1246 vero
894 1192 1214 1247 Salomonis
1262 1192 1633 1255 advertimus,
1667 1196 1723 1245 et

15 1302 44 1335 a
86 1282 255 1335 vobis
288 1286 334 1348 ἓν,
381 1282 599 1335 dudum
633 1299 725 1335 eas
757 1282 1053 1351 dissipatas
1085 1282 1456 1353 cognovimus
1500 1299 1512 1335 :
1548 1297 1721 1351 quem

14 1378 218 1424 contra
292 1373 519 1425 Patrum
589 1371 871 1436 instituta,
932 1376 986 1424 et
1052 1371 1409 1424 anteriorum
1476 1372 1718 1436 decreta,

19 1462 395 1514 anathemate
458 1460 684 1513 cuidam
748 1460 1081 1513 multotiens
1140 1460 1528 1529 participasse,
1589 1464 1720 1512 ante

20 1554 289 1601 nostrum
324 1548 655 1618 episcopum
688 1548 969 1601 honorem
1019 1557 1056 1613 ε,
1105 1548 1492 1617 pravidimus,
1539 1564 1719 1600 sacer-

22 1638 375 1708 dotibusque
424 1637 509 1690 illi
559 1636 1057 1706 participantibus,
1090 1641 1220 1706 post
1252 1637 1529 1690 honorem
1565 1652 1722 1689 com--

24 1726 347 1779 municasse
404 1725 773 1796 probavimus
832 1724 991 1778 nullo
1050 1730 1206 1779 metu
1257 1725 1509 1792 terroris,
1567 1726 1723 1778 nulla

22 1816 322 1868 occasione
352 1815 597 1879 timoris,
644 1815 765 1867 sola
809 1815 1102 1867 voluntate
1136 1814 1337 1880 animi,
1380 1818 1433 1867 et
1466 1815 1721 1868 dilectio-

24 1904 105 1956 nis
135 1903 466 1957 aﬁectione.
514 1903 675 1957 Certe
725 1903 972 1957 recolitis
1005 1903 1234 1973 quando
1266 1904 1316 1955 ei
1347 1903 1419 1956 ad
1451 1903 1723 1956 immola-

23 1993 239 2045 tionem
297 1992 484 2045 missa
534 1992 782 2044 casulam
838 2008 941 2061 pro
990 1991 1328 2044 indumento
1389 1990 1719 2061 prastastis,

26 2086 236 2150 quanta
269 2080 433 2133 vobis
465 2097 570 2149 ego
602 2080 741 2149 ipsis
772 2079 971 2133 diebus
1003 2094 1194 2132 amore
1226 2084 1411 2131 vestro
1442 2079 1724 2148 impulsus

28 2170 435 2238 suggesserim.
484 2168 691 2232 Quanti
723 2185 755 2220 a
788 2168 1046 2221 Patribus
1075 2166 1448 2233 anathemati,
1482 2166 1725 2219 inratio-

31 2258 300 2311 nabiliter
328 2258 452 2311 sine
484 2257 725 2311 concilio
754 2261 936 2309 vestra
960 2256 1216 2326 jussione
1250 2256 1503 2309 existunt
1531 2254 1722 2321 soluti,

32 2354 172 2399 certe
203 2363 328 2400 non
361 2346 662 2416 ignoratis.
692 2346 962 2409 Recolite,
993 2346 1247 2410 obsecro,
1281 2344 1725 2399 consecrationis

33 2440 222 2488 vestra
268 2451 391 2488 non
438 2435 731 2504 inculpata
776 2434 1080 2505 principia,
1129 2440 1185 2487 et
1225 2450 1371 2504 pene
1416 2433 1725 2487 simoniaco

34 2540 215 2577 errore
270 2523 623 2595 propinquo.
678 2525 948 2577 Poterant
996 2523 1150 2576 enim
1195 2523 1395 2594 quovis
1439 2536 1725 2576 asserente

34 2613 301 2667 canonice
348 2612 732 2665 inehoationis
762 2616 959 2665 vestra
991 2611 1307 2681 primordia
1340 2610 1721 2681 comprobari,

35 2704 75 2754 si
104 2701 520 2771 quadringenti
568 2699 736 2754 solidi
786 2717 904 2753 non
952 2700 1193 2754 fuissent
1223 2701 1411 2769 palam
1448 2700 1725 2752 eunuchis

36 2791 113 2843 vel
144 2790 273 2842 aliis
327 2790 569 2842 exsoluti
611 2806 623 2843 :
677 2789 791 2842 imo
824 2806 938 2842 non
972 2789 1136 2855 clam,
1173 2789 1269 2841 sed
1303 2804 1403 2858 per
1434 2789 1722 2857 chirogra-

36 2879 138 2948 pha
185 2879 437 2931 Arabica
477 2894 543 2930 ex
587 2877 844 2931 Ecclesia
891 2893 1187 2947 prospera,
1238 2877 1391 2947 quod
1440 2877 1724 2930 inlicitum

40 2974 112 3020 est
157 2968 541 3029 debitoribus,
579 2966 815 3036 erogati,
867 2971 924 3019 et
967 2982 1030 3019 ex
1081 2966 1178 3018 illo
1226 2965 1545 3019 ministerio
1580 2954 1723 3018 Icon-

1826 572 2089 642 religiose
2141 573 2328 626 dicitis
2377 591 2389 627 :
2438 575 2534 627 sed
2583 575 2759 629 miror
2807 593 2907 630 cur
2952 577 3263 631 fortissima
3305 578 3516 632 docens

1828 661 2212 727 absconditur,
2245 668 2301 715 et
2331 663 2633 716 hominum
2666 665 2870 717 timore
2902 682 2931 717 a
2964 667 3209 735 propriis
3244 682 3517 735 segrega-

1828 754 1917 802 tus
1946 766 2048 819 per
2076 750 2296 803 dixersa
2326 755 2583 819 vagatur.
2618 753 2741 805 Jam
2775 768 2904 805 vero
2938 755 3087 822 quod
3133 755 3189 807 in
3235 754 3516 824 principio

1828 853 1919 891 me
1953 838 2165 892 ironice
2194 840 2529 892 solvendum
2561 841 2631 893 ab
2665 841 2744 893 eis
2777 840 2874 911 qui
2914 857 3002 894 me
3051 842 3374 910 ligaverunt
3416 844 3517 912 ju—

1828 927 1996 994 betis,
2042 927 2350 981 adicientes
2402 945 2415 981 :
2467 928 2522 982 Si
2567 930 2719 982 enim
2771 936 2907 983 tunc
2955 930 3126 999 digna
3170 931 3274 983 fuit
3317 947 3518 985 eorum

1828 1032 2033 1069 manus
2078 1016 2388 1086 impositio,
2438 1017 2547 1070 erit
2594 1023 2649 1071 et
2697 1034 2849 1071 nunc
2897 1025 3125 1087 accepta
3176 1020 3293 1071 sine
3346 1020 3520 1073 dubio

1829 1105 2143 1169 absolutio;
2195 1104 2331 1174 quid
2378 1110 2575 1158 contra
2627 1123 2685 1159 se
2736 1106 2794 1159 in
2844 1106 2951 1159 hoc
2998 1107 3272 1159 duntaxat
3314 1107 3524 1159 dixerit

1831 1194 1953 1245 loco
2001 1193 2206 1245 sciolus
2240 1193 2356 1257 ille,
2389 1210 2688 1264 nunquam
2735 1194 3028 1248 advertere
3059 1195 3265 1264 potuit,
3300 1201 3353 1247 et
3389 1195 3524 1247 Sar-

1830 1282 2035 1335 dorum
2093 1279 2436 1335 salsedinem
2491 1282 2765 1350 devitans,
2830 1282 3119 1353 quomodo
3173 1283 3522 1352 salsuginem

1829 1370 2135 1424 incurrerit
2176 1371 2369 1425 nescit.
2426 1372 2484 1424 Si
2532 1370 2685 1424 enim
2730 1388 2861 1425 vere
2904 1371 3012 1425 hoc
3060 1376 3116 1425 et
3149 1387 3264 1423 non
3308 1370 3523 1424 ironice

1830 1460 1969 1512 dixit
2016 1464 2077 1512 ut
2123 1460 2258 1529 quid
2309 1460 2471 1512 nobis
2528 1460 2586 1511 in
2640 1460 2814 1513 linem
2874 1476 3181 1530 pravorum
3237 1460 3524 1513 consortia

1830 1548 2120 1601 interdixit
2164 1552 2217 1601 et
2251 1553 2397 1601 tacto
2438 1547 2576 1617 picis
2608 1548 2932 1617 inquinatos
2963 1547 3248 1601 ﬁrmavit?
3280 1547 3335 1601 Si
3371 1564 3519 1613 vero,

1832 1642 1896 1689 ut
1935 1641 2123 1689 textus
2153 1636 2404 1706 epistola
2437 1637 2621 1702 docet,
2670 1636 2728 1688 in
2762 1635 3046 1689 derisione
3077 1636 3184 1689 hoc
3216 1636 3274 1689 in
3308 1635 3525 1706 princi—

1832 1724 1929 1795 pio
1960 1725 2217 1794 protulit,
2254 1740 2467 1795 nosque
2515 1741 2618 1794 per
2650 1726 2757 1777 hoc
2788 1725 3097 1794 suggillare
3131 1726 3385 1791 tentavit,
3419 1740 3518 1776 au-

1833 1814 1951 1868 diat
1984 1830 2277 1880 nervosus,
2312 1818 2372 1867 ut
2401 1812 2508 1866 sibi
2540 1814 2845 1883 applaudet
2877 1818 3142 1877 assertor,
3176 1819 3231 1865 et
3261 1813 3524 1879 silvosus,

1833 1919 1947 1957 non
1978 1903 2263 1973 palatinus
2293 1902 2536 1955 dictator
2570 1918 2581 1955 :
2616 1901 2763 1965 Quid
2812 1906 3060 1955 vestrum
3112 1917 3248 1972 ergo
3298 1901 3525 1971 proprie

1833 1996 2030 2062 pastor
2066 1990 2269 2061 satagit
2301 1990 2739 2059 prasentialitcr
2771 1992 3009 2053 solvere,
3046 2006 3217 2059 quem
3250 1990 3524 2059 pravari-

1834 2085 2053 2133 catores
2098 2095 2216 2132 non
2263 2079 2535 2133 habentes
2586 2080 2799 2149 ligandi
2830 2079 3088 2133 ordinem
3122 2079 3359 2133 minime
3390 2078 3528 2150 liga-

1834 2169 2005 2222 vere?
2040 2170 2182 2237 Ergo
2230 2168 2373 2221 solvi
2420 2168 2708 2238 quomodo
2757 2168 2965 2237 poterit
3013 2167 3111 2237 qui
3157 2168 3363 2236 ligatus
3410 2183 3525 2221 non

1836 2257 2090 2310 exstitit?
2119 2272 2251 2310 nam
2283 2256 2327 2309 si
2362 2257 2442 2309 eis
2486 2261 2827 2326 potestatem
2877 2256 3081 2310 adimis
3131 2256 3365 2325 ligandi,
3408 2271 3525 2308 non

1838 2345 2073 2414 ligatum
2116 2360 2253 2413 ergo
2297 2360 2451 2397 cessa
2498 2361 2753 2415 quarere
2804 2345 3019 2397 solvere
3072 2361 3083 2397 :
3138 2350 3193 2397 et
3222 2345 3328 2397 hoc
3360 2345 3411 2397 ei
3442 2359 3528 2395 re-

1837 2449 2105 2502 sponsum
2153 2434 2224 2486 sit
2266 2448 2279 2486 :
2331 2434 2609 2487 (laterum
2641 2434 3002 2486 conscientia
3037 2438 3243 2486 nostra
3269 2432 3526 2503 judicem

1835 2522 2110 2575 habemus
2142 2521 2400 2575 omnium
2435 2522 2761 2587 Dominum,
2796 2523 2891 2591 qui
2925 2526 3108 2591 potest
3150 2522 3273 2574 sine
3304 2522 3526 2590 impro-

1836 2612 2132 2681 peratione
2174 2626 2373 2664 curare
2418 2611 2755 2674 invalidum,
2796 2612 2929 2681 quia
2964 2611 3093 2663 licet
3128 2612 3319 2664 Levita
3353 2616 3409 2664 et
3438 2628 3527 2663 sa-

1836 2701 2030 2754 cvrdos
2079 2700 2437 2753 vulneratum
2486 2716 2517 2752 a
2565 2700 2881 2753 latronibus
2935 2700 3275 2765 dimiserint,
3328 2699 3523 2751 Sama-

1835 2789 2055 2842 ritanus
2098 2806 2230 2842 vero
2264 2789 2357 2842 ille
2388 2788 2708 2842 misericors
2740 2788 3071 2841 seminicem
3122 2789 3190 2841 ad
3237 2789 3525 2841 stabulum

1837 2878 2167 2947 reportavit,
2214 2878 2403 2931 oleum
2449 2878 2633 2947 plagis
2681 2878 2910 2939 infudit,
2962 2876 3280 2930 mercedem
3330 2876 3527 2929 stabu-

1837 2968 1980 3022 lario
2015 2967 2189 3021 dedit.
2240 2967 2486 3021 Ulterius
2515 2972 2729 3033 tamen,
2775 2967 2854 3020 mi
2889 2966 3147 3033 Domine,
3181 2964 3526 3019 sententiam

40 3058 267 3127 gregati,
309 3072 425 3126 quo
475 3071 589 3108 non
636 3055 857 3108 licitum
908 3058 992 3108 est
1040 3054 1195 3107 laicis
1242 3054 1415 3107 etiam
1464 3054 1728 3107 ﬁdelibus
1769 3078 1808 3132 ρ
1839 3062 2083 3109 vestram
2114 3072 2177 3108 ex
2209 3055 2442 3109 alterius
2472 3072 2567 3108 ore
2599 3057 2868 3109 liuentem
2903 3071 3017 3107 non
3047 3054 3358 3125 requiram,
3392 3052 3528 3124 quia

42 3146 217 3215 aliqua
252 3144 577 3213 impertire,
621 3142 908 3213 siquidem
943 3158 1116 3213 super
1159 3143 1305 3196 solos
1354 3143 1671 3196 sacerdotes
1703 3144 1729 3185 ἀ

44 3236 267 3287 rescula
315 3233 741 3303 dispertiuntur
788 3232 1066 3285 Ecclesia.
1117 3232 1342 3296 Quanti,
1376 3248 1586 3302 quaso,
1648 3248 1731 3285 sa-

43 3324 286 3377 cerdotes
321 3323 445 3375 sine
475 3322 804 3375 testimonio
832 3321 1114 3375 ordinati?
1144 3322 1343 3392 quanti
1370 3322 1492 3375 sine
1524 3322 1730 3375 conni-

44 3410 220 3464 bentia
269 3411 614 3464 clericorum
660 3410 746 3463 vel
796 3410 1051 3464 filiorum
1088 3410 1347 3463 Ecclesia
1380 3410 1730 3464 consecrati?

45 3507 257 3569 quanta
308 3500 571 3554 Ecclesia
627 3500 916 3569 duplicato
968 3499 1303 3564 sacerdotio,
1340 3500 1399 3554 id
1443 3504 1545 3564 est,
1581 3499 1731 3553 binis

44 3591 384 3658 pastoribus,
462 3593 657 3642 contra
728 3590 961 3642 Patrum
1038 3588 1413 3641 institutionis
1496 3587 1731 3642 divisa?

46 3680 226 3748 quanti
272 3684 474 3732 contra
522 3692 768 3731 canones
810 3692 915 3747 per
960 3692 1161 3730 omnes
1217 3677 1476 3730 basilicas
1528 3677 1586 3730 in
1640 3677 1731 3730 di-

45 3783 216 3821 versos
250 3766 493 3821 ordines
524 3766 794 3819 constitui
819 3781 921 3836 per
944 3782 1042 3819 vos
1073 3765 1415 3834 exstiterint,
1450 3782 1589 3835 rogo
1620 3764 1731 3835 ipsi

46 3857 235 3909 Videte.

106 3947 154 3998 4.
187 3944 295 3998 Sed
342 3943 467 3996 hac
513 3942 708 3995 omnia
738 3946 866 4011 post
897 3948 1101 4011 terguu
1134 3941 1386 4012 rejicitis,
1424 3947 1479 3995 et
1510 3947 1732 3996 tantum

46 4050 135 4102 pro
164 4032 332 4086 nobis
366 4032 424 4084 in
474 4032 576 4084 hos
624 4031 803 4084 nostri
850 4031 1125 4099 temporis
1172 4030 1495 4085 sacerdotes
1542 4032 1734 4084 oculos

48 4129 255 4189 apertos
306 4119 553 4174 habetis.
599 4120 710 4172 Nec
742 4118 848 4172 hoc
881 4118 991 4171 alio
1024 4124 1305 4187 tempore,
1342 4119 1453 4172 nisi
1500 4120 1730 4189 quando

50 4218 225 4263 nostra
259 4226 365 4262 vos
398 4208 694 4277 suggessio
738 4208 1028 4277 impetrat.
1081 4210 1222 4261 Nam
1269 4207 1411 4260 facie
1461 4214 1630 4261 tenus
1677 4214 1733 4260 et

52 4299 433 4352 honorabilem
482 4298 926 4366 Athanagildum
975 4297 1235 4350 abbatem
1269 4297 1506 4363 vidistis,
1541 4303 1596 4350 et
1624 4296 1735 4351 hoc

54 4388 96 4439 ei
122 4389 303 4440 dicere
337 4386 781 4456 praesentialiter
808 4386 1062 4438 voluistis
1096 4402 1107 4439 :
1144 4391 1199 4438 et
1244 4385 1479 4455 Eulogio
1517 4385 1575 4438 in
1609 4387 1731 4455 pri-

57 4492 133 4528 mo
185 4474 605 4546 persecutionis
666 4474 885 4543 impetu
944 4474 1257 4527 sacriﬁcare
1304 4474 1551 4543 jussistis
1606 4491 1617 4527 :
1679 4481 1735 4528 et

57 4580 185 4618 nunc
213 4572 416 4618 contra
446 4580 542 4616 vos
573 4562 728 4633 ipsos
757 4568 947 4616 nostra
978 4568 1202 4615 tantum
1233 4564 1530 4616 occasione
1563 4563 1731 4616 dimi-

58 4656 194 4705 catis.
228 4654 271 4708 0
303 4653 442 4706 felix
480 4657 535 4705 et
569 4652 815 4704 multum
858 4652 1010 4713 felix,
1048 4667 1218 4721 quem
1246 4652 1473 4704 concilii
1507 4656 1733 4721 tempus

58 4742 185 4811 quod
220 4740 565 4812 exspectatis
606 4738 914 4792 invenerit]
966 4739 1191 4793 Utinam
1236 4740 1358 4808 jam
1390 4739 1605 4793 rediret
1645 4756 1729 4792 se-

59 4832 267 4896 renitas,
298 4830 425 4899 jam
456 4829 644 4881 abiret
686 4828 1016 4897 tempestas!
1055 4830 1198 4881 Puto
1228 4828 1382 4897 quod
1417 4828 1731 4881 multorum

56 4917 228 4986 lingua
258 4921 574 4980 silesceret,
609 4922 665 4969 et
692 4916 919 4969 frenum
952 4916 1060 4969 sibi
1091 4932 1189 4969 ora
1238 4916 1337 4969 illa
1386 4917 1730 4985 imponeret,

57 5022 163 5075 qua
189 5008 347 5077 loqui
378 5005 641 5059 nesciens
667 5005 942 5058 hactenus
969 5021 1071 5073 per
1097 5010 1261 5057 antra
1292 5004 1561 5057 insibilat.
1588 5006 1731 5058 Nam

57 5097 182 5163 quod
212 5097 403 5149 dicitis
446 5112 458 5147 :
514 5095 617 5159 Qui
668 5097 817 5147 timet
866 5095 1123 5159 homines,
1174 5096 1277 5147 cito
1324 5098 1551 5159 corruet,
1605 5110 1730 5147 nam

58 5188 133 5251 qui
158 5190 334 5253 sperat
368 5186 427 5237 in
457 5184 682 5237 Domino
729 5182 1128 5247 confortabitur
1177 5182 1358 5250 (Prov.
1406 5198 1557 5247 xxix,
1608 5182 1726 5251 25);

58 5272 126 5324 vel
164 5274 304 5327 illud
336 5272 737 5342 evangelicum
770 5288 782 5325 :
814 5272 989 5327 Nolite
1020 5274 1204 5325 timere
1233 5286 1315 5325 eos
1356 5274 1452 5339 qui
1481 5271 1729 5325 occidunt

114 5439 134 5462 ι
159 5432 275 5496 115.,
304 5432 658 5485 invocationem
688 5445 861 5484 suam.
898 5430 1070 5484 Bravo
1099 5431 1459 5484 insectionem.

115 5503 135 5541 ι)
164 5503 278 5565 245.,
304 5521 335 5556 a
368 5518 483 5556 vos.

120 5581 135 5603 ε
159 5578 237 5626 An
266 5572 608 5628 Honorium?

119 5644 140 5684 ά
168 5644 283 5711 Is,
314 5661 481 5714 super
506 5643 636 5699 solis
664 5642 1050 5698 sacerdotibus.

1836 3147 2004 3215 plane
2057 3145 2323 3198 tadimur
2376 3145 2620 3198 aliorum
2679 3144 2995 3209 sententiis,
3049 3149 3103 3197 et
3159 3160 3273 3196 non
3328 3148 3527 3196 vestris

1836 3232 2180 3303 purissimis,
2215 3232 2519 3286 deservire.

1910 3480 2104 3517 lNClPIT
2152 3479 2398 3516 EPISTOLA
2447 3479 2636 3516 ALVARI
2686 3478 3105 3515 TRANSGRESSORI
3145 3473 3169 3503 θ
3219 3476 3453 3513 DIRECTA.

1913 3587 2122 3641 Dilecto
2156 3586 2297 3639 mihi
2329 3588 2609 3640 ELEAZARO
2639 3589 2909 3640 ALV’ARUS.

1914 3679 1962 3729 1.
1999 3677 2059 3728 In
2092 3676 2313 3745 primis,
2350 3675 2430 3728 mi
2472 3675 2696 3742 dilecte,
2747 3674 2945 3727 salutis
2996 3672 3193 3726 munia
3240 3676 3299 3724 ut
3330 3683 3525 3722 aman-

1838 3768 1945 3829 ter,
1980 3764 2057 3816 ita
2090 3764 2331 3817 dulciter
2373 3764 2543 3827 solvo,
2579 3768 2747 3833 atque
2793 3763 2899 3815 tibi
2929 3762 3250 3831 conjuncte,
3285 3758 3328 3810 si
3362 3762 3527 3810 secta

1839 3859 1954 3906 tua
2009 3852 2262 3922 rituique
2322 3852 2609 3917 convenit,
2670 3851 2984 3905 identidem
3047 3848 3337 3903 salutifera
3395 3845 3532 3915 jura

1839 3941 2122 4011 dependo.
2162 3942 2238 3994 De
2270 3945 2472 3994 catero
2506 3956 2645 4009 rogo
2677 3946 2739 3993 ut
2770 3956 2884 3992 non
2914 3938 3201 3992 fastidium
3235 3936 3335 3989 tibi
3367 3934 3530 4003 inge-

1843 4036 1927 4084 rat
1954 4030 2276 4084 dilectionis
2308 4035 2514 4083 nostra
2546 4029 2774 4096 oblatio,
2824 4045 2935 4099 qua
2970 4034 3024 4081 te
3056 4029 3276 4081 lucrare
3320 4025 3379 4077 in
3414 4024 3531 4076 Do-

1841 4119 2000 4172 mino
2031 4119 2217 4189 cupio.

1911 4210 1962 4259 2.
2014 4207 2121 4261 Sed
2171 4208 2217 4260 si
2266 4208 2343 4261 ita
2391 4222 2548 4260 amas
2600 4212 2659 4260 ut
2703 4206 2899 4275 diligo,
2952 4204 3264 4258 identidem
3313 4202 3533 4255 lucrare

1842 4312 1933 4349 me
1966 4304 2061 4349 tuo
2094 4301 2287 4365 satage
2320 4296 2508 4349 studio
2557 4312 2569 4349 :
2629 4296 2764 4366 quia
2814 4295 2914 4365 qui
2963 4299 3291 4347 convertere
3338 4290 3536 4345 fecerit

1774 4379 1815 4431 D
1842 4392 2221 4455 peccatorem,
2254 4384 2494 4438 lucravit
2526 4385 2777 4437 animam
2805 4385 2947 4453 ejus,
2978 4388 3033 4437 et
3057 4398 3293 4436 suorum
3324 4396 3533 4449 coepe-

1844 4474 1916 4526 rit
1950 4474 2381 4526 multitudinem
2416 4478 2797 4543 peccatorum.
2838 4474 2901 4525 Et
2948 4471 3120 4524 David
3170 4487 3274 4539 pro
3324 4483 3534 4536 magno

1842 4578 2082 4616 munere
2113 4563 2275 4632 quasi
2307 4568 2435 4615 vota
2467 4560 2485 4595 ί
2515 4562 2785 4631 persolvit
2831 4578 2843 4613 :
2900 4564 3125 4615 Doceam
3158 4560 3373 4625 iniquos
3416 4558 3537 4609 vias

1844 4656 1985 4713 tuas,
2037 4656 2087 4704 et
2135 4652 2293 4719 impii
2344 4650 2418 4703 ad
2468 4655 2517 4704 te
2563 4655 2943 4703 convertentur
2989 4648 3156 4713 (Psal.
3209 4662 3259 4709 ι,
3314 4648 3416 4705 15).
3471 4645 3539 4696 Et

1840 4739 1968 4793 ideo
2019 4740 2140 4793 fave
2191 4739 2353 4803 meis,
2403 4738 2665 4807 diligenti
2708 4736 3025 4789 intentione
3076 4734 3245 4800 hujus
3293 4732 3535 4801 pagella

1841 4828 2057 4881 discute
2102 4834 2339 4893 textum,
2389 4832 2442 4878 et
2489 4842 2605 4879 non
2652 4826 2840 4891 verba,
2893 4823 2989 4876 sed
3037 4822 3278 4875 sollicite
3330 4818 3533 4889 pravi-

1841 4917 1909 4971 de
1940 4917 2291 4970 intellectum
2330 4930 2342 4967 :
2376 4913 2511 4983 quia
2560 4929 2677 4966 non
2725 4913 3030 4965 verborum
3076 4908 3340 4977 cupimus
3396 4906 3536 4959 fale-

1841 5011 2094 5059 ratorum
2127 5004 2468 5071 adspargere
2515 5002 2685 5068 faces,
2736 5001 2831 5053 sed
2881 4997 3229 5067 simplicium
3274 5001 3329 5049 et
3370 5010 3535 5064 pura-

1839 5094 1980 5147 lium
2012 5093 2115 5145 tibi
2144 5107 2409 5161 promere
2444 5105 2624 5141 voces.
2661 5090 2770 5141 Nec
2800 5087 3051 5156 diploide
3094 5090 3293 5137 nostra
3326 5083 3537 5137 bifario

1839 5182 2130 5235 Coloratur
2186 5178 2441 5240 assertio,
2487 5178 2575 5228 vel
2631 5179 2745 5228 sale
2802 5176 2970 5228 attico
3022 5173 3257 5241 hujusce
3319 5171 3539 5225 redolet

1838 5267 2103 5324 dictionis
2147 5266 2352 5329 oratio,
2404 5264 2501 5317 sed
2546 5264 2796 5333 plebeio,
2834 5270 2891 5316 et
2924 5267 2984 5316 ut
3022 5262 3103 5315 ita
3130 5260 3335 5328 dicam,
3371 5275 3535 5314 com-

1908 5432 1929 5457 °
1990 5423 2319 5476 Eleazarum
2376 5418 2666 5489 suggillat,
2731 5419 2953 5473 Gallum
3012 5417 3244 5473 natione
3309 5420 3365 5471 et
3424 5416 3529 5469 He-

1839 5495 2061 5549 braum
2086 5492 2198 5546 ﬁde
2227 5508 2295 5545 ex
2323 5491 2659 5545 Christiano.

1911 5565 1927 5599 ῖ
1958 5566 2079 5629 Ms,
2112 5569 2259 5617 nota.
