  <div class='ocr_page' id='page_1' title='image "/cluster/home/n/w/nwhite01/storage/ocr_20150623/121/uva.x000827051/249.png"; bbox 0 0 3860 6262; ppageno 0'>
   <div class='ocr_carea' id='block_1_1' title="bbox 289 304 3808 362">
    <p class='ocr_par' dir='ltr' id='par_1_1' title="bbox 289 304 3808 362">
     <span class='ocr_line' id='line_1_1' title="bbox 289 304 3808 362; baseline -0.002 0"><span class='ocrx_word' id='word_1_1' title='bbox 289 311 392 362; x_wconf 70' lang='grc'>479</span> <span class='ocrx_word' id='word_1_2' title='bbox 1650 306 1902 359; x_wconf 82' lang='lat' dir='ltr'><strong>ALVARI</strong></span> <span class='ocrx_word' id='word_1_3' title='bbox 1944 304 2434 360; x_wconf 77' lang='lat' dir='ltr'>COBDUBENSIS</span> <span class='ocrx_word' id='word_1_4' title='bbox 3726 308 3808 356; x_wconf 49' lang='lat'>$8.“</span> 
     </span>
    </p>
   </div>
   <div class='ocr_carea' id='block_1_2' title="bbox 293 433 3805 506">
    <p class='ocr_par' dir='ltr' id='par_1_2' title="bbox 293 433 3805 506">
     <span class='ocr_line' id='line_1_2' title="bbox 293 433 3805 506; baseline -0.002 -14"><span class='ocrx_word' id='word_1_5' title='bbox 293 439 458 492; x_wconf 86' lang='lat' dir='ltr'>muni</span> <span class='ocrx_word' id='word_1_6' title='bbox 491 438 668 490; x_wconf 88' lang='lat' dir='ltr'>currit</span> <span class='ocrx_word' id='word_1_7' title='bbox 697 436 949 506; x_wconf 84' lang='lat' dir='ltr'>eloquio.</span> <span class='ocrx_word' id='word_1_8' title='bbox 1000 436 1124 489; x_wconf 93' lang='lat' dir='ltr'>Non</span> <span class='ocrx_word' id='word_1_9' title='bbox 1157 433 1249 488; x_wconf 92' lang='lat' dir='ltr'>hic</span> <span class='ocrx_word' id='word_1_10' title='bbox 1277 433 1627 496; x_wconf 87' lang='lat' dir='ltr'>Tuccidides,</span> <span class='ocrx_word' id='word_1_11' title='bbox 1662 434 1748 486; x_wconf 91' lang='lat' dir='ltr'>vel</span> <span class='ocrx_word' id='word_1_12' title='bbox 1795 433 1983 488; x_wconf 85' lang='lat' dir='ltr'>Sallu-</span> <span class='ocrx_word' id='word_1_13' title='bbox 2024 438 2065 489; x_wconf 84' lang='lat' dir='ltr'><strong>A</strong></span> <span class='ocrx_word' id='word_1_14' title='bbox 2102 435 2243 487; x_wconf 91' lang='lat' dir='ltr'>Nam</span> <span class='ocrx_word' id='word_1_15' title='bbox 2276 434 2405 487; x_wconf 90' lang='lat' dir='ltr'>licet</span> <span class='ocrx_word' id='word_1_16' title='bbox 2428 450 2545 487; x_wconf 89' lang='lat' dir='ltr'>non</span> <span class='ocrx_word' id='word_1_17' title='bbox 2567 434 2863 487; x_wconf 87' lang='lat' dir='ltr'>nominate</span> <span class='ocrx_word' id='word_1_18' title='bbox 2886 449 3192 488; x_wconf 85' lang='lat' dir='ltr'>numerum</span> <span class='ocrx_word' id='word_1_19' title='bbox 3216 435 3595 504; x_wconf 79' lang='lat' dir='ltr'>expresserit,</span> <span class='ocrx_word' id='word_1_20' title='bbox 3622 439 3805 486; x_wconf 87' lang='lat' dir='ltr'>tamen</span> 
     </span>
    </p>
   </div>
   <div class='ocr_carea' id='block_1_3' title="bbox 294 524 1989 594">
    <p class='ocr_par' dir='ltr' id='par_1_3' title="bbox 294 524 1989 594">
     <span class='ocr_line' id='line_1_3' title="bbox 294 524 1989 594; baseline -0.004 -13"><span class='ocrx_word' id='word_1_21' title='bbox 294 529 437 581; x_wconf 91' lang='lat' dir='ltr'>stius</span> <span class='ocrx_word' id='word_1_22' title='bbox 469 526 758 580; x_wconf 79' lang='lat' dir='ltr'>tramitem</span> <span class='ocrx_word' id='word_1_23' title='bbox 794 524 1033 578; x_wconf 88' lang='lat' dir='ltr'>scientia</span> <span class='ocrx_word' id='word_1_24' title='bbox 1062 534 1087 558; x_wconf 64' lang='grc' dir='ltr'><strong>ει</strong></span> <span class='ocrx_word' id='word_1_25' title='bbox 1117 524 1404 594; x_wconf 87' lang='lat' dir='ltr'>digerunt,</span> <span class='ocrx_word' id='word_1_26' title='bbox 1435 524 1529 577; x_wconf 92' lang='lat' dir='ltr'>sed</span> <span class='ocrx_word' id='word_1_27' title='bbox 1562 524 1732 576; x_wconf 86' lang='lat' dir='ltr'>Jacob</span> <span class='ocrx_word' id='word_1_28' title='bbox 1778 528 1833 576; x_wconf 91' lang='lat' dir='ltr'>et</span> <span class='ocrx_word' id='word_1_29' title='bbox 1883 524 1989 576; x_wconf 88' lang='lat' dir='ltr'>Da-</span> 
     </span>
    </p>
   </div>
   <div class='ocr_carea' id='block_1_4' title="bbox 293 612 1990 680">
    <p class='ocr_par' dir='ltr' id='par_1_4' title="bbox 293 612 1990 680">
     <span class='ocr_line' id='line_1_4' title="bbox 293 612 1990 680; baseline -0.002 -13"><span class='ocrx_word' id='word_1_30' title='bbox 293 616 389 669; x_wconf 97' lang='lat' dir='ltr'>vid</span> <span class='ocrx_word' id='word_1_31' title='bbox 433 614 683 668; x_wconf 90' lang='lat' dir='ltr'>obiculas</span> <span class='ocrx_word' id='word_1_32' title='bbox 729 614 800 666; x_wconf 90' lang='lat' dir='ltr'>ad</span> <span class='ocrx_word' id='word_1_33' title='bbox 833 614 1023 666; x_wconf 85' lang='lat' dir='ltr'>caulas</span> <span class='ocrx_word' id='word_1_34' title='bbox 1069 613 1379 667; x_wconf 89' lang='lat' dir='ltr'>deducunt.</span> <span class='ocrx_word' id='word_1_35' title='bbox 1417 614 1535 665; x_wconf 91' lang='lat' dir='ltr'>Non</span> <span class='ocrx_word' id='word_1_36' title='bbox 1568 612 1659 666; x_wconf 93' lang='lat' dir='ltr'>hic</span> <span class='ocrx_word' id='word_1_37' title='bbox 1700 612 1860 666; x_wconf 90' lang='lat' dir='ltr'>Cirus</span> <span class='ocrx_word' id='word_1_38' title='bbox 1890 628 1990 680; x_wconf 91' lang='lat' dir='ltr'>pu-</span> 
     </span>
    </p>
   </div>
   <div class='ocr_carea' id='block_1_5' title="bbox 297 700 1989 774">
    <p class='ocr_par' dir='ltr' id='par_1_5' title="bbox 297 700 1989 774">
     <span class='ocr_line' id='line_1_5' title="bbox 297 700 1989 774; baseline -0.002 -18"><span class='ocrx_word' id='word_1_39' title='bbox 297 704 529 774; x_wconf 89' lang='lat' dir='ltr'>gnando</span> <span class='ocrx_word' id='word_1_40' title='bbox 561 702 873 756; x_wconf 88' lang='lat' dir='ltr'>exercitum</span> <span class='ocrx_word' id='word_1_41' title='bbox 906 702 1086 768; x_wconf 86' lang='lat' dir='ltr'>ducit,</span> <span class='ocrx_word' id='word_1_42' title='bbox 1115 702 1212 755; x_wconf 90' lang='lat' dir='ltr'>sed</span> <span class='ocrx_word' id='word_1_43' title='bbox 1244 702 1459 771; x_wconf 80' lang='lat' dir='ltr'>Moyses</span> <span class='ocrx_word' id='word_1_44' title='bbox 1491 700 1692 753; x_wconf 88' lang='lat' dir='ltr'>erectis</span> <span class='ocrx_word' id='word_1_45' title='bbox 1723 700 1989 753; x_wconf 87' lang='lat' dir='ltr'>manibus</span> 
     </span>
    </p>
   </div>
   <div class='ocr_carea' id='block_1_6' title="bbox 297 789 1991 860">
    <p class='ocr_par' dir='ltr' id='par_1_6' title="bbox 297 789 1991 860">
     <span class='ocr_line' id='line_1_6' title="bbox 297 789 1991 860; baseline -0.002 -15"><span class='ocrx_word' id='word_1_46' title='bbox 297 792 746 846; x_wconf 89' lang='lat' dir='ltr'>Amalacitarum</span> <span class='ocrx_word' id='word_1_47' title='bbox 794 791 1109 860; x_wconf 83' lang='lat' dir='ltr'>phalangas</span> <span class='ocrx_word' id='word_1_48' title='bbox 1161 789 1376 842; x_wconf 90' lang='lat' dir='ltr'>orando</span> <span class='ocrx_word' id='word_1_49' title='bbox 1426 789 1670 842; x_wconf 83' lang='lat' dir='ltr'>divertit.</span> <span class='ocrx_word' id='word_1_50' title='bbox 1724 789 1832 843; x_wconf 90' lang='lat' dir='ltr'>Sed</span> <span class='ocrx_word' id='word_1_51' title='bbox 1886 805 1991 842; x_wconf 92' lang='lat' dir='ltr'>nec</span> 
     </span>
    </p>
   </div>
   <div class='ocr_carea' id='block_1_7' title="bbox 301 878 1990 948">
    <p class='ocr_par' dir='ltr' id='par_1_7' title="bbox 301 878 1990 948">
     <span class='ocr_line' id='line_1_7' title="bbox 301 878 1990 948; baseline -0.002 -14"><span class='ocrx_word' id='word_1_52' title='bbox 301 880 706 935; x_wconf 82' lang='lat' dir='ltr'>Memmonicos</span> <span class='ocrx_word' id='word_1_53' title='bbox 752 895 1023 932; x_wconf 85' lang='lat' dir='ltr'>canemus</span> <span class='ocrx_word' id='word_1_54' title='bbox 1053 878 1312 948; x_wconf 84' lang='lat' dir='ltr'>hymnos,</span> <span class='ocrx_word' id='word_1_55' title='bbox 1348 882 1443 929; x_wconf 89' lang='lat' dir='ltr'>aut</span> <span class='ocrx_word' id='word_1_56' title='bbox 1470 878 1835 930; x_wconf 64' lang='lat' dir='ltr'>[Eneidarum</span> <span class='ocrx_word' id='word_1_57' title='bbox 1868 894 1990 931; x_wconf 91' lang='lat' dir='ltr'>car-</span> 
     </span>
    </p>
   </div>
   <div class='ocr_carea' id='block_1_8' title="bbox 300 966 1990 1033">
    <p class='ocr_par' dir='ltr' id='par_1_8' title="bbox 300 966 1990 1033">
     <span class='ocr_line' id='line_1_8' title="bbox 300 966 1990 1033; baseline -0.002 -10"><span class='ocrx_word' id='word_1_58' title='bbox 300 970 456 1023; x_wconf 88' lang='lat' dir='ltr'>mine</span> <span class='ocrx_word' id='word_1_59' title='bbox 502 968 812 1022; x_wconf 87' lang='lat' dir='ltr'>incidimus</span> <span class='ocrx_word' id='word_1_60' title='bbox 855 984 1069 1033; x_wconf 87' lang='lat' dir='ltr'>versus,</span> <span class='ocrx_word' id='word_1_61' title='bbox 1120 983 1224 1020; x_wconf 91' lang='lat' dir='ltr'>nec</span> <span class='ocrx_word' id='word_1_62' title='bbox 1269 967 1510 1019; x_wconf 81' lang='lat' dir='ltr'>lacteum</span> <span class='ocrx_word' id='word_1_63' title='bbox 1566 966 1709 1019; x_wconf 91' lang='lat' dir='ltr'>Libii</span> <span class='ocrx_word' id='word_1_64' title='bbox 1759 982 1990 1019; x_wconf 91' lang='lat' dir='ltr'>amnem</span> 
     </span>
    </p>
   </div>
   <div class='ocr_carea' id='block_1_9' title="bbox 302 1054 1989 1121">
    <p class='ocr_par' dir='ltr' id='par_1_9' title="bbox 302 1054 1989 1121">
     <span class='ocr_line' id='line_1_9' title="bbox 302 1054 1989 1121; baseline -0.002 -10"><span class='ocrx_word' id='word_1_65' title='bbox 302 1057 545 1121; x_wconf 84' lang='lat' dir='ltr'>deduco,</span> <span class='ocrx_word' id='word_1_66' title='bbox 589 1072 694 1109; x_wconf 90' lang='lat' dir='ltr'>nec</span> <span class='ocrx_word' id='word_1_67' title='bbox 724 1056 964 1110; x_wconf 88' lang='lat' dir='ltr'>Iliadum</span> <span class='ocrx_word' id='word_1_68' title='bbox 995 1056 1251 1108; x_wconf 89' lang='lat' dir='ltr'>celeuma</span> <span class='ocrx_word' id='word_1_69' title='bbox 1282 1054 1537 1107; x_wconf 78' lang='lat' dir='ltr'>decanto.</span> <span class='ocrx_word' id='word_1_70' title='bbox 1588 1055 1789 1107; x_wconf 85' lang='lat' dir='ltr'>Procul</span> <span class='ocrx_word' id='word_1_71' title='bbox 1835 1054 1989 1108; x_wconf 89' lang='lat' dir='ltr'>enim</span> 
     </span>
    </p>
   </div>
   <div class='ocr_carea' id='block_1_10' title="bbox 303 1142 1992 1215">
    <p class='ocr_par' dir='ltr' id='par_1_10' title="bbox 303 1142 1992 1215">
     <span class='ocr_line' id='line_1_10' title="bbox 303 1142 1992 1215; baseline -0.002 -16"><span class='ocrx_word' id='word_1_72' title='bbox 303 1163 334 1199; x_wconf 90' lang='lat' dir='ltr'>a</span> <span class='ocrx_word' id='word_1_73' title='bbox 365 1162 457 1198; x_wconf 90' lang='lat' dir='ltr'>me</span> <span class='ocrx_word' id='word_1_74' title='bbox 489 1149 572 1197; x_wconf 88' lang='lat' dir='ltr'>est</span> <span class='ocrx_word' id='word_1_75' title='bbox 607 1144 807 1213; x_wconf 80' lang='lat' dir='ltr'>lingua</span> <span class='ocrx_word' id='word_1_76' title='bbox 857 1144 1084 1215; x_wconf 89' lang='lat' dir='ltr'>viperea</span> <span class='ocrx_word' id='word_1_77' title='bbox 1132 1143 1486 1197; x_wconf 87' lang='lat' dir='ltr'>Demostenis</span> <span class='ocrx_word' id='word_1_78' title='bbox 1530 1143 1598 1195; x_wconf 87' lang='lat' dir='ltr'>de</span> <span class='ocrx_word' id='word_1_79' title='bbox 1649 1159 1761 1212; x_wconf 87' lang='lat' dir='ltr'>qua</span> <span class='ocrx_word' id='word_1_80' title='bbox 1810 1142 1992 1195; x_wconf 78' lang='lat' dir='ltr'>fertur</span> 
     </span>
    </p>
   </div>
   <div class='ocr_carea' id='block_1_11' title="bbox 302 1231 1991 1301">
    <p class='ocr_par' dir='ltr' id='par_1_11' title="bbox 302 1231 1991 1301">
     <span class='ocr_line' id='line_1_11' title="bbox 302 1231 1991 1301; baseline -0.002 -13"><span class='ocrx_word' id='word_1_81' title='bbox 302 1233 505 1288; x_wconf 89' lang='lat' dir='ltr'>dixisse</span> <span class='ocrx_word' id='word_1_82' title='bbox 554 1233 783 1287; x_wconf 89' lang='lat' dir='ltr'>Oscines</span> <span class='ocrx_word' id='word_1_83' title='bbox 812 1236 836 1275; x_wconf 76' lang='grc' dir='ltr'>Ι)</span> <span class='ocrx_word' id='word_1_84' title='bbox 879 1249 890 1285; x_wconf 92' lang='lat'><strong>:</strong></span> <span class='ocrx_word' id='word_1_85' title='bbox 943 1232 1089 1295; x_wconf 87' lang='lat' dir='ltr'>Quid</span> <span class='ocrx_word' id='word_1_86' title='bbox 1130 1231 1176 1284; x_wconf 88' lang='lat' dir='ltr'>si</span> <span class='ocrx_word' id='word_1_87' title='bbox 1206 1232 1388 1301; x_wconf 88' lang='lat' dir='ltr'>ipsam</span> <span class='ocrx_word' id='word_1_88' title='bbox 1420 1231 1718 1284; x_wconf 82' lang='lat' dir='ltr'>audissetis</span> <span class='ocrx_word' id='word_1_89' title='bbox 1750 1231 1991 1285; x_wconf 81' lang='lat' dir='ltr'>bestiam</span> 
     </span>
    </p>
   </div>
   <div class='ocr_carea' id='block_1_12' title="bbox 302 1319 1991 1389">
    <p class='ocr_par' dir='ltr' id='par_1_12' title="bbox 302 1319 1991 1389">
     <span class='ocr_line' id='line_1_12' title="bbox 302 1319 1991 1389; baseline -0.001 -14"><span class='ocrx_word' id='word_1_90' title='bbox 302 1338 406 1375; x_wconf 89' lang='lat' dir='ltr'>suo</span> <span class='ocrx_word' id='word_1_91' title='bbox 454 1338 550 1374; x_wconf 90' lang='lat' dir='ltr'>ore</span> <span class='ocrx_word' id='word_1_92' title='bbox 599 1322 772 1375; x_wconf 91' lang='lat' dir='ltr'>verba</span> <span class='ocrx_word' id='word_1_93' title='bbox 813 1319 1215 1373; x_wconf 86' lang='lat' dir='ltr'>resonantem?</span> <span class='ocrx_word' id='word_1_94' title='bbox 1256 1320 1503 1389; x_wconf 85' lang='lat' dir='ltr'>Epistula</span> <span class='ocrx_word' id='word_1_95' title='bbox 1532 1320 1683 1372; x_wconf 89' lang='lat' dir='ltr'>enim</span> <span class='ocrx_word' id='word_1_96' title='bbox 1718 1336 1844 1373; x_wconf 87' lang='lat' dir='ltr'>mea</span> <span class='ocrx_word' id='word_1_97' title='bbox 1875 1335 1991 1373; x_wconf 89' lang='lat' dir='ltr'>non</span> 
     </span>
    </p>
   </div>
   <div class='ocr_carea' id='block_1_13' title="bbox 305 1408 1992 1477">
    <p class='ocr_par' dir='ltr' id='par_1_13' title="bbox 305 1408 1992 1477">
     <span class='ocr_line' id='line_1_13' title="bbox 305 1408 1992 1477; baseline -0.002 -14"><span class='ocrx_word' id='word_1_98' title='bbox 305 1410 665 1464; x_wconf 82' lang='lat' dir='ltr'>ethnicorum</span> <span class='ocrx_word' id='word_1_99' title='bbox 726 1418 745 1442; x_wconf 83' lang='lat'>°</span> <span class='ocrx_word' id='word_1_100' title='bbox 803 1409 1057 1461; x_wconf 75' lang='lat' dir='ltr'>favorem</span> <span class='ocrx_word' id='word_1_101' title='bbox 1110 1408 1370 1477; x_wconf 86' lang='lat' dir='ltr'>requirit,</span> <span class='ocrx_word' id='word_1_102' title='bbox 1442 1424 1546 1461; x_wconf 92' lang='lat' dir='ltr'>nec</span> <span class='ocrx_word' id='word_1_103' title='bbox 1617 1410 1865 1461; x_wconf 89' lang='lat' dir='ltr'>colorem</span> <span class='ocrx_word' id='word_1_104' title='bbox 1922 1408 1992 1462; x_wconf 91' lang='lat' dir='ltr'>de</span> 
     </span>
    </p>
   </div>
   <div class='ocr_carea' id='block_1_14' title="bbox 300 1497 1988 1568">
    <p class='ocr_par' dir='ltr' id='par_1_14' title="bbox 300 1497 1988 1568">
     <span class='ocr_line' id='line_1_14' title="bbox 300 1497 1988 1568; baseline -0.001 -16"><span class='ocrx_word' id='word_1_105' title='bbox 300 1499 558 1553; x_wconf 83' lang='lat' dir='ltr'>Atheneo</span> <span class='ocrx_word' id='word_1_106' title='bbox 589 1497 761 1551; x_wconf 82' lang='lat' dir='ltr'>trahit</span> <span class='ocrx_word' id='word_1_107' title='bbox 797 1515 809 1551; x_wconf 75' lang='grc' dir='ltr'>ε</span> <span class='ocrx_word' id='word_1_108' title='bbox 841 1498 938 1551; x_wconf 89' lang='lat' dir='ltr'>sed</span> <span class='ocrx_word' id='word_1_109' title='bbox 969 1498 1379 1568; x_wconf 89' lang='lat' dir='ltr'>prophetarum</span> <span class='ocrx_word' id='word_1_110' title='bbox 1413 1497 1711 1567; x_wconf 87' lang='lat' dir='ltr'>saporibus</span> <span class='ocrx_word' id='word_1_111' title='bbox 1751 1498 1988 1565; x_wconf 80' lang='lat' dir='ltr'>redolet,</span> 
     </span>
    </p>
   </div>
   <div class='ocr_carea' id='block_1_15' title="bbox 301 1585 1992 1657">
    <p class='ocr_par' dir='ltr' id='par_1_15' title="bbox 301 1585 1992 1657">
     <span class='ocr_line' id='line_1_15' title="bbox 301 1585 1992 1657; baseline 0.001 -18"><span class='ocrx_word' id='word_1_112' title='bbox 301 1590 357 1639; x_wconf 89' lang='lat' dir='ltr'>et</span> <span class='ocrx_word' id='word_1_113' title='bbox 399 1586 856 1656; x_wconf 81' lang='lat' dir='ltr'>patriarcharum</span> <span class='ocrx_word' id='word_1_114' title='bbox 904 1586 1118 1640; x_wconf 84' lang='lat' dir='ltr'>fercula</span> <span class='ocrx_word' id='word_1_115' title='bbox 1168 1585 1527 1655; x_wconf 90' lang='lat' dir='ltr'>superﬁciem</span> <span class='ocrx_word' id='word_1_116' title='bbox 1569 1586 1734 1655; x_wconf 91' lang='lat' dir='ltr'>gerit.</span> <span class='ocrx_word' id='word_1_117' title='bbox 1779 1587 1992 1657; x_wconf 89' lang='lat' dir='ltr'>Nempe</span> 
     </span>
    </p>
   </div>
   <div class='ocr_carea' id='block_1_16' title="bbox 302 1674 1992 1744">
    <p class='ocr_par' dir='ltr' id='par_1_16' title="bbox 302 1674 1992 1744">
     <span class='ocr_line' id='line_1_16' title="bbox 302 1674 1992 1744; baseline 0 -16"><span class='ocrx_word' id='word_1_118' title='bbox 302 1674 483 1728; x_wconf 89' lang='lat' dir='ltr'>dulcis</span> <span class='ocrx_word' id='word_1_119' title='bbox 515 1675 561 1727; x_wconf 89' lang='lat' dir='ltr'>si</span> <span class='ocrx_word' id='word_1_120' title='bbox 586 1675 916 1744; x_wconf 89' lang='lat' dir='ltr'>ubicunque</span> <span class='ocrx_word' id='word_1_121' title='bbox 942 1674 1001 1727; x_wconf 92' lang='lat' dir='ltr'>in</span> <span class='ocrx_word' id='word_1_122' title='bbox 1033 1690 1317 1727; x_wconf 87' lang='lat' dir='ltr'>annorum</span> <span class='ocrx_word' id='word_1_123' title='bbox 1349 1690 1591 1728; x_wconf 86' lang='lat' dir='ltr'>numero</span> <span class='ocrx_word' id='word_1_124' title='bbox 1624 1675 1832 1729; x_wconf 82' lang='lat' dir='ltr'>Christi</span> <span class='ocrx_word' id='word_1_125' title='bbox 1856 1692 1992 1728; x_wconf 92' lang='lat' dir='ltr'>ven-</span> 
     </span>
    </p>
   </div>
   <div class='ocr_carea' id='block_1_17' title="bbox 300 1762 1988 1827">
    <p class='ocr_par' dir='ltr' id='par_1_17' title="bbox 300 1762 1988 1827">
     <span class='ocr_line' id='line_1_17' title="bbox 300 1762 1988 1827; baseline 0.001 -11"><span class='ocrx_word' id='word_1_126' title='bbox 300 1768 432 1817; x_wconf 87' lang='lat' dir='ltr'>tura</span> <span class='ocrx_word' id='word_1_127' title='bbox 461 1763 746 1816; x_wconf 88' lang='lat' dir='ltr'>diceretur</span> <span class='ocrx_word' id='word_1_128' title='bbox 774 1762 1056 1827; x_wconf 87' lang='lat' dir='ltr'>nativitas,</span> <span class='ocrx_word' id='word_1_129' title='bbox 1081 1762 1531 1817; x_wconf 84' lang='lat' dir='ltr'>Christianorum</span> <span class='ocrx_word' id='word_1_130' title='bbox 1558 1765 1641 1816; x_wconf 91' lang='lat' dir='ltr'>vel</span> <span class='ocrx_word' id='word_1_131' title='bbox 1665 1764 1988 1818; x_wconf 64' lang='lat' dir='ltr'>Iudaeorum</span> 
     </span>
    </p>
   </div>
   <div class='ocr_carea' id='block_1_18' title="bbox 302 1852 1991 1922">
    <p class='ocr_par' dir='ltr' id='par_1_18' title="bbox 302 1852 1991 1922">
     <span class='ocr_line' id='line_1_18' title="bbox 302 1852 1991 1922; baseline 0.001 -18"><span class='ocrx_word' id='word_1_132' title='bbox 302 1852 455 1905; x_wconf 90' lang='lat' dir='ltr'>illico</span> <span class='ocrx_word' id='word_1_133' title='bbox 485 1852 647 1905; x_wconf 88' lang='lat' dir='ltr'>ﬁnita</span> <span class='ocrx_word' id='word_1_134' title='bbox 679 1856 828 1905; x_wconf 86' lang='lat' dir='ltr'>esset</span> <span class='ocrx_word' id='word_1_135' title='bbox 856 1852 1115 1904; x_wconf 91' lang='lat' dir='ltr'>simultas</span> <span class='ocrx_word' id='word_1_136' title='bbox 1162 1868 1174 1905; x_wconf 93' lang='lat'>:</span> <span class='ocrx_word' id='word_1_137' title='bbox 1222 1852 1357 1922; x_wconf 86' lang='lat' dir='ltr'>quia</span> <span class='ocrx_word' id='word_1_138' title='bbox 1390 1853 1733 1922; x_wconf 88' lang='lat' dir='ltr'>computatis</span> <span class='ocrx_word' id='word_1_139' title='bbox 1764 1853 1930 1906; x_wconf 89' lang='lat' dir='ltr'>annis</span> <span class='ocrx_word' id='word_1_140' title='bbox 1958 1870 1991 1907; x_wconf 90' lang='lat' dir='ltr'>a</span> 
     </span>
    </p>
   </div>
   <div class='ocr_carea' id='block_1_19' title="bbox 304 1940 1988 2011">
    <p class='ocr_par' dir='ltr' id='par_1_19' title="bbox 304 1940 1988 2011">
     <span class='ocr_line' id='line_1_19' title="bbox 304 1940 1988 2011; baseline 0.002 -18"><span class='ocrx_word' id='word_1_141' title='bbox 304 1940 504 1993; x_wconf 88' lang='lat' dir='ltr'>mundi</span> <span class='ocrx_word' id='word_1_142' title='bbox 538 1940 822 2009; x_wconf 89' lang='lat' dir='ltr'>principio</span> <span class='ocrx_word' id='word_1_143' title='bbox 855 1940 975 1993; x_wconf 88' lang='lat' dir='ltr'>sine</span> <span class='ocrx_word' id='word_1_144' title='bbox 1022 1941 1216 2011; x_wconf 90' lang='lat' dir='ltr'>aliquo</span> <span class='ocrx_word' id='word_1_145' title='bbox 1260 1941 1659 2010; x_wconf 84' lang='lat' dir='ltr'>impedimenti</span> <span class='ocrx_word' id='word_1_146' title='bbox 1698 1942 1988 1996; x_wconf 83' lang='lat' dir='ltr'>obstaculo</span> 
     </span>
    </p>
   </div>
   <div class='ocr_carea' id='block_1_20' title="bbox 302 2028 1991 2097">
    <p class='ocr_par' dir='ltr' id='par_1_20' title="bbox 302 2028 1991 2097">
     <span class='ocr_line' id='line_1_20' title="bbox 302 2028 1991 2097; baseline 0.002 -16"><span class='ocrx_word' id='word_1_147' title='bbox 302 2029 579 2083; x_wconf 84' lang='lat' dir='ltr'>adventus</span> <span class='ocrx_word' id='word_1_148' title='bbox 625 2029 748 2097; x_wconf 86' lang='lat' dir='ltr'>ejus</span> <span class='ocrx_word' id='word_1_149' title='bbox 793 2028 1032 2082; x_wconf 87' lang='lat' dir='ltr'>sciretur</span> <span class='ocrx_word' id='word_1_150' title='bbox 1075 2029 1135 2082; x_wconf 89' lang='lat' dir='ltr'>in</span> <span class='ocrx_word' id='word_1_151' title='bbox 1187 2030 1392 2081; x_wconf 85' lang='lat' dir='ltr'>saeculo</span> <span class='ocrx_word' id='word_1_152' title='bbox 1428 2046 1440 2082; x_wconf 91' lang='lat'><strong>:</strong></span> <span class='ocrx_word' id='word_1_153' title='bbox 1476 2034 1538 2082; x_wconf 92' lang='lat' dir='ltr'>ut</span> <span class='ocrx_word' id='word_1_154' title='bbox 1570 2046 1673 2083; x_wconf 89' lang='lat' dir='ltr'>nec</span> <span class='ocrx_word' id='word_1_155' title='bbox 1705 2030 1889 2083; x_wconf 91' lang='lat' dir='ltr'>ﬁdelis</span> <span class='ocrx_word' id='word_1_156' title='bbox 1931 2031 1991 2084; x_wconf 91' lang='lat' dir='ltr'>in</span> 
     </span>
    </p>
   </div>
   <div class='ocr_carea' id='block_1_21' title="bbox 302 2117 1989 2182">
    <p class='ocr_par' dir='ltr' id='par_1_21' title="bbox 302 2117 1989 2182">
     <span class='ocr_line' id='line_1_21' title="bbox 302 2117 1989 2182; baseline 0.001 -11"><span class='ocrx_word' id='word_1_157' title='bbox 302 2118 608 2171; x_wconf 89' lang='lat' dir='ltr'>asserendo</span> <span class='ocrx_word' id='word_1_158' title='bbox 640 2133 827 2170; x_wconf 90' lang='lat' dir='ltr'>moras</span> <span class='ocrx_word' id='word_1_159' title='bbox 870 2118 1191 2182; x_wconf 85' lang='lat' dir='ltr'>sustineret,</span> <span class='ocrx_word' id='word_1_160' title='bbox 1223 2134 1326 2171; x_wconf 91' lang='lat' dir='ltr'>nec</span> <span class='ocrx_word' id='word_1_161' title='bbox 1356 2117 1602 2172; x_wconf 87' lang='lat' dir='ltr'>inﬁdelis</span> <span class='ocrx_word' id='word_1_162' title='bbox 1635 2119 1692 2171; x_wconf 91' lang='lat' dir='ltr'>in</span> <span class='ocrx_word' id='word_1_163' title='bbox 1735 2118 1989 2172; x_wconf 87' lang='lat' dir='ltr'>refutan-</span> 
     </span>
    </p>
   </div>
   <div class='ocr_carea' id='block_1_22' title="bbox 300 2206 1991 2278">
    <p class='ocr_par' dir='ltr' id='par_1_22' title="bbox 300 2206 1991 2278">
     <span class='ocr_line' id='line_1_22' title="bbox 300 2206 1991 2278; baseline 0.001 -18"><span class='ocrx_word' id='word_1_164' title='bbox 300 2206 373 2260; x_wconf 92' lang='lat' dir='ltr'>do</span> <span class='ocrx_word' id='word_1_165' title='bbox 423 2206 747 2260; x_wconf 87' lang='lat' dir='ltr'>occasiones</span> <span class='ocrx_word' id='word_1_166' title='bbox 795 2207 1135 2259; x_wconf 86' lang='lat' dir='ltr'>ostenderet.</span> <span class='ocrx_word' id='word_1_167' title='bbox 1194 2207 1258 2259; x_wconf 89' lang='lat' dir='ltr'>Et</span> <span class='ocrx_word' id='word_1_168' title='bbox 1312 2207 1466 2276; x_wconf 86' lang='lat' dir='ltr'>quia,</span> <span class='ocrx_word' id='word_1_169' title='bbox 1526 2212 1588 2260; x_wconf 89' lang='lat' dir='ltr'>ut</span> <span class='ocrx_word' id='word_1_170' title='bbox 1647 2208 1991 2278; x_wconf 89' lang='lat' dir='ltr'>quibusdam</span> 
     </span>
    </p>
   </div>
   <div class='ocr_carea' id='block_1_23' title="bbox 298 2294 1989 2366">
    <p class='ocr_par' dir='ltr' id='par_1_23' title="bbox 298 2294 1989 2366">
     <span class='ocr_line' id='line_1_23' title="bbox 298 2294 1989 2366; baseline 0.001 -20"><span class='ocrx_word' id='word_1_171' title='bbox 298 2294 541 2361; x_wconf 86' lang='lat' dir='ltr'>videtur,</span> <span class='ocrx_word' id='word_1_172' title='bbox 575 2294 859 2348; x_wconf 90' lang='lat' dir='ltr'>incertum</span> <span class='ocrx_word' id='word_1_173' title='bbox 891 2294 1196 2347; x_wconf 83' lang='lat' dir='ltr'>adventum</span> <span class='ocrx_word' id='word_1_174' title='bbox 1231 2294 1355 2363; x_wconf 85' lang='lat' dir='ltr'>ejus</span> <span class='ocrx_word' id='word_1_175' title='bbox 1398 2294 1689 2365; x_wconf 90' lang='lat' dir='ltr'>Scriptura</span> <span class='ocrx_word' id='word_1_176' title='bbox 1735 2296 1989 2366; x_wconf 89' lang='lat' dir='ltr'>reliquit,</span> 
     </span>
    </p>
   </div>
   <div class='ocr_carea' id='block_1_24' title="bbox 300 2382 1991 2453">
    <p class='ocr_par' dir='ltr' id='par_1_24' title="bbox 300 2382 1991 2453">
     <span class='ocr_line' id='line_1_24' title="bbox 300 2382 1991 2453; baseline 0 -16"><span class='ocrx_word' id='word_1_177' title='bbox 300 2388 355 2437; x_wconf 88' lang='lat' dir='ltr'>et</span> <span class='ocrx_word' id='word_1_178' title='bbox 387 2383 551 2453; x_wconf 90' lang='lat' dir='ltr'>quasi</span> <span class='ocrx_word' id='word_1_179' title='bbox 597 2383 875 2437; x_wconf 84' lang='lat' dir='ltr'>intactum</span> <span class='ocrx_word' id='word_1_180' title='bbox 919 2383 1100 2452; x_wconf 90' lang='lat' dir='ltr'>magis</span> <span class='ocrx_word' id='word_1_181' title='bbox 1143 2382 1336 2453; x_wconf 81' lang='lat' dir='ltr'>tetigit</span> <span class='ocrx_word' id='word_1_182' title='bbox 1384 2400 1555 2453; x_wconf 89' lang='lat' dir='ltr'>quam</span> <span class='ocrx_word' id='word_1_183' title='bbox 1603 2384 1883 2453; x_wconf 68' lang='lat' dir='ltr'>praedixit,</span> <span class='ocrx_word' id='word_1_184' title='bbox 1919 2384 1991 2437; x_wconf 91' lang='lat' dir='ltr'>ob</span> 
     </span>
    </p>
   </div>
   <div class='ocr_carea' id='block_1_25' title="bbox 300 2471 1991 2544">
    <p class='ocr_par' dir='ltr' id='par_1_25' title="bbox 300 2471 1991 2544">
     <span class='ocr_line' id='line_1_25' title="bbox 300 2471 1991 2544; baseline 0.001 -19"><span class='ocrx_word' id='word_1_185' title='bbox 300 2473 411 2526; x_wconf 93' lang='lat' dir='ltr'>hoc</span> <span class='ocrx_word' id='word_1_186' title='bbox 458 2478 510 2525; x_wconf 93' lang='lat' dir='ltr'>et</span> <span class='ocrx_word' id='word_1_187' title='bbox 544 2476 878 2525; x_wconf 88' lang='lat' dir='ltr'>cunctorum</span> <span class='ocrx_word' id='word_1_188' title='bbox 919 2471 1114 2539; x_wconf 88' lang='lat' dir='ltr'>opinio</span> <span class='ocrx_word' id='word_1_189' title='bbox 1156 2488 1213 2524; x_wconf 92' lang='lat' dir='ltr'>se</span> <span class='ocrx_word' id='word_1_190' title='bbox 1263 2471 1387 2540; x_wconf 88' lang='lat' dir='ltr'>ipsa</span> <span class='ocrx_word' id='word_1_191' title='bbox 1416 2472 1650 2525; x_wconf 92' lang='lat' dir='ltr'>deludit.</span> <span class='ocrx_word' id='word_1_192' title='bbox 1684 2474 1806 2526; x_wconf 87' lang='lat' dir='ltr'>Non</span> <span class='ocrx_word' id='word_1_193' title='bbox 1839 2473 1991 2544; x_wconf 90' lang='lat' dir='ltr'>quod</span> 
     </span>
    </p>
   </div>
   <div class='ocr_carea' id='block_1_26' title="bbox 301 2558 1990 2631">
    <p class='ocr_par' dir='ltr' id='par_1_26' title="bbox 301 2558 1990 2631">
     <span class='ocr_line' id='line_1_26' title="bbox 301 2558 1990 2631; baseline 0.001 -18"><span class='ocrx_word' id='word_1_194' title='bbox 301 2560 565 2613; x_wconf 90' lang='lat' dir='ltr'>omnium</span> <span class='ocrx_word' id='word_1_195' title='bbox 595 2558 738 2613; x_wconf 88' lang='lat' dir='ltr'>ﬁdes</span> <span class='ocrx_word' id='word_1_196' title='bbox 768 2575 916 2611; x_wconf 68' lang='lat' dir='ltr'>cmca</span> <span class='ocrx_word' id='word_1_197' title='bbox 945 2558 1186 2628; x_wconf 83' lang='lat' dir='ltr'>caligine</span> <span class='ocrx_word' id='word_1_198' title='bbox 1233 2559 1577 2625; x_wconf 87' lang='lat' dir='ltr'>involvatur,</span> <span class='ocrx_word' id='word_1_199' title='bbox 1622 2560 1719 2613; x_wconf 87' lang='lat' dir='ltr'>sed</span> <span class='ocrx_word' id='word_1_200' title='bbox 1762 2577 1827 2613; x_wconf 87' lang='lat' dir='ltr'>ea</span> <span class='ocrx_word' id='word_1_201' title='bbox 1863 2577 1990 2631; x_wconf 67' lang='lat' dir='ltr'>quae</span> 
     </span>
    </p>
   </div>
   <div class='ocr_carea' id='block_1_27' title="bbox 302 2647 1989 2719">
    <p class='ocr_par' dir='ltr' id='par_1_27' title="bbox 302 2647 1989 2719">
     <span class='ocr_line' id='line_1_27' title="bbox 302 2647 1989 2719; baseline 0 -17"><span class='ocrx_word' id='word_1_202' title='bbox 302 2649 490 2718; x_wconf 91' lang='lat' dir='ltr'>magis</span> <span class='ocrx_word' id='word_1_203' title='bbox 521 2647 795 2717; x_wconf 88' lang='lat' dir='ltr'>opinione</span> <span class='ocrx_word' id='word_1_204' title='bbox 826 2662 997 2716; x_wconf 90' lang='lat' dir='ltr'>quam</span> <span class='ocrx_word' id='word_1_205' title='bbox 1042 2647 1279 2700; x_wconf 89' lang='lat' dir='ltr'>veritate</span> <span class='ocrx_word' id='word_1_206' title='bbox 1318 2652 1564 2701; x_wconf 87' lang='lat' dir='ltr'>tenetur.</span> <span class='ocrx_word' id='word_1_207' title='bbox 1598 2650 1709 2702; x_wconf 90' lang='lat' dir='ltr'>Ista</span> <span class='ocrx_word' id='word_1_208' title='bbox 1740 2665 1989 2719; x_wconf 86' lang='lat' dir='ltr'>namque</span> 
     </span>
    </p>
   </div>
   <div class='ocr_carea' id='block_1_28' title="bbox 300 2735 1989 2806">
    <p class='ocr_par' dir='ltr' id='par_1_28' title="bbox 300 2735 1989 2806">
     <span class='ocr_line' id='line_1_28' title="bbox 300 2735 1989 2806; baseline 0.001 -17"><span class='ocrx_word' id='word_1_209' title='bbox 300 2737 616 2790; x_wconf 89' lang='lat' dir='ltr'>secundum</span> <span class='ocrx_word' id='word_1_210' title='bbox 663 2735 962 2805; x_wconf 89' lang='lat' dir='ltr'>opinatum</span> <span class='ocrx_word' id='word_1_211' title='bbox 1008 2735 1247 2788; x_wconf 88' lang='lat' dir='ltr'>disserui</span> <span class='ocrx_word' id='word_1_212' title='bbox 1285 2736 1745 2790; x_wconf 87' lang='lat' dir='ltr'>istomacantium</span> <span class='ocrx_word' id='word_1_213' title='bbox 1778 2739 1804 2779; x_wconf 84' lang='lat' dir='ltr'>d</span> <span class='ocrx_word' id='word_1_214' title='bbox 1835 2754 1989 2806; x_wconf 68' lang='lat' dir='ltr'>quae-</span> 
     </span>
    </p>
   </div>
   <div class='ocr_carea' id='block_1_29' title="bbox 258 2824 1989 2893">
    <p class='ocr_par' dir='ltr' id='par_1_29' title="bbox 258 2824 1989 2893">
     <span class='ocr_line' id='line_1_29' title="bbox 258 2824 1989 2893; baseline 0.001 -14"><span class='ocrx_word' id='word_1_215' title='bbox 258 2826 535 2879; x_wconf 83' lang='lat' dir='ltr'>’stiones.</span> <span class='ocrx_word' id='word_1_216' title='bbox 600 2825 875 2879; x_wconf 62' lang='lat' dir='ltr'>Caeterum</span> <span class='ocrx_word' id='word_1_217' title='bbox 927 2824 1092 2893; x_wconf 81' lang='lat' dir='ltr'>juxta</span> <span class='ocrx_word' id='word_1_218' title='bbox 1148 2840 1291 2877; x_wconf 68' lang='lat' dir='ltr'>meas</span> <span class='ocrx_word' id='word_1_219' title='bbox 1343 2825 1637 2877; x_wconf 88' lang='lat' dir='ltr'>tenuitatis</span> <span class='ocrx_word' id='word_1_220' title='bbox 1694 2827 1989 2879; x_wconf 88' lang='lat' dir='ltr'>scientiam</span> 
     </span>
    </p>
   </div>
   <div class='ocr_carea' id='block_1_30' title="bbox 299 2912 1988 2984">
    <p class='ocr_par' dir='ltr' id='par_1_30' title="bbox 299 2912 1988 2984">
     <span class='ocr_line' id='line_1_30' title="bbox 299 2912 1988 2984; baseline -0.001 -17"><span class='ocrx_word' id='word_1_221' title='bbox 299 2915 606 2968; x_wconf 87' lang='lat' dir='ltr'>adventum</span> <span class='ocrx_word' id='word_1_222' title='bbox 642 2912 843 2966; x_wconf 86' lang='lat' dir='ltr'>Christi</span> <span class='ocrx_word' id='word_1_223' title='bbox 874 2912 1137 2982; x_wconf 88' lang='lat' dir='ltr'>patulum</span> <span class='ocrx_word' id='word_1_224' title='bbox 1168 2929 1298 2965; x_wconf 85' lang='lat' dir='ltr'>reor</span> <span class='ocrx_word' id='word_1_225' title='bbox 1341 2913 1554 2967; x_wconf 88' lang='lat' dir='ltr'>addisci</span> <span class='ocrx_word' id='word_1_226' title='bbox 1597 2914 1804 2967; x_wconf 89' lang='lat' dir='ltr'>indicta</span> <span class='ocrx_word' id='word_1_227' title='bbox 1838 2917 1988 2984; x_wconf 88' lang='lat' dir='ltr'>lega-</span> 
     </span>
    </p>
   </div>
   <div class='ocr_carea' id='block_1_31' title="bbox 300 3001 1986 3073">
    <p class='ocr_par' dir='ltr' id='par_1_31' title="bbox 300 3001 1986 3073">
     <span class='ocr_line' id='line_1_31' title="bbox 300 3001 1986 3073; baseline 0.001 -17"><span class='ocrx_word' id='word_1_228' title='bbox 300 3003 377 3056; x_wconf 90' lang='lat' dir='ltr'>lia</span> <span class='ocrx_word' id='word_1_229' title='bbox 429 3010 470 3067; x_wconf 90' lang='lat'>°,</span> <span class='ocrx_word' id='word_1_230' title='bbox 523 3002 569 3054; x_wconf 90' lang='lat' dir='ltr'>si</span> <span class='ocrx_word' id='word_1_231' title='bbox 623 3001 909 3054; x_wconf 84' lang='lat' dir='ltr'>subtiliter</span> <span class='ocrx_word' id='word_1_232' title='bbox 951 3001 1299 3070; x_wconf 81' lang='lat' dir='ltr'>indagentur</span> <span class='ocrx_word' id='word_1_233' title='bbox 1341 3002 1480 3054; x_wconf 84' lang='lat' dir='ltr'>vatis</span> <span class='ocrx_word' id='word_1_234' title='bbox 1522 3003 1815 3072; x_wconf 71' lang='lat' dir='ltr'>praesagia,</span> <span class='ocrx_word' id='word_1_235' title='bbox 1860 3019 1986 3073; x_wconf 69' lang='lat' dir='ltr'>qua:</span> 
     </span>
    </p>
   </div>
   <div class='ocr_carea' id='block_1_32' title="bbox 302 3089 1989 3144">
    <p class='ocr_par' dir='ltr' id='par_1_32' title="bbox 302 3089 1989 3144">
     <span class='ocr_line' id='line_1_32' title="bbox 302 3089 1989 3144; baseline 0 0"><span class='ocrx_word' id='word_1_236' title='bbox 302 3092 428 3144; x_wconf 91' lang='lat' dir='ltr'>luce</span> <span class='ocrx_word' id='word_1_237' title='bbox 458 3090 698 3143; x_wconf 88' lang='lat' dir='ltr'>clariora</span> <span class='ocrx_word' id='word_1_238' title='bbox 731 3089 978 3143; x_wconf 87' lang='lat' dir='ltr'>existunt</span> <span class='ocrx_word' id='word_1_239' title='bbox 1030 3089 1293 3143; x_wconf 88' lang='lat' dir='ltr'>almiﬁca.</span> <span class='ocrx_word' id='word_1_240' title='bbox 1342 3092 1483 3143; x_wconf 87' lang='lat' dir='ltr'>Nam</span> <span class='ocrx_word' id='word_1_241' title='bbox 1536 3092 1667 3144; x_wconf 91' lang='lat' dir='ltr'>licet</span> <span class='ocrx_word' id='word_1_242' title='bbox 1715 3092 1782 3144; x_wconf 88' lang='lat' dir='ltr'>ab</span> <span class='ocrx_word' id='word_1_243' title='bbox 1826 3092 1989 3144; x_wconf 88' lang='lat' dir='ltr'>initio</span> 
     </span>
    </p>
   </div>
   <div class='ocr_carea' id='block_1_33' title="bbox 301 3162 1991 3251">
    <p class='ocr_par' dir='ltr' id='par_1_33' title="bbox 301 3162 1991 3251">
     <span class='ocr_line' id='line_1_33' title="bbox 301 3162 1991 3251; baseline 0.001 -20"><span class='ocrx_word' id='word_1_244' title='bbox 301 3162 508 3231; x_wconf 81' lang='lat' dir='ltr'>mundi</span> <span class='ocrx_word' id='word_1_245' title='bbox 537 3178 672 3230; x_wconf 89' lang='lat' dir='ltr'>anni</span> <span class='ocrx_word' id='word_1_246' title='bbox 714 3193 828 3229; x_wconf 91' lang='lat' dir='ltr'>non</span> <span class='ocrx_word' id='word_1_247' title='bbox 880 3176 1244 3229; x_wconf 83' lang='lat' dir='ltr'>inveniantur</span> <span class='ocrx_word' id='word_1_248' title='bbox 1290 3178 1530 3247; x_wconf 78' lang='lat' dir='ltr'>praeﬁxi,</span> <span class='ocrx_word' id='word_1_249' title='bbox 1582 3184 1774 3232; x_wconf 89' lang='lat' dir='ltr'>tamen</span> <span class='ocrx_word' id='word_1_250' title='bbox 1820 3196 1991 3251; x_wconf 91' lang='lat' dir='ltr'>repe—</span> 
     </span>
    </p>
   </div>
   <div class='ocr_carea' id='block_1_34' title="bbox 303 3267 1986 3336">
    <p class='ocr_par' dir='ltr' id='par_1_34' title="bbox 303 3267 1986 3336">
     <span class='ocr_line' id='line_1_34' title="bbox 303 3267 1986 3336; baseline 0.001 -17"><span class='ocrx_word' id='word_1_251' title='bbox 303 3268 534 3319; x_wconf 90' lang='lat' dir='ltr'>riuntur</span> <span class='ocrx_word' id='word_1_252' title='bbox 562 3283 594 3319; x_wconf 89' lang='lat' dir='ltr'>a</span> <span class='ocrx_word' id='word_1_253' title='bbox 628 3271 886 3336; x_wconf 90' lang='lat' dir='ltr'>tempore</span> <span class='ocrx_word' id='word_1_254' title='bbox 918 3267 1237 3335; x_wconf 86' lang='lat' dir='ltr'>prophetali</span> <span class='ocrx_word' id='word_1_255' title='bbox 1271 3267 1646 3336; x_wconf 89' lang='lat' dir='ltr'>liquidissime</span> <span class='ocrx_word' id='word_1_256' title='bbox 1680 3269 1986 3322; x_wconf 87' lang='lat' dir='ltr'>numerati.</span> 
     </span>
    </p>
   </div>
   <div class='ocr_carea' id='block_1_35' title="bbox 304 3355 1992 3410">
    <p class='ocr_par' dir='ltr' id='par_1_35' title="bbox 304 3355 1992 3410">
     <span class='ocr_line' id='line_1_35' title="bbox 304 3355 1992 3410; baseline 0.001 -1"><span class='ocrx_word' id='word_1_257' title='bbox 304 3355 630 3409; x_wconf 68' lang='lat' dir='ltr'>Praevidens</span> <span class='ocrx_word' id='word_1_258' title='bbox 673 3355 840 3407; x_wconf 92' lang='lat' dir='ltr'>credo</span> <span class='ocrx_word' id='word_1_259' title='bbox 886 3370 1125 3406; x_wconf 88' lang='lat' dir='ltr'>censura</span> <span class='ocrx_word' id='word_1_260' title='bbox 1156 3355 1342 3407; x_wconf 88' lang='lat' dir='ltr'>divina</span> <span class='ocrx_word' id='word_1_261' title='bbox 1378 3356 1685 3408; x_wconf 84' lang='lat' dir='ltr'>humanam</span> <span class='ocrx_word' id='word_1_262' title='bbox 1725 3373 1992 3410; x_wconf 89' lang='lat' dir='ltr'>vesanam</span> 
     </span>
    </p>
   </div>
   <div class='ocr_carea' id='block_1_36' title="bbox 302 3441 1990 3512">
    <p class='ocr_par' dir='ltr' id='par_1_36' title="bbox 302 3441 1990 3512">
     <span class='ocr_line' id='line_1_36' title="bbox 302 3441 1990 3512; baseline 0.002 -17"><span class='ocrx_word' id='word_1_263' title='bbox 302 3442 575 3507; x_wconf 87' lang='lat' dir='ltr'>acutiam,</span> <span class='ocrx_word' id='word_1_264' title='bbox 608 3458 735 3512; x_wconf 62' lang='lat' dir='ltr'>quae</span> <span class='ocrx_word' id='word_1_265' title='bbox 782 3441 839 3494; x_wconf 91' lang='lat' dir='ltr'>in</span> <span class='ocrx_word' id='word_1_266' title='bbox 877 3441 1131 3494; x_wconf 91' lang='lat' dir='ltr'>numeris</span> <span class='ocrx_word' id='word_1_267' title='bbox 1162 3445 1393 3494; x_wconf 77' lang='lat' dir='ltr'>aetatum</span> <span class='ocrx_word' id='word_1_268' title='bbox 1427 3442 1612 3495; x_wconf 86' lang='lat' dir='ltr'>existit</span> <span class='ocrx_word' id='word_1_269' title='bbox 1641 3443 1888 3508; x_wconf 86' lang='lat' dir='ltr'>diversa;</span> <span class='ocrx_word' id='word_1_270' title='bbox 1924 3461 1990 3498; x_wconf 92' lang='lat' dir='ltr'>eo</span> 
     </span>
    </p>
   </div>
   <div class='ocr_carea' id='block_1_37' title="bbox 302 3530 1995 3602">
    <p class='ocr_par' dir='ltr' id='par_1_37' title="bbox 302 3530 1995 3602">
     <span class='ocr_line' id='line_1_37' title="bbox 302 3530 1995 3602; baseline 0.001 -18"><span class='ocrx_word' id='word_1_271' title='bbox 302 3536 560 3600; x_wconf 91' lang='lat' dir='ltr'>tempore</span> <span class='ocrx_word' id='word_1_272' title='bbox 589 3530 791 3584; x_wconf 89' lang='lat' dir='ltr'>maluit</span> <span class='ocrx_word' id='word_1_273' title='bbox 819 3530 1082 3584; x_wconf 90' lang='lat' dir='ltr'>indidere</span> <span class='ocrx_word' id='word_1_274' title='bbox 1112 3547 1438 3597; x_wconf 85' lang='lat' dir='ltr'>numerum,</span> <span class='ocrx_word' id='word_1_275' title='bbox 1473 3548 1536 3584; x_wconf 89' lang='lat' dir='ltr'>cx</span> <span class='ocrx_word' id='word_1_276' title='bbox 1566 3548 1679 3602; x_wconf 89' lang='lat' dir='ltr'>quo</span> <span class='ocrx_word' id='word_1_277' title='bbox 1709 3533 1995 3602; x_wconf 58' lang='lat' dir='ltr'>praascivit</span> 
     </span>
    </p>
   </div>
   <div class='ocr_carea' id='block_1_38' title="bbox 301 3620 1991 3675">
    <p class='ocr_par' dir='ltr' id='par_1_38' title="bbox 301 3620 1991 3675">
     <span class='ocr_line' id='line_1_38' title="bbox 301 3620 1991 3675; baseline 0 0"><span class='ocrx_word' id='word_1_278' title='bbox 301 3620 686 3675; x_wconf 86' lang='lat' dir='ltr'>contentionis</span> <span class='ocrx_word' id='word_1_279' title='bbox 718 3620 983 3673; x_wconf 89' lang='lat' dir='ltr'>abrasum</span> <span class='ocrx_word' id='word_1_280' title='bbox 1038 3620 1276 3673; x_wconf 86' lang='lat' dir='ltr'>existere</span> <span class='ocrx_word' id='word_1_281' title='bbox 1325 3637 1579 3675; x_wconf 89' lang='lat' dir='ltr'>nervum.</span> <span class='ocrx_word' id='word_1_282' title='bbox 1632 3622 1790 3674; x_wconf 83' lang='lat' dir='ltr'>Nosti</span> <span class='ocrx_word' id='word_1_283' title='bbox 1837 3622 1991 3675; x_wconf 91' lang='lat' dir='ltr'>enim</span> 
     </span>
    </p>
   </div>
   <div class='ocr_carea' id='block_1_39' title="bbox 304 3709 1992 3779">
    <p class='ocr_par' dir='ltr' id='par_1_39' title="bbox 304 3709 1992 3779">
     <span class='ocr_line' id='line_1_39' title="bbox 304 3709 1992 3779; baseline 0.001 -16"><span class='ocrx_word' id='word_1_284' title='bbox 304 3710 678 3764; x_wconf 64' lang='lat' dir='ltr'>Hebraeorum</span> <span class='ocrx_word' id='word_1_285' title='bbox 709 3710 795 3763; x_wconf 91' lang='lat' dir='ltr'>vel</span> <span class='ocrx_word' id='word_1_286' title='bbox 835 3709 1195 3779; x_wconf 74' lang='lat' dir='ltr'>septuaginta</span> <span class='ocrx_word' id='word_1_287' title='bbox 1228 3710 1609 3779; x_wconf 86' lang='lat' dir='ltr'>Interpretum</span> <span class='ocrx_word' id='word_1_288' title='bbox 1650 3711 1992 3764; x_wconf 86' lang='lat' dir='ltr'>discordiam</span> 
     </span>
    </p>
   </div>
   <div class='ocr_carea' id='block_1_40' title="bbox 301 3796 1994 3868">
    <p class='ocr_par' dir='ltr' id='par_1_40' title="bbox 301 3796 1994 3868">
     <span class='ocr_line' id='line_1_40' title="bbox 301 3796 1994 3868; baseline -0.001 -16"><span class='ocrx_word' id='word_1_289' title='bbox 301 3815 335 3852; x_wconf 87' lang='lat' dir='ltr'>a</span> <span class='ocrx_word' id='word_1_290' title='bbox 384 3798 571 3868; x_wconf 89' lang='lat' dir='ltr'>primo</span> <span class='ocrx_word' id='word_1_291' title='bbox 622 3797 853 3851; x_wconf 89' lang='lat' dir='ltr'>homine</span> <span class='ocrx_word' id='word_1_292' title='bbox 898 3813 1079 3868; x_wconf 91' lang='lat' dir='ltr'>usque</span> <span class='ocrx_word' id='word_1_293' title='bbox 1127 3796 1325 3850; x_wconf 87' lang='lat' dir='ltr'>diluvii</span> <span class='ocrx_word' id='word_1_294' title='bbox 1377 3804 1604 3865; x_wconf 85' lang='lat' dir='ltr'>tempus</span> <span class='ocrx_word' id='word_1_295' title='bbox 1651 3799 1994 3851; x_wconf 89' lang='lat' dir='ltr'>incalculan-</span> 
     </span>
    </p>
   </div>
   <div class='ocr_carea' id='block_1_41' title="bbox 302 3885 1990 3955">
    <p class='ocr_par' dir='ltr' id='par_1_41' title="bbox 302 3885 1990 3955">
     <span class='ocr_line' id='line_1_41' title="bbox 302 3885 1990 3955; baseline 0 -15"><span class='ocrx_word' id='word_1_296' title='bbox 302 3888 449 3941; x_wconf 90' lang='lat' dir='ltr'>tium</span> <span class='ocrx_word' id='word_1_297' title='bbox 481 3885 500 3919; x_wconf 68' lang='grc' dir='ltr'>ί</span> <span class='ocrx_word' id='word_1_298' title='bbox 527 3901 771 3952; x_wconf 90' lang='lat' dir='ltr'>summa,</span> <span class='ocrx_word' id='word_1_299' title='bbox 818 3886 874 3939; x_wconf 91' lang='lat' dir='ltr'>in</span> <span class='ocrx_word' id='word_1_300' title='bbox 907 3892 1130 3939; x_wconf 88' lang='lat' dir='ltr'>tantum</span> <span class='ocrx_word' id='word_1_301' title='bbox 1176 3887 1425 3955; x_wconf 85' lang='lat' dir='ltr'>utjuxta</span> <span class='ocrx_word' id='word_1_302' title='bbox 1467 3886 1798 3940; x_wconf 78' lang='lat' dir='ltr'>Hebraicam</span> <span class='ocrx_word' id='word_1_303' title='bbox 1841 3888 1990 3940; x_wconf 89' lang='lat' dir='ltr'>veri-</span> 
     </span>
    </p>
   </div>
   <div class='ocr_carea' id='block_1_42' title="bbox 302 3975 1995 4044">
    <p class='ocr_par' dir='ltr' id='par_1_42' title="bbox 302 3975 1995 4044">
     <span class='ocr_line' id='line_1_42' title="bbox 302 3975 1995 4044; baseline 0.001 -16"><span class='ocrx_word' id='word_1_304' title='bbox 302 3980 478 4029; x_wconf 90' lang='lat' dir='ltr'>tatem</span> <span class='ocrx_word' id='word_1_305' title='bbox 530 3975 829 4041; x_wconf 83' lang='lat' dir='ltr'>ab_Adam</span> <span class='ocrx_word' id='word_1_306' title='bbox 881 3991 1063 4044; x_wconf 89' lang='lat' dir='ltr'>usque</span> <span class='ocrx_word' id='word_1_307' title='bbox 1106 3975 1172 4027; x_wconf 89' lang='lat' dir='ltr'>ad</span> <span class='ocrx_word' id='word_1_308' title='bbox 1220 3975 1497 4027; x_wconf 89' lang='lat' dir='ltr'>diluvium</span> <span class='ocrx_word' id='word_1_309' title='bbox 1550 3975 1687 4027; x_wconf 90' lang='lat' dir='ltr'>anni</span> <span class='ocrx_word' id='word_1_310' title='bbox 1745 3976 1995 4029; x_wconf 83' lang='lat' dir='ltr'>sexcenti</span> 
     </span>
    </p>
   </div>
   <div class='ocr_carea' id='block_1_43' title="bbox 302 4063 1992 4135">
    <p class='ocr_par' dir='ltr' id='par_1_43' title="bbox 302 4063 1992 4135">
     <span class='ocr_line' id='line_1_43' title="bbox 302 4063 1992 4135; baseline 0.001 -20"><span class='ocrx_word' id='word_1_311' title='bbox 302 4063 724 4133; x_wconf 81' lang='lat' dir='ltr'>quinquaginta</span> <span class='ocrx_word' id='word_1_312' title='bbox 778 4078 875 4115; x_wconf 86' lang='lat' dir='ltr'>sex</span> <span class='ocrx_word' id='word_1_313' title='bbox 918 4063 1302 4127; x_wconf 79' lang='lat' dir='ltr'>inveniantur,</span> <span class='ocrx_word' id='word_1_314' title='bbox 1354 4068 1409 4115; x_wconf 90' lang='lat' dir='ltr'>et</span> <span class='ocrx_word' id='word_1_315' title='bbox 1457 4080 1485 4115; x_wconf 90' lang='lat' dir='ltr'>a</span> <span class='ocrx_word' id='word_1_316' title='bbox 1539 4064 1753 4116; x_wconf 90' lang='lat' dir='ltr'>diluvio</span> <span class='ocrx_word' id='word_1_317' title='bbox 1810 4082 1992 4135; x_wconf 88' lang='lat' dir='ltr'>usque</span> 
     </span>
    </p>
   </div>
   <div class='ocr_carea' id='block_1_44' title="bbox 302 4150 1990 4222">
    <p class='ocr_par' dir='ltr' id='par_1_44' title="bbox 302 4150 1990 4222">
     <span class='ocr_line' id='line_1_44' title="bbox 302 4150 1990 4222; baseline 0.002 -19"><span class='ocrx_word' id='word_1_318' title='bbox 302 4152 369 4204; x_wconf 91' lang='lat' dir='ltr'>ad</span> <span class='ocrx_word' id='word_1_319' title='bbox 406 4151 693 4203; x_wconf 86' lang='lat' dir='ltr'>Abraham</span> <span class='ocrx_word' id='word_1_320' title='bbox 720 4150 852 4202; x_wconf 90' lang='lat' dir='ltr'>anni</span> <span class='ocrx_word' id='word_1_321' title='bbox 884 4150 1113 4203; x_wconf 89' lang='lat' dir='ltr'>ducenti</span> <span class='ocrx_word' id='word_1_322' title='bbox 1135 4152 1452 4221; x_wconf 81' lang='lat' dir='ltr'>nonaginta</span> <span class='ocrx_word' id='word_1_323' title='bbox 1474 4152 1587 4204; x_wconf 91' lang='lat' dir='ltr'>duo</span> <span class='ocrx_word' id='word_1_324' title='bbox 1611 4154 1990 4222; x_wconf 83' lang='lat' dir='ltr'>reperiantur.</span> 
     </span>
    </p>
   </div>
   <div class='ocr_carea' id='block_1_45' title="bbox 376 4237 1991 4309">
    <p class='ocr_par' dir='ltr' id='par_1_45' title="bbox 376 4237 1991 4309">
     <span class='ocr_line' id='line_1_45' title="bbox 376 4237 1991 4309; baseline 0.001 -16"><span class='ocrx_word' id='word_1_325' title='bbox 376 4242 427 4293; x_wconf 89' lang='lat'>3.</span> <span class='ocrx_word' id='word_1_326' title='bbox 461 4237 783 4291; x_wconf 85' lang='lat' dir='ltr'>Secundum</span> <span class='ocrx_word' id='word_1_327' title='bbox 814 4237 1189 4306; x_wconf 86' lang='lat' dir='ltr'>Septuaginta</span> <span class='ocrx_word' id='word_1_328' title='bbox 1229 4244 1416 4292; x_wconf 89' lang='lat' dir='ltr'>autem</span> <span class='ocrx_word' id='word_1_329' title='bbox 1458 4240 1991 4309; x_wconf 83' lang='lat' dir='ltr'>interpretationem</span> 
     </span>
    </p>
   </div>
   <div class='ocr_carea' id='block_1_46' title="bbox 2100 522 3807 592">
    <p class='ocr_par' dir='ltr' id='par_1_46' title="bbox 2100 522 3807 592">
     <span class='ocr_line' id='line_1_46' title="bbox 2100 522 3807 592; baseline 0.001 -18"><span class='ocrx_word' id='word_1_330' title='bbox 2100 538 2215 592; x_wconf 91' lang='lat' dir='ltr'>quo</span> <span class='ocrx_word' id='word_1_331' title='bbox 2267 522 2571 576; x_wconf 88' lang='lat' dir='ltr'>deberetur</span> <span class='ocrx_word' id='word_1_332' title='bbox 2620 528 2881 592; x_wconf 90' lang='lat' dir='ltr'>tempore</span> <span class='ocrx_word' id='word_1_333' title='bbox 2940 522 3115 587; x_wconf 88' lang='lat' dir='ltr'>nasci,</span> <span class='ocrx_word' id='word_1_334' title='bbox 3172 523 3449 577; x_wconf 90' lang='lat' dir='ltr'>intactum</span> <span class='ocrx_word' id='word_1_335' title='bbox 3501 538 3807 591; x_wconf 84' lang='lat' dir='ltr'>nunquam</span> 
     </span>
    </p>
   </div>
   <div class='ocr_carea' id='block_1_47' title="bbox 2098 611 3804 682">
    <p class='ocr_par' dir='ltr' id='par_1_47' title="bbox 2098 611 3804 682">
     <span class='ocr_line' id='line_1_47' title="bbox 2098 611 3804 682; baseline -0.001 -18"><span class='ocrx_word' id='word_1_336' title='bbox 2098 612 2352 681; x_wconf 76' lang='lat' dir='ltr'>reliquit.</span> <span class='ocrx_word' id='word_1_337' title='bbox 2408 611 2570 674; x_wconf 91' lang='lat' dir='ltr'>Quod</span> <span class='ocrx_word' id='word_1_338' title='bbox 2618 627 2690 664; x_wconf 92' lang='lat' dir='ltr'>ne</span> <span class='ocrx_word' id='word_1_339' title='bbox 2737 611 2907 665; x_wconf 89' lang='lat' dir='ltr'>nudis</span> <span class='ocrx_word' id='word_1_340' title='bbox 2953 628 3041 665; x_wconf 91' lang='lat' dir='ltr'>me</span> <span class='ocrx_word' id='word_1_341' title='bbox 3088 618 3256 682; x_wconf 90' lang='lat' dir='ltr'>putes</span> <span class='ocrx_word' id='word_1_342' title='bbox 3305 612 3492 665; x_wconf 82' lang='lat' dir='ltr'>verbis</span> <span class='ocrx_word' id='word_1_343' title='bbox 3549 627 3804 669; x_wconf 68' lang='lat' dir='ltr'>narrare.</span> 
     </span>
    </p>
   </div>
   <div class='ocr_carea' id='block_1_48' title="bbox 2095 699 3803 770">
    <p class='ocr_par' dir='ltr' id='par_1_48' title="bbox 2095 699 3803 770">
     <span class='ocr_line' id='line_1_48' title="bbox 2095 699 3803 770; baseline -0.002 -17"><span class='ocrx_word' id='word_1_344' title='bbox 2095 700 2213 769; x_wconf 87' lang='lat' dir='ltr'>jam</span> <span class='ocrx_word' id='word_1_345' title='bbox 2262 700 2365 754; x_wconf 89' lang='lat' dir='ltr'>tibi</span> <span class='ocrx_word' id='word_1_346' title='bbox 2406 700 2750 754; x_wconf 91' lang='lat' dir='ltr'>documenta</span> <span class='ocrx_word' id='word_1_347' title='bbox 2782 700 2968 753; x_wconf 88' lang='lat' dir='ltr'>vivida</span> <span class='ocrx_word' id='word_1_348' title='bbox 3010 701 3220 753; x_wconf 89' lang='lat' dir='ltr'>curabo</span> <span class='ocrx_word' id='word_1_349' title='bbox 3271 700 3557 770; x_wconf 86' lang='lat' dir='ltr'>proferre.</span> <span class='ocrx_word' id='word_1_350' title='bbox 3602 699 3803 752; x_wconf 77' lang='lat' dir='ltr'>Verum</span> 
     </span>
    </p>
   </div>
   <div class='ocr_carea' id='block_1_49' title="bbox 2099 787 3802 859">
    <p class='ocr_par' dir='ltr' id='par_1_49' title="bbox 2099 787 3802 859">
     <span class='ocr_line' id='line_1_49' title="bbox 2099 787 3802 859; baseline -0.002 -17"><span class='ocrx_word' id='word_1_351' title='bbox 2099 793 2410 859; x_wconf 88' lang='lat' dir='ltr'>antequam</span> <span class='ocrx_word' id='word_1_352' title='bbox 2459 795 2656 842; x_wconf 90' lang='lat' dir='ltr'>nostra</span> <span class='ocrx_word' id='word_1_353' title='bbox 2686 788 2946 859; x_wconf 89' lang='lat' dir='ltr'>legaliter</span> <span class='ocrx_word' id='word_1_354' title='bbox 2986 789 3305 841; x_wconf 89' lang='lat' dir='ltr'>instruatur</span> <span class='ocrx_word' id='word_1_355' title='bbox 3346 787 3562 852; x_wconf 88' lang='lat' dir='ltr'>oratio,</span> <span class='ocrx_word' id='word_1_356' title='bbox 3620 802 3802 856; x_wconf 68' lang='lat' dir='ltr'>quaeso</span> 
     </span>
    </p>
   </div>
   <div class='ocr_carea' id='block_1_50' title="bbox 2098 876 3801 949">
    <p class='ocr_par' dir='ltr' id='par_1_50' title="bbox 2098 876 3801 949">
     <span class='ocr_line' id='line_1_50' title="bbox 2098 876 3801 949; baseline -0.002 -19"><span class='ocrx_word' id='word_1_357' title='bbox 2098 882 2153 931; x_wconf 92' lang='lat' dir='ltr'>te</span> <span class='ocrx_word' id='word_1_358' title='bbox 2186 878 2432 931; x_wconf 90' lang='lat' dir='ltr'>libenter</span> <span class='ocrx_word' id='word_1_359' title='bbox 2461 877 2695 931; x_wconf 86' lang='lat' dir='ltr'>adverte</span> <span class='ocrx_word' id='word_1_360' title='bbox 2725 894 2853 949; x_wconf 62' lang='lat' dir='ltr'>quin</span> <span class='ocrx_word' id='word_1_361' title='bbox 2903 878 3028 931; x_wconf 92' lang='lat' dir='ltr'>dico</span> <span class='ocrx_word' id='word_1_362' title='bbox 3082 895 3094 930; x_wconf 89' lang='lat'>:</span> <span class='ocrx_word' id='word_1_363' title='bbox 3143 879 3207 930; x_wconf 85' lang='lat' dir='ltr'>Et</span> <span class='ocrx_word' id='word_1_364' title='bbox 3256 893 3371 930; x_wconf 92' lang='lat' dir='ltr'>non</span> <span class='ocrx_word' id='word_1_365' title='bbox 3425 876 3801 929; x_wconf 67' lang='lat' dir='ltr'>mmulatione</span> 
     </span>
    </p>
   </div>
   <div class='ocr_carea' id='block_1_51' title="bbox 2098 963 3803 1033">
    <p class='ocr_par' dir='ltr' id='par_1_51' title="bbox 2098 963 3803 1033">
     <span class='ocr_line' id='line_1_51' title="bbox 2098 963 3803 1033; baseline -0.002 -14"><span class='ocrx_word' id='word_1_366' title='bbox 2098 966 2365 1020; x_wconf 87' lang='lat' dir='ltr'>vincendi</span> <span class='ocrx_word' id='word_1_367' title='bbox 2422 982 2590 1019; x_wconf 88' lang='lat' dir='ltr'>acuas</span> <span class='ocrx_word' id='word_1_368' title='bbox 2647 966 3023 1031; x_wconf 90' lang='lat' dir='ltr'>intellectum,</span> <span class='ocrx_word' id='word_1_369' title='bbox 3080 967 3175 1020; x_wconf 90' lang='lat' dir='ltr'>sed</span> <span class='ocrx_word' id='word_1_370' title='bbox 3235 966 3568 1019; x_wconf 87' lang='lat' dir='ltr'>intentione</span> <span class='ocrx_word' id='word_1_371' title='bbox 3636 963 3803 1033; x_wconf 84' lang='lat' dir='ltr'>proﬁ-</span> 
     </span>
    </p>
   </div>
   <div class='ocr_carea' id='block_1_52' title="bbox 2100 1054 3801 1125">
    <p class='ocr_par' dir='ltr' id='par_1_52' title="bbox 2100 1054 3801 1125">
     <span class='ocr_line' id='line_1_52' title="bbox 2100 1054 3801 1125; baseline -0.004 -16"><span class='ocrx_word' id='word_1_372' title='bbox 2100 1056 2307 1121; x_wconf 72' lang='lat' dir='ltr'>ciendi,</span> <span class='ocrx_word' id='word_1_373' title='bbox 2370 1060 2488 1108; x_wconf 90' lang='lat' dir='ltr'>tam</span> <span class='ocrx_word' id='word_1_374' title='bbox 2557 1055 2718 1117; x_wconf 86' lang='lat' dir='ltr'>mihi,</span> <span class='ocrx_word' id='word_1_375' title='bbox 2784 1071 2958 1125; x_wconf 90' lang='lat' dir='ltr'>quam</span> <span class='ocrx_word' id='word_1_376' title='bbox 3024 1055 3149 1119; x_wconf 89' lang='lat' dir='ltr'>tibi,</span> <span class='ocrx_word' id='word_1_377' title='bbox 3219 1054 3418 1109; x_wconf 91' lang='lat' dir='ltr'>elimes</span> <span class='ocrx_word' id='word_1_378' title='bbox 3490 1069 3742 1106; x_wconf 87' lang='lat' dir='ltr'>sensum</span> <span class='ocrx_word' id='word_1_379' title='bbox 3794 1072 3801 1101; x_wconf 91' lang='lat'>:</span> 
     </span>
    </p>
   </div>
   <div class='ocr_carea' id='block_1_53' title="bbox 2100 1142 3803 1214">
    <p class='ocr_par' dir='ltr' id='par_1_53' title="bbox 2100 1142 3803 1214">
     <span class='ocr_line' id='line_1_53' title="bbox 2100 1142 3803 1214; baseline -0.003 -17"><span class='ocrx_word' id='word_1_380' title='bbox 2100 1144 2283 1198; x_wconf 90' lang='lat' dir='ltr'>sciens</span> <span class='ocrx_word' id='word_1_381' title='bbox 2335 1144 2474 1214; x_wconf 91' lang='lat' dir='ltr'>quia</span> <span class='ocrx_word' id='word_1_382' title='bbox 2524 1160 2640 1196; x_wconf 93' lang='lat' dir='ltr'>non</span> <span class='ocrx_word' id='word_1_383' title='bbox 2697 1144 2757 1196; x_wconf 91' lang='lat' dir='ltr'>in</span> <span class='ocrx_word' id='word_1_384' title='bbox 2820 1143 3256 1196; x_wconf 85' lang='lat' dir='ltr'>ratiocinatione</span> <span class='ocrx_word' id='word_1_385' title='bbox 3315 1142 3458 1195; x_wconf 92' lang='lat' dir='ltr'>ﬁdes</span> <span class='ocrx_word' id='word_1_386' title='bbox 3523 1143 3803 1203; x_wconf 74' lang='lat' dir='ltr'>consistit.</span> 
     </span>
    </p>
   </div>
   <div class='ocr_carea' id='block_1_54' title="bbox 2101 1231 3805 1301">
    <p class='ocr_par' dir='ltr' id='par_1_54' title="bbox 2101 1231 3805 1301">
     <span class='ocr_line' id='line_1_54' title="bbox 2101 1231 3805 1301; baseline -0.004 -15"><span class='ocrx_word' id='word_1_387' title='bbox 2101 1233 2199 1286; x_wconf 92' lang='lat' dir='ltr'>sed</span> <span class='ocrx_word' id='word_1_388' title='bbox 2258 1233 2315 1286; x_wconf 91' lang='lat' dir='ltr'>in</span> <span class='ocrx_word' id='word_1_389' title='bbox 2381 1232 2641 1299; x_wconf 77' lang='lat' dir='ltr'>veritate,</span> <span class='ocrx_word' id='word_1_390' title='bbox 2708 1237 2764 1285; x_wconf 91' lang='lat' dir='ltr'>et</span> <span class='ocrx_word' id='word_1_391' title='bbox 2823 1232 3189 1301; x_wconf 86' lang='lat' dir='ltr'>simplicitate</span> <span class='ocrx_word' id='word_1_392' title='bbox 3250 1232 3462 1284; x_wconf 89' lang='lat' dir='ltr'>cordis.</span> <span class='ocrx_word' id='word_1_393' title='bbox 3531 1231 3805 1298; x_wconf 75' lang='lat' dir='ltr'>Quisquis</span> 
     </span>
    </p>
   </div>
   <div class='ocr_carea' id='block_1_55' title="bbox 2100 1318 3805 1386">
    <p class='ocr_par' dir='ltr' id='par_1_55' title="bbox 2100 1318 3805 1386">
     <span class='ocr_line' id='line_1_55' title="bbox 2100 1318 3805 1386; baseline -0.003 -11"><span class='ocrx_word' id='word_1_394' title='bbox 2100 1322 2197 1375; x_wconf 91' lang='lat' dir='ltr'>ille</span> <span class='ocrx_word' id='word_1_395' title='bbox 2254 1321 2470 1375; x_wconf 91' lang='lat' dir='ltr'>munda</span> <span class='ocrx_word' id='word_1_396' title='bbox 2533 1325 2619 1375; x_wconf 90' lang='lat' dir='ltr'>est</span> <span class='ocrx_word' id='word_1_397' title='bbox 2676 1326 2889 1386; x_wconf 90' lang='lat' dir='ltr'>mente,</span> <span class='ocrx_word' id='word_1_398' title='bbox 2948 1321 3255 1375; x_wconf 87' lang='lat' dir='ltr'>Dominum</span> <span class='ocrx_word' id='word_1_399' title='bbox 3311 1320 3486 1373; x_wconf 87' lang='lat' dir='ltr'>videt.</span> <span class='ocrx_word' id='word_1_400' title='bbox 3552 1320 3629 1371; x_wconf 87' lang='lat' dir='ltr'>Et</span> <span class='ocrx_word' id='word_1_401' title='bbox 3686 1318 3805 1371; x_wconf 84' lang='lat' dir='ltr'>ideo</span> 
     </span>
    </p>
   </div>
   <div class='ocr_carea' id='block_1_56' title="bbox 2103 1407 3801 1479">
    <p class='ocr_par' dir='ltr' id='par_1_56' title="bbox 2103 1407 3801 1479">
     <span class='ocr_line' id='line_1_56' title="bbox 2103 1407 3801 1479; baseline -0.002 -17"><span class='ocrx_word' id='word_1_402' title='bbox 2103 1410 2149 1462; x_wconf 91' lang='lat' dir='ltr'>si</span> <span class='ocrx_word' id='word_1_403' title='bbox 2180 1414 2505 1479; x_wconf 88' lang='lat' dir='ltr'>susceptum</span> <span class='ocrx_word' id='word_1_404' title='bbox 2537 1414 2621 1462; x_wconf 86' lang='lat' dir='ltr'>est</span> <span class='ocrx_word' id='word_1_405' title='bbox 2649 1409 2801 1478; x_wconf 90' lang='lat' dir='ltr'>quod</span> <span class='ocrx_word' id='word_1_406' title='bbox 2840 1407 3068 1478; x_wconf 87' lang='lat' dir='ltr'>ingessi,</span> <span class='ocrx_word' id='word_1_407' title='bbox 3102 1413 3326 1476; x_wconf 89' lang='lat' dir='ltr'>gratum</span> <span class='ocrx_word' id='word_1_408' title='bbox 3361 1413 3448 1459; x_wconf 90' lang='lat' dir='ltr'>est</span> <span class='ocrx_word' id='word_1_409' title='bbox 3479 1407 3642 1476; x_wconf 88' lang='lat' dir='ltr'>quod</span> <span class='ocrx_word' id='word_1_410' title='bbox 3677 1423 3801 1475; x_wconf 82' lang='lat' dir='ltr'>sug-</span> 
     </span>
    </p>
   </div>
   <div class='ocr_carea' id='block_1_57' title="bbox 2102 1496 3804 1569">
    <p class='ocr_par' dir='ltr' id='par_1_57' title="bbox 2102 1496 3804 1569">
     <span class='ocr_line' id='line_1_57' title="bbox 2102 1496 3804 1569; baseline -0.003 -18"><span class='ocrx_word' id='word_1_411' title='bbox 2102 1498 2272 1569; x_wconf 86' lang='lat' dir='ltr'>gessi.</span> <span class='ocrx_word' id='word_1_412' title='bbox 2319 1498 2375 1552; x_wconf 89' lang='lat' dir='ltr'>Si</span> <span class='ocrx_word' id='word_1_413' title='bbox 2423 1514 2556 1551; x_wconf 90' lang='lat' dir='ltr'>vero</span> <span class='ocrx_word' id='word_1_414' title='bbox 2604 1499 2907 1551; x_wconf 88' lang='lat' dir='ltr'>molestum</span> <span class='ocrx_word' id='word_1_415' title='bbox 2956 1501 3041 1550; x_wconf 87' lang='lat' dir='ltr'>est</span> <span class='ocrx_word' id='word_1_416' title='bbox 3086 1496 3235 1566; x_wconf 91' lang='lat' dir='ltr'>quod</span> <span class='ocrx_word' id='word_1_417' title='bbox 3287 1496 3515 1565; x_wconf 89' lang='lat' dir='ltr'>scripsi,</span> <span class='ocrx_word' id='word_1_418' title='bbox 3566 1496 3804 1548; x_wconf 84' lang='lat' dir='ltr'>benevo—</span> 
     </span>
    </p>
   </div>
   <div class='ocr_carea' id='block_1_58' title="bbox 2100 1583 3804 1657">
    <p class='ocr_par' dir='ltr' id='par_1_58' title="bbox 2100 1583 3804 1657">
     <span class='ocr_line' id='line_1_58' title="bbox 2100 1583 3804 1657; baseline -0.003 -17"><span class='ocrx_word' id='word_1_419' title='bbox 2100 1587 2339 1641; x_wconf 90' lang='lat' dir='ltr'>lentiam</span> <span class='ocrx_word' id='word_1_420' title='bbox 2373 1604 2509 1657; x_wconf 89' lang='lat' dir='ltr'>erga</span> <span class='ocrx_word' id='word_1_421' title='bbox 2538 1592 2591 1640; x_wconf 92' lang='lat' dir='ltr'>te</span> <span class='ocrx_word' id='word_1_422' title='bbox 2622 1586 2799 1640; x_wconf 89' lang='lat' dir='ltr'>animi</span> <span class='ocrx_word' id='word_1_423' title='bbox 2831 1602 2944 1639; x_wconf 92' lang='lat' dir='ltr'>non</span> <span class='ocrx_word' id='word_1_424' title='bbox 2980 1585 3167 1639; x_wconf 85' lang='lat' dir='ltr'>obtexi</span> <span class='ocrx_word' id='word_1_425' title='bbox 3202 1601 3213 1637; x_wconf 91' lang='lat'><strong>:</strong></span> <span class='ocrx_word' id='word_1_426' title='bbox 3249 1584 3400 1654; x_wconf 88' lang='lat' dir='ltr'>quod</span> <span class='ocrx_word' id='word_1_427' title='bbox 3433 1589 3493 1637; x_wconf 91' lang='lat' dir='ltr'>et</span> <span class='ocrx_word' id='word_1_428' title='bbox 3532 1589 3601 1637; x_wconf 90' lang='lat' dir='ltr'>tu</span> <span class='ocrx_word' id='word_1_429' title='bbox 3653 1583 3804 1636; x_wconf 89' lang='lat' dir='ltr'>simi-</span> 
     </span>
    </p>
   </div>
   <div class='ocr_carea' id='block_1_59' title="bbox 2102 1673 3805 1746">
    <p class='ocr_par' dir='ltr' id='par_1_59' title="bbox 2102 1673 3805 1746">
     <span class='ocr_line' id='line_1_59' title="bbox 2102 1673 3805 1746; baseline -0.004 -17"><span class='ocrx_word' id='word_1_430' title='bbox 2102 1677 2233 1729; x_wconf 89' lang='lat' dir='ltr'>liter</span> <span class='ocrx_word' id='word_1_431' title='bbox 2272 1692 2407 1746; x_wconf 89' lang='lat' dir='ltr'>erga</span> <span class='ocrx_word' id='word_1_432' title='bbox 2448 1692 2539 1729; x_wconf 91' lang='lat' dir='ltr'>me</span> <span class='ocrx_word' id='word_1_433' title='bbox 2583 1677 2755 1729; x_wconf 91' lang='lat' dir='ltr'>debes</span> <span class='ocrx_word' id='word_1_434' title='bbox 2804 1675 3162 1745; x_wconf 90' lang='lat' dir='ltr'>impendere,</span> <span class='ocrx_word' id='word_1_435' title='bbox 3212 1679 3268 1726; x_wconf 91' lang='lat' dir='ltr'>et</span> <span class='ocrx_word' id='word_1_436' title='bbox 3312 1690 3490 1743; x_wconf 89' lang='lat' dir='ltr'>quem</span> <span class='ocrx_word' id='word_1_437' title='bbox 3537 1673 3703 1725; x_wconf 80' lang='lat' dir='ltr'>vides</span> <span class='ocrx_word' id='word_1_438' title='bbox 3752 1678 3805 1723; x_wconf 81' lang='lat' dir='ltr'>ut</span> 
     </span>
    </p>
   </div>
   <div class='ocr_carea' id='block_1_60' title="bbox 2102 1762 3803 1835">
    <p class='ocr_par' dir='ltr' id='par_1_60' title="bbox 2102 1762 3803 1835">
     <span class='ocr_line' id='line_1_60' title="bbox 2102 1762 3803 1835; baseline -0.003 -17"><span class='ocrx_word' id='word_1_439' title='bbox 2102 1765 2205 1819; x_wconf 88' lang='lat' dir='ltr'>tibi</span> <span class='ocrx_word' id='word_1_440' title='bbox 2234 1765 2457 1818; x_wconf 84' lang='lat' dir='ltr'>videtur</span> <span class='ocrx_word' id='word_1_441' title='bbox 2488 1780 2699 1831; x_wconf 87' lang='lat' dir='ltr'>errare,</span> <span class='ocrx_word' id='word_1_442' title='bbox 2743 1780 2815 1819; x_wconf 91' lang='lat' dir='ltr'>ne</span> <span class='ocrx_word' id='word_1_443' title='bbox 2858 1767 3073 1835; x_wconf 89' lang='lat' dir='ltr'>pereat,</span> <span class='ocrx_word' id='word_1_444' title='bbox 3123 1762 3280 1816; x_wconf 91' lang='lat' dir='ltr'>omni</span> <span class='ocrx_word' id='word_1_445' title='bbox 3328 1762 3379 1815; x_wconf 88' lang='lat' dir='ltr'>vi</span> <span class='ocrx_word' id='word_1_446' title='bbox 3428 1778 3583 1815; x_wconf 88' lang='lat' dir='ltr'>cona</span> <span class='ocrx_word' id='word_1_447' title='bbox 3617 1776 3647 1816; x_wconf 72' lang='grc' dir='ltr'><em>ε</em></span> <span class='ocrx_word' id='word_1_448' title='bbox 3680 1762 3803 1814; x_wconf 57' lang='lat' dir='ltr'>insi.</span> 
     </span>
    </p>
   </div>
   <div class='ocr_carea' id='block_1_61' title="bbox 2100 1851 3802 1924">
    <p class='ocr_par' dir='ltr' id='par_1_61' title="bbox 2100 1851 3802 1924">
     <span class='ocr_line' id='line_1_61' title="bbox 2100 1851 3802 1924; baseline -0.003 -17"><span class='ocrx_word' id='word_1_449' title='bbox 2100 1860 2267 1907; x_wconf 90' lang='lat' dir='ltr'>stere.</span> <span class='ocrx_word' id='word_1_450' title='bbox 2304 1855 2498 1924; x_wconf 89' lang='lat' dir='ltr'>Neque</span> <span class='ocrx_word' id='word_1_451' title='bbox 2526 1853 2792 1923; x_wconf 90' lang='lat' dir='ltr'>plurimis</span> <span class='ocrx_word' id='word_1_452' title='bbox 2820 1851 3165 1905; x_wconf 89' lang='lat' dir='ltr'>testimoniis</span> <span class='ocrx_word' id='word_1_453' title='bbox 3188 1855 3528 1920; x_wconf 87' lang='lat' dir='ltr'>occupatam</span> <span class='ocrx_word' id='word_1_454' title='bbox 3555 1856 3802 1904; x_wconf 83' lang='lat' dir='ltr'>mentem</span> 
     </span>
    </p>
   </div>
   <div class='ocr_carea' id='block_1_62' title="bbox 2101 1940 3800 2010">
    <p class='ocr_par' dir='ltr' id='par_1_62' title="bbox 2101 1940 3800 2010">
     <span class='ocr_line' id='line_1_62' title="bbox 2101 1940 3800 2010; baseline -0.002 -15"><span class='ocrx_word' id='word_1_455' title='bbox 2101 1948 2259 1996; x_wconf 88' lang='lat' dir='ltr'>tuam</span> <span class='ocrx_word' id='word_1_456' title='bbox 2305 1942 2508 1996; x_wconf 86' lang='lat' dir='ltr'>studiis</span> <span class='ocrx_word' id='word_1_457' title='bbox 2552 1943 2730 1995; x_wconf 91' lang='lat' dir='ltr'>debeo</span> <span class='ocrx_word' id='word_1_458' title='bbox 2779 1941 3080 2010; x_wconf 91' lang='lat' dir='ltr'>impedire,</span> <span class='ocrx_word' id='word_1_459' title='bbox 3130 1940 3313 1993; x_wconf 89' lang='lat' dir='ltr'>sciens</span> <span class='ocrx_word' id='word_1_460' title='bbox 3355 1940 3496 2010; x_wconf 84' lang='lat' dir='ltr'>quia</span> <span class='ocrx_word' id='word_1_461' title='bbox 3548 1940 3647 1993; x_wconf 90' lang='lat' dir='ltr'>cui</span> <span class='ocrx_word' id='word_1_462' title='bbox 3698 1956 3800 1992; x_wconf 90' lang='lat' dir='ltr'>non</span> 
     </span>
    </p>
   </div>
   <div class='ocr_carea' id='block_1_63' title="bbox 2102 2028 3801 2100">
    <p class='ocr_par' dir='ltr' id='par_1_63' title="bbox 2102 2028 3801 2100">
     <span class='ocr_line' id='line_1_63' title="bbox 2102 2028 3801 2100; baseline -0.002 -16"><span class='ocrx_word' id='word_1_463' title='bbox 2102 2032 2397 2084; x_wconf 88' lang='lat' dir='ltr'>sufﬁciunt</span> <span class='ocrx_word' id='word_1_464' title='bbox 2436 2047 2610 2100; x_wconf 86' lang='lat' dir='ltr'>parva</span> <span class='ocrx_word' id='word_1_465' title='bbox 2655 2033 2701 2095; x_wconf 89' lang='lat' dir='ltr'>h,</span> <span class='ocrx_word' id='word_1_466' title='bbox 2753 2031 2887 2082; x_wconf 88' lang='lat' dir='ltr'>satis</span> <span class='ocrx_word' id='word_1_467' title='bbox 2942 2034 3109 2083; x_wconf 90' lang='lat' dir='ltr'>erunt</span> <span class='ocrx_word' id='word_1_468' title='bbox 3166 2045 3268 2081; x_wconf 90' lang='lat' dir='ltr'>nec</span> <span class='ocrx_word' id='word_1_469' title='bbox 3320 2029 3502 2081; x_wconf 87' lang='lat' dir='ltr'>mille.</span> <span class='ocrx_word' id='word_1_470' title='bbox 3570 2028 3801 2098; x_wconf 83' lang='lat' dir='ltr'>Sapiens</span> 
     </span>
    </p>
   </div>
   <div class='ocr_carea' id='block_1_64' title="bbox 2103 2116 3801 2189">
    <p class='ocr_par' dir='ltr' id='par_1_64' title="bbox 2103 2116 3801 2189">
     <span class='ocr_line' id='line_1_64' title="bbox 2103 2116 3801 2189; baseline -0.002 -17"><span class='ocrx_word' id='word_1_471' title='bbox 2103 2120 2256 2173; x_wconf 90' lang='lat' dir='ltr'>enim</span> <span class='ocrx_word' id='word_1_472' title='bbox 2301 2136 2418 2172; x_wconf 90' lang='lat' dir='ltr'>non</span> <span class='ocrx_word' id='word_1_473' title='bbox 2459 2118 2659 2189; x_wconf 89' lang='lat' dir='ltr'>quanti</span> <span class='ocrx_word' id='word_1_474' title='bbox 2708 2118 2898 2172; x_wconf 89' lang='lat' dir='ltr'>dicant</span> <span class='ocrx_word' id='word_1_475' title='bbox 2945 2117 3208 2181; x_wconf 90' lang='lat' dir='ltr'>attendit,</span> <span class='ocrx_word' id='word_1_476' title='bbox 3249 2117 3343 2170; x_wconf 92' lang='lat' dir='ltr'>sed</span> <span class='ocrx_word' id='word_1_477' title='bbox 3389 2117 3490 2185; x_wconf 87' lang='lat' dir='ltr'>qui</span> <span class='ocrx_word' id='word_1_478' title='bbox 3545 2116 3666 2169; x_wconf 89' lang='lat' dir='ltr'>sint</span> <span class='ocrx_word' id='word_1_479' title='bbox 3710 2118 3801 2186; x_wconf 88' lang='lat' dir='ltr'>qui</span> 
     </span>
    </p>
   </div>
   <div class='ocr_carea' id='block_1_65' title="bbox 2104 2204 3799 2276">
    <p class='ocr_par' dir='ltr' id='par_1_65' title="bbox 2104 2204 3799 2276">
     <span class='ocr_line' id='line_1_65' title="bbox 2104 2204 3799 2276; baseline -0.004 -14"><span class='ocrx_word' id='word_1_480' title='bbox 2104 2209 2295 2262; x_wconf 91' lang='lat' dir='ltr'>dicant</span> <span class='ocrx_word' id='word_1_481' title='bbox 2325 2209 2545 2261; x_wconf 90' lang='lat' dir='ltr'>utiliter</span> <span class='ocrx_word' id='word_1_482' title='bbox 2574 2208 2748 2261; x_wconf 91' lang='lat' dir='ltr'>norit.</span> <span class='ocrx_word' id='word_1_483' title='bbox 2793 2209 2859 2260; x_wconf 89' lang='lat' dir='ltr'>Et</span> <span class='ocrx_word' id='word_1_484' title='bbox 2900 2207 3034 2261; x_wconf 91' lang='lat' dir='ltr'>inde</span> <span class='ocrx_word' id='word_1_485' title='bbox 3067 2206 3351 2276; x_wconf 88' lang='lat' dir='ltr'>propheta</span> <span class='ocrx_word' id='word_1_486' title='bbox 3388 2204 3634 2257; x_wconf 87' lang='lat' dir='ltr'>beatum</span> <span class='ocrx_word' id='word_1_487' title='bbox 3669 2221 3799 2273; x_wconf 70' lang='lat' dir='ltr'>prae-</span> 
     </span>
    </p>
   </div>
   <div class='ocr_carea' id='block_1_66' title="bbox 2104 2294 3799 2366">
    <p class='ocr_par' dir='ltr' id='par_1_66' title="bbox 2104 2294 3799 2366">
     <span class='ocr_line' id='line_1_66' title="bbox 2104 2294 3799 2366; baseline -0.003 -16"><span class='ocrx_word' id='word_1_488' title='bbox 2104 2297 2261 2363; x_wconf 87' lang='lat' dir='ltr'>dixit,</span> <span class='ocrx_word' id='word_1_489' title='bbox 2310 2298 2410 2366; x_wconf 90' lang='lat' dir='ltr'>qui</span> <span class='ocrx_word' id='word_1_490' title='bbox 2441 2297 2499 2349; x_wconf 91' lang='lat' dir='ltr'>in</span> <span class='ocrx_word' id='word_1_491' title='bbox 2545 2312 2742 2349; x_wconf 86' lang='lat' dir='ltr'>aurem</span> <span class='ocrx_word' id='word_1_492' title='bbox 2786 2296 3073 2349; x_wconf 87' lang='lat' dir='ltr'>audientis</span> <span class='ocrx_word' id='word_1_493' title='bbox 3104 2294 3331 2364; x_wconf 87' lang='lat' dir='ltr'>eloquia</span> <span class='ocrx_word' id='word_1_494' title='bbox 3360 2294 3590 2362; x_wconf 85' lang='lat' dir='ltr'>profert</span> <span class='ocrx_word' id='word_1_495' title='bbox 3625 2296 3637 2326; x_wconf 67' lang='grc' dir='ltr'><strong>ί</strong></span> <span class='ocrx_word' id='word_1_496' title='bbox 3674 2294 3799 2363; x_wconf 85' lang='lat' dir='ltr'>quia</span> 
     </span>
    </p>
   </div>
   <div class='ocr_carea' id='block_1_67' title="bbox 2103 2382 3800 2453">
    <p class='ocr_par' dir='ltr' id='par_1_67' title="bbox 2103 2382 3800 2453">
     <span class='ocr_line' id='line_1_67' title="bbox 2103 2382 3800 2453; baseline -0.003 -14"><span class='ocrx_word' id='word_1_497' title='bbox 2103 2386 2313 2439; x_wconf 90' lang='lat' dir='ltr'>dicitur</span> <span class='ocrx_word' id='word_1_498' title='bbox 2357 2386 2554 2439; x_wconf 87' lang='lat' dir='ltr'>fallere</span> <span class='ocrx_word' id='word_1_499' title='bbox 2603 2385 2829 2438; x_wconf 89' lang='lat' dir='ltr'>auditus</span> <span class='ocrx_word' id='word_1_500' title='bbox 2878 2385 3037 2453; x_wconf 85' lang='lat' dir='ltr'>cujus</span> <span class='ocrx_word' id='word_1_501' title='bbox 3084 2383 3272 2452; x_wconf 87' lang='lat' dir='ltr'>segnis</span> <span class='ocrx_word' id='word_1_502' title='bbox 3315 2398 3429 2435; x_wconf 89' lang='lat' dir='ltr'>non</span> <span class='ocrx_word' id='word_1_503' title='bbox 3477 2382 3800 2451; x_wconf 82' lang='lat' dir='ltr'>vigilaverit</span> 
     </span>
    </p>
   </div>
   <div class='ocr_carea' id='block_1_68' title="bbox 2105 2470 3798 2541">
    <p class='ocr_par' dir='ltr' id='par_1_68' title="bbox 2105 2470 3798 2541">
     <span class='ocr_line' id='line_1_68' title="bbox 2105 2470 3798 2541; baseline -0.004 -14"><span class='ocrx_word' id='word_1_504' title='bbox 2105 2490 2322 2527; x_wconf 88' lang='lat' dir='ltr'>sensus.</span> <span class='ocrx_word' id='word_1_505' title='bbox 2357 2476 2621 2527; x_wconf 88' lang='lat' dir='ltr'>Poteram</span> <span class='ocrx_word' id='word_1_506' title='bbox 2652 2473 2754 2526; x_wconf 86' lang='lat' dir='ltr'>tibi</span> <span class='ocrx_word' id='word_1_507' title='bbox 2796 2472 3025 2541; x_wconf 89' lang='lat' dir='ltr'>copiosa</span> <span class='ocrx_word' id='word_1_508' title='bbox 3071 2470 3395 2524; x_wconf 87' lang='lat' dir='ltr'>testimonia</span> <span class='ocrx_word' id='word_1_509' title='bbox 3425 2471 3497 2524; x_wconf 91' lang='lat' dir='ltr'>de</span> <span class='ocrx_word' id='word_1_510' title='bbox 3532 2471 3798 2539; x_wconf 85' lang='lat' dir='ltr'>reproba-</span> 
     </span>
    </p>
   </div>
   <div class='ocr_carea' id='block_1_69' title="bbox 2104 2559 3797 2630">
    <p class='ocr_par' dir='ltr' id='par_1_69' title="bbox 2104 2559 3797 2630">
     <span class='ocr_line' id='line_1_69' title="bbox 2104 2559 3797 2630; baseline -0.004 -14"><span class='ocrx_word' id='word_1_511' title='bbox 2104 2563 2262 2617; x_wconf 89' lang='lat' dir='ltr'>tione</span> <span class='ocrx_word' id='word_1_512' title='bbox 2295 2568 2499 2627; x_wconf 87' lang='lat' dir='ltr'>vestra,</span> <span class='ocrx_word' id='word_1_513' title='bbox 2534 2567 2591 2615; x_wconf 91' lang='lat' dir='ltr'>et</span> <span class='ocrx_word' id='word_1_514' title='bbox 2637 2562 2914 2615; x_wconf 91' lang='lat' dir='ltr'>electione</span> <span class='ocrx_word' id='word_1_515' title='bbox 2944 2560 3202 2630; x_wconf 86' lang='lat' dir='ltr'>gentium</span> <span class='ocrx_word' id='word_1_516' title='bbox 3248 2575 3578 2628; x_wconf 86' lang='lat' dir='ltr'>excerpere,</span> <span class='ocrx_word' id='word_1_517' title='bbox 3617 2559 3665 2611; x_wconf 88' lang='lat' dir='ltr'>si</span> <span class='ocrx_word' id='word_1_518' title='bbox 3697 2575 3797 2611; x_wconf 89' lang='lat' dir='ltr'>non</span> 
     </span>
    </p>
   </div>
   <div class='ocr_carea' id='block_1_70' title="bbox 2102 2648 3799 2705">
    <p class='ocr_par' dir='ltr' id='par_1_70' title="bbox 2102 2648 3799 2705">
     <span class='ocr_line' id='line_1_70' title="bbox 2102 2648 3799 2705; baseline -0.005 0"><span class='ocrx_word' id='word_1_519' title='bbox 2102 2652 2173 2705; x_wconf 88' lang='lat' dir='ltr'>ab</span> <span class='ocrx_word' id='word_1_520' title='bbox 2244 2650 2646 2704; x_wconf 86' lang='lat' dir='ltr'>eruditissimis</span> <span class='ocrx_word' id='word_1_521' title='bbox 2712 2651 2849 2702; x_wconf 90' lang='lat' dir='ltr'>viris</span> <span class='ocrx_word' id='word_1_522' title='bbox 2911 2650 3017 2702; x_wconf 91' lang='lat' dir='ltr'>hoc</span> <span class='ocrx_word' id='word_1_523' title='bbox 3078 2648 3532 2702; x_wconf 88' lang='lat' dir='ltr'>antecessoribus</span> <span class='ocrx_word' id='word_1_524' title='bbox 3606 2648 3799 2700; x_wconf 79' lang='lat' dir='ltr'>vestris</span> 
     </span>
    </p>
   </div>
   <div class='ocr_carea' id='block_1_71' title="bbox 2101 2736 3797 2805">
    <p class='ocr_par' dir='ltr' id='par_1_71' title="bbox 2101 2736 3797 2805">
     <span class='ocr_line' id='line_1_71' title="bbox 2101 2736 3797 2805; baseline -0.004 -12"><span class='ocrx_word' id='word_1_525' title='bbox 2101 2741 2310 2793; x_wconf 86' lang='lat' dir='ltr'>factum</span> <span class='ocrx_word' id='word_1_526' title='bbox 2355 2740 2666 2791; x_wconf 80' lang='lat' dir='ltr'>reColerem</span> <span class='ocrx_word' id='word_1_527' title='bbox 2717 2754 2859 2791; x_wconf 90' lang='lat' dir='ltr'>esse.</span> <span class='ocrx_word' id='word_1_528' title='bbox 2911 2738 2994 2791; x_wconf 90' lang='lat' dir='ltr'>0b</span> <span class='ocrx_word' id='word_1_529' title='bbox 3042 2737 3097 2790; x_wconf 92' lang='lat' dir='ltr'>id</span> <span class='ocrx_word' id='word_1_530' title='bbox 3149 2736 3483 2789; x_wconf 83' lang='lat' dir='ltr'>amittentes</span> <span class='ocrx_word' id='word_1_531' title='bbox 3526 2736 3633 2788; x_wconf 89' lang='lat' dir='ltr'>illa</span> <span class='ocrx_word' id='word_1_532' title='bbox 3677 2752 3797 2805; x_wconf 64' lang='lat' dir='ltr'>quae</span> 
     </span>
    </p>
   </div>
   <div class='ocr_carea' id='block_1_72' title="bbox 2096 2824 3797 2898">
    <p class='ocr_par' dir='ltr' id='par_1_72' title="bbox 2096 2824 3797 2898">
     <span class='ocr_line' id='line_1_72' title="bbox 2096 2824 3797 2898; baseline -0.005 -15"><span class='ocrx_word' id='word_1_533' title='bbox 2096 2831 2213 2898; x_wconf 88' lang='lat' dir='ltr'>jam</span> <span class='ocrx_word' id='word_1_534' title='bbox 2262 2835 2394 2880; x_wconf 79' lang='lat' dir='ltr'>sunt</span> <span class='ocrx_word' id='word_1_535' title='bbox 2444 2828 2587 2897; x_wconf 89' lang='lat' dir='ltr'>stylo</span> <span class='ocrx_word' id='word_1_536' title='bbox 2647 2826 2963 2879; x_wconf 89' lang='lat' dir='ltr'>inlustriori</span> <span class='ocrx_word' id='word_1_537' title='bbox 3018 2826 3105 2879; x_wconf 91' lang='lat' dir='ltr'>vel</span> <span class='ocrx_word' id='word_1_538' title='bbox 3163 2824 3489 2878; x_wconf 88' lang='lat' dir='ltr'>facundiori</span> <span class='ocrx_word' id='word_1_539' title='bbox 3537 2825 3615 2877; x_wconf 84' lang='lat' dir='ltr'>ab</span> <span class='ocrx_word' id='word_1_540' title='bbox 3673 2825 3797 2887; x_wconf 81' lang='lat' dir='ltr'>illis,</span> 
     </span>
    </p>
   </div>
   <div class='ocr_carea' id='block_1_73' title="bbox 2103 2913 3799 2987">
    <p class='ocr_par' dir='ltr' id='par_1_73' title="bbox 2103 2913 3799 2987">
     <span class='ocr_line' id='line_1_73' title="bbox 2103 2913 3799 2987; baseline -0.004 -17"><span class='ocrx_word' id='word_1_541' title='bbox 2103 2916 2433 2987; x_wconf 87' lang='lat' dir='ltr'>eloquentia</span> <span class='ocrx_word' id='word_1_542' title='bbox 2463 2920 2517 2968; x_wconf 89' lang='lat' dir='ltr'>et</span> <span class='ocrx_word' id='word_1_543' title='bbox 2561 2914 2855 2968; x_wconf 87' lang='lat' dir='ltr'>sanctitate</span> <span class='ocrx_word' id='word_1_544' title='bbox 2888 2913 3252 2984; x_wconf 87' lang='lat' dir='ltr'>pollentibus,</span> <span class='ocrx_word' id='word_1_545' title='bbox 3286 2913 3507 2965; x_wconf 86' lang='lat' dir='ltr'>dudum</span> <span class='ocrx_word' id='word_1_546' title='bbox 3542 2915 3799 2965; x_wconf 78' lang='lat' dir='ltr'>conscri—</span> 
     </span>
    </p>
   </div>
   <div class='ocr_carea' id='block_1_74' title="bbox 2032 3001 3793 3081">
    <p class='ocr_par' dir='ltr' id='par_1_74' title="bbox 2032 3001 3793 3081">
     <span class='ocr_line' id='line_1_74' title="bbox 2032 3001 3793 3081; baseline -0.002 -23"><span class='ocrx_word' id='word_1_547' title='bbox 2032 3026 2071 3081; x_wconf 68' lang='grc' dir='ltr'><strong>ρ</strong></span> <span class='ocrx_word' id='word_1_548' title='bbox 2102 3011 2222 3074; x_wconf 86' lang='lat' dir='ltr'>pta,</span> <span class='ocrx_word' id='word_1_549' title='bbox 2257 3010 2313 3057; x_wconf 91' lang='lat' dir='ltr'>ut</span> <span class='ocrx_word' id='word_1_550' title='bbox 2348 3003 2617 3073; x_wconf 66' lang='lat' dir='ltr'>praefatus</span> <span class='ocrx_word' id='word_1_551' title='bbox 2645 3019 2791 3069; x_wconf 89' lang='lat' dir='ltr'>sum,</span> <span class='ocrx_word' id='word_1_552' title='bbox 2831 3018 3006 3071; x_wconf 86' lang='lat' dir='ltr'>parva</span> <span class='ocrx_word' id='word_1_553' title='bbox 3031 3002 3360 3056; x_wconf 84' lang='lat' dir='ltr'>testimonia</span> <span class='ocrx_word' id='word_1_554' title='bbox 3391 3017 3511 3054; x_wconf 85' lang='lat' dir='ltr'>non</span> <span class='ocrx_word' id='word_1_555' title='bbox 3543 3001 3793 3061; x_wconf 77' lang='lat' dir='ltr'>inﬁrma,</span> 
     </span>
    </p>
   </div>
   <div class='ocr_carea' id='block_1_75' title="bbox 2104 3088 3796 3158">
    <p class='ocr_par' dir='ltr' id='par_1_75' title="bbox 2104 3088 3796 3158">
     <span class='ocr_line' id='line_1_75' title="bbox 2104 3088 3796 3158; baseline -0.005 -11"><span class='ocrx_word' id='word_1_556' title='bbox 2104 3094 2200 3147; x_wconf 92' lang='lat' dir='ltr'>sed</span> <span class='ocrx_word' id='word_1_557' title='bbox 2229 3093 2413 3147; x_wconf 88' lang='lat' dir='ltr'>valida</span> <span class='ocrx_word' id='word_1_558' title='bbox 2445 3092 2755 3145; x_wconf 84' lang='lat' dir='ltr'>retexendo</span> <span class='ocrx_word' id='word_1_559' title='bbox 2785 3091 3019 3144; x_wconf 89' lang='lat' dir='ltr'>eliceam</span> <span class='ocrx_word' id='word_1_560' title='bbox 3056 3106 3067 3142; x_wconf 96' lang='lat'>:</span> <span class='ocrx_word' id='word_1_561' title='bbox 3115 3093 3171 3142; x_wconf 90' lang='lat' dir='ltr'>et</span> <span class='ocrx_word' id='word_1_562' title='bbox 3200 3089 3339 3158; x_wconf 87' lang='lat' dir='ltr'>quid</span> <span class='ocrx_word' id='word_1_563' title='bbox 3370 3088 3430 3141; x_wconf 90' lang='lat' dir='ltr'>in</span> <span class='ocrx_word' id='word_1_564' title='bbox 3463 3104 3561 3141; x_wconf 88' lang='lat' dir='ltr'>eas</span> <span class='ocrx_word' id='word_1_565' title='bbox 3595 3091 3796 3143; x_wconf 85' lang='lat' dir='ltr'>sentias</span> 
     </span>
    </p>
   </div>
   <div class='ocr_carea' id='block_1_76' title="bbox 2104 3177 3794 3250">
    <p class='ocr_par' dir='ltr' id='par_1_76' title="bbox 2104 3177 3794 3250">
     <span class='ocr_line' id='line_1_76' title="bbox 2104 3177 3794 3250; baseline -0.004 -15"><span class='ocrx_word' id='word_1_566' title='bbox 2104 3182 2511 3250; x_wconf 87' lang='lat' dir='ltr'>interrogando</span> <span class='ocrx_word' id='word_1_567' title='bbox 2544 3180 2896 3250; x_wconf 88' lang='lat' dir='ltr'>perquiram,</span> <span class='ocrx_word' id='word_1_568' title='bbox 2932 3184 2993 3232; x_wconf 91' lang='lat' dir='ltr'>ut</span> <span class='ocrx_word' id='word_1_569' title='bbox 3023 3183 3119 3231; x_wconf 91' lang='lat' dir='ltr'>aut</span> <span class='ocrx_word' id='word_1_570' title='bbox 3146 3178 3350 3230; x_wconf 89' lang='lat' dir='ltr'>doceas</span> <span class='ocrx_word' id='word_1_571' title='bbox 3385 3193 3479 3230; x_wconf 90' lang='lat' dir='ltr'>me</span> <span class='ocrx_word' id='word_1_572' title='bbox 3511 3177 3794 3247; x_wconf 84' lang='lat' dir='ltr'>ignorasse</span> 
     </span>
    </p>
   </div>
   <div class='ocr_carea' id='block_1_77' title="bbox 2106 3266 3793 3341">
    <p class='ocr_par' dir='ltr' id='par_1_77' title="bbox 2106 3266 3793 3341">
     <span class='ocr_line' id='line_1_77' title="bbox 2106 3266 3793 3341; baseline -0.002 -18"><span class='ocrx_word' id='word_1_573' title='bbox 2106 3287 2237 3341; x_wconf 66' lang='lat' dir='ltr'>qua:</span> <span class='ocrx_word' id='word_1_574' title='bbox 2269 3270 2509 3323; x_wconf 87' lang='lat' dir='ltr'>ﬁrmiter</span> <span class='ocrx_word' id='word_1_575' title='bbox 2538 3275 2726 3335; x_wconf 89' lang='lat' dir='ltr'>teneo,</span> <span class='ocrx_word' id='word_1_576' title='bbox 2766 3272 2864 3321; x_wconf 90' lang='lat' dir='ltr'>aut</span> <span class='ocrx_word' id='word_1_577' title='bbox 2898 3269 3099 3321; x_wconf 84' lang='lat' dir='ltr'>doceas</span> <span class='ocrx_word' id='word_1_578' title='bbox 3146 3271 3199 3319; x_wconf 92' lang='lat' dir='ltr'>te</span> <span class='ocrx_word' id='word_1_579' title='bbox 3243 3266 3466 3319; x_wconf 90' lang='lat' dir='ltr'>nescire</span> <span class='ocrx_word' id='word_1_580' title='bbox 3513 3283 3649 3336; x_wconf 69' lang='lat' dir='ltr'>quae</span> <span class='ocrx_word' id='word_1_581' title='bbox 3688 3267 3793 3337; x_wconf 81' lang='lat' dir='ltr'>ipse</span> 
     </span>
    </p>
   </div>
   <div class='ocr_carea' id='block_1_78' title="bbox 2107 3358 2678 3428">
    <p class='ocr_par' dir='ltr' id='par_1_78' title="bbox 2107 3358 2678 3428">
     <span class='ocr_line' id='line_1_78' title="bbox 2107 3358 2678 3428; baseline -0.004 -15"><span class='ocrx_word' id='word_1_582' title='bbox 2107 3375 2223 3413; x_wconf 90' lang='lat' dir='ltr'>non</span> <span class='ocrx_word' id='word_1_583' title='bbox 2253 3358 2513 3428; x_wconf 89' lang='lat' dir='ltr'>improbe</span> <span class='ocrx_word' id='word_1_584' title='bbox 2545 3358 2678 3411; x_wconf 90' lang='lat' dir='ltr'>scio.</span> 
     </span>
    </p>
   </div>
   <div class='ocr_carea' id='block_1_79' title="bbox 2174 3443 3797 3516">
    <p class='ocr_par' dir='ltr' id='par_1_79' title="bbox 2174 3443 3797 3516">
     <span class='ocr_line' id='line_1_79' title="bbox 2174 3443 3797 3516; baseline -0.002 -15"><span class='ocrx_word' id='word_1_585' title='bbox 2174 3450 2226 3501; x_wconf 76' lang='grc'><strong>4.</strong></span> <span class='ocrx_word' id='word_1_586' title='bbox 2291 3449 2505 3516; x_wconf 87' lang='lat' dir='ltr'>Moyses</span> <span class='ocrx_word' id='word_1_587' title='bbox 2564 3444 2929 3500; x_wconf 87' lang='lat' dir='ltr'>Pentateuchi</span> <span class='ocrx_word' id='word_1_588' title='bbox 2989 3443 3175 3498; x_wconf 89' lang='lat' dir='ltr'>editor</span> <span class='ocrx_word' id='word_1_589' title='bbox 3231 3443 3545 3514; x_wconf 70' lang='lat' dir='ltr'>Scriptura:</span> <span class='ocrx_word' id='word_1_590' title='bbox 3604 3444 3797 3514; x_wconf 87' lang='lat' dir='ltr'>legifer</span> 
     </span>
    </p>
   </div>
   <div class='ocr_carea' id='block_1_80' title="bbox 2106 3533 3796 3603">
    <p class='ocr_par' dir='ltr' id='par_1_80' title="bbox 2106 3533 3796 3603">
     <span class='ocr_line' id='line_1_80' title="bbox 2106 3533 3796 3603; baseline -0.004 -13"><span class='ocrx_word' id='word_1_591' title='bbox 2106 3536 2339 3591; x_wconf 88' lang='lat' dir='ltr'>Domini</span> <span class='ocrx_word' id='word_1_592' title='bbox 2383 3541 2438 3589; x_wconf 92' lang='lat' dir='ltr'>et</span> <span class='ocrx_word' id='word_1_593' title='bbox 2481 3536 2839 3589; x_wconf 83' lang='lat' dir='ltr'>renuntiator</span> <span class='ocrx_word' id='word_1_594' title='bbox 2889 3533 3128 3603; x_wconf 86' lang='lat' dir='ltr'>originis</span> <span class='ocrx_word' id='word_1_595' title='bbox 3174 3533 3399 3598; x_wconf 89' lang='lat' dir='ltr'>mundi,</span> <span class='ocrx_word' id='word_1_596' title='bbox 3450 3550 3584 3586; x_wconf 90' lang='lat' dir='ltr'>cum</span> <span class='ocrx_word' id='word_1_597' title='bbox 3635 3533 3796 3586; x_wconf 74' lang='lat' dir='ltr'>Iacob</span> 
     </span>
    </p>
   </div>
   <div class='ocr_carea' id='block_1_81' title="bbox 2104 3622 3796 3683">
    <p class='ocr_par' dir='ltr' id='par_1_81' title="bbox 2104 3622 3796 3683">
     <span class='ocr_line' id='line_1_81' title="bbox 2104 3622 3796 3683; baseline -0.004 -5"><span class='ocrx_word' id='word_1_598' title='bbox 2104 3626 2237 3679; x_wconf 88' lang='lat' dir='ltr'>ﬁliis</span> <span class='ocrx_word' id='word_1_599' title='bbox 2281 3625 2398 3677; x_wconf 89' lang='lat' dir='ltr'>suis</span> <span class='ocrx_word' id='word_1_600' title='bbox 2443 3625 2833 3677; x_wconf 87' lang='lat' dir='ltr'>consulentem</span> <span class='ocrx_word' id='word_1_601' title='bbox 2881 3622 3203 3683; x_wconf 87' lang='lat' dir='ltr'>induceret,</span> <span class='ocrx_word' id='word_1_602' title='bbox 3236 3627 3291 3673; x_wconf 93' lang='lat' dir='ltr'>et</span> <span class='ocrx_word' id='word_1_603' title='bbox 3320 3624 3657 3675; x_wconf 86' lang='lat' dir='ltr'>testamenti</span> <span class='ocrx_word' id='word_1_604' title='bbox 3689 3622 3796 3673; x_wconf 82' lang='lat' dir='ltr'>vice</span> 
     </span>
    </p>
   </div>
   <div class='ocr_carea' id='block_1_82' title="bbox 2106 3708 3795 3781">
    <p class='ocr_par' dir='ltr' id='par_1_82' title="bbox 2106 3708 3795 3781">
     <span class='ocr_line' id='line_1_82' title="bbox 2106 3708 3795 3781; baseline -0.004 -18"><span class='ocrx_word' id='word_1_605' title='bbox 2106 3728 2235 3781; x_wconf 62' lang='lat' dir='ltr'>quae</span> <span class='ocrx_word' id='word_1_606' title='bbox 2278 3711 2556 3765; x_wconf 88' lang='lat' dir='ltr'>deberent</span> <span class='ocrx_word' id='word_1_607' title='bbox 2602 3715 2729 3779; x_wconf 91' lang='lat' dir='ltr'>post</span> <span class='ocrx_word' id='word_1_608' title='bbox 2775 3710 2994 3762; x_wconf 86' lang='lat' dir='ltr'>obitum</span> <span class='ocrx_word' id='word_1_609' title='bbox 3041 3708 3219 3778; x_wconf 87' lang='lat' dir='ltr'>patris</span> <span class='ocrx_word' id='word_1_610' title='bbox 3264 3708 3635 3761; x_wconf 58' lang='lat' dir='ltr'>baereditario</span> <span class='ocrx_word' id='word_1_611' title='bbox 3677 3710 3795 3775; x_wconf 82' lang='lat' dir='ltr'>jure</span> 
     </span>
    </p>
   </div>
   <div class='ocr_carea' id='block_1_83' title="bbox 2105 3796 3792 3870">
    <p class='ocr_par' dir='ltr' id='par_1_83' title="bbox 2105 3796 3792 3870">
     <span class='ocr_line' id='line_1_83' title="bbox 2105 3796 3792 3870; baseline -0.004 -18"><span class='ocrx_word' id='word_1_612' title='bbox 2105 3800 2397 3870; x_wconf 86' lang='lat' dir='ltr'>possidere</span> <span class='ocrx_word' id='word_1_613' title='bbox 2445 3815 2547 3869; x_wconf 90' lang='lat' dir='ltr'>per</span> <span class='ocrx_word' id='word_1_614' title='bbox 2594 3797 3052 3851; x_wconf 88' lang='lat' dir='ltr'>benedictionem</span> <span class='ocrx_word' id='word_1_615' title='bbox 3102 3797 3365 3857; x_wconf 85' lang='lat' dir='ltr'>ediceret,</span> <span class='ocrx_word' id='word_1_616' title='bbox 3414 3796 3611 3849; x_wconf 85' lang='lat' dir='ltr'>taliter</span> <span class='ocrx_word' id='word_1_617' title='bbox 3659 3797 3735 3848; x_wconf 86' lang='lat' dir='ltr'>ait</span> <span class='ocrx_word' id='word_1_618' title='bbox 3782 3813 3792 3846; x_wconf 89' lang='lat'>:</span> 
     </span>
    </p>
   </div>
   <div class='ocr_carea' id='block_1_84' title="bbox 2112 3885 3793 3954">
    <p class='ocr_par' dir='ltr' id='par_1_84' title="bbox 2112 3885 3793 3954">
     <span class='ocr_line' id='line_1_84' title="bbox 2112 3885 3793 3954; baseline -0.006 -11"><span class='ocrx_word' id='word_1_619' title='bbox 2112 3890 2334 3951; x_wconf 80' lang='lat' dir='ltr'>Vocavit</span> <span class='ocrx_word' id='word_1_620' title='bbox 2370 3888 2530 3942; x_wconf 86' lang='lat' dir='ltr'>Jacob</span> <span class='ocrx_word' id='word_1_621' title='bbox 2575 3888 2714 3954; x_wconf 83' lang='lat' dir='ltr'>ﬁlios</span> <span class='ocrx_word' id='word_1_622' title='bbox 2750 3901 2892 3947; x_wconf 85' lang='lat' dir='ltr'>suos,</span> <span class='ocrx_word' id='word_1_623' title='bbox 2944 3891 2994 3939; x_wconf 87' lang='lat' dir='ltr'>et</span> <span class='ocrx_word' id='word_1_624' title='bbox 3042 3888 3123 3938; x_wconf 83' lang='lat' dir='ltr'>ait</span> <span class='ocrx_word' id='word_1_625' title='bbox 3166 3887 3240 3938; x_wconf 87' lang='lat' dir='ltr'>eis</span> <span class='ocrx_word' id='word_1_626' title='bbox 3294 3902 3308 3936; x_wconf 89' lang='lat'><strong><em>:</em></strong></span> <span class='ocrx_word' id='word_1_627' title='bbox 3360 3885 3793 3951; x_wconf 74' lang='lat' dir='ltr'>Congregamini,</span> 
     </span>
    </p>
   </div>
   <div class='ocr_carea' id='block_1_85' title="bbox 2106 3972 3793 4043">
    <p class='ocr_par' dir='ltr' id='par_1_85' title="bbox 2106 3972 3793 4043">
     <span class='ocr_line' id='line_1_85' title="bbox 2106 3972 3793 4043; baseline -0.005 -12"><span class='ocrx_word' id='word_1_628' title='bbox 2106 3982 2166 4031; x_wconf 86' lang='lat' dir='ltr'>ut</span> <span class='ocrx_word' id='word_1_629' title='bbox 2197 3978 2511 4029; x_wconf 83' lang='lat' dir='ltr'>anmmtiem</span> <span class='ocrx_word' id='word_1_630' title='bbox 2542 3991 2660 4043; x_wconf 66' lang='lat' dir='ltr'>quas</span> <span class='ocrx_word' id='word_1_631' title='bbox 2688 3979 2917 4027; x_wconf 80' lang='lat' dir='ltr'>ventura</span> <span class='ocrx_word' id='word_1_632' title='bbox 2962 3978 3089 4026; x_wconf 84' lang='lat' dir='ltr'>sunt</span> <span class='ocrx_word' id='word_1_633' title='bbox 3137 3973 3287 4026; x_wconf 80' lang='lat' dir='ltr'>vobis</span> <span class='ocrx_word' id='word_1_634' title='bbox 3336 3972 3526 4025; x_wconf 80' lang='lat' dir='ltr'>diebus</span> <span class='ocrx_word' id='word_1_635' title='bbox 3570 3975 3793 4025; x_wconf 77' lang='lat' dir='ltr'>novissi-</span> 
     </span>
    </p>
   </div>
   <div class='ocr_carea' id='block_1_86' title="bbox 2104 4060 3797 4134">
    <p class='ocr_par' dir='ltr' id='par_1_86' title="bbox 2104 4060 3797 4134">
     <span class='ocr_line' id='line_1_86' title="bbox 2104 4060 3797 4134; baseline -0.005 -15"><span class='ocrx_word' id='word_1_636' title='bbox 2104 4071 2207 4119; x_wconf 80' lang='lat' dir='ltr'>mis</span> <span class='ocrx_word' id='word_1_637' title='bbox 2243 4064 2399 4134; x_wconf 85' lang='lat' dir='ltr'>(Gen.</span> <span class='ocrx_word' id='word_1_638' title='bbox 2450 4080 2597 4129; x_wconf 78' lang='lat' dir='ltr'>xmx,</span> <span class='ocrx_word' id='word_1_639' title='bbox 2650 4063 2720 4131; x_wconf 81' lang='grc'>1).</span> <span class='ocrx_word' id='word_1_640' title='bbox 2774 4063 2837 4116; x_wconf 88' lang='lat' dir='ltr'>Et</span> <span class='ocrx_word' id='word_1_641' title='bbox 2884 4067 2946 4114; x_wconf 89' lang='lat' dir='ltr'>ut</span> <span class='ocrx_word' id='word_1_642' title='bbox 2988 4062 3198 4114; x_wconf 89' lang='lat' dir='ltr'>scirent</span> <span class='ocrx_word' id='word_1_643' title='bbox 3243 4060 3341 4130; x_wconf 91' lang='lat' dir='ltr'>qui</span> <span class='ocrx_word' id='word_1_644' title='bbox 3389 4066 3526 4112; x_wconf 90' lang='lat' dir='ltr'>sunt</span> <span class='ocrx_word' id='word_1_645' title='bbox 3561 4062 3654 4113; x_wconf 86' lang='lat' dir='ltr'>isti</span> <span class='ocrx_word' id='word_1_646' title='bbox 3688 4062 3797 4114; x_wconf 79' lang='lat' dir='ltr'>dies</span> 
     </span>
    </p>
   </div>
   <div class='ocr_carea' id='block_1_87' title="bbox 2105 4148 3795 4218">
    <p class='ocr_par' dir='ltr' id='par_1_87' title="bbox 2105 4148 3795 4218">
     <span class='ocr_line' id='line_1_87' title="bbox 2105 4148 3795 4218; baseline -0.005 -11"><span class='ocrx_word' id='word_1_647' title='bbox 2105 4154 2397 4207; x_wconf 89' lang='lat' dir='ltr'>novissimi</span> <span class='ocrx_word' id='word_1_648' title='bbox 2428 4152 2484 4205; x_wconf 92' lang='lat' dir='ltr'>in</span> <span class='ocrx_word' id='word_1_649' title='bbox 2530 4149 3027 4204; x_wconf 86' lang='lat' dir='ltr'>benedictionibus</span> <span class='ocrx_word' id='word_1_650' title='bbox 3066 4149 3225 4202; x_wconf 86' lang='lat' dir='ltr'>Judae</span> <span class='ocrx_word' id='word_1_651' title='bbox 3259 4148 3513 4216; x_wconf 87' lang='lat' dir='ltr'>apertius</span> <span class='ocrx_word' id='word_1_652' title='bbox 3547 4150 3795 4218; x_wconf 85' lang='lat' dir='ltr'>explica-</span> 
     </span>
    </p>
   </div>
   <div class='ocr_carea' id='block_1_88' title="bbox 2104 4236 3797 4306">
    <p class='ocr_par' dir='ltr' id='par_1_88' title="bbox 2104 4236 3797 4306">
     <span class='ocr_line' id='line_1_88' title="bbox 2104 4236 3797 4306; baseline -0.005 -12"><span class='ocrx_word' id='word_1_653' title='bbox 2104 4242 2185 4294; x_wconf 91' lang='lat' dir='ltr'>vit</span> <span class='ocrx_word' id='word_1_654' title='bbox 2225 4258 2237 4295; x_wconf 93' lang='lat'>:</span> <span class='ocrx_word' id='word_1_655' title='bbox 2288 4244 2407 4297; x_wconf 84' lang='lat' dir='ltr'>Non</span> <span class='ocrx_word' id='word_1_656' title='bbox 2450 4240 2680 4305; x_wconf 80' lang='lat' dir='ltr'>deﬁciet,</span> <span class='ocrx_word' id='word_1_657' title='bbox 2728 4239 2827 4303; x_wconf 90' lang='lat' dir='ltr'>ait,</span> <span class='ocrx_word' id='word_1_658' title='bbox 2875 4242 3127 4306; x_wconf 80' lang='lat' dir='ltr'>princeps</span> <span class='ocrx_word' id='word_1_659' title='bbox 3173 4238 3239 4290; x_wconf 81' lang='lat' dir='ltr'>de</span> <span class='ocrx_word' id='word_1_660' title='bbox 3276 4236 3441 4299; x_wconf 83' lang='lat' dir='ltr'>Juda,</span> <span class='ocrx_word' id='word_1_661' title='bbox 3475 4252 3651 4303; x_wconf 78' lang='lat' dir='ltr'>neque</span> <span class='ocrx_word' id='word_1_662' title='bbox 3689 4238 3797 4288; x_wconf 65' lang='lat' dir='ltr'>dua:</span> 
     </span>
    </p>
   </div>
   <div class='ocr_carea' id='block_1_89' title="bbox 306 4324 3797 4400">
    <p class='ocr_par' dir='ltr' id='par_1_89' title="bbox 306 4324 3797 4400">
     <span class='ocr_line' id='line_1_89' title="bbox 306 4324 3797 4400; baseline -0.001 -20"><span class='ocrx_word' id='word_1_663' title='bbox 306 4327 376 4380; x_wconf 89' lang='lat' dir='ltr'>ab</span> <span class='ocrx_word' id='word_1_664' title='bbox 404 4326 583 4380; x_wconf 85' lang='lat' dir='ltr'>Adam</span> <span class='ocrx_word' id='word_1_665' title='bbox 616 4341 792 4394; x_wconf 89' lang='lat' dir='ltr'>usque</span> <span class='ocrx_word' id='word_1_666' title='bbox 815 4326 883 4378; x_wconf 91' lang='lat' dir='ltr'>ad</span> <span class='ocrx_word' id='word_1_667' title='bbox 906 4326 1178 4379; x_wconf 84' lang='lat' dir='ltr'>diluvium</span> <span class='ocrx_word' id='word_1_668' title='bbox 1207 4327 1340 4379; x_wconf 85' lang='lat' dir='ltr'>anni</span> <span class='ocrx_word' id='word_1_669' title='bbox 1363 4329 1589 4381; x_wconf 88' lang='lat' dir='ltr'>ducenti</span> <span class='ocrx_word' id='word_1_670' title='bbox 1615 4330 1996 4400; x_wconf 78' lang='lat' dir='ltr'>quadraginta</span> <span class='ocrx_word' id='word_1_671' title='bbox 2034 4327 2078 4380; x_wconf 91' lang='lat' dir='ltr'>D</span> <span class='ocrx_word' id='word_1_672' title='bbox 2106 4331 2172 4384; x_wconf 86' lang='lat' dir='ltr'>de</span> <span class='ocrx_word' id='word_1_673' title='bbox 2216 4331 2511 4396; x_wconf 81' lang='lat' dir='ltr'>femoribus</span> <span class='ocrx_word' id='word_1_674' title='bbox 2556 4330 2695 4396; x_wconf 84' lang='lat' dir='ltr'>ejus,</span> <span class='ocrx_word' id='word_1_675' title='bbox 2729 4328 2889 4381; x_wconf 83' lang='lat' dir='ltr'>donec</span> <span class='ocrx_word' id='word_1_676' title='bbox 2919 4329 3099 4380; x_wconf 83' lang='lat' dir='ltr'>veniat</span> <span class='ocrx_word' id='word_1_677' title='bbox 3131 4327 3228 4394; x_wconf 85' lang='lat' dir='ltr'>qui</span> <span class='ocrx_word' id='word_1_678' title='bbox 3264 4324 3562 4377; x_wconf 78' lang='lat' dir='ltr'>mittendus</span> <span class='ocrx_word' id='word_1_679' title='bbox 3607 4331 3705 4389; x_wconf 77' lang='lat' dir='ltr'>est,</span> <span class='ocrx_word' id='word_1_680' title='bbox 3754 4330 3797 4375; x_wconf 77' lang='lat' dir='ltr'>et</span> 
     </span>
    </p>
   </div>
   <div class='ocr_carea' id='block_1_90' title="bbox 306 4414 1994 4486">
    <p class='ocr_par' dir='ltr' id='par_1_90' title="bbox 306 4414 1994 4486">
     <span class='ocr_line' id='line_1_90' title="bbox 306 4414 1994 4486; baseline 0.003 -18"><span class='ocrx_word' id='word_1_681' title='bbox 306 4415 419 4469; x_wconf 88' lang='lat' dir='ltr'>duo</span> <span class='ocrx_word' id='word_1_682' title='bbox 464 4418 861 4467; x_wconf 88' lang='lat' dir='ltr'>numerantur.</span> <span class='ocrx_word' id='word_1_683' title='bbox 910 4415 977 4467; x_wconf 87' lang='lat' dir='ltr'>Et</span> <span class='ocrx_word' id='word_1_684' title='bbox 1017 4431 1050 4467; x_wconf 91' lang='lat' dir='ltr'>a</span> <span class='ocrx_word' id='word_1_685' title='bbox 1095 4414 1311 4468; x_wconf 83' lang='lat' dir='ltr'>diluvio</span> <span class='ocrx_word' id='word_1_686' title='bbox 1364 4433 1543 4486; x_wconf 89' lang='lat' dir='ltr'>usque</span> <span class='ocrx_word' id='word_1_687' title='bbox 1587 4418 1658 4470; x_wconf 91' lang='lat' dir='ltr'>ad</span> <span class='ocrx_word' id='word_1_688' title='bbox 1708 4419 1994 4472; x_wconf 81' lang='lat' dir='ltr'>Abraham</span> 
     </span>
    </p>
   </div>
   <div class='ocr_carea' id='block_1_91' title="bbox 305 4502 1993 4576">
    <p class='ocr_par' dir='ltr' id='par_1_91' title="bbox 305 4502 1993 4576">
     <span class='ocr_line' id='line_1_91' title="bbox 305 4502 1993 4576; baseline 0.002 -18"><span class='ocrx_word' id='word_1_689' title='bbox 305 4504 441 4558; x_wconf 90' lang='lat' dir='ltr'>anni</span> <span class='ocrx_word' id='word_1_690' title='bbox 471 4504 512 4557; x_wconf 83' lang='grc' dir='ltr'>Τ</span> <span class='ocrx_word' id='word_1_691' title='bbox 545 4502 909 4573; x_wconf 90' lang='lat' dir='ltr'>septuaginta</span> <span class='ocrx_word' id='word_1_692' title='bbox 950 4503 1063 4557; x_wconf 91' lang='lat' dir='ltr'>duo</span> <span class='ocrx_word' id='word_1_693' title='bbox 1107 4504 1456 4558; x_wconf 86' lang='lat' dir='ltr'>calculentur</span> <span class='ocrx_word' id='word_1_694' title='bbox 1488 4522 1500 4559; x_wconf 89' lang='lat'>:</span> <span class='ocrx_word' id='word_1_695' title='bbox 1537 4522 1781 4576; x_wconf 91' lang='lat' dir='ltr'>quorum</span> <span class='ocrx_word' id='word_1_696' title='bbox 1812 4509 1993 4561; x_wconf 88' lang='lat' dir='ltr'>diver-</span> 
     </span>
    </p>
   </div>
   <div class='ocr_carea' id='block_1_92' title="bbox 306 4592 1995 4665">
    <p class='ocr_par' dir='ltr' id='par_1_92' title="bbox 306 4592 1995 4665">
     <span class='ocr_line' id='line_1_92' title="bbox 306 4592 1995 4665; baseline 0.003 -19"><span class='ocrx_word' id='word_1_697' title='bbox 306 4594 499 4646; x_wconf 88' lang='lat' dir='ltr'>sitates</span> <span class='ocrx_word' id='word_1_698' title='bbox 567 4592 757 4646; x_wconf 90' lang='lat' dir='ltr'>latiori</span> <span class='ocrx_word' id='word_1_699' title='bbox 822 4594 967 4663; x_wconf 85' lang='lat' dir='ltr'>stylo</span> <span class='ocrx_word' id='word_1_700' title='bbox 1041 4593 1338 4658; x_wconf 88' lang='lat' dir='ltr'>disserem,</span> <span class='ocrx_word' id='word_1_701' title='bbox 1419 4599 1473 4647; x_wconf 92' lang='lat' dir='ltr'>et</span> <span class='ocrx_word' id='word_1_702' title='bbox 1542 4596 1633 4648; x_wconf 92' lang='lat' dir='ltr'>cui</span> <span class='ocrx_word' id='word_1_703' title='bbox 1702 4597 1995 4665; x_wconf 88' lang='lat' dir='ltr'>potissime</span> 
     </span>
    </p>
   </div>
   <div class='ocr_carea' id='block_1_93' title="bbox 305 4682 1998 4748">
    <p class='ocr_par' dir='ltr' id='par_1_93' title="bbox 305 4682 1998 4748">
     <span class='ocr_line' id='line_1_93' title="bbox 305 4682 1998 4748; baseline 0.002 -12"><span class='ocrx_word' id='word_1_704' title='bbox 305 4682 478 4737; x_wconf 86' lang='lat' dir='ltr'>ﬁdem</span> <span class='ocrx_word' id='word_1_705' title='bbox 509 4682 821 4737; x_wconf 88' lang='lat' dir='ltr'>haberetur</span> <span class='ocrx_word' id='word_1_706' title='bbox 851 4682 1138 4748; x_wconf 90' lang='lat' dir='ltr'>elicerem,</span> <span class='ocrx_word' id='word_1_707' title='bbox 1167 4683 1212 4735; x_wconf 91' lang='lat' dir='ltr'>si</span> <span class='ocrx_word' id='word_1_708' title='bbox 1243 4683 1349 4735; x_wconf 89' lang='lat' dir='ltr'>hoc</span> <span class='ocrx_word' id='word_1_709' title='bbox 1377 4690 1439 4736; x_wconf 91' lang='lat' dir='ltr'>ut</span> <span class='ocrx_word' id='word_1_710' title='bbox 1472 4700 1801 4748; x_wconf 89' lang='lat' dir='ltr'>onerosum,</span> <span class='ocrx_word' id='word_1_711' title='bbox 1833 4686 1911 4740; x_wconf 87' lang='lat' dir='ltr'>ita</span> <span class='ocrx_word' id='word_1_712' title='bbox 1941 4692 1998 4740; x_wconf 90' lang='lat' dir='ltr'>et</span> 
     </span>
    </p>
   </div>
   <div class='ocr_carea' id='block_1_94' title="bbox 304 4770 1995 4841">
    <p class='ocr_par' dir='ltr' id='par_1_94' title="bbox 304 4770 1995 4841">
     <span class='ocr_line' id='line_1_94' title="bbox 304 4770 1995 4841; baseline 0.002 -16"><span class='ocrx_word' id='word_1_713' title='bbox 304 4770 722 4825; x_wconf 78' lang='lat' dir='ltr'>infructuosum</span> <span class='ocrx_word' id='word_1_714' title='bbox 784 4789 902 4825; x_wconf 91' lang='lat' dir='ltr'>non</span> <span class='ocrx_word' id='word_1_715' title='bbox 960 4787 1079 4824; x_wconf 90' lang='lat' dir='ltr'>esse</span> <span class='ocrx_word' id='word_1_716' title='bbox 1136 4787 1557 4841; x_wconf 88' lang='lat' dir='ltr'>cognoscerem.</span> <span class='ocrx_word' id='word_1_717' title='bbox 1618 4774 1728 4826; x_wconf 84' lang='lat' dir='ltr'>Has</span> <span class='ocrx_word' id='word_1_718' title='bbox 1784 4775 1995 4828; x_wconf 91' lang='lat' dir='ltr'>discor-</span> 
     </span>
    </p>
   </div>
   <div class='ocr_carea' id='block_1_95' title="bbox 305 4858 1995 4929">
    <p class='ocr_par' dir='ltr' id='par_1_95' title="bbox 305 4858 1995 4929">
     <span class='ocr_line' id='line_1_95' title="bbox 305 4858 1995 4929; baseline 0.003 -17"><span class='ocrx_word' id='word_1_719' title='bbox 305 4860 523 4913; x_wconf 88' lang='lat' dir='ltr'>dantias</span> <span class='ocrx_word' id='word_1_720' title='bbox 558 4860 783 4913; x_wconf 88' lang='lat' dir='ltr'>divinus</span> <span class='ocrx_word' id='word_1_721' title='bbox 832 4860 928 4912; x_wconf 90' lang='lat' dir='ltr'>ille</span> <span class='ocrx_word' id='word_1_722' title='bbox 971 4858 1215 4929; x_wconf 89' lang='lat' dir='ltr'>Spiritus</span> <span class='ocrx_word' id='word_1_723' title='bbox 1262 4860 1678 4929; x_wconf 88' lang='lat' dir='ltr'>prophetarum</span> <span class='ocrx_word' id='word_1_724' title='bbox 1715 4863 1866 4917; x_wconf 88' lang='lat' dir='ltr'>cordi</span> <span class='ocrx_word' id='word_1_725' title='bbox 1909 4863 1995 4917; x_wconf 90' lang='lat' dir='ltr'>in-</span> 
     </span>
    </p>
   </div>
   <div class='ocr_carea' id='block_1_96' title="bbox 305 4949 1997 5021">
    <p class='ocr_par' dir='ltr' id='par_1_96' title="bbox 305 4949 1997 5021">
     <span class='ocr_line' id='line_1_96' title="bbox 305 4949 1997 5021; baseline 0.004 -21"><span class='ocrx_word' id='word_1_726' title='bbox 305 4953 493 5001; x_wconf 89' lang='lat' dir='ltr'>sertus</span> <span class='ocrx_word' id='word_1_727' title='bbox 522 4949 691 5018; x_wconf 86' lang='lat' dir='ltr'>longe</span> <span class='ocrx_word' id='word_1_728' title='bbox 722 4952 855 5001; x_wconf 90' lang='lat' dir='ltr'>ante</span> <span class='ocrx_word' id='word_1_729' title='bbox 887 4963 1249 5017; x_wconf 68' lang='lat' dir='ltr'>praenoscens</span> <span class='ocrx_word' id='word_1_730' title='bbox 1280 4950 1465 5002; x_wconf 89' lang='lat' dir='ltr'>noluit</span> <span class='ocrx_word' id='word_1_731' title='bbox 1512 4949 1582 5003; x_wconf 90' lang='lat' dir='ltr'>ab</span> <span class='ocrx_word' id='word_1_732' title='bbox 1625 4966 1692 5003; x_wconf 93' lang='lat' dir='ltr'>eo</span> <span class='ocrx_word' id='word_1_733' title='bbox 1736 4954 1997 5021; x_wconf 86' lang='lat' dir='ltr'>tempore</span> 
     </span>
    </p>
   </div>
   <div class='ocr_carea' id='block_1_97' title="bbox 307 5035 1998 5109">
    <p class='ocr_par' dir='ltr' id='par_1_97' title="bbox 307 5035 1998 5109">
     <span class='ocr_line' id='line_1_97' title="bbox 307 5035 1998 5109; baseline 0.003 -22"><span class='ocrx_word' id='word_1_734' title='bbox 307 5035 620 5089; x_wconf 89' lang='lat' dir='ltr'>nativitatis</span> <span class='ocrx_word' id='word_1_735' title='bbox 686 5035 893 5090; x_wconf 88' lang='lat' dir='ltr'>Christi</span> <span class='ocrx_word' id='word_1_736' title='bbox 954 5035 1211 5089; x_wconf 89' lang='lat' dir='ltr'>indidere</span> <span class='ocrx_word' id='word_1_737' title='bbox 1275 5053 1578 5101; x_wconf 87' lang='lat' dir='ltr'>summam,</span> <span class='ocrx_word' id='word_1_738' title='bbox 1641 5055 1707 5092; x_wconf 87' lang='lat' dir='ltr'>ex</span> <span class='ocrx_word' id='word_1_739' title='bbox 1772 5056 1885 5109; x_wconf 90' lang='lat' dir='ltr'>quo</span> <span class='ocrx_word' id='word_1_740' title='bbox 1942 5044 1998 5093; x_wconf 92' lang='lat' dir='ltr'>et</span> 
     </span>
    </p>
   </div>
   <div class='ocr_carea' id='block_1_98' title="bbox 307 5124 1992 5195">
    <p class='ocr_par' dir='ltr' id='par_1_98' title="bbox 307 5124 1992 5195">
     <span class='ocr_line' id='line_1_98' title="bbox 307 5124 1992 5195; baseline 0.004 -20"><span class='ocrx_word' id='word_1_741' title='bbox 307 5129 661 5177; x_wconf 88' lang='lat' dir='ltr'>asserentum</span> <span class='ocrx_word' id='word_1_742' title='bbox 717 5124 986 5193; x_wconf 87' lang='lat' dir='ltr'>protendi</span> <span class='ocrx_word' id='word_1_743' title='bbox 1042 5126 1290 5195; x_wconf 81' lang='lat' dir='ltr'>protexit</span> <span class='ocrx_word' id='word_1_744' title='bbox 1347 5126 1687 5181; x_wconf 85' lang='lat' dir='ltr'>frivolorum</span> <span class='ocrx_word' id='word_1_745' title='bbox 1744 5127 1992 5183; x_wconf 88' lang='lat' dir='ltr'>inventa.</span> 
     </span>
    </p>
   </div>
   <div class='ocr_carea' id='block_1_99' title="bbox 377 5280 878 5345">
    <p class='ocr_par' dir='ltr' id='par_1_99' title="bbox 377 5280 878 5345">
     <span class='ocr_line' id='line_1_99' title="bbox 377 5280 878 5345; baseline 0 -11"><span class='ocrx_word' id='word_1_746' title='bbox 377 5289 402 5314; x_wconf 74' lang='grc'>⁸</span> <span class='ocrx_word' id='word_1_747' title='bbox 432 5280 552 5345; x_wconf 85' lang='lat' dir='ltr'>Ms.,</span> <span class='ocrx_word' id='word_1_748' title='bbox 582 5281 878 5334; x_wconf 84' lang='lat' dir='ltr'>scientiam.</span> 
     </span>
    </p>
   </div>
   <div class='ocr_carea' id='block_1_100' title="bbox 378 5351 726 5405">
    <p class='ocr_par' dir='ltr' id='par_1_100' title="bbox 378 5351 726 5405">
     <span class='ocr_line' id='line_1_100' title="bbox 378 5351 726 5405; baseline -0.003 0"><span class='ocrx_word' id='word_1_749' title='bbox 378 5354 404 5394; x_wconf 71' lang='grc' dir='ltr'>Ι)</span> <span class='ocrx_word' id='word_1_750' title='bbox 432 5351 726 5405; x_wconf 67' lang='grc' dir='ltr'>Εεοὴὶηεε.</span> 
     </span>
    </p>
   </div>
   <div class='ocr_carea' id='block_1_101' title="bbox 379 5420 1172 5485">
    <p class='ocr_par' dir='ltr' id='par_1_101' title="bbox 379 5420 1172 5485">
     <span class='ocr_line' id='line_1_101' title="bbox 379 5420 1172 5485; baseline 0.004 -12"><span class='ocrx_word' id='word_1_751' title='bbox 379 5431 401 5455; x_wconf 78' lang='grc' dir='ltr'>ο</span> <span class='ocrx_word' id='word_1_752' title='bbox 433 5423 550 5485; x_wconf 85' lang='lat' dir='ltr'>Ms.,</span> <span class='ocrx_word' id='word_1_753' title='bbox 582 5437 687 5474; x_wconf 83' lang='lat' dir='ltr'>non</span> <span class='ocrx_word' id='word_1_754' title='bbox 718 5420 791 5474; x_wconf 71' lang='lat' dir='ltr'>ad</span> <span class='ocrx_word' id='word_1_755' title='bbox 820 5422 1172 5476; x_wconf 81' lang='lat' dir='ltr'>ethnicorum.</span> 
     </span>
    </p>
   </div>
   <div class='ocr_carea' id='block_1_102' title="bbox 377 5493 988 5546">
    <p class='ocr_par' dir='ltr' id='par_1_102' title="bbox 377 5493 988 5546">
     <span class='ocr_line' id='line_1_102' title="bbox 377 5493 988 5546; baseline 0 -1"><span class='ocrx_word' id='word_1_756' title='bbox 377 5493 405 5534; x_wconf 78' lang='grc' dir='ltr'>ἀ</span> <span class='ocrx_word' id='word_1_757' title='bbox 434 5493 478 5545; x_wconf 92' lang='lat'>1.</span> <span class='ocrx_word' id='word_1_758' title='bbox 515 5493 988 5546; x_wconf 81' lang='lat' dir='ltr'>stomachantium.</span> 
     </span>
    </p>
   </div>
   <div class='ocr_carea' id='block_1_103' title="bbox 379 5561 1196 5631">
    <p class='ocr_par' dir='ltr' id='par_1_103' title="bbox 379 5561 1196 5631">
     <span class='ocr_line' id='line_1_103' title="bbox 379 5561 1196 5631; baseline 0.002 -16"><span class='ocrx_word' id='word_1_759' title='bbox 379 5568 401 5595; x_wconf 78' lang='grc'><strong><em>⁸</em></strong></span> <span class='ocrx_word' id='word_1_760' title='bbox 432 5561 494 5616; x_wconf 90' lang='lat' dir='ltr'>Id</span> <span class='ocrx_word' id='word_1_761' title='bbox 529 5567 611 5616; x_wconf 87' lang='lat' dir='ltr'>est</span> <span class='ocrx_word' id='word_1_762' title='bbox 641 5563 700 5615; x_wconf 82' lang='lat' dir='ltr'>in</span> <span class='ocrx_word' id='word_1_763' title='bbox 725 5562 888 5617; x_wconf 82' lang='lat' dir='ltr'>dictis</span> <span class='ocrx_word' id='word_1_764' title='bbox 915 5563 1196 5631; x_wconf 81' lang='lat' dir='ltr'>legalibus.</span> 
     </span>
    </p>
   </div>
   <div class='ocr_carea' id='block_1_104' title="bbox 2106 4413 3797 4487">
    <p class='ocr_par' dir='ltr' id='par_1_104' title="bbox 2106 4413 3797 4487">
     <span class='ocr_line' id='line_1_104' title="bbox 2106 4413 3797 4487; baseline -0.005 -15"><span class='ocrx_word' id='word_1_765' title='bbox 2106 4422 2223 4487; x_wconf 86' lang='lat' dir='ltr'>ipse</span> <span class='ocrx_word' id='word_1_766' title='bbox 2277 4421 2380 4472; x_wconf 78' lang='lat' dir='ltr'>erit</span> <span class='ocrx_word' id='word_1_767' title='bbox 2427 4419 2757 4486; x_wconf 67' lang='lat' dir='ltr'>exspectatio</span> <span class='ocrx_word' id='word_1_768' title='bbox 2813 4418 3053 4480; x_wconf 80' lang='lat' dir='ltr'>gentium</span> <span class='ocrx_word' id='word_1_769' title='bbox 3108 4414 3300 4483; x_wconf 77' lang='lat' dir='ltr'>(Ibid.,</span> <span class='ocrx_word' id='word_1_770' title='bbox 3364 4414 3477 4481; x_wconf 84' lang='grc'>10).</span> <span class='ocrx_word' id='word_1_771' title='bbox 3530 4413 3797 4478; x_wconf 82' lang='lat' dir='ltr'>Adverte,</span> 
     </span>
    </p>
   </div>
   <div class='ocr_carea' id='block_1_105' title="bbox 2106 4502 3798 4572">
    <p class='ocr_par' dir='ltr' id='par_1_105' title="bbox 2106 4502 3798 4572">
     <span class='ocr_line' id='line_1_105' title="bbox 2106 4502 3798 4572; baseline -0.005 -12"><span class='ocrx_word' id='word_1_772' title='bbox 2106 4508 2189 4560; x_wconf 90' lang='lat' dir='ltr'>mi</span> <span class='ocrx_word' id='word_1_773' title='bbox 2238 4506 2625 4572; x_wconf 87' lang='lat' dir='ltr'>dilectissime,</span> <span class='ocrx_word' id='word_1_774' title='bbox 2672 4510 2727 4557; x_wconf 90' lang='lat' dir='ltr'>et</span> <span class='ocrx_word' id='word_1_775' title='bbox 2768 4504 2920 4557; x_wconf 91' lang='lat' dir='ltr'>enim</span> <span class='ocrx_word' id='word_1_776' title='bbox 2966 4503 3125 4572; x_wconf 87' lang='lat' dir='ltr'>aperi</span> <span class='ocrx_word' id='word_1_777' title='bbox 3173 4502 3552 4563; x_wconf 84' lang='lat' dir='ltr'>intellectum,</span> <span class='ocrx_word' id='word_1_778' title='bbox 3604 4507 3660 4553; x_wconf 87' lang='lat' dir='ltr'>et</span> <span class='ocrx_word' id='word_1_779' title='bbox 3706 4517 3798 4570; x_wconf 87' lang='lat' dir='ltr'>per</span> 
     </span>
    </p>
   </div>
   <div class='ocr_carea' id='block_1_106' title="bbox 2106 4588 3797 4649">
    <p class='ocr_par' dir='ltr' id='par_1_106' title="bbox 2106 4588 3797 4649">
     <span class='ocr_line' id='line_1_106' title="bbox 2106 4588 3797 4649; baseline -0.006 0"><span class='ocrx_word' id='word_1_780' title='bbox 2106 4601 2288 4649; x_wconf 88' lang='lat' dir='ltr'>totum</span> <span class='ocrx_word' id='word_1_781' title='bbox 2320 4594 2519 4648; x_wconf 91' lang='lat' dir='ltr'>orbem</span> <span class='ocrx_word' id='word_1_782' title='bbox 2549 4594 2780 4646; x_wconf 90' lang='lat' dir='ltr'>ostende</span> <span class='ocrx_word' id='word_1_783' title='bbox 2817 4592 2957 4644; x_wconf 90' lang='lat' dir='ltr'>mihi</span> <span class='ocrx_word' id='word_1_784' title='bbox 2999 4608 3063 4644; x_wconf 86' lang='lat' dir='ltr'>ex</span> <span class='ocrx_word' id='word_1_785' title='bbox 3108 4591 3261 4643; x_wconf 90' lang='lat' dir='ltr'>tribu</span> <span class='ocrx_word' id='word_1_786' title='bbox 3308 4589 3450 4643; x_wconf 88' lang='lat' dir='ltr'>Juda</span> <span class='ocrx_word' id='word_1_787' title='bbox 3479 4589 3687 4642; x_wconf 89' lang='lat' dir='ltr'>ducem</span> <span class='ocrx_word' id='word_1_788' title='bbox 3718 4588 3797 4639; x_wconf 79' lang='lat' dir='ltr'>vel</span> 
     </span>
    </p>
   </div>
   <div class='ocr_carea' id='block_1_107' title="bbox 2107 4678 3800 4748">
    <p class='ocr_par' dir='ltr' id='par_1_107' title="bbox 2107 4678 3800 4748">
     <span class='ocr_line' id='line_1_107' title="bbox 2107 4678 3800 4748; baseline -0.006 -10"><span class='ocrx_word' id='word_1_789' title='bbox 2107 4700 2309 4739; x_wconf 90' lang='lat' dir='ltr'>unum.</span> <span class='ocrx_word' id='word_1_790' title='bbox 2344 4683 2486 4737; x_wconf 92' lang='lat' dir='ltr'>Nolo</span> <span class='ocrx_word' id='word_1_791' title='bbox 2515 4682 2595 4735; x_wconf 91' lang='lat' dir='ltr'>mi</span> <span class='ocrx_word' id='word_1_792' title='bbox 2623 4681 2958 4734; x_wconf 87' lang='lat' dir='ltr'>frivolorum</span> <span class='ocrx_word' id='word_1_793' title='bbox 2991 4696 3189 4733; x_wconf 91' lang='lat' dir='ltr'>eorum</span> <span class='ocrx_word' id='word_1_794' title='bbox 3220 4679 3482 4748; x_wconf 90' lang='lat' dir='ltr'>ingerere</span> <span class='ocrx_word' id='word_1_795' title='bbox 3515 4678 3726 4739; x_wconf 72' lang='lat' dir='ltr'>naenia,</span> <span class='ocrx_word' id='word_1_796' title='bbox 3750 4681 3800 4727; x_wconf 88' lang='lat' dir='ltr'>et</span> 
     </span>
    </p>
   </div>
   <div class='ocr_carea' id='block_1_108' title="bbox 2106 4765 3801 4839">
    <p class='ocr_par' dir='ltr' id='par_1_108' title="bbox 2106 4765 3801 4839">
     <span class='ocr_line' id='line_1_108' title="bbox 2106 4765 3801 4839; baseline -0.005 -15"><span class='ocrx_word' id='word_1_797' title='bbox 2106 4772 2339 4825; x_wconf 90' lang='lat' dir='ltr'>illorum</span> <span class='ocrx_word' id='word_1_798' title='bbox 2370 4769 2790 4823; x_wconf 85' lang='lat' dir='ltr'>commentitias</span> <span class='ocrx_word' id='word_1_799' title='bbox 2841 4769 2982 4822; x_wconf 91' lang='lat' dir='ltr'>mihi</span> <span class='ocrx_word' id='word_1_800' title='bbox 3019 4769 3257 4839; x_wconf 88' lang='lat' dir='ltr'>dogmas</span> <span class='ocrx_word' id='word_1_801' title='bbox 3296 4769 3561 4836; x_wconf 86' lang='lat' dir='ltr'>ingerere</span> <span class='ocrx_word' id='word_1_802' title='bbox 3612 4765 3801 4817; x_wconf 83' lang='lat' dir='ltr'>fabula</span> 
     </span>
    </p>
   </div>
   <div class='ocr_carea' id='block_1_109' title="bbox 2108 4854 3801 4931">
    <p class='ocr_par' dir='ltr' id='par_1_109' title="bbox 2108 4854 3801 4931">
     <span class='ocr_line' id='line_1_109' title="bbox 2108 4854 3801 4931; baseline -0.004 -21"><span class='ocrx_word' id='word_1_803' title='bbox 2108 4862 2208 4931; x_wconf 88' lang='lat' dir='ltr'>qui</span> <span class='ocrx_word' id='word_1_804' title='bbox 2260 4865 2497 4930; x_wconf 91' lang='lat' dir='ltr'>propter</span> <span class='ocrx_word' id='word_1_805' title='bbox 2539 4859 2897 4912; x_wconf 89' lang='lat' dir='ltr'>occasionem</span> <span class='ocrx_word' id='word_1_806' title='bbox 2947 4859 3118 4912; x_wconf 89' lang='lat' dir='ltr'>unius</span> <span class='ocrx_word' id='word_1_807' title='bbox 3168 4856 3325 4911; x_wconf 90' lang='lat' dir='ltr'>verbi</span> <span class='ocrx_word' id='word_1_808' title='bbox 3375 4857 3575 4925; x_wconf 90' lang='lat' dir='ltr'>longas</span> <span class='ocrx_word' id='word_1_809' title='bbox 3617 4854 3801 4905; x_wconf 87' lang='lat' dir='ltr'>solent</span> 
     </span>
    </p>
   </div>
   <div class='ocr_carea' id='block_1_110' title="bbox 2106 4941 3799 5017">
    <p class='ocr_par' dir='ltr' id='par_1_110' title="bbox 2106 4941 3799 5017">
     <span class='ocr_line' id='line_1_110' title="bbox 2106 4941 3799 5017; baseline -0.006 -14"><span class='ocrx_word' id='word_1_810' title='bbox 2106 4949 2327 5003; x_wconf 82' lang='lat' dir='ltr'>fabulas</span> <span class='ocrx_word' id='word_1_811' title='bbox 2362 4953 2568 5001; x_wconf 84' lang='lat' dir='ltr'>texere.</span> <span class='ocrx_word' id='word_1_812' title='bbox 2604 4948 2669 5001; x_wconf 90' lang='lat' dir='ltr'>Et</span> <span class='ocrx_word' id='word_1_813' title='bbox 2702 4947 2838 5017; x_wconf 90' lang='lat' dir='ltr'>quia</span> <span class='ocrx_word' id='word_1_814' title='bbox 2868 4951 3166 5016; x_wconf 84' lang='lat' dir='ltr'>nequeunt</span> <span class='ocrx_word' id='word_1_815' title='bbox 3212 4960 3407 5014; x_wconf 86' lang='lat' dir='ltr'>regem</span> <span class='ocrx_word' id='word_1_816' title='bbox 3452 4943 3513 4996; x_wconf 92' lang='lat' dir='ltr'>in</span> <span class='ocrx_word' id='word_1_817' title='bbox 3546 4941 3799 5011; x_wconf 89' lang='lat' dir='ltr'>regioni-</span> 
     </span>
    </p>
   </div>
   <div class='ocr_carea' id='block_1_111' title="bbox 2106 5030 3797 5105">
    <p class='ocr_par' dir='ltr' id='par_1_111' title="bbox 2106 5030 3797 5105">
     <span class='ocr_line' id='line_1_111' title="bbox 2106 5030 3797 5105; baseline -0.006 -15"><span class='ocrx_word' id='word_1_818' title='bbox 2106 5038 2213 5091; x_wconf 89' lang='lat' dir='ltr'>bus</span> <span class='ocrx_word' id='word_1_819' title='bbox 2241 5036 2543 5090; x_wconf 90' lang='lat' dir='ltr'>hominum</span> <span class='ocrx_word' id='word_1_820' title='bbox 2576 5035 2953 5105; x_wconf 89' lang='lat' dir='ltr'>liquidissime</span> <span class='ocrx_word' id='word_1_821' title='bbox 2986 5034 3140 5088; x_wconf 87' lang='lat' dir='ltr'>notis</span> <span class='ocrx_word' id='word_1_822' title='bbox 3173 5033 3455 5098; x_wconf 89' lang='lat' dir='ltr'>invenire,</span> <span class='ocrx_word' id='word_1_823' title='bbox 3481 5032 3669 5085; x_wconf 91' lang='lat' dir='ltr'>nescio</span> <span class='ocrx_word' id='word_1_824' title='bbox 3692 5030 3797 5081; x_wconf 87' lang='lat' dir='ltr'>sibi</span> 
     </span>
    </p>
   </div>
   <div class='ocr_carea' id='block_1_112' title="bbox 2106 5122 3794 5195">
    <p class='ocr_par' dir='ltr' id='par_1_112' title="bbox 2106 5122 3794 5195">
     <span class='ocr_line' id='line_1_112' title="bbox 2106 5122 3794 5195; baseline -0.006 -15"><span class='ocrx_word' id='word_1_825' title='bbox 2106 5125 2412 5195; x_wconf 90' lang='lat' dir='ltr'>inquirunt</span> <span class='ocrx_word' id='word_1_826' title='bbox 2457 5123 2777 5195; x_wconf 88' lang='lat' dir='ltr'>principem</span> <span class='ocrx_word' id='word_1_827' title='bbox 2830 5123 2980 5177; x_wconf 89' lang='lat' dir='ltr'>ultra</span> <span class='ocrx_word' id='word_1_828' title='bbox 3029 5137 3205 5175; x_wconf 87' lang='lat' dir='ltr'>mare.</span> <span class='ocrx_word' id='word_1_829' title='bbox 3253 5122 3395 5177; x_wconf 90' lang='lat' dir='ltr'>Cum</span> <span class='ocrx_word' id='word_1_830' title='bbox 3448 5122 3559 5176; x_wconf 90' lang='lat' dir='ltr'>etsi</span> <span class='ocrx_word' id='word_1_831' title='bbox 3604 5134 3794 5174; x_wconf 90' lang='lat' dir='ltr'>verum</span> 
     </span>
    </p>
   </div>
   <div class='ocr_carea' id='block_1_113' title="bbox 2177 5283 2752 5337">
    <p class='ocr_par' dir='ltr' id='par_1_113' title="bbox 2177 5283 2752 5337">
     <span class='ocr_line' id='line_1_113' title="bbox 2177 5283 2752 5337; baseline 0 0"><span class='ocrx_word' id='word_1_832' title='bbox 2177 5283 2195 5317; x_wconf 68' lang='grc' dir='ltr'><em>τ</em></span> <span class='ocrx_word' id='word_1_833' title='bbox 2225 5283 2284 5337; x_wconf 85' lang='lat' dir='ltr'>F.</span> <span class='ocrx_word' id='word_1_834' title='bbox 2322 5284 2378 5335; x_wconf 87' lang='lat' dir='ltr'>in</span> <span class='ocrx_word' id='word_1_835' title='bbox 2406 5284 2752 5337; x_wconf 88' lang='lat' dir='ltr'>calculorum.</span> 
     </span>
    </p>
   </div>
   <div class='ocr_carea' id='block_1_114' title="bbox 2179 5354 2661 5419">
    <p class='ocr_par' dir='ltr' id='par_1_114' title="bbox 2179 5354 2661 5419">
     <span class='ocr_line' id='line_1_114' title="bbox 2179 5354 2661 5419; baseline 0 -12"><span class='ocrx_word' id='word_1_836' title='bbox 2179 5366 2207 5407; x_wconf 70' lang='grc' dir='ltr'><em>ε</em></span> <span class='ocrx_word' id='word_1_837' title='bbox 2238 5354 2416 5419; x_wconf 88' lang='lat' dir='ltr'>Idem,</span> <span class='ocrx_word' id='word_1_838' title='bbox 2449 5370 2661 5408; x_wconf 85' lang='lat' dir='ltr'>conare.</span> 
     </span>
    </p>
   </div>
   <div class='ocr_carea' id='block_1_115' title="bbox 2174 5425 2803 5492">
    <p class='ocr_par' dir='ltr' id='par_1_115' title="bbox 2174 5425 2803 5492">
     <span class='ocr_line' id='line_1_115' title="bbox 2174 5425 2803 5492; baseline -0.002 -14"><span class='ocrx_word' id='word_1_839' title='bbox 2174 5425 2203 5465; x_wconf 66' lang='grc' dir='ltr'><strong>ιι</strong></span> <span class='ocrx_word' id='word_1_840' title='bbox 2234 5426 2354 5491; x_wconf 89' lang='lat' dir='ltr'>Ms.,</span> <span class='ocrx_word' id='word_1_841' title='bbox 2388 5426 2581 5492; x_wconf 66' lang='lat' dir='ltr'>sumcit</span> <span class='ocrx_word' id='word_1_842' title='bbox 2609 5440 2803 5492; x_wconf 83' lang='lat' dir='ltr'>parva.</span> 
     </span>
    </p>
   </div>
   <div class='ocr_carea' id='block_1_116' title="bbox 2177 5492 2627 5566">
    <p class='ocr_par' dir='ltr' id='par_1_116' title="bbox 2177 5492 2627 5566">
     <span class='ocr_line' id='line_1_116' title="bbox 2177 5492 2627 5566; baseline 0 -17"><span class='ocrx_word' id='word_1_843' title='bbox 2177 5492 2191 5526; x_wconf 87' lang='grc'>¹</span> <span class='ocrx_word' id='word_1_844' title='bbox 2227 5496 2347 5561; x_wconf 83' lang='lat' dir='ltr'>Ms.,</span> <span class='ocrx_word' id='word_1_845' title='bbox 2377 5498 2627 5566; x_wconf 81' lang='lat' dir='ltr'>proferit.</span> 
     </span>
    </p>
   </div>
  </div>
