3860 6262
24 285 110 337 tSt
1594 287 1967 342 EPISTOLrE.

3435 290 3538 343 482

16 420 181 480 esset,
222 415 418 468 minus
467 433 532 469 ex
565 416 719 470 tribu
765 417 907 471 Juda
939 416 1163 469 fuisset.
1200 417 1343 481 Quia
1373 418 1556 471 tribus
1588 418 1730 471 Juda
1769 424 1811 476 Α
1840 419 1907 471 ad
1950 418 2125 471 ﬁnem
2158 419 2349 471 saeculi
2386 417 2603 484 indicit,
2646 418 2790 471 sicut
2822 419 3059 488 angelus
3093 418 3316 473 Danieli
3366 419 3537 473 dixit.

16 519 125 556 non
163 509 254 558 est
279 521 313 556 a
340 506 751 570 Sennacherib,
788 506 874 559 vel
922 505 990 559 ab
1024 506 1328 560 Artaxerse
1363 506 1462 576 qui
1492 513 1549 559 et
1580 508 1724 561 0cus

16 591 204 643 dictus
248 593 380 655 fuit,
418 595 694 660 deducta;
731 594 825 647 sed
880 610 912 646 a
962 595 1305 663 Vespasiano
1358 600 1413 647 et
1465 594 1587 648 Tito
1620 599 1723 659 est,

17 696 118 749 per
176 686 367 734 terras
421 682 693 753 dispersa.
752 684 891 736 Nam
944 683 1090 736 sicut
1136 684 1359 736 nullum
1422 684 1724 753 templum,

18 770 246 822 nullum
287 772 497 836 altare;
540 772 763 824 nullum
815 771 1129 841 principem
1173 772 1511 824 remansisse
1549 770 1725 834 vobis,

19 858 314 927 propheta
364 860 514 912 clara
550 860 785 913 intonat
805 861 939 913 tuba
973 860 1297 924 :Sedebunt,
1347 861 1555 929 inquit,
1613 861 1727 913 dies

20 948 214 999 multos
240 957 270 979 ι
300 948 410 1018 ﬁlii
433 950 601 1001 Israel
631 952 745 1001 sine
768 964 908 1015 rege,
939 951 1053 1001 sine
1093 951 1361 1016 principe,
1407 951 1524 1000 sine
1553 950 1725 1000 sacri-

18 1038 155 1101 ﬁcio,
211 1040 340 1089 sine
382 1037 571 1101 altari,
624 1039 739 1090 sine
764 1036 1152 1101 sacerdotibus,
1192 1039 1306 1089 sine
1336 1039 1729 1101 mani/estatio—

18 1125 179 1177 nibus
226 1125 375 1193 (Ose.
430 1142 510 1190 ιιι,
562 1126 635 1191 4).
690 1124 965 1194 Intelligis
1022 1124 1158 1177 istos
1209 1126 1327 1177 dies
1384 1141 1524 1189 esse,
1583 1140 1729 1194 quos

20 1214 121 1267 Ose
172 1215 467 1284 propheta
507 1215 776 1283 prmdixit
805 1229 819 1266 :
853 1218 949 1266 aut
980 1212 1215 1266 forsitan
1266 1214 1450 1266 adhuc
1504 1213 1631 1265 illos
1670 1229 1727 1265 se

22 1307 360 1371 exspectare
390 1304 614 1372 pejores
660 1319 808 1355 caeca
852 1302 1184 1355 Judasorum
1237 1303 1521 1372 oppositio
1564 1302 1720 1355 dicit.

22 1391 385 1444 Recensendi
416 1398 550 1444 sunt
576 1391 683 1444 hoc
706 1391 828 1444 loco
853 1407 1035 1458 reges,
1064 1407 1177 1444 non
1206 1407 1239 1443 a
1260 1396 1517 1459 tempore
1547 1392 1725 1457 ludas,

26 1479 117 1549 qui
149 1480 377 1550 cogniti
418 1486 569 1547 sunt,
605 1484 661 1533 et
706 1496 809 1550 per
842 1479 1013 1532 David
1060 1495 1121 1533 ac
1178 1480 1542 1533 Salomonem
1601 1495 1727 1533 cur-

25 1576 212 1621 rentes
247 1586 435 1639 usque
465 1570 535 1623 ad
569 1568 865 1623 Sedeciam
898 1574 1050 1621 recto
1080 1568 1305 1621 tramite
1328 1574 1597 1639 pergunt,
1630 1569 1727 1622 sed

30 1675 56 1709 a
89 1666 359 1726 tempore
395 1658 663 1719 Danielis,
713 1667 768 1711 et
820 1663 943 1726 post
992 1658 1430 1727 Babyloniorum
1482 1658 1727 1711 laxatam

1843 507 2019 559 Etubi
2075 507 2181 559 erit
2212 512 2347 559 tuuc
2398 506 2774 577 relinquenda
2824 507 2943 560 lilia
2994 508 3150 573 Sion,
3196 524 3325 577 qua:
3375 509 3533 561 nulla

1839 596 1966 648 est?
1995 594 2099 649 Ubi
2131 596 2536 661 sanctuarium,
2579 596 2729 665 quod
2761 598 3007 665 populus
3041 596 3355 649 devastavit
3403 612 3533 649 cum

1839 684 1980 737 duce
2012 690 2271 748 venturo,
2305 684 2403 754 qui
2436 684 2496 736 in
2544 684 2734 737 cinere
2767 685 3026 737 redactus
3079 684 3202 739 est?
3272 685 3540 738 Reddant

1836 772 2019 825 Judaei
2075 777 2285 825 statum
2341 788 2514 841 quem
2574 771 2829 825 Christus
2882 772 3155 824 inveniat.
3238 772 3541 825 Ediﬁcent

1839 858 2142 927 templum,
2175 859 2269 913 ubi
2310 860 2496 912 subito
2540 859 2867 913 testamenti
2896 860 3131 928 angelus
3164 860 3373 911 veniat.
3437 861 3535 926 En,

1840 964 1965 1001 ecce
1992 953 2050 1001 et
2077 954 2264 1001 vestra
2291 948 2527 1001 cessavit
2562 948 2763 1013 hostia,
2809 953 2873 1000 ut
2903 947 3117 1000 nullius
3146 948 3228 1000 rei
3287 948 3539 1001 admini-

1839 1037 1965 1087 culo
1994 1041 2177 1089 vestra
2198 1035 2498 1089 deleantur
2515 1040 2765 1105 peccata,
2800 1036 2937 1089 dum
2971 1051 3083 1089 non
3113 1035 3352 1088 adoletis
3410 1052 3538 1105 quae

1838 1124 2105 1177 Solebatis
2136 1125 2385 1178 incensa.
2440 1126 2548 1178 Lex
2590 1125 2873 1195 praecipit,
2932 1125 2991 1177 in
3040 1124 3370 1193 captivitate
3422 1141 3541 1179 non

1838 1213 2009 1266 licere
2042 1212 2307 1267 unctione
2340 1214 2517 1283 regali
2546 1214 2794 1267 chrisma
2838 1214 3135 1266 conﬁcere.
3186 1213 3343 1267 Unde
3404 1229 3539 1282 ergo

1840 1301 2071 1355 messias
2097 1308 2281 1354 vester
2305 1307 2571 1371 ungetur,
2616 1307 2681 1355 ut
2712 1306 2916 1355 unctus
2962 1317 3093 1355 vere
3128 1302 3289 1369 juxta
3332 1301 3539 1355 Danie-

1839 1390 1951 1442 lem
1976 1389 2097 1459 ipse
2128 1389 2434 1443 credatur?

1910 1481 1962 1531 6.
1997 1478 2100 1531 Sed
2128 1480 2245 1547 jam
2279 1495 2312 1531 a
2339 1482 2597 1548 tempore
2621 1481 2646 1520 ι)
2687 1494 2972 1531 annorum
3013 1477 3358 1532 veniendum
3403 1481 3488 1530 est
3523 1493 3535 1530 :

1840 1572 1895 1619 et
1926 1583 2041 1619 non
2075 1582 2230 1619 more
2264 1572 2479 1631 nostro,
2507 1567 2602 1621 sed
2637 1568 2802 1637 legali
2834 1568 3199 1633 documento,
3251 1567 3535 1620 calculan-

1848 1657 1982 1707 dum
2033 1661 2135 1721 est,
2189 1655 2413 1708 dicente
2473 1655 2713 1708 Domino
2768 1656 2835 1709 ad
2885 1656 3156 1724 Moysen:
3217 1656 3539 1710 Numerabis

32 1720 444 1815 captivitatem,
480 1747 578 1816 qui
625 1763 728 1815 per
781 1720 952 1799 duces
1001 1720 1331 1799 decurrunt.
1387 1748 1448 1800 Et
1483 1747 1631 1813 ideo,
1675 1753 1738 1799 ut
1775 1720 1818 1775 B
1855 1745 1956 1797 tibi
2006 1750 2203 1812 septem
2234 1744 2595 1797 hebdomadas
2645 1760 2908 1797 annorum
2948 1720 3090 1813 (Leo.
3120 1760 3273 1807 xxm,
3324 1745 3430 1812 t5),
3484 1746 3538 1797 id

32 1834 161 1895 dixi,
207 1851 242 1886 a
286 1839 549 1905 tempore
582 1834 833 1887 Dauielis
886 1850 1050 1904 reges
1103 1840 1316 1887 vestros
1366 1836 1735 1898 enuinerabo,

34 1927 83 1973 et
113 1923 171 1975 in
205 1939 387 1993 quem
422 1924 690 1977 defecerit
726 1923 883 1976 brevi
916 1922 1187 1991 indagine
1234 1922 1560 1993 assignabo.
1613 1925 1742 1977 Post

39 2027 208 2081 quem
244 2013 296 2064 si
325 2013 578 2082 aliqUem
612 2012 815 2065 habuit
845 2028 983 2081 gens
1014 2011 1132 2069 illa.
1184 2012 1285 2065 sub
1319 2028 1433 2082 quo
1468 2012 1742 2067 exstiterit

40 2099 197 2164 duce,
237 2116 572 2170 nomenque
604 2100 728 2170 ejus
757 2116 950 2169 quaeso
983 2100 1205 2153 edicite.

196 2190 430 2243 Primus
463 2195 587 2260 post
630 2189 879 2243 Danielis
928 2190 1289 2258 prophetiam
1325 2194 1626 2259 postquam
1672 2190 1740 2244 de

46 2276 333 2345 Babylone
382 2294 644 2331 reversus
689 2283 773 2331 est
822 2278 1091 2347 populus,
1142 2268 1370 2348 praefuit
1395 2280 1558 2331 Jesus
1590 2278 1741 2331 ﬁlius

42 2365 299 2433 Josedec,
361 2372 419 2420 et
474 2366 786 2419 Zorobabel
841 2366 995 2419 ﬁlius
1055 2363 1346 2420 Salathiel.
1410 2368 1541 2419 Post
1596 2382 1741 2435 quos

40 2454 271 2507 Joachin
302 2454 449 2507 ﬁlius
488 2456 619 2508 Jesu
661 2454 718 2507 in
756 2454 1094 2524 pontiﬁcatu
1128 2455 1417 2507 successit.
1455 2454 1556 2509 Cui
1615 2470 1740 2507 suc-

44 2541 203 2593 cessit
234 2541 433 2593 Eliuth
467 2557 479 2593 :
530 2541 662 2593 huic
694 2556 920 2611 quoque
953 2540 1221 2593 successit
1258 2541 1453 2594 Joiade
1486 2557 1497 2594 :
1535 2541 1739 2595 deinde

40 2629 280 2681 Joannes
319 2645 331 2681 :
378 2633 577 2698 postea
623 2629 813 2681 Jadus.
860 2631 989 2682 Post
1034 2645 1204 2699 quem
1257 2628 1473 2683 Onias:
1531 2629 1739 2683 deinde

42 2718 271 2785 przefuit
323 2718 578 2786 pontifex
630 2719 877 2770 Eleazar.
911 2719 1045 2770 Post
1093 2734 1263 2787 quem
1302 2719 1568 2771 successit
1599 2720 1741 2771 alter

43 2807 225 2859 Onias.
278 2806 495 2859 Deinde
536 2805 708 2858 Judas
742 2822 754 2857 :
788 2806 878 2858 cui
925 2806 1189 2859 successit
1228 2806 1406 2858 frater
1431 2806 1734 2858 Jonatlian.

46 2894 170 2947 Post
197 2910 376 2964 quem
408 2893 607 2947 Simon
648 2892 822 2946 frater
854 2893 1170 2964 utriusque.
1228 2893 1440 2947 Deinde
1469 2895 1735 2959 Joannes,

46 2988 165 3052 post
243 2998 423 3053 quem
495 2982 875 3035 Aristobolus.

48 3072 383 3137 Alexander,
435 3070 534 3141 qui
603 3085 696 3124 rex
745 3069 963 3139 pariter
1012 3085 1073 3123 ac
1120 3070 1375 3140 pontifex
1428 3070 1553 3124 fuit.
1608 3072 1740 3125 Post

49 3160 193 3213 hanc
217 3160 557 3225 Alexandra,
591 3175 736 3212 uxor
764 3159 905 3228 ejus,
943 3174 1072 3212 cum
1104 3158 1238 3212 ﬁliis
1281 3161 1477 3214 Ircano
1510 3164 1565 3213 et
1613 3161 1738 3213 Ari-

50 3248 267 3301 slobolo
300 3248 516 3318 populo
562 3248 808 3318 praefuit.
841 3248 962 3311 Quo
1000 3252 1261 3318 tempore
1304 3248 1557 3302 Herodes
1588 3247 1740 3300 ﬁlius

50 3338 359 3407 Antipatris
389 3336 686 3390 interfecto
713 3338 908 3390 Ircano
926 3352 1168 3407 regnum
1188 3336 1521 3390 Judaeorum
1540 3342 1737 3390 senatu

50 3426 305 3481 consulto
338 3426 572 3496 accepit.
607 3426 669 3479 In
702 3427 823 3495 ejus
854 3430 1111 3496 tempore
1142 3425 1427 3479 Christum
1478 3430 1739 3478 nostrum

51 3523 238 3569 natum
272 3531 396 3567 esse
429 3518 525 3567 tua
555 3514 799 3566 Charitas
836 3530 954 3567 non
984 3514 1252 3583 ignorat:
1289 3513 1443 3584 quod
1476 3513 1523 3566 si
1562 3513 1737 3567 alium

50 3608 368 3673 exspectare
396 3602 668 3668 nitimini,
711 3603 881 3656 duces
903 3618 970 3655 ex
1000 3602 1315 3656 tribuJuda
1354 3603 1629 3655 hactenus
1680 3600 1741 3656 in

52 3697 228 3745 vestra
254 3696 427 3763 gente
480 3691 803 3745 ostendite:
848 3696 906 3745 et
949 3696 1085 3744 tunc
1128 3696 1456 3761 exspectare
1501 3708 1600 3744 vos
1643 3707 1741 3744 re-

55 3781 441 3851 demptionem
490 3779 813 3846 ﬁrmabitis,
850 3795 977 3833 cum
1021 3779 1304 3833 defectum
1354 3779 1537 3832 tribus
1583 3780 1738 3833 Judie

51 3885 111 3922 ex
157 3869 397 3922 ducibus
430 3867 850 3938 suppleveritis.
902 3868 1061 3933 Quod
1122 3868 1169 3921 si
1197 3869 1445 3937 [nullum
1503 3868 1741 3938 potestis

54 3958 299 4011 invenire
359 3974 428 4010 ex
486 3957 739 4027 regibus,
799 3957 898 4027 qui
960 3957 1110 4010 vocis
1171 3956 1438 4010 ducatum
1489 3957 1744 4027 prmbeat

54 4046 337 4107 hactenus,
374 4046 531 4098 illam
581 4045 937 4116 prophetiam
987 4045 1235 4100 Danielis
1268 4045 1504 4115 probate
1556 4050 1740 4099 atten-

55 4136 180 4203 tius,
224 4140 282 4187 et
325 4140 461 4188 tunc
492 4134 887 4187 confusionem
942 4134 1271 4187 Judteorum
1302 4134 1423 4204 jam
1488 4134 1742 4189 debitam

57 4224 268 4276 venisse
326 4222 645 4292 probabitis
691 4222 900 4289 verius,
964 4223 1035 4277 ab
1080 4239 1147 4275 eo
1195 4224 1319 4276 loco
1357 4223 1454 4276 ubi
1503 4224 1742 4293 angelus

1854 1839 1939 1886 est
1990 1833 2198 1902 septies
2230 1838 2467 1901 septem,
2522 1834 2620 1902 qui
2671 1837 2801 1885 sunt
2833 1834 2968 1885 anni
3001 1832 3376 1903 quadraginta
3435 1849 3539 1886 no-

1852 1937 1997 1974 vem.
2033 1921 2180 1991 Ergo
2233 1920 2593 1990 septuaginta
2645 1920 3022 1974 hebdomadas
3092 1921 3542 1990 quadringentos

1851 2009 2164 2080 nonaginta
2201 2026 2381 2063 annos
2412 2010 2687 2063 efﬁciunt.
2735 2010 3071 2079 Septuagies
3101 2009 3255 2062 enim
3321 2010 3543 2079 septeni

1850 2098 2259 2169 quadringenti
2279 2099 2594 2169 nonaginta
2615 2104 2764 2151 sunt.
2794 2100 2976 2168 Igitur
2993 2115 3261 2169 percurre
3300 2098 3544 2153 breviter

1851 2188 2094 2253 Grazcas,
2147 2187 2393 2254 Latinas,
2456 2186 2839 2256 barbarasque
2892 2186 3219 2239 historiasa
3272 2186 3543 2240 vicesimo

1851 2291 2002 2328 anno
2044 2275 2360 2329 Artaxersis
2406 2275 2557 2345 regis
2589 2276 2889 2328 Persarum
2930 2291 3109 2345 usque
3142 2276 3210 2327 ad
3252 2275 3542 2329 Christum

1848 2364 2073 2429 ducem,
2109 2368 2165 2417 et
2194 2364 2450 2417 invenies
2479 2364 2981 2417 totiusnumerum
3048 2363 3539 2417 hebdomadarum

1850 2452 2023 2507 fuisse
2050 2453 2421 2522 completum,
2446 2453 2607 2522 juxta
2643 2452 2910 2505 lunarum
2943 2457 3278 2521 computum
3313 2452 3539 2505 Judaeu-

1848 2558 2000 2605 rum,
2032 2541 2132 2611 qui
2161 2541 2471 2611 unicuique
2503 2541 2685 2594 mensi
2718 2541 2838 2594 dies
2880 2540 3085 2611 viginti
3116 2556 3319 2594 novem
3353 2556 3544 2593 annu-

1848 2634 2092 2683 merant.
2143 2630 2281 2682 Nam
2322 2646 2355 2681 a
2385 2629 2649 2682 vicesimo
2696 2645 2846 2681 anno
2880 2628 3001 2697 jam
3047 2627 3182 2681 dicti
3227 2628 3545 2682 Artaxersis

1849 2733 2032 2787 usque
2072 2718 2141 2770 ad
2175 2718 2440 2787 quintum
2479 2718 2765 2771 decimum
2797 2732 3015 2769 annum
3050 2716 3261 2769 Tiberii
3306 2716 3545 2769 Caesaris

1849 2806 2215 2874 reperiuntur
2244 2806 2380 2858 anni
2416 2805 2825 2875 quadringenti
2851 2805 3215 2875 septuaginta
3260 2805 3539 2875 quinque,

1848 2895 1949 2965 qui
2010 2894 2223 2948 faciunt
2283 2910 2463 2947 annos
2496 2894 2797 2948 Hebraicos
2860 2894 3309 2964 quadringentos
3361 2910 3543 2948 nona-

965 2982 1108 3036 Huic
1174 2998 1405 3053 quoque
1472 2984 1738 3035 successit
1775 2974 1816 3029 C
1848 2984 2037 3053 ginta;
2077 2983 2213 3054 quia
2245 2983 2444 3050 Grieci,
2485 2987 2539 3036 et
2580 2983 2785 3049 Judaei,
2835 2999 2936 3052 per
2965 2988 3090 3036 octo
3137 2999 3316 3035 annos
3367 2983 3543 3035 trium

1848 3073 2134 3126 mensium
2167 3072 2539 3125 embolismos
2566 3071 2803 3126 faciunt.
2838 3073 2906 3125 Et
2934 3072 3065 3126 ideo
3112 3072 3183 3125 ab
3228 3071 3401 3141 hujus
3441 3076 3545 3125 Ar-

1847 3162 2085 3215 taxersis
2124 3161 2392 3214 vicesimo
2444 3177 2595 3214 anno
2643 3161 3089 3229 computandum
3141 3163 3244 3227 est,
3295 3166 3353 3213 ut
3404 3175 3541 3229 pree-

1849 3250 1985 3314 dixi,
2019 3250 2154 3320 quia
2185 3250 2241 3302 in
2274 3249 2401 3318 ipso
2431 3266 2581 3303 anno
2612 3264 2852 3316 egressus
2892 3254 2969 3303 est
3015 3264 3208 3315 sermo,
3243 3253 3303 3302 ut
3351 3251 3548 3303 iterum

1848 3338 2213 3403 adi/icaretur
2268 3340 2583 3401 Jerusalem,
2661 3338 2891 3391 Neemia
2948 3338 3223 3407 pincerna
3285 3342 3544 3408 rogante,

1850 3425 1997 3477 sicut
2026 3424 2103 3477 ait
2144 3426 2383 3494 angelus
2420 3424 2657 3478 Dauieli.
2705 3424 2867 3488 Quod
2921 3424 2969 3478 si
3014 3425 3221 3478 iterum
3275 3442 3305 3477 a
3360 3426 3547 3494 primo

1852 3528 2001 3565 anno
2058 3512 2233 3578 Darii,
2290 3513 2391 3582 qui
2440 3518 2496 3565 et
2553 3514 2719 3566 Melas
2766 3516 2996 3566 vocatus
3045 3518 3147 3576 est,
3207 3513 3546 3566 successoris

1852 3600 2000 3671 Cyri,
2058 3616 2172 3670 quo
2202 3600 2361 3669 [visio
2423 3600 2639 3654 Danieli
2700 3601 2885 3654 extitit
2940 3601 3210 3667 revelata,
3296 3600 3543 3653 volueris

1850 3692 2201 3756 computare,
2239 3687 2495 3741 invenies
2535 3688 2593 3740 in
2625 3687 2979 3757 sexagesima
3028 3687 3272 3739 secunda
3326 3686 3545 3739 hebdo-

1844 3776 2019 3829 mada
2048 3781 2247 3828 natum
2275 3776 2514 3829 existere
2541 3774 2848 3829 Christum.

1923 3869 1972 3917 '7.
2030 3866 2163 3918 Post
2218 3865 2379 3934 cujus
2422 3864 2800 3925 nativitatem,
2850 3863 2897 3915 si
2940 3862 3219 3916 calculare
3268 3862 3546 3915 malueris

1850 3953 2137 4023 reliquum
2182 3952 2672 4007 hebdomadarum
2707 3967 3033 4017 numerum,
3066 3951 3127 4004 in
3157 3950 3344 4020 primo
3391 3966 3543 4004 anno

1852 4041 2204 4111 Vespasiani,
2260 4042 2359 4112 qui
2402 4040 2700 4112 captivitas
2739 4045 2927 4094 vestra
2956 4040 3101 4093 facta
3122 4043 3225 4106 est,
3278 4039 3548 4093 invenie-

1850 4134 1945 4183 tur
1992 4130 2316 4200 impletum.
2357 4131 2425 4183 Et
2463 4130 2570 4183 ista
2616 4129 2694 4182 ita
2741 4134 3000 4199 poteram
3050 4127 3387 4198 singillatim
3446 4144 3550 4198 per

1853 4218 2092 4273 nomina
2138 4234 2335 4288 regum
2389 4234 2685 4289 annosque
2732 4217 3143 4289 imperantium
3185 4216 3548 4286 singulorum

58 4308 268 4362 Danieli
300 4309 557 4379 loquitur
604 4308 797 4361 dicens
844 4308 1002 4378 (Dan.
1040 4326 1112 4375 ix,
1146 4308 1235 4378 22)
1272 4323 1285 4363 :
1324 4309 1548 4387 ‘Daniel
1601 4325 1741 4363 nunc
1780 4328 1823 4381 ι)
1851 4307 2171 4370 ostendere,
2211 4307 2355 4360 sicut
2383 4315 2402 4341 ε
2444 4306 2656 4377 legales
2705 4307 3092 4361 successiones
3135 4320 3239 4375 per
3294 4305 3547 4375 prophe-

58 4411 287 4462 egressus
316 4412 455 4462 sum,
491 4402 551 4449 ut
603 4396 860 4462 docerem,
904 4403 952 4450 et
998 4397 1344 4464 intelligeres.
1393 4397 1483 4449 Ab
1524 4397 1748 4452 errordio

56 4500 259 4551 precum
288 4491 506 4539 tuarum
554 4500 800 4552 egressus
845 4490 922 4539 est
980 4501 1170 4551 sermo,
1207 4501 1386 4555 usque
1438 4486 1509 4539 ad
1558 4486 1745 4539 locum

60 4573 145 4625 ubi
172 4573 271 4626 tali
319 4574 720 4643 prosecutione
760 4574 934 4627 ﬁnem
974 4573 1253 4626 conclusit
1287 4589 1299 4626 :
1334 4577 1405 4628 Et
1432 4579 1556 4643 post
1614 4575 1747 4628 heb-

60 4660 304 4714 domadas
350 4665 641 4727 sexaginta
688 4661 825 4715 duas
855 4662 1125 4715 occidetur
1176 4664 1443 4729 Christus,
1495 4668 1544 4716 et
1604 4665 1744 4717 civi-

65 4753 213 4801 tatem
260 4754 308 4803 et
361 4752 737 4803 sancturirium
798 4750 1094 4818 dissipabit
1144 4751 1376 4819 populus
1434 4766 1553 4804 cum
1617 4751 1748 4804 duce

62 4842 287 4898 rmturo,
320 4842 371 4890 et
401 4838 531 4896 ﬁnis
562 4840 675 4905 ejus
724 4841 975 4904 vastitas,
1007 4844 1056 4892 et
1102 4844 1223 4908 post
1262 4839 1425 4901 ﬁnem
1458 4840 1583 4892 bili
1630 4844 1745 4893 sta-

63 4928 167 4975 tuta
212 4926 489 4979 desolatio.
534 4926 697 4980 Vides
746 4928 899 4997 quod
958 4932 1085 4998 post
1136 4926 1485 4981 occisionem
1539 4928 1748 4981 Christi

63 5014 423 5068 vastationem
447 5015 712 5069 omnibus
738 5016 945 5070 Judazis
964 5016 1182 5086 pollicit
1210 5015 1502 5085 Scriptura
1534 5016 1743 5071 divina.

62 5096 117 5148 Et
148 5099 187 5149 si
240 5099 426 5153 adhuc
476 5100 784 5165 Christum,
836 5102 891 5153 id
921 5108 1007 5155 est
1054 5100 1332 5166 Messiam,
1392 5102 1744 5171 exspectatis,

65 5188 307 5253 profecto
347 5188 533 5241 adhuc
560 5188 969 5243 desolationem
1016 5189 1295 5257 majorem
1328 5189 1528 5244 timere
1569 5189 1747 5243 debe-

68 5274 165 5329 tis:
208 5276 341 5345 quia
395 5292 511 5329 non
541 5276 697 5330 vobis
754 5278 1228 5347 redemptionem,
1275 5282 1338 5331 ut
1386 5294 1591 5331 vanam
1624 5277 1746 5348 opi-

68 5364 203 5416 natis
222 5364 469 5434 pollicit,
500 5365 593 5417 sed
621 5366 993 5420 vastationem
1026 5366 1095 5421 ab
1122 5366 1245 5436 ejus
1282 5366 1523 5420 adventu
1564 5382 1746 5437 usque

126 5512 147 5536 ³
187 5508 304 5560 Dies
338 5508 535 5560 multos
568 5507 773 5563 desunt
809 5509 868 5562 in
905 5510 999 5563 Ms.

128 5577 151 5616 ιι
192 5577 243 5629 F.
274 5578 349 5629 ad
385 5585 613 5646 tempus.

1856 4402 2045 4451 tarum
2074 4395 2250 4449 libros
2292 4396 2605 4466 potuissem
2634 4395 2902 4466 probare.
2958 4395 3064 4450 Sed
3111 4393 3246 4464 quia
3288 4393 3393 4447 etsi
3447 4408 3552 4445 ve-

1855 4485 1972 4539 raci
2018 4484 2281 4554 virilique
2330 4485 2642 4538 assertione
2685 4484 3019 4554 probentur,
3070 4487 3264 4536 tamen
3323 4481 3552 4534 ﬁdelem

1857 4574 2175 4627 auditorem
2211 4574 2543 4643 requirunt;
2585 4574 2714 4627 ideo
2751 4588 2865 4626 non
2898 4586 3105 4641 magna
3135 4584 3305 4638 opere
3352 4569 3409 4621 in
3439 4583 3552 4621 nu-

1854 4678 2146 4715 merorum
2180 4662 2263 4714 vel
2294 4662 2707 4732 imperatorum
2748 4665 3027 4729 tempora,
3077 4657 3411 4709 laciuiosam
3458 4655 3547 4707 in-

1855 4755 2070 4804 struam
2105 4750 2375 4813 fabulam,
2422 4751 2518 4803 sed
2550 4750 2797 4802 breviter
2829 4746 3079 4816 tetigisse
3111 4743 3376 4808 sufﬁciat,
3406 4742 3548 4813 quid

1855 4839 2035 4892 nostri
2077 4838 2207 4891 inde
2258 4853 2483 4891 sensere
2527 4836 2803 4904 majores;
2852 4840 2909 4888 et
2947 4837 3063 4887 ate
3094 4832 3344 4884 fraterno
3388 4845 3549 4883 more

1853 4926 2168 4997 inquirere,
2203 4926 2343 4995 quid
2375 4925 2505 4978 inde
2536 4928 2847 4977 tractavere
2901 4936 3162 4991 proceres
3185 4919 3505 4989 Synagogie
3533 4934 3546 4972 :

1854 5019 1917 5068 ut
1945 5019 2001 5068 et
2040 5014 2178 5067 mihi
2221 5014 2386 5066 liceat
2411 5027 2573 5065 nosse
2599 5011 2752 5081 quod
2792 5024 2992 5062 verum
3023 5010 3128 5074 est,
3160 5010 3215 5059 et
3240 5005 3346 5058 tibi
3377 5006 3553 5060 libeat

1853 5103 2160 5172 reprobare
2189 5100 2343 5171 quod
2397 5100 2601 5153 falsum
2634 5104 2731 5153 est.
2763 5096 2907 5150 Illud
2962 5110 3135 5165 quam
3169 5094 3416 5147 maxime
3446 5110 3552 5164 po-

1854 5206 2034 5257 scens,
2068 5201 2132 5243 ut
2170 5189 2291 5243 sine
2339 5189 2488 5243 fellis
2529 5185 2915 5241 amaritudine
2957 5184 3098 5237 mihi
3130 5184 3374 5237 disseras
3414 5182 3553 5254 quid

1854 5279 2084 5349 prodest
2115 5292 2298 5331 nosse.
2336 5277 2401 5330 Et
2428 5280 2543 5329 tam
2573 5274 2717 5328 illud
2741 5272 2895 5344 quod
2925 5288 2958 5325 a
2980 5271 3152 5326 Jacob
3181 5272 3342 5325 Judm
3373 5269 3399 5305 ιι
3429 5287 3557 5341 pro-

1854 5368 1962 5421 tuli
1983 5365 2371 5431 benedictum,
2401 5379 2573 5435 quam
2605 5362 2774 5416 etiam
2809 5360 2966 5431 quod
2997 5377 3029 5414 a
3059 5360 3293 5415 Daniele
3328 5359 3551 5431 profes-

1925 5515 1945 5539 °
1984 5507 2106 5572 Ms.,
2139 5506 2209 5559 si.

1924 5578 1950 5619 ἀ
1991 5578 2114 5641 Ms.,
2142 5590 2304 5645 quam
2334 5592 2368 5629 a
2396 5575 2557 5629 Jacob
2578 5573 2729 5645 jube.
