3860 6262
283 217 385 269 483

1645 209 1893 264 ALVARI
1937 208 2407 265 CORDUBENSIS
3711 208 3782 257 iis;
3820 196 3821 261 ᾗ

286 370 411 407 sum
460 351 865 422 prophetarum
911 358 953 415 ⁸,
989 347 1278 402 disertiori
1323 348 1467 415 stylo
1497 347 1657 416 juxta
1688 346 1840 417 quod
1875 345 1979 398 tibi
2017 347 2059 399 A
2088 344 2395 398 Zorobabel
2430 344 2499 398 ad
2534 360 2708 414 quem
2737 359 2924 398 sermo
2946 343 3213 414 dirigitur
3253 344 3315 397 in
3354 358 3551 398 manu
3586 343 3783 411 Aggazi.

285 441 511 495 videtur
562 438 1018 508 exponendum:
1074 436 1159 489 vcl
1229 435 1542 488 secundum
1593 435 1743 505 quod
1795 451 1827 488 a
1880 436 1973 488 Ju-

285 531 536 584 daeorum
595 527 925 581 doctoribus
970 529 1150 577 exstat
1203 524 1543 594 expositum,
1599 540 1713 576 non
1769 540 1978 577 renuas

285 618 511 672 amicali
538 616 726 670 studio
770 615 911 668 mihi
944 614 1189 667 scribere
1221 618 1426 666 totum.
1460 613 1603 677 Quia
1634 612 1767 665 licet
1799 612 1979 666 multa

285 713 342 761 et
370 707 643 777 praeclara
673 704 1002 759 testimonia
1032 708 1147 756 tam
1178 702 1362 767 nobis,
1398 717 1570 771 quam
1595 700 1751 753 vobis
1782 699 1981 752 conni-

286 796 496 860 bentia,
520 794 934 864 prophetarum
962 792 1292 845 contineant
1314 791 1477 855 dicta,
1504 795 1694 842 tamen
1720 788 1977 841 univvr-a

286 882 504 936 utiliter
522 881 947 947 trutinata,'non
972 880 1112 933 mihi
1137 879 1400 932 videntur
1421 878 1505 930 vel
1530 877 1691 930 nobis
1716 877 1801 929 vel
1822 877 1980 928 vobis

286 987 387 1025 ora
432 970 790 1039 confringere
840 976 1020 1039 petra,
1070 969 1156 1021 vel
1184 969 1386 1021 cliamo
1435 965 1795 1035 confringere
1856 980 1974 1017 ora.

286 1058 417 1111 Sola
451 1057 573 1111 haec
600 1058 679 1110 ita
722 1057 1090 1127 proferuntur
1134 1055 1443 1125 praevalida
1472 1096 1485 1119 ,
1532 1058 1592 1107 ut
1636 1070 1739 1107 nec
1771 1053 1979 1106 mutire

285 1146 451 1199 liceat
478 1146 761 1215 alienique
794 1150 1121 1198 nostrorum
1153 1149 1283 1214 post
1313 1144 1521 1197 horum
1564 1141 1980 1213 expositionem

286 1239 633 1305 perceptam.
678 1233 735 1287 Si
768 1250 896 1287 vero
944 1233 1090 1286 hanc
1131 1232 1543 1301 expositionem
1591 1230 1979 1297 refutandam,

290 1340 423 1377 nam
472 1339 585 1376 non
644 1322 921 1393 przevides
979 1339 1099 1375 esse
1162 1321 1536 1392 sequendam,
1595 1320 1734 1390 quid
1791 1319 1983 1390 potius

284 1412 599 1465 tenendum
633 1416 714 1464 est
768 1411 905 1464 elice
951 1427 1054 1481 per
1108 1426 1379 1463 mansura
1426 1409 1739 1463 robustiori
1785 1423 1982 1478 prose-

286 1500 513 1553 cutione
540 1505 773 1552 asserta.
810 1501 873 1552 Et
909 1500 1028 1552 noli
1068 1504 1292 1552 tantum
1342 1499 1527 1550 verbis
1576 1497 1741 1550 nudis
1785 1512 1983 1565 repro-

285 1589 414 1641 bam
456 1589 620 1640 istam
656 1588 956 1653 aediﬁcare,
1002 1588 1093 1639 sed
1127 1592 1429 1656 postquam
1479 1586 1735 1655 probiter
1792 1586 1982 1637 firma-

285 1676 431 1728 veris
464 1676 629 1729 istam
661 1676 860 1728 falsam
911 1675 1171 1739 existere,
1206 1676 1375 1728 aliam
1416 1675 1694 1743 producas
1746 1689 1873 1743 quas
1928 1673 1984 1724 in

287 1781 345 1818 se
404 1764 727 1833 gradientes
788 1780 903 1817 non
953 1764 1102 1816 sinat
1159 1778 1425 1816 enarrare
1485 1765 1530 1827 ί),
1577 1767 1640 1814 ut
1684 1767 1740 1815 et
1789 1762 1984 1814 adver-

288 1854 502 1906 sarium
528 1853 741 1917 vincas,
776 1858 831 1905 et
863 1852 1109 1905 amicum
1144 1852 1221 1905 ita
1253 1857 1313 1904 ut
1362 1851 1705 1920 discipulum
1761 1851 1981 1903 doceas.

290 1940 432 2011 Opto
464 1944 517 1993 te
550 1956 774 2010 semper
801 1941 945 1994 bene
978 1940 1187 2004 valere,
1220 1938 1694 1992 reverendissime
1737 1943 1793 1992 et
1849 1938 1988 1992 dile-

289 2030 558 2095 ctissime,
590 2035 794 2082 natura
826 2044 938 2082 non
971 2028 1080 2082 ﬁde
1108 2029 1299 2082 frater.
1338 2028 1505 2081 Finit.

1080 2155 1184 2207 XV.

430 2274 763 2313 RESCRIPTUM
806 2274 1263 2313 TRANSGRESSORIS
1302 2274 1509 2312 ALVARO
1543 2274 1821 2312 DlRECI‘UH.

362 2383 574 2436 Dilecto
611 2381 752 2435 mibi
780 2384 1000 2435 ALVARO
1044 2382 1308 2435 ELEAZAR.

362 2470 674 2540 Scripsistis
706 2470 888 2540 milii,:
911 2488 942 2523 o
970 2472 1143 2524 homo
1178 2472 1349 2536 bone,
1385 2471 1631 2540 qualiter
1662 2486 1767 2539 ego
1796 2487 1989 2540 proce-

290 2575 494 2628 resque
536 2575 674 2611 meae
735 2559 1052 2629 Synagoga!
1102 2560 1515 2628 intelligimus:
1562 2561 1677 2613 Non
1707 2561 1989 2624 auferetur

290 2652 558 2715 sceptrum
590 2647 655 2699 de
682 2647 844 2712 Juda,
881 2652 929 2700 et
962 2648 1078 2701 dua:
1122 2648 1185 2700 de
1214 2648 1508 2713 fmnoribus
1556 2648 1692 2715 ejus,
1739 2652 1795 2700 et
1855 2647 1987 2700 reli-

292 2751 424 2804 qua.
471 2737 586 2790 Hoc
636 2735 789 2789 enim
847 2737 1013 2790 nobis
1060 2738 1182 2789 luce
1230 2736 1436 2789 clarius
1489 2741 1592 2789 est.
1652 2736 1710 2788 Si
1741 2736 1895 2788 enim
1928 2735 1985 2787 in

292 2823 729 2892 praesentiarum
805 2824 1048 2888 adesses,
1127 2824 1543 2891 interrogarem
1618 2828 1672 2877 te
1757 2823 1985 2893 qualem

2084 434 2278 487 Factus
2317 438 2394 487 est
2420 449 2590 487 sermo
2636 436 2852 488 Domini
2892 432 2951 487 in
2994 450 3159 487 manu
3203 435 3401 504 Agga’i
3448 434 3519 486 in
3571 432 3787 484 secunde

2086 538 2225 575 anno
2260 525 2434 589 Darii,
2478 523 2551 576 ad
2609 523 2896 576 Zorobabel
2935 524 3109 590 ﬁlium
3160 522 3406 587 Salatiel,
3479 521 3685 574 ducem
3711 522 3784 572 Ju-

2087 610 2186 677 dae,
2220 616 2270 664 et
2320 611 2392 663 ad
2436 614 2615 665 Jesum
2662 612 2835 679 ﬁlium
2880 611 3093 665 Josedec
3136 610 3471 665 sacerdotem
3546 624 3789 674 magnum

2089 700 2247 768 (Agg.
2288 701 2351 766 ι).
2400 700 2567 752 Vides
2607 700 2741 770 quia
2776 700 2844 753 de
2891 699 3064 753 Tribu
3095 700 3238 753 Juda
3280 714 3609 768 nunquam
3642 696 3787 749 duces

2087 794 2396 841 cessarunt.
2436 788 2614 841 Etiam
2639 789 2697 840 in
2727 788 3053 858 captivitate
3084 787 3255 857 positi
3284 788 3473 840 tribus
3514 786 3625 839 illa
3667 804 3787 854 pra:-

2086 876 2362 930 lationem
2408 893 2707 947 nunquam
2757 876 2963 929 amisit.
3019 876 3179 939 Quod
3226 893 3355 929 vero
3418 892 3585 928 novo
3633 876 3787 926 uteris

2087 970 2447 1035 argumento,
2483 981 2742 1019 asserens
2779 966 2836 1018 in
2877 966 3112 1018 Hebraeo
3146 980 3263 1017 non
3290 964 3370 1017 ita
3400 964 3662 1027 habere,
3712 966 3791 1015 sed

2087 1054 2214 1107 aliis
2241 1053 2601 1107 sermonibus
2634 1054 2813 1106 multo
2847 1052 3001 1105 aliud
3050 1052 3392 1121 significare,
3441 1052 3644 1105 miror
3698 1057 3793 1103 tua

2088 1142 2429 1196 eruditionis
2457 1142 2515 1195 in
2551 1142 2784 1195 Hebraea
2832 1142 3030 1211 lingua
3057 1146 3173 1193 tam
3206 1142 3361 1194 velox
3397 1140 3649 1209 peritia,
3712 1143 3793 1209 qui

2091 1236 2217 1301 post
2255 1232 2612 1299 octingentos
2659 1230 3041 1301 quadraginta
3089 1245 3270 1282 annos
3307 1229 3670 1284 Iudaeorum
3723 1230 3793 1280 ni-

2091 1317 2229 1371 teris
2267 1319 2563 1371 consolare
2614 1319 2961 1384 vecordiam,
3017 1335 3146 1389 quae
3195 1325 3323 1373 ante
3375 1333 3701 1387 nunquam
3748 1317 3792 1367 in

2093 1423 2290 1460 earum
2322 1423 2519 1460 sensus
2550 1423 2773 1460 venere.
2807 1408 2965 1461 Soliti
2995 1409 3149 1461 enim
3193 1412 3356 1461 erant
3397 1423 3612 1477 regem
3660 1408 3794 1457 ultra

2094 1512 2251 1549 mare
2282 1497 2595 1566 inquirere,
2637 1512 2751 1550 non
2783 1496 2950 1549 verba
3000 1496 3312 1567 prophetiae
3344 1496 3459 1549 alia
3509 1496 3793 1561 interpre-

2096 1585 2308 1637 tatione
2342 1586 2685 1638 subvertere.
2734 1586 2873 1638 Nam
2909 1586 2954 1637 si
2980 1587 3087 1638 hoc
3116 1586 3174 1638 in
3209 1587 3445 1638 Hebraeo
3483 1585 3606 1637 iter
3651 1583 3795 1637 Seba-

2097 1680 2150 1726 ct
2178 1674 2445 1727 Amohkec
2476 1683 2515 1739 ο,
2549 1674 2647 1744 qui
2679 1680 2842 1727 sonat
2897 1674 3092 1727 Latine
3142 1675 3314 1727 tribus
3344 1680 3404 1726 et
3442 1673 3644 1726 doctor
3705 1672 3791 1722 lia-

2096 1763 2295 1827 betur;
2330 1778 2431 1815 cur
2474 1778 2578 1831 per
2620 1762 2730 1815 ista
2767 1768 2853 1815 tot
2906 1778 3190 1815 annorum
3242 1762 3426 1832 spatia
3479 1760 3658 1814 nobis
3690 1776 3790 1811 non

2097 1856 2279 1904 exstat
2305 1852 2655 1921 oppositum,
2680 1867 2806 1904 cum
2858 1867 3053 1921 regem
3078 1852 3163 1904 vel
3185 1850 3387 1904 ducem
3411 1849 3525 1903 sibi
3548 1850 3791 1903 fateren-

2095 1943 2189 1992 tur
2216 1945 2373 1992 trans
2404 1945 2666 2008 pontum,
2698 1956 2826 1993 cum
2874 1940 3111 1993 liberior
3131 1939 3211 1992 eis
3242 1944 3296 1992 et
3320 1938 3657 2008 expeditior
3693 1936 3789 1987 im-

2095 2027 2341 2080 mineret
2380 2027 2638 2092 assertio,
2695 2032 2755 2079 ut
2800 2027 3075 2091 dicerent,
3122 2028 3229 2080 hoc
3290 2043 3404 2079 non
3453 2024 3665 2078 haberi
3704 2038 3787 2091 pe-

2095 2116 2248 2169 nitus
2282 2116 2340 2169 in
2394 2116 2672 2169 Hebraeo:
2732 2115 2839 2168 nisi
2888 2115 3126 2169 forsitan
3154 2122 3211 2168 tu
3257 2116 3431 2168 homo
3490 2114 3694 2167 Gallus
3740 2112 3787 2163 in

2095 2220 2293 2257 eorum
2336 2204 2536 2257 litteris
2566 2204 2893 2258 intellexisti
2938 2205 3090 2275 quod
3122 2220 3384 2274 proceres
3447 2203 3789 2271 ignorabant

2094 2293 2368 2345 hactenus
2408 2294 2749 2363 Synagogte,
2784 2298 2839 2346 et
2886 2293 2944 2345 in
2980 2292 3268 2346 Hebraicis
3319 2292 3521 2345 litteris
3585 2288 3791 2343 invenit

2098 2381 2326 2434 Latinus
2366 2382 2517 2451 quod
2565 2381 2855 2435 nesciebat
2908 2381 3199 2435 Hebraeus.
3236 2382 3373 2433 Vere
3415 2380 3645 2433 frivolae
3694 2378 3786 2429 bu-

2089 2470 2251 2539 jusce
2298 2469 2751 2540 investigationis
2796 2470 3055 2535 assertio,
3106 2470 3241 2522 ﬁdei
3304 2467 3677 2522 retundenda
3721 2470 3789 2516 est

2096 2558 2341 2624 calculo;
2376 2564 2491 2611 tam
2537 2559 2689 2611 enim
2724 2558 3053 2612 doctoribus
3100 2558 3308 2611 nostris
3341 2575 3370 2609 a
3420 2557 3630 2610 vestris
3683 2571 3784 2607 ma-

2091 2645 2333 2715 joribus,
2368 2662 2541 2716 quam
2585 2647 2759 2699 etiam
2806 2646 2972 2699 nobis
3004 2647 3083 2699 nil
3132 2646 3281 2700 aliud
3315 2646 3537 2699 edicere
3585 2644 3789 2697 soleba-

2097 2736 2187 2799 tis,
2223 2735 2332 2786 nisi
2356 2750 2545 2804 regem
2578 2735 2738 2787 vobis
2766 2735 2833 2788 de
2875 2735 3269 2787 transmarinis
3309 2736 3607 2805 inquirere
3640 2732 3781 2786 locis.

2098 2825 2324 2877 Discute
2363 2824 2532 2893 hujus
2565 2823 2918 2876 admirabilis
2968 2823 3505 2892 interpretationem
3533 2820 3784 2893 |doctoris

293 2916 581 2981 sceptrum
636 2910 886 2965 habuere
933 2911 1037 2963 ﬁlii
1088 2912 1325 2981 Israhel,
1383 2912 1467 2965 vel
1519 2928 1690 2982 quem
1758 2912 1986 2979 ducem,
2027 2936 2065 2990 ο
2098 2913 2272 2965 nostri
2308 2911 2655 2981 Hieronymi,
2689 2916 2745 2964 et
2770 2928 2837 2964 ex
2870 2911 2991 2964 aliis
3022 2912 3160 2964 locis
3201 2912 3630 2981 Scripturarum
3671 2924 3779 2960 eam

295 3000 420 3053 illos
451 3000 810 3069 septuaginta
854 3015 1035 3051 annos
1084 3000 1313 3069 quando
1346 3001 1505 3054 fuere
1548 3001 1609 3053 in
1652 3017 1825 3071 cap...
1881 3001 1989 3054 Na-

295 3086 740 3141 buchodonosor
769 3092 823 3141 et
852 3087 995 3140 sicut
1028 3092 1142 3140 tua.

368 3176 807 3244 (Quatuordecim
842 3178 898 3228 in
945 3177 1042 3228 hac
1065 3178 1273 3244 pagina
1303 3178 1385 3229 ita
1411 3177 1620 3230 abrasas
1660 3181 1787 3230 sunt
1818 3178 1988 3237 lineae,

294 3251 355 3300 ut
399 3263 491 3300 nec
538 3250 757 3299 verbum
804 3262 970 3299 unum
1030 3248 1135 3312 legi
1177 3250 1369 3315 possit.
1418 3248 1623 3301 Folium
1669 3248 1991 3315 subsequens

295 3321 534 3371 emsecuit
591 3332 866 3386 possessor
926 3317 1147 3383 codicis,
1206 3333 1272 3371 ne
1311 3320 1726 3384 transgressoris
1783 3318 1990 3372 delira-

293 3394 475 3442 menta
505 3388 848 3457 legerentur.)

1073 3477 1202 3530 XVI.

510 3598 633 3636 lTEM
686 3598 938 3636 EPISTOLA
980 3598 1175 3636 ALVARl
1217 3598 1500 3637 ELEAZARO
1540 3599 1779 3637 DIRECTA.

368 3707 581 3759 Dilecto
616 3707 900 3759 ELEAZARO
939 3707 1211 3759 ALVARUS.

370 3797 417 3847 l.
478 3794 883 3864 Responsionis
938 3800 1074 3861 tuas,
1128 3794 1602 3848 reverendissime
1657 3796 1853 3857 frater,
1909 3795 1995 3846 lit-

294 3889 445 3937 teras
476 3883 623 3952 ‘legi,
676 3888 731 3935 et
762 3888 1111 3952 praipostero
1172 3882 1374 3936 ordine
1424 3883 1805 3937 invectionem
1853 3882 1995 3935 mibi

295 3973 468 4025 latam
500 3971 756 4040 probavi.
792 3971 1153 4039 Objectiones
1184 3972 1338 4024 enim
1375 3987 1517 4025 mete
1556 3971 1795 4024 minime
1843 3976 1994 4025 exle-

296 4064 489 4110 nuataa
520 4057 790 4121 existunt,
827 4073 932 4110 nec
967 4059 1274 4128 unicuique
1306 4060 1655 4129 Oppositioni
1697 4060 1993 4129 responsio

298 4145 464 4198 obvia
496 4144 647 4197 fuit:
699 4146 796 4198 sed
840 4150 1059 4199 tantum
1114 4147 1332 4199 animas
1385 4149 1442 4200 in
1490 4163 1741 4217 praeceps
1784 4149 1995 4217 stylum

296 4232 695 4301 blaspliemum
770 4233 961 4301 gessit,
995 4238 1050 4286 et
1100 4235 1419 4303 Synagoga:
1473 4235 1715 4305 scriptor
1776 4236 1997 4289 Iudaica

298 4319 545 4373 confecit
588 4320 904 4388 opuscula;
954 4320 1046 4372 cui
1096 4336 1200 4373 nos
1256 4326 1451 4390 utpote
1499 4322 1820 4378 Cbristicoli
1877 4340 1996 4376 non

298 4410 605 4464 verborum
638 4409 1009 4462 faleratorum
1034 4409 1225 4478 jacula
1246 4410 1546 4480 jaciemus,
1590 4414 1686 4466 sed
1716 4420 1910 4483 aperte
1944 4419 1999 4468 et

298 4516 440 4571 pure
471 4498 728 4552 veritatis
760 4498 1018 4568 regulam
1072 4499 1439 4568 indagemus.
1495 4501 1664 4554 Miror
1716 4508 1910 4556 tamen
1942 4509 1997 4557 te

299 4588 643 4658 prudentem
668 4587 875 4652 virum,
910 4592 966 4641 et
992 4592 1053 4640 ut
1080 4588 1259 4656 stylns
1294 4589 1573 4656 approbat
1608 4590 1995 4644 eruditionum

299 4675 623 4728 liberalium
655 4675 917 4745 apprime
948 4675 1256 4739 imbutum,
1293 4679 1410 4727 tam
1434 4676 1683 4729 tenuiter
1724 4681 1774 4729 te
1797 4678 2001 4747 opina—

301 4780 431 4818 vere
462 4764 520 4817 in
570 4764 740 4817 rebus
784 4765 1062 4817 duntaxat
1111 4762 1340 4833 divinis,
1394 4768 1457 4816 ut
1508 4751 1869 4835 septuaginta
1901 4784 2001 4820 an-

302 4868 511 4906 norum
566 4852 950 4922 captivitatem
1002 4852 1173 4905 unius
1235 4852 1386 4923 regis
1443 4855 1841 4908 tantummodo
1889 4857 2002 4910 vita

307 4944 390 4993 tot.
435 4940 724 5008 tantisque
758 4939 1112 5008 temporibus
1172 4940 1294 5010 jam
1334 4942 1631 4994 transactis
1678 4943 2005 5013 equiperari

307 5028 554 5081 studeas.
597 5028 902 5096 Nunquam
936 5044 1007 5081 ex
1035 5028 1186 5081 tribu
1221 5029 1369 5084 Juda
1399 5030 1591 5099 duces,
1639 5032 1727 5083 vel
1785 5038 2005 5103 sceptra

309 5123 601 5171 cessarunt
643 5118 877 5187 regalia,
928 5119 1065 5189 quia
1116 5121 1395 5189 Jeconias,
1458 5122 1554 5192 qui
1610 5122 1668 5175 in
1720 5122 2004 5194 Babylone

310 5206 514 5261 ductus
553 5210 659 5269 est,
693 5205 877 5260 tilium
910 5207 1109 5263 habuit
1163 5210 1412 5277 Salatiel,
1462 5211 1530 5265 de
1574 5227 1689 5283 quo
1726 5218 1891 5267 natus
1921 5217 2005 5266 est

381 5356 406 5381 ι
446 5348 608 5420 [forte
627 5350 909 5417 professus
936 5364 1053 5405 sum
1080 5351 1488 5420 prophetarum.

381 5420 406 5460 δ
444 5418 613 5473 Forte
637 5434 838 5473 errare.

2100 3001 2342 3070 probare
2375 3000 2423 3052 si
2453 3000 2610 3053 velis.

2169 3092 2220 3142 2.
2282 3088 2388 3143 Sed
2455 3088 2792 3159 priusquam
2860 3088 3132 3159 incipiam
3192 3088 3553 3157 singulorum
3615 3087 3778 3140 inter.

2100 3183 2329 3247 pretUm
2369 3178 2644 3231 editiones
2689 3178 2969 3245 conferre,
3033 3194 3335 3248 aequumne
3393 3178 3498 3230 tibi
3560 3184 3663 3241 est,
3710 3177 3779 3227 vir

2101 3267 2269 3331 bone,
2306 3272 2511 3319 utnon
2541 3267 2725 3319 solum
2764 3267 3077 3331 absentem,
3118 3282 3314 3319 verum
3355 3266 3531 3318 etiam
3565 3266 3781 3336 quietu-

2101 3354 2233 3407 dine
2261 3361 2472 3407 aeterna
2492 3354 2799 3421 fruentem,
2854 3356 2931 3408 ita
2978 3355 3194 3407 caninis
3236 3354 3527 3407 morsibus
3577 3354 3779 3408 lanies‘?

2101 3442 2188 3495 Sic
2219 3449 2271 3495 te
2303 3442 2497 3495 docuit
2536 3444 2753 3512 Moyses
2785 3442 3076 3510 legiferus,
3113 3448 3173 3495 ut
3230 3442 3631 3495 testimonium
3672 3457 3782 3494 ocu-

2103 3530 2170 3583 lis
2228 3546 2341 3583 non
2394 3531 2700 3600 probatum
2760 3547 2933 3601 super
2970 3530 3262 3583 absentem
3311 3547 3504 3583 coram
3559 3530 3781 3584 arbitros

2103 3619 2381 3688 proferas,
2414 3624 2469 3671 et
2507 3635 2679 3688 quem
2713 3619 2819 3671 scis
2872 3622 3174 3689 parentum
3208 3618 3425 3687 praedia
3474 3618 3781 3689 reliquisse,

2106 3708 2189 3761 vel
2248 3721 2385 3776 opes
2441 3707 2649 3776 largas,
2709 3722 2902 3760 amore
2962 3706 3221 3776 pecunite
3280 3706 3434 3759 dicas
3483 3704 3782 3777 injectum?

2105 3811 2329 3849 necnon
2363 3800 2418 3849 et
2448 3795 2778 3848 lividinibus
2810 3794 3001 3864 arguis
3021 3795 3207 3847 virum
3240 3794 3412 3847 etiam
3455 3793 3782 3848 conscientia

2105 3890 2346 3951 castum,
2391 3885 2489 3954 qui
2531 3884 2603 3937 ob
2635 3882 2981 3953 virginitatis
3029 3883 3282 3936 studium
3320 3883 3571 3953 jejunia.
3630 3898 3781 3954 squa-

2105 3974 2304 4039 lorem,
2358 3973 2446 4026 vel
2494 3973 2909 4025 oblectamenta
2959 3972 3337 4025 mundialium
3379 3975 3575 4043 respui
3629 3973 3781 4027 {acul-

2106 4060 2326 4117 tatem?
2358 4062 2463 4125 Qui
2487 4060 2640 4114 enim
2663 4076 2766 4114 sua
2787 4060 3023 4128 dimisit,
3054 4061 3297 4130 qualiter
3328 4076 3589 4114 amorem
3633 4077 3783 4131 pecu-

2105 4152 2217 4205 nia:
2249 4150 2431 4203 aliena
2486 4147 2795 4219 quaesivit?
2824 4150 2904 4203 Tu
2942 4164 3097 4214 vero,
3131 4150 3209 4201 mi
3264 4149 3457 4213 frater,
3509 4148 3782 4220 quomodo

2106 4240 2281 4293 alium
2314 4238 2575 4292 incusare
2608 4254 2723 4291 non
2758 4237 2983 4291 dubitas
3025 4238 3082 4289 in
3116 4254 3234 4290 rem
3269 4255 3438 4308 quam
3481 4239 3586 4291 tibi
3624 4240 3783 4292 abun-

2105 4328 2266 4381 dasse
2318 4328 2377 4379 in
2424 4327 2692 4395 dogmate
2736 4330 2930 4379 nostro
2975 4325 3240 4380 omnibus
3286 4326 3565 4389 clamitas,
3622 4328 3698 4381 ita
3737 4330 3785 4377 ut

2107 4417 2319 4487 passim
2377 4432 2479 4485 per
2530 4415 2886 4469 diversarum
2950 4414 3297 4468 feminarum
3357 4415 3695 4469 concubitus
3741 4413 3783 4465 in

2107 4506 2321 4575 templo
2362 4509 2556 4557 nostro
2602 4508 2653 4556 te
2697 4503 2908 4572 glories
2939 4502 3130 4556 dulces
3179 4503 3281 4555 tibi
3340 4504 3593 4557 habuere
3645 4518 3784 4557 com—

2108 4594 2317 4663 plexus.
2374 4594 2496 4661 Ipse
2531 4591 2764 4661 abyssus
2816 4590 3066 4644 scientiae
3098 4596 3153 4643 et
3211 4590 3501 4644 inadibilis
3558 4605 3787 4645 oceanus

2111 4680 2512 4749 Hieronymus,
2560 4680 2605 4732 si
2644 4679 2813 4733 hodie
2845 4684 3184 4750 superesset,
3216 4685 3271 4733 te
3311 4680 3480 4749 plane
3526 4681 3787 4752 respirare

2111 4782 2228 4820 non
2252 4766 2484 4833 sineret,
2519 4767 2616 4821 sed
2644 4768 2826 4837 spinis
2859 4767 3064 4837 quibus
3107 4770 3427 4837 contegeris
3491 4770 3785 4827 enudaret;

2112 4861 2165 4910 et
2214 4856 2378 4926 quasi
2417 4856 2613 4921 victor,
2665 4860 2729 4909 ut
2764 4856 2962 4929 solitus
3018 4861 3138 4909 erat
3171 4856 3240 4909 de
3273 4857 3541 4910 omnibus
3600 4857 3787 4911 trium-

2111 4944 2307 5015 phare,
2350 4949 2447 4998 aut
2496 4945 2553 4997 in
2590 4960 2758 4998 suum
2788 4949 2843 4997 te
2880 4944 3184 4998 deduceret
3214 4961 3445 5014 agmen,
3480 4953 3580 4999 aut
3620 4951 3670 4999 te
3719 4960 3787 4997 se-

2113 5034 2387 5087 mivivum
2447 5034 2503 5087 in
2546 5040 2725 5087 terras
2777 5033 3004 5087 ultimas
3032 5040 3386 5103 aspostaret;
3422 5051 3487 5087 ac
3516 5040 3571 5088 te
3626 5034 3790 5104 philo-

2113 5122 2426 5192 sophorum
2485 5124 2573 5176 vel
2619 5123 2949 5176 Judazorum
3003 5122 3349 5193 gloriantem
3405 5123 3674 5177 doctrinis
3729 5125 3787 5175 ita

2112 5210 2400 5281 dejiceret,
2452 5215 2516 5265 ut
2567 5211 2735 5266 solita
2788 5211 3106 5266 constantia
3162 5210 3266 5265 tibi
3314 5210 3413 5265 illa
3461 5213 3634 5267 verba
3683 5226 3785 5266 can-

2184 5361 2203 5385 °
2237 5354 2367 5422 Leg.
2392 5354 2551 5409 Sabet
2574 5357 2623 5407 el
2655 5353 2946 5408 Amhokek.
