3860 6262
56 279 159 330 »183
1622 276 1991 334 ΕΡΙΞΤΟΙΑΕ.

3458 278 3562 329 486

58 413 207 461 taret
251 427 262 461 :
316 409 567 462 habesne
615 408 764 462 ultra
817 424 931 478 quo
987 423 1188 461 nervos
1239 409 1597 479 loquacitatis
1647 415 1757 462 tuae
1798 414 1841 464 Α
1873 425 2046 479 quam
2076 410 2275 462 falsam
2312 408 2550 479 probare
2581 407 2808 479 satagis,
2850 408 3226 479 Septuaginta
3274 409 3559 479 Interpre-

57 496 377 550 extendas?

131 588 182 639 3.
236 585 592 638 Veniendum
637 600 790 637 nunc
828 584 1012 638 estad
1057 584 1336 637 editiones
1384 584 1758 654 Septuaginta

60 676 474 743 interpretum,
526 680 580 726 et
621 690 789 743 parva
822 673 1070 742 capitula
1119 673 1362 742 exempli
1404 690 1572 725 causa
1621 674 1758 726 sub—

57 762 340 815 dendum.
392 764 454 815 In
481 762 747 814 Zacharia
777 761 932 813 enim
971 761 1111 829 (cap.
1147 761 1224 829 x1)
1260 761 1338 813 ita
1387 760 1760 830 Septuaginta

60 852 131 903 ad
186 852 376 903 locum
431 851 659 904 dixere:
707 851 767 904 Si
825 850 1017 903 bonum
1070 854 1147 902 est
1198 866 1376 903 coram
1414 850 1584 914 vobis,
1636 850 1761 902 date

56 939 361 991 mercedem
398 940 555 1004 mihi,
603 943 697 989 aut
743 939 971 989 renuite.
1020 938 1096 990 Et
1144 936 1519 1004 appenderunt
1558 951 1761 989 merce-

58 1027 184 1079 dem
229 1042 403 1079 meam
451 1028 684 1092 triginta
730 1030 1040 1091 argenteos;
1088 1024 1339 1091 dixitque
1385 1026 1643 1078 Dominus
1688 1024 1762 1077 ad

55 1129 178 1166 me:
230 1116 372 1168 Pone
413 1115 533 1167 ittos
574 1116 629 1166 in
667 1114 996 1179 con/laterio,
1044 1118 1093 1165 et
1144 1113 1427 1165 considera
1464 1116 1513 1165 si
1557 1113 1758 1181 proba-

56 1209 175 1255 tum
206 1205 283 1255 sit
311 1205 451 1255 sicut
482 1202 746 1271 probatus
784 1216 902 1255 sum
944 1201 1011 1253 ab
1041 1204 1145 1266 eis;
1179 1206 1229 1254 et
1271 1204 1374 1255 tuti
1405 1204 1633 1267 triginta
1671 1218 1757 1254 ar-

56 1295 300 1356 genteos,
353 1296 402 1343 ct
451 1292 575 1343 misi
622 1305 705 1342 eos
752 1292 809 1341 in
855 1291 1009 1343 domo
1064 1289 1292 1343 Domini
1338 1292 1394 1341 in
1426 1293 1756 1357 conﬂatorio.

57 1378 224 1441 Quod
271 1387 464 1432 noster
512 1380 709 1432 lumen
758 1378 1133 1447 Hieronymus
1199 1378 1277 1431 ita
1335 1379 1640 1432 transtulit.
1702 1380 1762 1432 Si

61 1468 259 1521 bonum
305 1472 383 1521 est
430 1469 485 1520 in
533 1467 698 1519 oculis
744 1469 939 1519 vestris
989 1466 1177 1533 afferte
1227 1467 1517 1519 mercedem
1568 1482 1758 1532 meam,

61 1563 105 1608 et
154 1561 205 1609 si
246 1572 378 1621 non,
429 1557 702 1624 quiescite.
737 1558 807 1608 Et
836 1555 1211 1623 appenderunt
1251 1556 1539 1608 mercedem
1589 1571 1761 1608 meam

64 1648 299 1710 triginta
346 1651 653 1711 argenteos;
699 1649 746 1695 et
788 1644 934 1696 dimit
977 1646 1231 1697 Dominus
1280 1643 1353 1696 ad
1403 1659 1515 1696 me:
1551 1645 1761 1711 Projice

1870 505 2010 565 tum,
2071 514 2186 550 non
2243 497 2575 567 Hieronymi
2626 514 2743 550 esse
2795 513 3090 566 cognosce.
3148 497 3327 560 Quam
3386 500 3557 552 etiam

1869 586 1965 640 ille
2006 586 2063 639 in
2096 586 2286 639 multis
2336 586 2450 639 suis
2480 586 2768 655 opusculis
2807 586 3015 655 arguit,
3067 587 3438 657 additumque
3488 589 3558 641 ab

1871 677 1951 728 eis
1981 681 2037 727 et
2066 675 2415 728 diminutum
2450 691 2564 727 non
2591 675 2712 727 sine
2744 675 2990 728 evidenti
3019 676 3241 728 ratione
3271 677 3554 745 probavit.

1873 765 1934 816 Et
1964 780 2066 832 pro
2098 763 2303 816 harum
2332 763 2606 816 varietate
2633 762 2947 816 editionum
2979 764 3230 833 linguam
3263 766 3559 819 llebraaam

1870 851 2083 915 didicit,
2158 867 2405 921 moxque
2462 867 2718 903 veracem
2777 868 2937 904 suam
2996 852 3286 921 propriam
3363 855 3559 908 Latino

1870 955 2130 993 sermone
2180 940 2489 992 editionem
2521 939 2783 992 Ecclesiis
2828 940 3002 993 dedit.
3060 940 3222 992 Vides
3251 941 3384 1010 quia
3423 942 3559 994 dum

1872 1028 2281 1097 Hieronymum
2340 1028 2503 1097 cupis
2563 1028 2822 1081 fallacem
2886 1028 3148 1097 probare,
3213 1028 3562 1098 imperitiam

1870 1121 2027 1169 tuam
2060 1116 2342 1170 ostendis:
2396 1116 2631 1187 insuper
2671 1123 2727 1170 et
2777 1117 3003 1170 Judzeos
3034 1122 3162 1169 tuos
3196 1118 3564 1187 Septuaginta

1870 1206 2243 1274 sapientiores
2284 1206 2502 1258 caeteris
2549 1205 2932 1257 condemnare
2981 1204 3226 1258 conaris.
3282 1205 3441 1268 Quod
3495 1205 3559 1269 si,

1874 1299 1935 1346 ut
1963 1293 2120 1359 dicis,
2154 1293 2213 1345 iu
2245 1293 2480 1346 Psalmis
2514 1300 2717 1346 cuncta
2748 1292 2920 1345 verbo
2954 1309 3019 1345 ex
3042 1294 3214 1346 verbo
3246 1293 3561 1363 expressit:

1871 1398 1971 1435 cur
2002 1382 2101 1452 qui
2140 1382 2197 1434 in
2248 1398 2421 1450 parvo
2467 1381 2652 1434 ﬁdelis
2701 1382 2936 1449 exstitit,
2978 1382 3041 1435 in
3083 1384 3264 1436 multo
3313 1382 3563 1436 infidelis

1872 1469 2176 1523 existeret?
2228 1471 2346 1522 Nisi
2393 1471 2527 1540 quia
2589 1470 2764 1523 editio
2820 1471 3173 1523 Psalmorum
3233 1470 3564 1540 Hieronymi

1873 1565 2001 1612 est:
2049 1574 2222 1629 quam
2254 1558 2434 1611 multo
2485 1559 2652 1612 aliter
2694 1574 2866 1628 quam
2901 1559 3273 1628 Septuaginta
3322 1575 3563 1629 posuere

1873 1664 1936 1700 ex
1971 1648 2089 1717 ipsa
2114 1646 2361 1699 editione
2394 1663 2590 1699 eorum
2628 1648 2933 1716 perpende,
2972 1654 3031 1699 ut
3061 1664 3161 1716 per
3188 1649 3309 1700 haec
3352 1664 3561 1717 cogno-

61 1734 201 1786 illud
241 1734 320 1787 ad
366 1736 695 1787 statuarium
732 1732 980 1785 decorum
1028 1731 1282 1799 pretium,
1338 1748 1441 1801 quo
1488 1741 1512 1764 ⁸
1562 1746 1757 1799 upprc-
1801 1709 1842 1763 Β
1871 1752 1988 1787 scas
2028 1735 2357 1788 fidelitatem
2407 1734 2650 1787 doctoris
2692 1734 2902 1787 summi
2937 1734 3294 1805 Hieronymi,
3346 1740 3559 1804 quanto

65 1826 232 1875 tiatus
268 1838 387 1876 sum
416 1822 484 1874 ab
517 1824 592 1875 eis
636 1838 647 1874 :
700 1827 748 1874 et
789 1822 890 1873 tuti
922 1824 1153 1887 triginta
1192 1827 1489 1887 argenteos,
1538 1825 1585 1873 et
1630 1836 1759 1888 pro-

52 1910 161 1978 ,γἐτεὶ
207 1925 296 1962 eos
326 1912 383 1961 in
425 1909 577 1961 domo
616 1910 829 1961 Domini
854 1908 928 1960 ad
959 1911 1309 1961 statuarium.
1352 1908 1422 1961 Et
1464 1908 1595 1960 licet
1627 1923 1763 1959 sen-

64 2016 156 2050 sus
188 1998 347 2050 idem
378 1998 470 2061 sit,
521 1996 690 2049 verba
716 2004 1067 2065 pracpostera
1097 2001 1232 2049 sunt
1262 2003 1317 2048 et
1345 2012 1488 2066 pene
1521 1996 1758 2048 diversa.

67 2088 203 2139 item
239 2090 303 2139 in
352 2086 531 2138 Isaia:
580 2088 712 2139 Ecce
741 2091 894 2153 virgo
926 2087 982 2137 in
1017 2090 1165 2137 utero
1212 2087 1437 2153 accipiet
1489 2091 1539 2138 et
1586 2086 1763 2152 pariet

62 2176 237 2234 ﬁlium
289 2181 342 2229 et
390 2174 652 2227 vocabitis
693 2189 880 2227 nomen
927 2175 1043 2241 ejus
1094 2175 1411 2227 Emmanuel
1461 2175 1589 2241 (Isa.
1639 2174 1758 2239 vu).

70 2264 169 2315 Pro
201 2280 321 2334 quo
376 2263 791 2331 Hieronymus:
844 2266 973 2317 Ecce
1003 2264 1156 2327 virgo
1187 2264 1447 2330 concipiet
1487 2268 1536 2315 et
1583 2266 1764 2331 pariet

68 2354 255 2418 ﬁlium,
309 2358 359 2405 et
424 2352 632 2405 vocabit
682 2367 872 2405 nomen
922 2353 1036 2420 ejus
1079 2352 1415 2405 Emmanuel.
1466 2351 1630 2405 Aliud
1679 2356 1764 2405 est

71 2440 219 2492 enim
249 2439 541 2505 vocabitis,
574 2438 729 2492 aliud
760 2439 993 2492 vocabit.
1030 2439 1276 2509 Require
1308 2444 1370 2491 tu
1401 2439 1527 2509 quis
1559 2439 1763 2492 melius

68 2528 379 2593 transtulit,
440 2528 572 2581 licet
625 2529 813 2581 caeteri
864 2530 1210 2597 luterpretes
1268 2528 1762 2581 adulescentulam

69 2615 144 2666 vel
194 2614 570 2682 juvenculam
612 2616 858 2669 dixerint
907 2633 919 2668 :
972 2617 1065 2669 sed
1131 2616 1369 2669 verbum
1421 2617 1763 2669 Hebraicum

69 2704 223 2769 alma,
260 2710 321 2756 et
359 2705 420 2757 in
450 2706 700 2758 Revecca
729 2705 913 2757 adhuc
942 2704 1161 2775 virgine
1195 2705 1442 2775 positum
1476 2705 1754 2773 invenies,

69 2798 118 2842 et
158 2792 216 2843 in
272 2792 450 2845 Maria
502 2809 663 2845 soror
709 2798 917 2858 Aaron,
982 2794 1225 2846 necdum
1286 2793 1405 2846 viro
1457 2794 1762 2863 conjuncta

74 2880 341 2949 reperies,
388 2881 544 2950 quod
584 2881 923 2947 abscondita,
974 2888 1025 2935 et
1054 2884 1228 2935 nimia
1261 2881 1547 2947 diligentia
1583 2886 1758 2936 custo-

72 2969 199 3033 dita,
240 2971 428 3021 sonat.
466 2970 625 3023 Unde
657 2977 711 3022 et
742 2970 802 3022 in
832 2970 999 3023 titulo
1036 2970 1239 3040 psalmi
1266 2970 1364 3022 ubi
1394 2970 1644 3039 positum
1676 2975 1761 3023 est

74 3059 227 3122 alma,
281 3058 434 3123 noth,
486 3057 860 3127 Septuaginta
897 3058 1210 3111 dixerunt.-
1263 3059 1365 3111 P-ro
1406 3058 1755 3112 absconditis.

75 3146 173 3199 Sed
206 3152 264 3199 et
305 3146 454 3198 libro
499 3146 621 3208 Job,
668 3146 765 3198 ubi
812 3146 1021 3199 dicitur
1055 3162 1159 3215 pro
1205 3146 1505 3216 sapientia,
1554 3152 1605 3200 et
1642 3147 1762 3200 abs-

75 3235 317 3287 conditur
374 3236 443 3286 ab
493 3235 657 3287 oculis
701 3237 871 3287 omnis
928 3236 1158 3287 viventis
1209 3234 1338 3301 (Job.
1394 3250 1584 3300 xxviii,
1647 3236 1757 3305 ‘21),

75 3324 127 3375 in
160 3323 399 3376 Hebraeo
433 3329 669 3392 propter
692 3322 1133 3376 declinationem
1165 3322 1321 3375 verbi
1352 3323 1517 3376 aliter
1546 3324 1759 3392 figura-

75 3418 205 3476 tum,
248 3413 397 3464 alma
448 3411 675 3464 dicitur.
710 3412 777 3463 Et
806 3411 865 3462 in
909 3411 1237 3480 Regnorum
1278 3410 1441 3463 libris
1482 3412 1761 3481 scriptum

76 3506 149 3552 est
190 3516 254 3552 ex
306 3515 556 3569 persona
588 3499 755 3552 Elisei
801 3498 1088 3567 loquentis
1134 3498 1203 3551 ad
1235 3498 1426 3552 Giezi:
1459 3501 1529 3552 Et
1572 3502 1754 3552 Domi-

77 3604 165 3641 nus
205 3587 491 3641 abscondit
539 3604 573 3640 a
608 3603 687 3640 me
738 3589 838 3655 (IV
877 3589 1015 3653 Reg.
1056 3602 1132 3651 1v,
1182 3589 1297 3653 27),
1334 3588 1467 3640 huic
1522 3587 1663 3657 quid
1697 3588 1762 3640 si-

77 3676 197 3729 mile
240 3681 347 3739 est,
383 3675 518 3728 licet
548 3674 861 3728 masculino
894 3690 1103 3743 genere
1134 3674 1472 3728 declinetur.
1507 3675 1667 3737 Quod
1713 3674 1760 3727 si

80 3764 317 3817 Revecca
374 3770 431 3817 et
494 3763 665 3817 Maria
715 3763 965 3833 virgines
1017 3779 1138 3817 esse
1184 3763 1343 3830 velis,
1395 3779 1500 3832 pro
1552 3763 1760 3833 quibus

80 3868 363 3923 nunquam
394 3852 633 3905 verbum
676 3854 853 3905 vetula
897 3851 1038 3921 legis
1071 3868 1082 3905 :
1132 3868 1258 3922 qua?
1290 3851 1649 3922 impudentia
1679 3858 1761 3905 est

81 3941 199 3993 huic
245 3942 381 3994 solas
433 3941 641 4011 virgini
672 3942 943 4010 denegari
979 3941 1133 4011 quod
1165 3941 1385 3994 cmteris
1426 3940 1562 3993 velis
1610 3941 1760 3994 nolis

80 4030 367 4084 concedis?
416 4030 660 4085 Ostende
710 4030 849 4083 mihi
900 4029 1108 4083 alicubi
1146 4029 1399 4099 positum
1447 4032 1610 4094 alma,
1664 4030 1762 4083 ubi

79 4119 579 4185 adulescentulam,
640 4124 693 4173 et
748 4136 865 4172 non
921 4118 1203 4188 virginem
1263 4123 1476 4171 sonat:
1527 4119 1611 4170 vel
1660 4117 1760 4171 ubi

82 4216 259 4277 nuptae
304 4208 409 4261 hoc
441 4209 611 4262 verbo
658 4209 997 4278 appellatur,
1045 4212 1100 4260 et
1147 4223 1238 4259 me
1290 4206 1626 4276 imperitum
1674 4208 1759 4259 vel

83 4296 275 4349 victum
306 4297 485 4350 fatear
514 4313 654 4350 esse.
692 4297 911 4365 Lingua
947 4312 1174 4367 quoque
1205 4296 1439 4364 Punica,
1471 4311 1597 4365 quae
1648 4296 1756 4349 He-

81 4383 352 4437 braeorum
398 4385 655 4438 fontibus
699 4385 940 4449 ducitur,
990 4384 1220 4453 proprie
1254 4384 1431 4454 virgo,
1474 4385 1620 4437 alma
1661 4400 1759 4453 ap-

84 4474 336 4539 pellatur.
382 4474 489 4527 Sed
519 4473 620 4544 qui
647 4473 792 4526 scire
829 4473 1113 4526 desiderat
1146 4473 1445 4525 varietates
1479 4472 1760 4541 interpre-

84 4565 207 4625 tum,
244 4562 327 4614 vel
358 4563 685 4615 Judazorum
722 4563 881 4631 cupit
919 4562 1333 4631 parvipendere
1379 4562 1757 4625 inventiones,

84 4648 457 4709 Quaestionum
504 4648 906 4702 Hebraicarum
940 4649 1270 4719 Hieronymi
1307 4649 1392 4701 vel
1425 4655 1630 4702 cmtera
1659 4665 1761 4702 sua

87 4738 341 4804 opuscula
381 4738 549 4805 legat.
592 4738 661 4791 Et
704 4739 894 4807 plane,
954 4737 1100 4790 sicut
1149 4737 1269 4807 ipse
1325 4737 1615 4806 professus
1655 4741 1758 4802 est,

86 4832 367 4878 contemne
405 4831 613 4879 tractos
662 4829 686 4867 ιν
742 4832 796 4879 et
831 4826 1088 4879 nausiam
1122 4827 1473 4891 Iudaeorum,
1521 4832 1760 4895 tuasque

86 4914 502 4967 vet-iterationes
553 4915 723 4967 surda
772 4931 906 4967 aure
937 4914 1217 4968 transibit.
1271 4915 1411 4967 Nam
1458 4915 1611 4967 hunc
1651 4931 1757 4967 no.

87 5009 269 5065 strum,
301 5009 361 5055 et
389 5019 514 5055 vere
548 5003 790 5072 dignum
818 5019 935 5056 non
966 5004 1153 5056 solum
1185 5003 1423 5071 mundo,
1457 5002 1554 5055 sed
1587 5002 1762 5057 etiam

88 5093 228 5157 (celo,
289 5093 721 5161 Hieronymum,
777 5108 949 5162 quem
988 5092 1470 5146 inrationabiliter
1526 5092 1762 5145 detesta-

89 5180 171 5242 ris,
221 5181 413 5235 nescio
442 5188 506 5235 ut
547 5183 685 5252 quid
715 5198 847 5236 eum
881 5182 1050 5236 dente
1082 5182 1277 5236 ravido
1307 5182 1554 5243 mordes,
1601 5182 1763 5251 cujus

89 5269 381 5324 editionem
432 5270 703 5325 hactenus
750 5271 953 5325 nescis.
1018 5272 1177 5325 Hane
1231 5272 1383 5325 enim
1447 5270 1760 5325 editionem

146 5416 345 5535 ιὰλιεη
404 5415 540 5468 illud
596 5416 668 5468 ad
731 5418 1062 5470 statuarium
1119 5417 1185 5469 de
1237 5432 1465 5484 quorum
1522 5420 1760 5485 pretium

146 5499 179 5535 ro
225 5526 235 5535 .
362 5498 369 5503 '

93 5497 235 5548 quoa.
362 5498 369 5503 '

150 5556 170 5595 ι
199 5556 323 5624 Leg.
356 5559 560 5608 ructus.

1872 1824 2077 1889 studio,
2124 1840 2237 1893 quo
2272 1823 2461 1876 labore
2508 1823 2819 1888 conaverit,
2868 1827 2929 1875 ut
2977 1824 3393 1892 proprietatem
3423 1822 3564 1891 legis

1874 1913 2129 1965 Ecclesiis
2158 1913 2409 1966 traderet
2440 1911 2669 1965 Christi.

1942 2003 1995 2056 4.
2030 2001 2144 2055 Hoc
2183 2018 2315 2054 vero
2364 2000 2761 2054 testimonium
2804 1999 2885 2052 ita
2924 2015 3193 2068 perversa
3232 2003 3420 2052 mente
3474 2015 3562 2050 ve.

1871 2090 1972 2142 stri
2004 2093 2421 2159 perverteruut,
2456 2089 2601 2141 sicut
2632 2093 2687 2141 et
2719 2089 2925 2141 librum
2962 2087 3269 2157 Sapientiae
3299 2087 3564 2141 Salomo—

1872 2178 1980 2243 nis,
2036 2178 2448 2248 praavidentem
2511 2178 2577 2230 de
2628 2177 2837 2230 Christi
2885 2176 3251 2229 cruciﬁxione
3301 2176 3562 2229 testimo-

1866 2266 2027 2319 nium
2060 2284 2091 2318 a
2122 2282 2339 2320 canone
2368 2266 2709 2335 rejecerunt.
2745 2266 2883 2318 Nam
2921 2269 3049 2333 post
3094 2264 3555 2317 interfectionem

1870 2354 2077 2409 Christi
2123 2371 2227 2424 pro
2259 2370 2325 2407 eo
2359 2354 2511 2423 quod
2557 2352 2768 2406 ibidem
2801 2352 3012 2421 legitur
3044 2373 3055 2406 :
3110 2354 3375 2405 Dixerunt
3424 2354 3565 2405 inter

1869 2459 1923 2497 se
1972 2446 2130 2512 impii
2170 2459 2181 2496 :
2231 2442 2748 2511 Comprehendamus
2796 2443 3008 2509 justum
3049 2443 3180 2508 quia
3220 2441 3433 2494 inutilis
3486 2446 3564 2494 est

1867 2532 2040 2598 nobis,
2100 2537 2150 2585 et
2204 2534 2508 2585 contrarius
2562 2536 2639 2584 est
2696 2531 2946 2598 operibus
2994 2532 3213 2583 nostris.
3284 2531 3565 2583 Promittit

1867 2622 2149 2675 scientiam
2194 2621 2297 2673 Dei
2341 2635 2395 2673 se
2452 2619 2663 2678 habere,
2714 2624 2763 2671 et
2814 2620 3013 2689 Filium
3076 2620 3167 2671 Dei
3214 2633 3268 2671 se
3321 2619 3565 2670 nominat

1872 2711 2024 2779 (Sap.
2071 2724 2129 2774 ιι,
2176 2712 2256 2775 1‘2,
2308 2711 2430 2775 l3);
2482 2711 2537 2760 et
2585 2707 2783 2760 infra:
2836 2708 2899 2761 Si
2944 2709 3085 2760 enim
3115 2712 3192 2760 est
3221 2723 3339 2759 vere
3381 2707 3563 2760 Filius

1868 2800 1981 2863 Dei,
2027 2800 2286 2865 suscipiet
2320 2798 2493 2861 illum,
2545 2801 2592 2849 et
2624 2795 2878 2849 liberabit
2926 2796 3079 2848 illum
3110 2795 3175 2848 de
3217 2810 3382 2847 manu
3434 2810 3564 2847 con-

1870 2888 2171 2939 trariorum
2255 2885 2441 2953 (Ibid.,
2517 2885 2640 2949 l8);
2733 2900 2796 2937 ac
2858 2884 3130 2938 deinde:
3204 2886 3269 2937 Ut
3329 2886 3564 2937 sciamus

1797 3011 1835 3064 ρ
1867 2976 2220 3028 reverentiam
2249 2975 2418 3041 illius,
2450 2977 2501 3027 et
2541 2973 2823 3041 probemus
2861 2974 3188 3040 patientiam
3221 2974 3356 3038 eius,
3398 2978 3565 3026 morte

1872 3066 2191 3131 turpissima
2264 3063 2667 3116 condemnemus
2741 3077 2859 3115 eum
2935 3060 3129 3131 (Ibid.,
3212 3064 3295 3127 19,
3372 3062 3462 3130 20)
3548 3078 3561 3115 :

1870 3151 2191 3204 conlatione
2224 3166 2378 3203 sacra
2410 3166 2482 3203 ne
2514 3150 2695 3203 nostri
2724 3167 2818 3204 eos
2845 3166 2948 3220 pro
3000 3154 3117 3203 tam
3153 3153 3351 3219 aperto
3389 3150 3562 3203 sacri—

1871 3239 2020 3308 legio
2049 3240 2411 3309 derogarent,
2446 3256 2474 3291 a
2510 3239 2860 3309 propheticis
2893 3255 3023 3291 eum
3058 3238 3442 3291 voluminibus
3476 3254 3562 3292 re-

1870 3327 2152 3392 ciderunt,
2202 3328 2624 3398 legendumque
2672 3328 2788 3380 suis
2844 3328 3179 3398 perenniter
3234 3332 3559 3381 vetuerunt.

1874 3418 2014 3470 Nam
2056 3416 2154 3487 qui
2197 3416 2457 3469 libellum
2504 3417 2793 3486 integrum
2828 3433 2945 3469 non
2995 3416 3401 3470 dubitaverunt
3446 3432 3565 3487 pro-

1869 3505 2158 3575 pheticum
2190 3522 2223 3557 a
2247 3504 2598 3574 propheticis
2628 3505 2916 3574 opusculis
2941 3520 3260 3574 segregare,
3300 3510 3355 3557 et
3400 3504 3564 3574 quasi

1871 3609 1985 3646 non
2033 3593 2235 3645 fuisset
2274 3593 2343 3646 ab
2387 3593 2585 3646 eodem
2637 3593 2938 3645 Salomone
2990 3594 3206 3646 editum
3257 3593 3561 3661 denegare,

1871 3682 2052 3734 multo
2099 3680 2345 3749 amplius
2389 3681 2567 3733 levius
2616 3680 3003 3749 prmviderunt
3052 3680 3315 3750 periodes
3362 3682 3561 3735 verbo-

1870 3786 1999 3822 rum
2033 3769 2198 3822 aliter
2226 3785 2399 3839 quam
2433 3768 2640 3838 digesti
2671 3774 2802 3821 sunt
2830 3769 3199 3838 promulgare
3226 3786 3238 3822 :
3276 3770 3424 3822 unde
3456 3786 3564 3823 ne-

1871 3874 2159 3928 quaquam
2191 3862 2276 3910 est
2305 3857 2508 3910 vestris
2539 3856 2947 3910 commentitiis
2990 3857 3196 3910 fabulis
3234 3857 3561 3910 obscultan-

1872 3946 2031 4011 dum,
2065 3946 2160 3999 sed
2205 3946 2310 3999 hoc
2341 3950 2563 3999 tantum
2606 3962 2709 4014 pro
2742 3944 2913 3999 verbo
2943 3956 2965 3980 ε
3004 3945 3353 4011 habendum,
3407 3946 3563 4015 quod

1871 4035 2125 4104 prudens
2171 4034 2547 4105 Hieronymus
2580 4034 2860 4103 interpres
2893 4038 3103 4087 nostrae
3135 4034 3342 4104 linguas
3375 4034 3562 4088 omni-

1872 4123 1976 4175 bus
2007 4123 2179 4176 dedit.
2216 4123 2446 4177 Codices
2489 4139 2740 4192 namque
2775 4123 3143 4178 Hebraeorum
3173 4128 3306 4193 post
3353 4125 3563 4177 adven-

1874 4216 1993 4263 tum
2027 4212 2235 4265 Christi
2267 4212 2498 4265 falsatos
2540 4228 2660 4265 esse
2691 4213 2882 4266 nullus
2922 4213 3170 4282 ignorat,
3206 4218 3266 4267 ut
3310 4214 3565 4267 testimo-

1799 4308 1842 4361 Ι)
1867 4301 1961 4354 nia
1998 4301 2353 4355 evidentiora
2386 4303 2455 4355 de
2506 4302 2729 4357 Christo
2762 4304 3188 4370 subtraherent,
3233 4320 3297 4357 ex
3355 4304 3565 4374 quibus

1865 4405 1925 4442 se
1966 4390 2389 4443 convincendos
2438 4407 2557 4444 esse
2600 4391 2854 4445 sciebant
2895 4392 2940 4445 ἀ.
2986 4393 3220 4447 Constat
3256 4393 3431 4459 enim,
3478 4393 3563 4446 lu-

1868 4493 2047 4548 ceque
2078 4479 2283 4532 clarius
2323 4485 2495 4549 patet,
2536 4481 2688 4550 quod
2724 4481 2823 4551 qui
2852 4481 2995 4551 legis
3026 4487 3319 4535 auctorem
3367 4485 3563 4534 contu-

1868 4566 2059 4620 meliis
2100 4568 2432 4636 affecerunt,
2477 4569 2662 4638 legem
2709 4568 2891 4638 ipsam
2926 4586 3042 4622 non
3081 4570 3399 4622 timuerunt
3441 4584 3564 4636 per-

1868 4661 2109 4721 vertere,
2166 4672 2270 4725 per
2318 4673 2489 4726 quam
2537 4659 2717 4710 solam
2758 4661 3025 4726 poterant
3073 4657 3375 4710 confutari.
3423 4658 3557 4709 Per-

1867 4760 2033 4798 curre
2075 4745 2251 4797 totius
2301 4745 2729 4798 maledictiones
2785 4745 2948 4814 legis,
3016 4760 3157 4813 quas
3213 4744 3559 4810 hominibus,

1868 4833 2087 4899 bestiis,
2179 4834 2561 4902 serpentibus,
2660 4834 2743 4886 vel
2807 4833 3231 4886 insensibilibus
3296 4832 3560 4898 metallis,

1869 4922 2160 4991 cognoscis
2222 4922 2459 4986 inlatus;
2523 4926 2578 4973 et
2632 4921 2949 4974 videbimus
2996 4936 3291 4990 nunquam
3350 4920 3561 4975 alicubi

1868 5011 2121 5080 positum
2151 5011 2469 5063 maledictus
2498 5026 2531 5062 a
2571 5013 2693 5073 Deo,
2740 5008 2850 5061 nisi
2889 5008 2947 5060 iu
2982 5025 3049 5061 eo
3094 5009 3235 5069 loco.
3276 5009 3371 5062 ubi
3420 5009 3562 5064 illud

1868 5097 2211 5167 intelligere,
2244 5097 2407 5165 quasi
2439 5097 2507 5149 ad
2537 5096 2854 5160 infamiam,
2890 5095 3149 5149 voluistis
3178 5113 3282 5166 pro
3314 5098 3557 5153 Christo:

1867 5186 2188 5240 Maledictus
2210 5188 2382 5238 omnis
2404 5187 2501 5253 qui
2528 5183 2782 5252 pependit
2812 5186 2869 5236 in
2899 5185 3047 5251 ligno
3082 5184 3263 5251 (Deut.
3298 5201 3412 5254 xxx,
3448 5186 3557 5255 ‘23).

1870 5275 1969 5327 Hic
2019 5289 2279 5343 proceres
2336 5273 2649 5343 Synagogae
2691 5272 3039 5327 addiderunt
3080 5289 3144 5327 ex
3185 5291 3309 5340 suo,
3351 5291 3384 5328 a
3434 5278 3558 5343 Deo,

1936 5426 1957 5450 ε
1987 5415 2148 5468 Forte
2178 5428 2325 5467 vero.

1938 5484 1962 5519 (ί
1998 5486 2120 5549 Ms.,
2154 5484 2413 5537 solebant.
