3860 6262
299 260 398 313 487

1659 258 1915 311 ALVARI
1955 254 2435 312 CORDUBENSIS
3704 257 3785 309 488

293 400 357 449 ut
386 411 488 466 per
514 395 619 449 hoc
650 397 827 449 Deum
859 392 1023 446 illum
1054 397 1351 462 negarent.
1387 392 1445 445 Si
1476 392 1631 445 enim
1661 392 1811 445 oculi
1843 390 1978 445 fidei
2016 394 2061 445 A
2094 391 2374 461 draginta,
2405 391 2573 444 simul
2604 390 2775 444 facies
2807 406 2987 444 annos
3014 391 3171 446 mille
3206 396 3498 446 trecentos
3532 392 3780 462 triginta:
3842 386 3843 399 ἢ

292 484 396 538 tibi
445 484 621 555 aperti
669 488 822 548 sunt,
856 482 1027 535 totius
1060 480 1275 534 Veteris
1310 481 1658 535 Testamenti
1714 481 1988 535 ventilare

292 573 613 637 historiam,
647 578 703 625 et
747 586 1044 641 nunquam
1079 570 1157 623 ibi
1210 570 1577 623 maledictum
1615 586 1648 622 a
1683 570 1797 623 Deo
1835 570 1988 640 posi-

297 666 417 714 tum
463 660 641 723 vides,
694 664 752 713 et
794 675 859 712 ex
906 660 1013 711 hoc
1061 657 1278 710 valebis
1331 657 1619 711 addiscere
1676 658 1989 727 genuinam

296 749 476 820 gentis
524 749 684 802 istius
711 747 1035 817 perfidiam,
1072 752 1127 799 et
1157 750 1355 799 contra
1387 745 1558 798 vitam
1592 762 1752 799 suam
1785 746 1987 799 imme-

298 838 600 892 dicabilem
637 836 874 889 rabiem.
909 833 1145 893 Poteris,
1179 837 1235 886 et
1264 840 1347 895 tu,
1384 833 1516 903 quia
1549 834 1656 886 scis
1691 850 1793 885 nos
1825 834 1985 903 igtur

296 941 391 979 ros
421 925 633 994 linguae
667 924 937 987 Hebraeae,
970 938 1037 975 ex
1073 922 1437 975 Hebraeorum
1470 920 1732 974 codicum
1765 937 1866 973 nos
1894 939 1988 973 va-

296 1014 496 1068 rietate
535 1013 811 1076 inludere,
847 1010 946 1065 ubi
977 1014 1032 1063 te
1064 1009 1272 1062 victum
1304 1008 1631 1078 praevideris
1677 1024 1819 1061 esse.
1877 1009 1989 1061 Hoc

297 1102 453 1155 enim
505 1103 843 1169 argumento
880 1097 939 1150 in
985 1097 1251 1149 omnibus
1280 1095 1585 1165 Scripturis
1621 1100 1677 1148 te
1712 1096 1864 1148 vales
1897 1099 1985 1148 tu-

296 1193 438 1255 tare,
470 1194 534 1241 ut
578 1186 764 1241 verbis
808 1191 862 1240 te
906 1184 1268 1255 purgandum
1313 1188 1482 1254 putes
1522 1183 1620 1254 qui
1668 1183 1837 1237 rebus
1886 1198 1987 1235 ur-

298 1277 464 1348 geris.

370 1370 420 1419 5.
470 1367 587 1434 Age
628 1363 749 1433 jam
780 1378 933 1415 nunc
963 1361 1030 1415 ad
1076 1360 1387 1414 secundum
1437 1360 1751 1430 capitulum
1800 1358 1991 1413 venia-

299 1470 444 1520 mus,
492 1458 549 1506 et
593 1450 1020 1521 responsionem
1090 1454 1248 1503 tuam
1295 1449 1486 1503 minus
1537 1449 1651 1502 sale
1702 1448 1987 1501 conditam

295 1543 703 1612 approbemus.
764 1539 910 1592 Dicis
941 1539 1117 1604 enim,
1154 1538 1389 1591 confuse
1423 1538 1576 1608 apud
1614 1538 1836 1591 Latinos
1886 1538 1987 1590 ha-

294 1631 501 1685 bentur
550 1628 914 1698 septuaginta
955 1626 1351 1692 hebdomade),
1394 1629 1555 1696 quasi
1599 1642 1705 1695 ego
1752 1643 1845 1678 eas
1902 1642 1987 1678 se-

2099 496 2167 533 ex
2198 495 2310 550 qua
2344 496 2569 533 summa
2599 479 2646 532 si
2693 478 3068 533 substraxeris
3099 480 3505 552 quadraginta,
3556 480 3696 551 quia
3739 482 3784 534 in

2100 568 2537 637 quadragesimo
2584 584 2735 621 anno
2776 574 2905 638 post
2944 568 3270 638 passionem
3305 569 3543 623 Domini
3592 569 3787 622 bellum

2106 656 2562 726 Vespasianicum
2594 656 2720 724 fuit,
2754 662 3068 727 supersunt
3111 666 3131 691 ο
3177 657 3314 711 anni
3366 658 3529 711 mille
3576 658 3787 711 ducenti

2100 747 2429 816 nonaginta.
2492 746 2559 799 Et
2615 746 2701 799 his
2761 745 2985 799 retrahe
3044 746 3283 815 triginta
3335 752 3390 799 et
3451 751 3578 799 tres
3632 763 3787 799 annos

2100 835 2281 889 aetatis
2310 834 2560 900 Domini,
2596 839 2652 887 et
2681 841 2850 888 erunt
2883 835 3041 888 mille
3075 834 3349 888 ducentos
3374 835 3787 905 quinquaginta

2098 930 2313 993 septem
2368 924 2506 976 anni
2553 940 2586 975 a
2637 928 2896 993 tempore
2950 923 3200 977 Danielis
3260 939 3439 994 usque
3492 925 3567 977 ad
3622 926 3785 977 .ﬁram

2098 1013 2626 1083 octingentesimam
2675 1012 3150 1082 septuagesimam
3182 1017 3453 1080 octavam,
3492 1028 3634 1082 quae
3658 1029 3787 1065 nunc

2099 1101 2305 1171 agitur,
2365 1117 2515 1154 anno
2575 1101 2987 1155 incarnationis
3046 1100 3271 1154 Domini
3321 1101 3787 1171 octingentesimo

2099 1190 2557 1259 quadragesimo,
2592 1190 2785 1243 saeculi
2829 1205 2963 1243 vero
3009 1189 3316 1243 millesimo
3353 1189 3789 1260 quadragesimo

2099 1294 2268 1331 anne.

2168 1372 2219 1420 '7.
2258 1367 2461 1420 Verum
2494 1366 2540 1419 si
2580 1382 2612 1419 a
2641 1365 2907 1419 vicesimo
2938 1382 3089 1420 anno
3125 1365 3461 1432 Artaxersis,
3502 1382 3662 1419 anno
3694 1382 3787 1436 quo

2100 1471 2285 1508 sermo
2329 1455 2462 1521 exit,
2510 1460 2573 1508 ut
2615 1456 2900 1525 templum
2947 1455 3257 1509 Zorobabel
3289 1455 3503 1509 iterum
3543 1455 3784 1509 aediﬁca-

2098 1548 2270 1606 retur,
2304 1549 2636 1613 computare
2670 1543 2938 1606 volueris,
2980 1542 3239 1597 invenies
3268 1559 3449 1613 usque
3480 1544 3555 1597 ad
3606 1544 3783 1595 nativi.

2100 1636 2275 1685 tatem
2322 1632 2529 1685 Christi
2578 1632 3026 1703 quadringentos
3076 1633 3437 1702 nonaginta:
3490 1632 3704 1701 quibus
3746 1632 3783 1683 si

293 1720 540 1774 cundum
608 1717 938 1771 Latinorum
992 1722 1329 1785 computum
1396 1716 1813 1784 computandas
1867 1732 1987 1768 esse
2028 1695 2069 1749 Β
2100 1721 2272 1775 addas
2321 1721 2731 1775 incarnationis
2781 1721 3029 1787 Domini,
3092 1727 3261 1774 erunt
3310 1720 3468 1773 mille
3514 1725 3783 1772 trecentos

294 1807 533 1879 prmdixi
559 1823 571 1858 :
608 1810 706 1857 aut
737 1809 794 1856 tu
828 1804 940 1857 tide
973 1804 1240 1857 Hebrzeos
1271 1813 1294 1837 ⁸
1325 1820 1389 1857 ex
1417 1804 1746 1857 Latinorum
1779 1820 1987 1873 suppu-

292 1898 505 1950 tatione
537 1899 764 1964 poteras
798 1892 1071 1961 superari.
1110 1892 1392 1962 Legaliter
1426 1893 1578 1945 enim
1612 1893 1985 1946 hebdomadas

294 1986 464 2039 unius
490 1997 796 2037 numerum
829 1986 1047 2050 septem
1076 1996 1250 2033 annos
1280 1981 1522 2046 firmavi,
1556 1986 1610 2033 et
1638 1997 1772 2045 non,
1810 1986 1872 2033 ut
1900 1987 1982 2048 tu,

292 2089 495 2144 vagam
544 2070 982 2141 intelligentiam
1031 2070 1092 2123 in
1127 2070 1346 2124 diversa
1387 2070 1614 2139 jactavi,
1666 2076 1729 2124 ut
1776 2087 1986 2140 anceps

292 2179 404 2233 quo
435 2177 630 2233 gressu
664 2160 804 2230 figas
834 2176 952 2213 non
983 2159 1217 2219 habens,
1246 2165 1487 2230 utroque
1509 2160 1791 2213 claudices
1818 2161 1980 2229 pede.

291 2250 663 2322 Septuaginta
692 2250 832 2315 dies,
866 2248 951 2302 vel
988 2248 1353 2318 septuaginta
1384 2248 1753 2317 septimanas,
1778 2251 1864 2302 vel
1897 2265 1982 2303 se-

288 2340 590 2410 ptuaginta
622 2340 802 2403 lunas,
844 2338 928 2390 vel
963 2337 1331 2407 septuaginta
1361 2352 1544 2389 annos
1586 2337 1756 2406 juxta
1793 2338 1982 2391 nescio

289 2430 449 2498 cujus
479 2444 632 2482 suam
666 2428 1085 2497 expositionem
1117 2426 1514 2490 dinumerans,
1558 2432 1613 2478 et
1656 2441 1760 2495 per
1792 2426 1981 2478 diver-

290 2518 520 2570 sitatum
573 2516 1015 2569 numerositates
1073 2514 1289 2584 ubique
1344 2519 1641 2583 suspectus
1697 2515 1982 2575 incedens,

291 2622 483 2676 quaeso
517 2609 577 2657 ut
608 2604 748 2657 mihi
780 2604 931 2657 dicas
961 2603 1123 2672 cujus
1154 2604 1571 2673 expositionem
1602 2603 1739 2656 velis
1768 2603 1983 2657 intelli-

292 2710 424 2765 gere
473 2696 666 2748 suam?
712 2692 767 2747 Si
821 2691 1190 2762 Hieronymi?
1240 2693 1419 2745 miror
1476 2697 1531 2745 te
1594 2692 1736 2745 mihi
1796 2707 1983 2746 meam

291 2782 701 2853 expositionem
764 2780 1046 2850 ingerere,
1110 2786 1166 2833 et
1220 2780 1483 2834 Latinum
1534 2796 1601 2833 ex
1654 2780 1982 2835 Latinorum

291 2870 610 2924 diversitate
664 2870 911 2923 voluisse
970 2869 1192 2923 docere.
1248 2869 1448 2923 Videre
1506 2869 1649 2922 mihi
1705 2869 1978 2935 doctoris,

291 2974 407 3011 non
441 2959 752 3025 assertoris,
797 2956 1049 3011 induisse
1088 2974 1412 3027 personam.
1457 2958 1564 3012 Sed
1600 2958 1809 3011 iterum
1852 2972 1983 3010 con-

292 3062 501 3117 queror
526 3062 627 3099 cur
664 3047 721 3099 in
764 3046 1057 3117 suprafata
1087 3046 1334 3113 dierum,
1377 3046 1850 3116 septimanarum,
1899 3046 1980 3099 lu-

291 3150 519 3202 narum,
548 3150 858 3194 annorum,
891 3134 1199 3205 unicuique
1235 3134 1544 3204 przeiixeris
1576 3152 1588 3188 :
1628 3136 1796 3204 juxta
1825 3150 1980 3188 suam

291 3226 743 3293 emplanationem,
800 3239 942 3294 quas
1000 3228 1217 3276 certum
1273 3228 1359 3277 est
1405 3224 1477 3277 ab
1531 3240 1596 3277 eo
1653 3223 1980 3293 explanatas

292 3328 589 3382 nunquam
625 3312 849 3381 legisse,
895 3316 949 3365 et
990 3311 1124 3365 huic
1168 3327 1342 3381 quam
1376 3311 1621 3365 maxime
1659 3311 1982 3380 specialiter

291 3416 430 3466 suae,
460 3401 786 3470 septuagies
817 3399 1043 3470 septies,
1078 3400 1185 3453 hoc
1217 3399 1457 3454 minime
1488 3400 1835 3453 inculcasse:
1871 3400 1982 3453 nisi

288 3488 547 3543 forsitam
593 3490 809 3543 caeteris
869 3488 1208 3558 reprobatis,
1268 3488 1635 3543 Hebraaorum
1684 3489 1786 3542 has
1841 3489 1981 3543 duas

288 3576 673 3646 expositiones
714 3575 980 3630 didiceris
1037 3591 1176 3630 esse.
1221 3577 1432 3629 Tamen
1480 3574 1613 3645 quia
1661 3580 1979 3629 extremam

286 3665 612 3734 prophetali
644 3664 976 3718 testimonio
1011 3664 1217 3731 munis,
1259 3664 1414 3717 haud
1450 3665 1477 3706 b
1508 3663 1747 3717 dubium
1795 3664 1976 3733 ipsam

286 3753 461 3807 solam
495 3753 735 3823 probare
776 3754 935 3807 velis.
986 3752 1080 3807 Ais
1111 3752 1306 3808 enim:
1343 3753 1471 3806 Dies
1502 3752 1665 3806 nobis
1696 3752 1853 3806 ducti
1904 3754 1979 3805 fa-

286 3842 443 3896 ciunt
488 3842 643 3895 mille
689 3847 998 3896 trescentos
1055 3842 1309 3912 triginta.
1359 3841 1516 3895 Idem
1554 3857 1830 3895 numerus
1879 3842 1979 3894 ha-

283 3931 453 3985 betur
476 3932 533 3984 in
560 3932 673 3985 line
704 3931 980 3997 Danielis;
1010 3931 1089 3983 ait
1121 3946 1368 4000 namque
1405 3947 1416 3984 :
1448 3932 1642 3984 Beatus
1675 3933 1770 3998 qui
1786 3945 1978 3998 (περθ-

284 4024 412 4085 ctat,
461 4025 511 4073 et
560 4022 805 4088 pervenit
881 4020 955 4072 ad
1013 4019 1126 4073 dies
1179 4020 1326 4073 mille
1392 4025 1677 4072 trescentos
1750 4021 1982 4085 triginta

284 4111 520 4177 quinque
546 4111 706 4175 (Dan.
742 4124 837 4172 xu,
890 4107 993 4176 l2).
1033 4109 1094 4160 Et
1138 4108 1273 4177 quia
1304 4107 1559 4177 quinque
1591 4107 1711 4161 dies
1742 4123 1886 4177 quos
1917 4113 1977 4160 tu

284 4211 462 4247 annos
492 4200 679 4263 putas,
713 4194 1049 4264 supergredi
1079 4211 1386 4247 numerum
1431 4193 1793 4264 prospexisti,
1827 4194 1979 4247 illico

2094 1810 2353 1879 triginta,
2383 1815 2438 1863 et
2470 1815 2743 1881 superant
2769 1810 2920 1879 ipsos
2954 1811 3209 1880 quinque
3241 1826 3382 1880 quos
3422 1814 3485 1862 tu
3522 1810 3689 1862 nobis
3726 1808 3781 1861 ad

2095 1900 2385 1952 servitium
2430 1900 2691 1969 opponis.
2740 1900 2893 1952 Hanc
2926 1899 3190 1952 frivulam
3240 1904 3396 1951 tuam
3447 1899 3783 1967 interpreta-

2092 1987 2304 2039 tionem
2356 1992 2419 2040 tu
2457 1988 2577 2056 ipse
2624 1987 2958 2057 confringis,
3007 1988 3143 2040 dum
3192 1986 3275 2039 ais
3321 2003 3333 2039 :
3384 1987 3586 2039 Tantae
3645 1987 3781 2038 enim

2092 2075 2438 2141 stoliditatis,
2488 2079 2774 2144 tantaeque
2823 2075 3029 2145 spiritu
3076 2074 3333 2127 stultitiae
3388 2072 3673 2137 imbutus,
3715 2073 3780 2125 mi

2092 2177 2385 2231 germane,
2417 2178 2495 2227 es,
2529 2168 2593 2215 ut
2620 2163 2761 2215 scire
2793 2162 3084 2215 desideres
3120 2178 3248 2231 quae
3279 2162 3477 2215 Daniel
3509 2162 3782 2232 ignoravit

2092 2251 2296 2321 angelo
2346 2250 2399 2304 ei
2454 2251 2696 2304 dicente.
2758 2251 2932 2317 Vade,
2983 2253 3195 2317 Daniel,
3251 2254 3384 2319 quia
3431 2251 3614 2303 clausi
3667 2256 3776 2303 sunt

2089 2345 2400 2410 signatique
2475 2356 2739 2395 sermones
2796 2357 2965 2409 usque
3037 2341 3111 2394 ad
3163 2346 3370 2410 tempus
3449 2341 3779 2410 pra/initum

2091 2429 2255 2498 (Dan.
2317 2446 2412 2495 xu,
2458 2432 2538 2499 4).
2582 2431 2800 2483 Revera
2840 2428 3026 2483 valida
3079 2430 3341 2499 quaestio,
3397 2434 3455 2482 et
3511 2445 3648 2499 quae
3701 2444 3778 2480 me

2093 2524 2337 2588 utroque
2386 2524 2720 2587 promerent
2748 2514 2776 2550 δ
2812 2533 3016 2586 cornu,
3058 2517 3105 2570 si
3134 2517 3481 2587 subsequiba
3528 2533 3660 2570 eam
3694 2532 3778 2568 au-

2091 2608 2258 2660 ctoris
2290 2623 2405 2660 non
2450 2606 2789 2677 infringeret
2819 2605 3015 2671 dictio,
3049 2606 3186 2659 dum
3229 2605 3530 2676 subjungis
3568 2623 3581 2659 :
3638 2604 3777 2659 Unde

2090 2695 2234 2748 mihi
2264 2711 2529 2764 campum
2573 2695 2760 2764 aperis
2799 2694 3213 2764 responsionis,
3260 2695 3569 2764 nullasque
3614 2709 3778 2763 angu-

2091 2784 2223 2835 stias
2263 2784 2543 2836 sustinere
2578 2783 2884 2852 permittis,
2947 2783 3083 2836 dum
3129 2782 3211 2835 ais
3248 2800 3260 2836 :
3304 2783 3557 2835 Numera
3619 2800 3652 2835 a
3699 2784 3777 2835 die

2092 2873 2277 2942 primo
2324 2887 2437 2941 quo
2483 2872 3013 2925 Nabuchodonosor
3043 2886 3239 2924 carnes
3283 2870 3548 2940 porcinas
3599 2870 3779 2941 posuit

2090 2960 2149 3013 in
2182 2959 2398 3028 templo
2421 2975 2603 3028 usque
2626 2959 2759 3012 dum
2783 2958 3134 3028 impleantur
3154 2957 3291 3011 anni
3321 2957 3476 3010 mille
3510 2958 3775 3011 ducentos

2090 3048 2419 3119 nonaginta,
2465 3052 2519 3101 et
2552 3052 2687 3101 tunc
2718 3048 3007 3117 aperietur
3050 3047 3148 3100 ille
3182 3046 3342 3112 liber,
3379 3051 3436 3099 et
3468 3051 3615 3100 nota
3648 3048 3772 3099 tient

2088 3137 2383 3208 signacula
2411 3136 2549 3207 ejus.
2602 3136 2659 3190 Si
2691 3137 2845 3190 enim
2876 3152 2981 3206 pro
3010 3137 3183 3190 totius
3221 3136 3458 3189 visionis
3511 3135 3773 3189 miraculo

2088 3224 2311 3278 clausos
2368 3222 2733 3291 signatosque
2785 3236 3075 3274 sermones
3116 3221 3394 3290 propheta
3440 3220 3611 3288 dixit,
3662 3221 3771 3289 quis

2089 3310 2194 3363 tibi
2241 3325 2526 3362 annorum
2573 3309 2725 3362 hunc
2771 3325 3080 3363 numerum
3139 3309 3383 3378 aperuit,
3430 3313 3492 3361 ut
3535 3310 3679 3362 scias
3722 3315 3772 3359 tu

2090 3397 2241 3467 quod
2290 3397 2486 3450 Daniel
2536 3396 2678 3451 scire
2730 3413 2846 3449 non
2888 3397 3114 3466 potuit?
3164 3398 3260 3451 Ille
3305 3396 3459 3449 enim
3503 3397 3629 3450 dies
3673 3412 3769 3449 non

2089 3502 2267 3539 annos
2311 3486 2470 3551 dixit,
2523 3490 2585 3538 tu
2616 3502 2797 3539 annos
2837 3485 3232 3554 interpretaris
3270 3502 3281 3539 :
3324 3490 3380 3537 et
3430 3485 3627 3538 nescio
3674 3501 3771 3555 quo

2088 3579 2248 3628 tanto
2303 3580 2531 3628 auctore
2585 3579 2807 3644 partem
2869 3574 2999 3627 libri
3056 3574 3264 3644 signati
3314 3573 3476 3644 legis,
3542 3574 3593 3627 si
3647 3575 3775 3627 liber

2090 3667 2241 3716 totus
2266 3668 2351 3716 est
2380 3663 2484 3716 sub
2516 3663 2829 3731 signaculo.
2866 3664 3011 3731 Ergo
3047 3667 3103 3716 et
3135 3662 3193 3715 hi
3226 3661 3381 3715 mille
3412 3662 3651 3716 ducenti
3684 3677 3773 3715 no-

2089 3750 2326 3821 naginta
2357 3751 2477 3804 dies
2518 3751 2719 3805 eodem
2763 3756 2895 3804 sunt
2928 3751 3146 3804 collecti
3175 3751 3235 3803 in
3267 3766 3534 3804 numero.
3592 3753 3700 3806 Cur
3725 3750 3775 3801 in

2091 3845 2252 3909 parte
2288 3839 2598 3909 signatum,
2637 3842 2693 3892 et
2723 3838 2782 3891 in
2810 3843 2968 3909 parte
3000 3843 3263 3908 apertum
3295 3838 3474 3892 dicis?
3502 3840 3631 3892 Tibi
3662 3839 3774 3891 licet

2090 3944 2397 3981 numerum
2427 3927 2784 3997 praeﬁnitum
2815 3926 3156 3997 signationis
3181 3943 3295 3980 non
3325 3926 3384 3980 in
3412 3927 3561 3994 dies,
3596 3928 3688 3981 sed
3715 3926 3765 3977 in

2089 4032 2288 4081 annos,
2326 4016 2733 4086 interpretari:
2781 4015 2919 4069 mihi
2966 4031 3079 4069 non
3113 4015 3304 4068 licebit
3344 4030 3439 4067 eos
3463 4015 3629 4084 juxta
3658 4030 3778 4085 pra-

2088 4105 2267 4159 fatum
2324 4121 2442 4158 non
2492 4121 2692 4169 annos,
2729 4104 2826 4158 sed
2878 4104 3001 4157 dies
3047 4103 3332 4172 probare?
3387 4103 3513 4156 Tibi
3567 4105 3777 4174 majora

2088 4210 2353 4263 usurpas,
2382 4194 2519 4247 dum
2550 4194 2670 4247 dies
2699 4193 2759 4246 in
2790 4208 2971 4246 annos
2996 4192 3361 4262 interpretas,
3397 4191 3602 4245 nubila
3633 4207 3773 4245 sere-

286 4283 449 4353 quasi
490 4283 627 4334 scita
658 4282 727 4335 de
768 4282 1002 4352 proprio
1050 4283 1319 4337 addidisti
1353 4300 1364 4336 :
1403 4284 1466 4336 ln
1496 4282 1582 4335 his
1612 4282 1765 4336 enim
1814 4282 1978 4352 quin-
2018 4296 2061 4350 ι)
2092 4283 2318 4336 nando:
2379 4281 2524 4335 mihi
2584 4281 2807 4335 minora
2857 4297 2975 4334 non
3022 4279 3304 4345 concedis,
3353 4284 3417 4332 ut
3468 4280 3775 4350 prophetiae

286 4387 396 4441 que
430 4370 595 4424 annis
643 4370 1036 4439 singillaturus
1083 4377 1168 4424 est
1201 4371 1493 4436 Dominus,
1527 4371 1625 4441 qui
1657 4375 1713 4424 et
1754 4371 1855 4442 qui
1901 4387 1982 4424 re-

284 4454 601 4507 manserint
627 4470 691 4507 ex
724 4453 992 4523 omnibus
1021 4454 1289 4523 gentibus
1320 4469 1495 4523 super
1522 4459 1732 4507 terram
1767 4454 1835 4508 ad
1860 4471 1978 4508 ser-

283 4542 484 4596 vitium
512 4542 791 4596 Israhelis.
824 4542 892 4595 Et
922 4543 1182 4595 oratione
1211 4542 1431 4595 lubrica
1459 4542 1688 4595 lectoris
1720 4543 1977 4596 animum

280 4630 611 4699 tenebrasti,
649 4636 708 4685 ut
736 4630 1033 4701 ignoraret
1068 4630 1291 4700 penitus
1322 4631 1518 4699 quales
1550 4646 1730 4683 annos
1761 4630 1980 4685 diceres

284 4720 561 4790 quinque,
596 4726 694 4774 aut
715 4736 830 4790 quo
858 4724 1118 4789 tempore
1146 4724 1279 4772 sunt
1307 4718 1601 4772 verissime
1633 4719 1974 4773 calculandi.

355 4810 405 4862 6.
439 4809 520 4862 Ad
571 4808 974 4878 compendium
1006 4807 1239 4861 veniens
1269 4806 1518 4860 concedo
1549 4806 1630 4859 ita
1671 4808 1827 4861 mille
1873 4813 1977 4862 tre-

282 4901 475 4950 centos
527 4897 761 4969 triginta
813 4896 1071 4967 quinque
1120 4912 1301 4949 annos
1350 4895 1611 4962 existere,
1660 4900 1717 4949 et
1767 4896 1898 4949 ideo
1946 4914 1979 4951 a

285 4984 529 5038 secundo
575 5000 726 5037 anno
763 4984 937 5043 Darii,
984 4983 1085 5054 qui
1130 4990 1187 5037 et
1235 4984 1404 5038 Melas
1436 4988 1665 5037 vocatus
1714 4989 1817 5049 est,
1866 5001 1979 5055 quo

283 5072 424 5125 visio
484 5072 705 5126 Danieli
764 5072 977 5126 exstitit
1036 5074 1308 5141 revelata,
1353 5089 1532 5143 usque
1580 5073 1651 5126 ad
1693 5074 1979 5143 Vespasia-

286 5177 447 5227 num,
481 5161 580 5232 qui
626 5162 957 5216 Judaeorum
1004 5164 1395 5233 captivitatem
1433 5163 1697 5229 confecit,
1738 5178 1977 5233 compu-

284 5252 478 5303 tantur
500 5249 637 5303 anni
666 5249 1074 5320 quadringenti
1101 5251 1437 5322 nonaginta.
1470 5252 1555 5306 Ad
1579 5268 1721 5322 quos
1742 5252 1786 5305 si
1817 5252 1974 5307 addi-

286 5336 438 5391 deris
480 5354 657 5393 annos
714 5339 1120 5395 incarnationis
1159 5340 1389 5395 Domini
1428 5341 1787 5411 octingentos
1837 5358 1978 5413 qua-

354 5492 379 5521 ι
404 5480 534 5552 Leg.
568 5481 844 5537 Hebraeus.

356 5552 382 5592 ῐ)
405 5552 527 5619 Ms.,
561 5558 676 5607 aut.

2091 4372 2262 4426 verba
2308 4388 2453 4441 pure
2488 4386 2789 4440 exponam,
2826 4371 2885 4423 in
2929 4370 3153 4423 dierum
3184 4368 3459 4422 vocabulo
3496 4385 3613 4422 nou
3647 4384 3773 4422 cun-

2089 4458 2332 4513 ctando?
2370 4459 2427 4513 Si
2486 4458 2697 4529 signati
2728 4464 2861 4512 sunt
2899 4474 3192 4511 sermones
3224 4458 3472 4527 qualiter
3519 4458 3774 4527 superius

2089 4552 2216 4616 post
2246 4547 2400 4600 mille
2427 4551 2711 4600 trecentos
2740 4547 2979 4616 triginta
3010 4561 3197 4613 annos
3218 4545 3477 4616 quinque
3505 4562 3687 4600 annos
3715 4544 3771 4597 ad

2089 4636 2421 4690 servitutem
2453 4635 2712 4706 gentium
2745 4634 3074 4689 calculasti?
3105 4634 3240 4697 Quis
3268 4634 3372 4687 tibi
3404 4635 3551 4687 hanc
3586 4640 3772 4688 aucto-

2090 4724 2317 4778 ritatem
2348 4724 2525 4789 dedit,
2579 4728 2637 4777 ut
2681 4722 2945 4777 omnibus
2976 4724 3245 4792 gentibus
3277 4723 3579 4776 servitium
3615 4725 3772 4794 quin-

2089 4829 2201 4883 que
2258 4813 2424 4866 annis
2481 4813 2786 4881 imponas?
2837 4811 2995 4874 Quod
3042 4811 3240 4864 Daniel
3290 4827 3403 4864 non
3456 4812 3770 4881 explicavit,

2088 4918 2189 4955 cur
2219 4907 2282 4956 tu
2308 4918 2593 4972 exponere
2623 4899 2882 4954 conaris?
2924 4901 3085 4963 Quod
3119 4899 3213 4953 ille
3243 4899 3524 4953 intactum
3565 4902 3772 4963 omisit,

2089 5007 2201 5061 qua
2230 4991 2451 5045 ratione
2484 4996 2543 5043 tu
2588 4995 2831 5044 tractare
2861 4989 3134 5043 festinas?
3165 4987 3273 5042 Sed
3303 4988 3444 5041 dicis
3477 5005 3490 5042 :
3528 4990 3641 5045 Nos
3681 5006 3771 5042 au-

2086 5085 2202 5134 tem
2254 5079 2421 5134 hodie
2472 5095 2670 5132 sumus
2724 5078 2781 5132 in
2828 5077 3133 5131 millesimo
3186 5077 3585 5131 trecentesimo
3640 5095 3774 5132 sexa-

2087 5168 2306 5239 gesimo
2364 5168 2534 5221 tertio
2587 5182 2772 5221 anno:
2827 5182 2931 5236 per
2977 5166 3131 5236 quod
3188 5164 3423 5219 festinas
3486 5168 3771 5221 ostendere

2088 5257 2240 5327 quod
2273 5256 2475 5325 viginti
2504 5260 2561 5310 et
2590 5259 2811 5326 septem
2852 5254 2989 5307 anni
3033 5252 3435 5307 tantummodo
3480 5258 3772 5324 supersunt

2087 5359 2269 5415 usque
2310 5349 2445 5398 tuus
2495 5344 2719 5398 Messias
2767 5359 2801 5396 a
2835 5341 3076 5396 vinculis
3115 5341 3298 5410 igneis
3330 5347 3431 5397 aut
3466 5342 3664 5396 ferreis
3693 5357 3770 5393 ex-

2159 5492 2181 5517 ε
2209 5484 2331 5549 Ms.,
2355 5488 2615 5552 superant
2644 5484 2781 5538 anni
2804 5483 2949 5538 mille
2977 5482 3247 5536 ducentos.

2160 5552 2187 5588 ἀ
2223 5557 2351 5624 Leg.
2383 5559 2670 5623 premeret.
