3860 6262
41 305 126 352 issi
1588 303 1961 358 EPISTOLzE.

3423 312 3525 363 490

29 435 294 487 colvatur.
347 434 445 488 Hic
489 434 677 486 omnis
701 434 1070 487 frustraretur
1092 436 1345 498 conatus,
1384 432 1430 485 si
1462 432 1718 504 utrisque
1748 440 1792 491 Α
1836 436 2124 504 usurpavit
2153 438 2412 506 superbe.
2476 440 2775 494 Videamus
2811 442 2937 511 quis
2966 440 3057 494 hic
3087 441 3194 494 fuit
3222 442 3525 511 Josephus,

28 522 187 575 nobis
237 523 369 575 vitae
425 527 741 592 superesset
810 525 1022 574 status:
1075 520 1210 591 quia
1258 521 1601 590 computatis
1653 522 1722 575 ab

28 626 150 675 tera,
186 627 321 680 quae
354 626 504 663 nunc
535 610 744 663 dicitur
775 609 1258 680 'octingentesima
1303 610 1723 679 septuagesima

27 707 240 764 octava,
274 699 481 769 viginti
507 704 563 753 et
593 705 810 769 septem
832 700 995 751 annis
1030 738 1044 763 ,
1073 698 1131 751 in
1164 715 1278 751 tera
1307 705 1722 768 superventura

28 790 468 859 nougentesima
532 789 734 860 quinta
803 788 996 841 Zabuli
1064 789 1237 842 vestri
1290 788 1722 857 dignosceretur

26 879 322 931 adventus.
359 880 561 932 Verum
599 878 1062 949 constringamus
1094 894 1197 930 nos
1224 878 1453 948 utrique
1485 877 1584 931 tali
1616 878 1721 932 de-

28 968 308 1020 finitionis
341 968 586 1031 decreto,
621 971 683 1020 ut
712 968 757 1020 si
796 967 909 1019 vita
948 983 1136 1021 comes
1167 966 1361 1031 fuerit,
1395 971 1451 1019 et
1489 967 1720 1037 utrique

22 1058 87 1108 ad
118 1056 318 1124 ipsum
360 1072 642 1109 annorum
674 1057 1105 1126 pervenerimus
1136 1055 1405 1126 spatium,
1457 1060 1521 1108 ut
1559 1057 1719 1125 cujus

20 1145 157 1197 falsa
189 1144 437 1214 probata
464 1145 634 1198 fuerit
664 1146 907 1199 invectio
932 1145 992 1198 in
1023 1144 1305 1215 comparis
1338 1144 1510 1198 fidem
1544 1145 1720 1198 animi

25 1239 280 1286 transeat
310 1250 528 1303 gressu.

87 1327 137 1376 8.
172 1323 345 1385 Quod
393 1324 438 1375 si
468 1324 591 1392 ipso
634 1323 695 1376 in
737 1326 996 1393 tempore
1026 1328 1210 1376 vestra
1252 1340 1365 1376 non
1406 1323 1578 1376 fuerit
1625 1339 1721 1375 re-

27 1411 303 1480 demptio,
356 1427 556 1464 vereor
582 1428 655 1464 ne
696 1411 935 1465 forsitan
970 1412 1141 1465 unius
1183 1412 1558 1465 hebdomadze
1614 1428 1719 1464 nu-

26 1516 248 1552 merum
294 1501 355 1552 in
385 1499 743 1569 septuaginta
775 1516 1059 1553 annorum
1091 1500 1318 1553 vertatis
1349 1501 1719 1567 curriculum,

26 1594 83 1640 ut
112 1589 183 1640 lli
218 1588 356 1641 dccc
385 1599 427 1629 οδ
472 1604 647 1641 annos
683 1604 863 1659 usque
895 1588 959 1641 ad
1010 1588 1190 1657 ipsius
1231 1587 1579 1659 iniquissimi
1612 1589 1717 1641 bo-

28 1676 117 1727 stis
139 1676 458 1729 adventum
501 1675 698 1729 dicatis
721 1692 840 1729 esse
872 1677 1201 1730 currendos.

86 1768 133 1815 9.
162 1764 572 1819 Animadverte
604 1765 869 1835 qualibus
902 1765 1097 1818 Daniel
1127 1766 1336 1819 librum
1370 1765 1712 1836 signaverit:
1754 1738 1793 1790 Β

22 1854 337 1918 Eb’gmtur,
373 1854 579 1923 inquit,
611 1858 659 1907 et
697 1854 1115 1921 dealbabuntur,
1148 1860 1198 1907 et
1228 1858 1389 1922 quasi
1418 1856 1563 1924 ignis
1592 1871 1720 1923 pro-

22 1941 298 1995 babuntur
334 1944 530 1995 multi:
587 1948 635 1996 et
677 1944 839 2011 impie
888 1948 1047 2009 agent
1095 1959 1273 1996 omnes
1322 1946 1500 2011 impii.
1558 1946 1721 1996 Porro

21 2030 157 2083 docti
210 2030 529 2098 intelligent
560 2032 722 2100 (Dan.
772 2046 870 2091 xu,
927 2031 1032 2100 tO).
1067 2031 1234 2084 Vides
1266 2032 1400 2101 quia
1441 2048 1504 2084 ex
1536 2031 1719 2100 pluri-

22 2121 120 2172 mis
158 2120 336 2189 pauci
370 2120 651 2188 eligentur
684 2125 736 2173 et
768 2120 1224 2173 dealbabuntur:
1276 2127 1332 2173 et
1365 2120 1573 2171 iterum
1607 2134 1722 2171 non

27 2224 240 2273 omnes,
282 2208 381 2261 sed
408 2209 571 2261 multi
612 2208 1047 2278 probabuntur:
1083 2212 1140 2262 et
1166 2208 1330 2277 impii
1361 2225 1476 2261 non
1510 2208 1721 2261 intelli-

25 2304 171 2367 gent,
220 2298 330 2368 qui
382 2300 557 2351 Deum
593 2303 880 2368 negarunt
910 2314 923 2351 :
956 2314 1130 2368 porro
1175 2298 1325 2350 docti
1373 2296 1718 2366 intelligent.

30 2388 129 2439 Nec
198 2387 360 2440 enim
408 2386 703 2439 scientiam
760 2385 892 2439 libri
958 2386 1272 2453 interdixit,
1321 2402 1464 2456 quos
1529 2386 1722 2439 doctos

26 2474 148 2528 fidei
177 2492 308 2529 esse
340 2476 619 2545 praevidit.
660 2476 989 2545 Applaudes
1030 2480 1083 2528 te
1114 2475 1345 2540 iterum,
1379 2474 1513 2545 quia
1545 2475 1588 2527 si
1619 2474 1722 2527 tibi

28 2570 267 2630 vacaret,
294 2580 387 2617 me
414 2580 723 2634 meumque
766 2580 896 2634 eges
939 2564 1127 2634 ipsum
1158 2575 1179 2599 ³
1210 2565 1454 2617 multum
1488 2563 1722 2616 doceres

26 2668 258 2704 errasse.
330 2654 393 2704 Et
440 2652 589 2721 quod
659 2667 776 2705 non
846 2652 998 2705 vales
1067 2652 1388 2717 ostendere,
1446 2653 1607 2722 quasi
1664 2652 1721 2704 iu

25 2741 267 2793 transitu
308 2741 539 2793 minitas
588 2741 894 2806 intentare,
947 2745 1010 2793 ut
1056 2741 1233 2793 lector
1280 2744 1334 2793 te
1378 2744 1539 2810 putet
1578 2739 1721 2791 milii

25 2846 278 2899 parcere,
337 2829 437 2899 qui
481 2829 767 2882 mentiens
816 2845 920 2882 nec
972 2834 1082 2882 tuae
1131 2828 1339 2881 animae
1396 2828 1718 2898 pepercisti,

26 2919 151 2986 quia
204 2934 266 2971 os
329 2918 473 2986 quod
503 2920 781 2981 mentitur,
836 2918 1031 2972 occidit
1056 2919 1297 2971 animum
1328 2918 1485 2987 (Sap.
1534 2936 1571 2983 1,
1610 2918 1719 2987 tl),

1832 524 1916 575 vel
1949 539 2013 575 ex
2047 540 2158 593 qua
2206 526 2357 578 tribu
2388 527 2717 581 Judzeorum
2749 529 2962 582 exstitit
2989 533 3162 583 ortus.
3207 530 3302 583 Ait
3333 530 3523 583 enim:

1830 613 2106 681 .losepbus
2131 614 2366 680 Mathiae,
2399 615 2570 681 filius,
2608 622 2663 671 et
2697 618 3075 688 Hierosolymi
3106 620 3387 685 sacerdos,
3428 619 3527 688 qui

1832 706 1889 753 et
1916 700 2037 771 ipse
2091 703 2378 755 Romanos
2408 705 2593 772 primo
2640 706 2788 760 bello
2834 708 3299 777 oppugnaverim,
3336 713 3390 761 et
3423 724 3525 777 po-

1832 789 2164 843 sterioribus
2215 790 2590 846 nihilominus
2636 794 2993 848 interfuerim
3034 796 3244 866 praeliis
3278 795 3526 849 necessi-

1831 883 1942 931 tate
1982 881 2334 935 constrictus.
2389 882 2454 935 Et
2495 882 2553 936 in
2596 884 2709 936 alio
2743 884 2899 937 loco.
2958 887 3083 938 Non
3130 900 3235 954 ego
3292 884 3527 954 quidem

1831 969 2037 1031 Aaron,
2092 970 2187 1021 sed
2240 976 2430 1023 tamen
2496 988 2611 1024 non
2670 972 2916 1043 deneger
2964 975 2989 1014 ι)
3048 973 3117 1025 ab
3165 989 3252 1026 eo.
3307 973 3412 1027 Sed
3463 990 3529 1026 ex

1832 1057 2035 1125 quinto
2080 1058 2227 1112 libro
2275 1076 2391 1113 suae
2456 1062 2710 1115 Historiae
2748 1062 3105 1131 proferamus
3149 1062 3315 1131 quale
3364 1061 3528 1115 testi—

1832 1146 2087 1200 monium
2120 1164 2292 1217 super
2330 1164 2445 1202 suae
2494 1150 2679 1218 gentis
2708 1150 3041 1219 produxerit
3085 1156 3396 1220 comptum.
3436 1151 3531 1202 Et—

1831 1233 1983 1287 enim
2039 1240 2342 1305 postquam
2395 1254 2428 1290 a
2501 1239 2843 1308 Vespasiano
2926 1240 3370 1310 comprehensus
3424 1244 3527 1301 est,

1831 1327 1999 1392 atque
2029 1324 2150 1377 neci
2203 1325 2579 1394 adjudicatus,
2620 1344 2723 1398 pro
2756 1345 2822 1381 eo
2871 1329 3022 1399 quod
3075 1329 3183 1381 dux
3220 1329 3402 1381 fuerat
3429 1329 3530 1380 Ju—

1829 1412 2004 1465 daicre
2049 1413 2333 1473 factionis,
2390 1420 2443 1467 et
2482 1417 2676 1469 multis
2716 1418 3004 1472 Romanos
3044 1417 3377 1486 fatigaverat
3416 1418 3531 1471 bel-

1829 1499 1923 1564 lis,
1979 1501 2213 1553 tandem
2270 1503 2608 1571 Vespasiano
2656 1504 2723 1557 de
2778 1510 2958 1557 morte
3019 1506 3255 1558 Neronis
3305 1511 3360 1557 et
3407 1505 3529 1574 ejus

1829 1586 2137 1656 imperium
2180 1590 2560 1658 proplictavit,
2609 1597 2664 1644 et
2713 1592 2864 1645 illico
2914 1609 3026 1645 non
3061 1594 3241 1646 solum
3284 1594 3527 1663 gratiam

1832 1676 2133 1729 solutionis
2180 1678 2416 1745 excepit,
2452 1677 2547 1730 sed
2580 1682 2634 1730 et
2663 1678 2927 1731 amicitiae
2960 1680 3144 1732 locum
3194 1681 3345 1749 apud
3396 1697 3529 1733 eum

1834 1781 1944 1818 non
1995 1769 2478 1818 contemnendum
2534 1766 2798 1819 obtinuit.
2844 1768 3040 1819 Jussus
3083 1773 3273 1820 tamen
3324 1775 3406 1821 est
3471 1774 3531 1821 ut

1832 1853 2016 1923 patrio
2069 1870 2330 1906 sermone
2400 1856 2792 1923 alloqueretur
2841 1855 3085 1917 Judaeos,
3133 1872 3375 1925 quorum
3416 1856 3528 1909 dux

1833 1946 1954 1994 erat
1982 1944 2223 1995 Joannes
2263 1942 2508 1995 Sicarius
2547 1943 2847 2012 parricida.
2898 1942 3000 1996 Cui
3034 1943 3226 1997 taliter
3253 1945 3531 2014 Josepbus

1833 2031 1941 2083 ait:
1985 2032 2104 2084 Non
2139 2031 2367 2093 mirum,
2421 2033 2688 2091 Joannes,
2742 2032 2789 2085 si
2842 2047 3172 2101 perseveres
3223 2049 3401 2103 usque
3452 2036 3522 2087 ad

1833 2120 2116 2173 excidium
2148 2120 2369 2188 patrim,
2404 2135 2531 2172 cum
2562 2120 2682 2189 jam
2731 2120 3068 2189 reliquerint
3107 2137 3229 2173 eam
3264 2122 3530 2191 praesidia

1831 2208 2063 2275 divina;
2099 2210 2197 2262 sed
2230 2208 2407 2261 miror
2434 2209 2476 2261 si
2507 2210 2821 2278 perituram
2858 2225 2973 2262 non
3021 2210 3222 2273 credis,
3278 2227 3407 2263 cum
3453 2212 3525 2265 le-

1832 2299 1981 2367 geris
2028 2296 2389 2366 propheticus
2418 2297 2612 2361 libros,
2643 2298 2849 2367 quibus
2882 2297 3099 2350 excidia
3130 2299 3332 2367 patriae
3364 2299 3529 2352 nobis

1832 2386 2338 2451 aununtiaveruut,
2374 2390 2428 2438 et
2468 2392 2730 2455 reparata
2792 2386 3042 2439 culmina
3093 2402 3288 2438 rursus
3339 2403 3367 2437 a
3417 2386 3529 2439 Ro—

1833 2491 2001 2528 mano
2036 2475 2380 2528 destruenda
2410 2476 2678 2528 exercitu.
2731 2474 2876 2537 Quid
2911 2476 3065 2527 enim
3126 2475 3278 2527 aliud
3325 2476 3532 2527 clamat

1837 2564 2080 2617 Daniel?
2114 2565 2237 2617 Non
2266 2564 2419 2616 enim
2466 2564 2615 2633 quod
2649 2564 2769 2632 jam
2804 2564 3013 2616 factum
3046 2568 3186 2629 erat,
3236 2564 3332 2616 sed
3376 2563 3531 2632 quod

1836 2653 2243 2722 profuturumc
2273 2652 2670 2722 prophetabat.
2725 2654 2860 2714 Quae
2907 2658 2989 2703 est
3034 2652 3381 2704 abominatio
3433 2652 3530 2704 de-

1835 2741 2130 2794 solationis
2155 2740 2511 2793 venientibus
2552 2740 2577 2780 ἀ
2610 2740 2884 2793 Romanis
2928 2740 3072 2807 fore,
3104 2740 3214 2792 nisi
3266 2740 3367 2792 ista
3402 2755 3529 2809 quae

1837 2830 2152 2883 imminet?
2190 2829 2480 2898 Conspicis
2520 2828 2671 2897 quod
2722 2828 2845 2898 ipso
2904 2828 2962 2881 in
3014 2832 3271 2898 tempore
3308 2834 3531 2897 septua-

1836 2918 1997 2985 ginta
2027 2917 2418 2970 hebdomadas
2465 2917 2743 2985 Josephus
2772 2922 2956 2969 vester
3007 2916 3241 2970 credidit
3271 2932 3391 2969 esse
3424 2916 3531 2969 im-

25 3005 201 3058 multo
261 3006 449 3075 magis
502 3004 790 3075 propriam
858 3022 1029 3076 quam
1086 3012 1336 3059 externa.
1394 3006 1457 3058 Et
1503 3005 1567 3058 fit
1614 3005 1724 3057 hoc
1756 3022 1796 3076 ρ
1833 3006 2066 3075 pletas‘?
2100 3007 2162 3059 Et
2192 3010 2317 3075 post
2350 3021 2528 3074 pauca
2574 3005 2795 3058 addidit
2842 3005 3013 3057 etiam
3046 3006 3202 3057 haec:
3249 3006 3357 3058 Nec
3400 3020 3526 3074 ego,

25 3100 138 3146 arte
172 3093 461 3147 rhetorica
509 3099 588 3159 ut,
644 3094 781 3147 dum
830 3110 942 3147 non
1000 3095 1150 3147 valet
1180 3110 1453 3163 responsa
1498 3110 1721 3163 parare,

27 3198 79 3235 se
110 3183 296 3251 tingat
345 3187 546 3252 sponte
577 3182 861 3247 omittere,
913 3199 1038 3253 quas
1073 3183 1234 3253 quasi
1265 3188 1467 3252 potens
1498 3188 1725 3252 poterat

27 3272 386 3341 approbare:
424 3276 484 3325 ut
514 3272 777 3325 ostendat
818 3273 1087 3326 omnibus
1116 3289 1229 3325 non
1258 3272 1450 3325 deesse
1482 3271 1565 3324 illi
1597 3277 1719 3324 stu-

28 3359 201 3423 dium,
244 3360 349 3416 sed
380 3360 557 3413 animi
591 3366 802 3414 votum.
837 3360 1039 3431 Sicque
1071 3360 1210 3414 dum
1257 3367 1480 3413 montes
1509 3360 1724 3429 Laureos

28 3450 260 3519 pellicit,
308 3466 413 3503 nec
464 3466 676 3503 aereum
710 3466 1014 3503 nummum
1074 3450 1355 3519 producit.
1405 3449 1630 3503 Talibus
1664 3456 1725 3501 tu

28 3538 276 3591 imbutus
349 3555 407 3591 es
458 3538 792 3609 disciplinis,
861 3543 918 3591 et
985 3538 1113 3591 ideo
1170 3543 1222 3590 te
1279 3536 1505 3607 jactitas
1559 3553 1724 3606 posse

30 3628 195 3696 quod,
239 3627 593 3681 conscientia
620 3632 779 3690 teste,
813 3629 963 3681 vales
1004 3627 1241 3681 minime
1272 3627 1543 3680 factitare.

98 3720 180 3770 10.
235 3716 391 3770 Scito
434 3718 569 3786 quia
608 3716 749 3769 nihil
789 3716 892 3769 tibi
924 3732 987 3770 ex
1022 3716 1289 3786 Egesippi
1321 3715 1487 3785 posui
1517 3716 1722 3783 verbis,

29 3806 116 3858 sed
149 3822 217 3858 ex
261 3805 487 3875 Josippi
537 3806 708 3859 vestri
756 3805 1042 3871 doctoris;
1086 3804 1221 3875 quia
1283 3820 1348 3857 ex
1402 3805 1725 3874 captivitate

31 3894 328 3963 Babylonis
366 3911 548 3963 usque
580 3895 648 3947 ad
685 3895 961 3948 Herodem
1006 3893 1338 3963 alienigenae
1367 3894 1564 3963 prolis,
1598 3911 1723 3947 om-

33 4000 126 4035 nes
179 3982 475 4052 priucipes
516 3989 733 4036 vestros
781 3988 834 4036 et
890 3999 1055 4052 reges
1112 3982 1269 4036 fuere
1302 3988 1359 4035 et
1406 3983 1726 4036 sacerdotes

30 4074 139 4124 suis
170 4070 411 4125 tradidit
436 4072 597 4124 libris
628 4085 642 4138 ;
680 4076 1019 4140 usurpantes
1050 4070 1157 4124 sibi
1189 4070 1567 4123 sacerdotium
1600 4075 1727 4140 post

32 4176 272 4230 regnum
308 4160 571 4212 invasum
600 4180 614 4226 ;
644 4176 748 4228 per
782 4159 937 4229 quod
988 4176 1101 4213 nou
1140 4158 1418 4212 difﬁditur
1458 4159 1725 4211 letlialem

33 4267 122 4301 eos
150 4248 496 4302 sustinuisse
529 4264 741 4301 casum.
779 4249 890 4301 Nec
921 4248 1064 4301 mihi
1096 4264 1353 4317 opponas
1378 4266 1393 4299 :
1418 4250 1725 4301 Emtraneus

34 4341 167 4389 enim
221 4340 319 4407 qui
363 4338 671 4403 accesserit,
719 4339 831 4390 nisi
874 4353 941 4389 ea:
997 4336 1143 4390 tribu
1197 4340 1409 4401 Aaron,
1464 4338 1731 4391 moriatur
1758 4346 1801 4399 Ι)

36 4429 211 4481 (Num.
248 4442 284 4492 1,
315 4427 423 4494 5t).
468 4425 572 4479 Sed
609 4427 791 4478 recole
844 4424 1220 4494 pervicaciam
1289 4424 1536 4477 Judaicae
1596 4441 1728 4493 gen-

38 4516 103 4565 tis
133 4520 190 4567 et
238 4515 385 4567 male
428 4513 590 4566 fortis
630 4513 947 4575 audaciam,
983 4517 1038 4565 et
1085 4518 1220 4565 tunc
1263 4512 1404 4565 scies
1439 4512 1536 4581 qui
1566 4517 1726 4580 pote-

38 4606 160 4654 rant
209 4618 493 4672 usurpare
553 4602 786 4670 majora.
840 4602 956 4670 Ego
1010 4601 1165 4654 enim
1222 4599 1605 4654 Alexandrum
1664 4616 1729 4652 ex

40 4691 186 4743 tribu
235 4691 394 4744 Iudae
457 4691 657 4743 ducem
719 4706 838 4743 esse
899 4688 1140 4754 ﬁrmavi,
1195 4688 1294 4758 qui
1350 4688 1730 4741 sacerdotium

38 4782 329 4847 usurpavit
356 4777 486 4832 sibi.
513 4779 619 4845 Tu,
643 4778 689 4830 si
717 4778 873 4844 velis,
898 4777 987 4830 dic
1008 4792 1137 4830 eum
1164 4777 1368 4829 iterum
1406 4791 1507 4828 nec
1539 4791 1731 4845 regem

38 4866 241 4932 fuisse;
277 4867 375 4919 sed
406 4866 515 4919 hoc
544 4882 663 4919 non
689 4867 923 4935 poteris,
964 4864 1099 4935 quia
1134 4864 1478 4918 domesticus
1511 4864 1612 4917 tibi
1642 4869 1734 4917 te-

40 4955 130 5007 stis
161 4956 413 5025 assurgit
461 4955 765 5024 Josepbus,
818 4955 915 5025 qui
966 4954 1141 5007 etiam
1191 4953 1574 5006 Aristobolum
1620 4954 1733 5005 fra-

39 5048 179 5095 trem
214 5044 339 5112 ejus
372 5044 508 5096 talia
563 5043 761 5096 fecisse
810 5043 924 5095 suis
970 5041 1253 5111 approbat
1305 5040 1487 5093 dictis.
1540 5039 1736 5110 Siqui-

40 5130 185 5193 dem,
221 5131 320 5196 ait,
354 5131 734 5198 Aristobolus,
772 5131 863 5183 cui
911 5130 1061 5183 inter
1108 5130 1313 5183 fratres
1359 5132 1495 5180 retas
1524 5144 1734 5197 prove-

43 5220 197 5285 ctior,
259 5235 422 5272 mens
474 5218 843 5288 praeruptior,
895 5218 1282 5287 principatum
1336 5216 1633 5269 sacerdotii
1667 5216 1737 5269 ad

43 5310 198 5378 regni
280 5312 620 5378 potestatem
682 5307 790 5360 sibi
840 5308 1139 5373 convertit,
1204 5310 1260 5359 et
1316 5306 1577 5360 diadema
1631 5305 1738 5357 sibi

105 5443 128 5465 ι
169 5433 303 5501 Leg.
331 5434 679 5499 Egesippum,
712 5431 780 5485 de
815 5447 927 5500 quo
956 5430 1168 5483 statim.

106 5507 129 5544 ι’
170 5506 307 5572 Leg.
333 5505 583 5570 degener.

110 5584 127 5606 ⁸
170 5576 378 5639 Forte.,
410 5588 511 5641 pro
539 5575 746 5637 futuro.

406 5672 681 5734 PATBOL.
735 5669 945 5733 CXXI.

1832 3094 1931 3161 ait,
1965 3096 2108 3148 liber
2147 3095 2216 3148 ab
2243 3094 2575 3163 hujusmodi
2608 3094 2859 3164 periculo
2914 3110 3059 3146 sum.
3102 3093 3242 3147 Novi
3282 3098 3339 3146 et
3377 3093 3519 3161 ipse,

1833 3185 1969 3255 quia
1998 3200 2127 3236 cum
2159 3184 2358 3236 vestris
2410 3182 2766 3253 periclitatur
2814 3182 3171 3235 sanctissima
3216 3182 3357 3234 mihi
3400 3198 3521 3234 ma-

1830 3277 1936 3339 ter,
1981 3277 2036 3325 et
2065 3287 2221 3325 sacra
2252 3270 2430 3326 satius
2460 3288 2626 3337 uxor,
2690 3278 2858 3340 atque
2899 3287 3010 3323 non
3045 3270 3295 3341 ignobile
3326 3286 3527 3339 genus,

1833 3364 1889 3414 et
1932 3360 2223 3430 quondam
2280 3361 2482 3413 domus
2530 3360 2832 3429 praeclara;
2885 3377 2948 3411 ac
3004 3360 3243 3413 fortasse
3299 3364 3535 3429 propter

1833 3466 1991 3503 meos
2039 3467 2128 3502 me
2168 3449 2405 3503 suadere
2439 3448 2836 3502 arbitramini:
2874 3448 3113 3500 occidite
3147 3464 3263 3513 eos,
3299 3453 3355 3500 et
3385 3447 3534 3500 acci-

1833 3538 1949 3608 pite
1994 3538 2230 3607 insuper
2277 3536 2598 3590 mercedem
2646 3552 2839 3589 meum
2889 3534 3246 3604 sanguinem,
3292 3535 3535 3587 libenter

1833 3628 1979 3681 hanc
2010 3627 2165 3680 solvo
2212 3626 2533 3680 mercedem
2568 3630 2764 3677 vestra)
2809 3624 3023 3687 salutis,
3058 3624 3105 3675 si
3136 3628 3263 3692 post
3305 3638 3392 3675 me
3444 3639 3530 3675 sa-

1833 3732 1966 3786 pere
1994 3715 2247 3785 potestis.
2296 3713 2593 3781 lutelligis,
2638 3712 2715 3765 mi
2757 3727 3048 3781 germane,
3075 3712 3207 3780 quia
3236 3726 3532 3780 nunquam

1831 3802 2140 3873 aliquando
2187 3816 2382 3870 sapere
2405 3799 2638 3869 potestis
2664 3800 2828 3868 juxta
2867 3798 3036 3850 verba
3072 3797 3244 3850 vestri
3265 3796 3530 3862 doctoris,

1832 3906 1961 3944 vere
1991 3888 2227 3943 conﬁdis
2260 3888 2318 3941 in
2352 3887 2529 3940 ventis
2555 3895 2599 3954 ο,
2635 3892 2691 3939 et
2716 3886 2889 3939 habes
2921 3884 3190 3938 fiduciam
3224 3884 3284 3937 in
3325 3884 3528 3938 nihilo.

1837 3976 2034 4031 Dixisti
2068 3976 2221 4029 enim
2255 3975 2403 4045 quod
2447 3975 2568 4045 ipsa
2603 3979 2770 4027 natus
2810 3978 2896 4026 est
2925 3974 3015 4026 die
3064 3978 3118 4026 et
3165 3978 3370 4026 unctus
3417 3988 3531 4043 quo

1833 4065 2147 4117 Jerusalem
2213 4068 2427 4116 vastata
2507 4062 2634 4115 fuit.
2714 4062 2932 4127 Sufﬁcit
2993 4062 3145 4114 enim
3204 4062 3356 4131 quod
3408 4062 3529 4130 ejus

1837 4152 2106 4205 nativitas
2163 4152 2323 4204 vobis
2360 4151 2642 4204 excidium
2694 4154 2747 4204 et
2795 4155 3135 4219 perpetuam
3184 4151 3406 4202 ruinam
3440 4150 3534 4201 in-

1837 4240 1995 4293 dixit.

1922 4331 2004 4382 H.
2036 4327 2221 4394 Vides,
2250 4326 2327 4379 mi
2356 4328 2548 4391 frater,
2582 4330 2635 4379 te
2669 4326 2961 4379 meliorem
2986 4342 3155 4379 essea
3182 4330 3278 4379 tuo
3314 4326 3533 4379 Messia.

1836 4418 1916 4469 Tu
1945 4417 2165 4470 solutus
2193 4432 2271 4482 es,
2308 4416 2401 4468 ille
2449 4415 2656 4484 ligatus
2686 4435 2699 4480 ;
2734 4424 2794 4467 tu
2820 4415 3068 4484 juvenis,
3133 4414 3228 4466 ille
3271 4414 3391 4482 jam
3449 4430 3536 4465 se-

1838 4520 1968 4558 nex.
2013 4506 2076 4558 Et
2120 4504 2356 4557 forsitan
2400 4504 2533 4557 inde
2584 4504 2843 4567 senescit,
2904 4502 3014 4555 nisi
3068 4502 3334 4571 quotiens
3383 4501 3537 4554 dicas

1839 4594 2192 4646 incrementa
2224 4608 2354 4646 eum
2400 4608 2515 4645 non
2560 4592 2768 4643 sentire
2827 4590 3029 4653 aetatis,
3081 4606 3182 4659 per
3229 4590 3379 4658 quod
3413 4604 3537 4641 me—

1842 4682 2042 4736 tallum
2090 4697 2221 4734 eum
2278 4680 2471 4733 ﬁrmes
2524 4678 2853 4731 insensibile
2913 4693 3054 4729 esse.
3115 4677 3337 4729 Titulus
3382 4676 3536 4728 enim

1842 4775 1945 4836 est,
1979 4786 2048 4822 ne
2081 4768 2302 4822 falsaris
2350 4768 2736 4821 metallorum.
2777 4766 3002 4819 Utinam
3047 4780 3163 4817 non
3212 4769 3266 4816 te
3315 4764 3540 4833 pigeret

1844 4858 1986 4911 mihi
2015 4858 2261 4911 scribere
2298 4858 2426 4927 quis
2470 4872 2599 4909 eum
2642 4855 2838 4920 vinxit,
2880 4854 3008 4924 quis
3054 4853 3300 4905 vinctum
3343 4858 3538 4906 custo—

1844 4946 1947 5011 dit,
1979 4946 2037 4999 in
2079 4962 2189 5015 qua
2218 4946 2424 4997 latrina
2455 4945 2696 4997 infectus
2732 4944 2902 5011 jacet,
2935 4941 3009 5011 ’in
3062 4957 3174 5010 qua
3204 4946 3372 4993 terra:
3405 4956 3537 5010 por-

1844 5036 1999 5088 tione
2058 5036 2248 5087 cloaca
2286 5033 2566 5086 dimersus
2626 5032 2911 5084 vermibus
2959 5035 3149 5082 scatet.
3208 5028 3455 5083 Clamate
3489 5028 3539 5081 ei

1847 5140 1978 5177 voce
2007 5123 2244 5192 majore,
2278 5121 2412 5189 quia
2442 5120 2680 5173 forsitan
2711 5121 2902 5172 alvum
2931 5124 3112 5172 vester
3145 5118 3366 5171 Messias
3402 5134 3539 5187 pur-

1847 5217 1963 5281 gat,
2013 5217 2111 5263 aut
2169 5209 2408 5261 vesicam
2470 5208 2743 5260 effusione
2806 5209 2985 5260 urina:
3052 5209 3221 5271 laxat,
3266 5212 3365 5259 aut
3419 5206 3541 5258 fimi

1846 5304 2110 5368 putorem
2142 5296 2308 5349 tacite
2365 5311 2428 5347 ex
2471 5311 2578 5347 auo
2613 5297 2853 5354 exhalat,
2908 5301 3007 5347 aut
3055 5300 3205 5348 certe
3248 5295 3543 5347 inflatione

1918 5421 1943 5456 ἀ
1986 5422 2106 5479 ΜΞ..
2140 5422 2419 5473 venientis.

1920 5505 1940 5525 ι’
1982 5496 2099 5553 Ms.,
2130 5494 2379 5543 intentos.

3155 5668 3176 5721 'l
3197 5669 3234 5719 ti
