3860 6262
289 245 383 297 [Nl

1652 241 1903 297 ALVARI
1943 241 2415 298 CORDUBENSIS
3721 243 3812 294 iiii

287 376 502 431 ventris
558 373 855 444 instripida
902 381 927 406 ⁸
956 372 1186 443 digerit,
1249 377 1306 426 et
1363 371 1491 426 ideo
1547 373 1798 444 gemitus
1857 379 1973 426 tam
2014 376 2055 427 A
2090 372 2184 426 bus
2212 376 2586 442 peccaverunt,
2619 377 2671 426 et
2706 372 2976 427 mundabo
3004 387 3110 440 eos,
3151 381 3202 430 et
3229 382 3383 430 erunt
3425 378 3578 429 mihi
3624 378 3690 427 in
3725 390 3813 443 po-

288 465 593 518 diuturnos
649 468 864 516 vestros
924 478 1038 514 non
1093 461 1270 515 audit.
1319 463 1441 516 Non
1479 467 1533 514 te
1566 462 1740 531 pudet
1785 464 1832 525 b,
1863 467 1979 515 tam

287 553 587 606 ridiculam
651 558 865 604 sectare
919 550 1280 604 amentiam?
1339 551 1474 603 Vere
1549 557 1633 613 tu,
1685 567 1977 619 germane,

286 641 543 710 sequeris
581 647 781 693 ventos
815 645 869 692 et
917 639 1100 708 pascis
1129 655 1315 704 auras,
1367 638 1466 708 qui
1521 655 1725 690 nervos
1757 638 1979 691 nebula:

285 734 488 782 tenens
535 728 593 781 in
622 728 808 781 fumos
839 727 1144 781 domorum
1174 727 1435 792 confidis,
1473 727 1572 797 qui
1619 727 1790 780 etiam
1822 727 1980 780 solu-

284 817 500 870 tionem
535 833 568 869 a
595 833 707 887 quo
739 832 854 869 non
887 821 972 869 est
999 817 1220 870 solutus
1268 821 1530 885 expectas
1567 828 1608 870 ε.
1664 815 1873 869 Scribis
1921 815 1980 868 in

284 906 430 959 ﬁne:
475 906 641 972 Vade,
691 910 946 972 tuumque
973 906 1163 958 Jesum
1214 908 1346 968 tene,
1381 911 1430 958 et
1461 904 1571 968 hic,
1604 909 1652 957 et
1682 907 1739 956 in
1787 919 1977 957 tecum.

283 995 366 1048 Ad
428 995 586 1065 quod
638 994 809 1047 breve
884 1010 1223 1064 responsum
1281 994 1560 1062 accipito:
1632 997 1860 1058 Amen;
1927 997 1984 1045 et

285 1083 492 1136 iterum
524 1099 712 1136 amen.
749 1084 809 1136 Et
832 1083 1023 1136 dicant
1054 1099 1167 1136 non
1193 1083 1376 1136 solum
1413 1081 1620 1151 angeli,
1653 1081 1747 1134 sed
1775 1088 1830 1134 et
1858 1097 1980 1134 omo

285 1173 372 1224 nis
405 1172 688 1242 populus:
744 1173 886 1236 Fiat,
935 1173 1033 1239 ﬁat
1075 1171 1244 1240 (Psal.
1297 1187 1378 1231 εν,
1417 1172 1523 1238 48).
1563 1171 1629 1223 Ut
1683 1169 1829 1222 sicut
1875 1185 1980 1236 ego

285 1276 415 1312 eum
449 1264 652 1328 sponte
705 1259 802 1311 illo
833 1258 1087 1328 spirante
1142 1257 1254 1312 ﬁde
1301 1259 1608 1327 amplecto,
1665 1257 1742 1309 ita
1781 1256 1849 1309 ab
1881 1257 1979 1309 illo

285 1353 510 1410 tenear,
548 1364 618 1401 ne
653 1347 904 1401 abducar
938 1347 1008 1401 ab
1039 1365 1106 1401 eo
1157 1348 1264 1402 [ide
1294 1348 1379 1400 vel
1425 1364 1594 1417 opere
1626 1345 1982 1416 praestigioso

286 1435 526 1504 alicujus
556 1440 905 1489 commento.
939 1439 1121 1506 Atque
1156 1436 1232 1489 ita
1289 1440 1536 1489 mentem
1589 1450 1776 1488 meam
1821 1435 1980 1486 Jesus

277 1527 410 1594 jure
473 1526 577 1579 sibi
639 1531 917 1595 perpetuo
977 1523 1240 1590 vindicet,
1310 1531 1373 1578 ut
1428 1525 1484 1577 in
1529 1524 1790 1576 sensibus
1840 1525 1982 1576 meis

285 1615 438 1666 nulla
507 1614 777 1683 deinceps
829 1612 1077 1665 titillatio
1135 1612 1381 1665 obscena
1429 1611 1678 1679 evigilet.
1733 1610 1840 1664 Sed
1902 1609 1980 1663 ita

283 1702 462 1756 menti
511 1703 622 1755 iide
672 1700 996 1770 prmsideat,
1053 1704 1117 1753 ut
1169 1699 1492 1752 membrum
1541 1713 1713 1768 opere
1774 1703 1976 1765 regat;

284 1807 489 1860 meque
547 1791 616 1842 ab
660 1790 858 1842 auditu
909 1790 1054 1840 malo
1105 1804 1207 1840 suo
1262 1788 1512 1840 liberans
1561 1802 1799 1840 munere
1847 1787 1979 1840 dex-

284 1885 419 1932 teras
474 1878 652 1948 partis
687 1877 896 1946 gaudio
944 1876 1112 1929 faciat
1143 1875 1480 1946 participem
1511 1891 1654 1929 esse.
1709 1876 1830 1946 Ipse
1879 1875 1978 1945 qui

281 1968 341 2020 in
396 1967 669 2020 'I‘rinitate
724 1983 850 2018 cum
906 1967 1066 2018 Patre
1121 1970 1175 2017 et
1221 1965 1431 2034 Spiritu
1495 1969 1688 2018 sancto
1745 1981 1894 2016 unus
1947 1981 1980 2017 a

283 2073 374 2109 me
406 2056 616 2108 colitur
644 2057 808 2116 Deus,
845 2054 935 2107 cui
959 2059 1042 2107 est
1069 2053 1250 2123 gloria
1280 2053 1338 2106 in
1373 2054 1577 2107 szecula
1609 2053 1972 2109 saeculorum.

352 2162 466 2214 Hic
486 2164 718 2226 vestigia
749 2165 1017 2228 apparent
1052 2161 1359 2212 litterarum
1390 2161 1547 2212 rubri
1569 2161 1780 2224 coloris,
1817 2163 1979 2227 quasi

282 2233 472 2286 titulus
519 2234 747 2285 alterius
794 2233 1049 2298 epistolae,
1102 2234 1522 2300 transgressoris
1569 2247 1787 2300 nempe:
1819 2232 1972 2300 cujus

275 2311 563 2371 propterea
593 2305 824 2367 inferior
861 2305 987 2366 folii
1017 2317 1174 2371 pars,
1209 2305 1262 2353 in
1295 2318 1402 2368 qua
1432 2303 1746 2371 incipiebat,
1782 2318 1975 2371 ampu-

279 2380 415 2427 tata.
455 2373 564 2429 Sed
592 2389 747 2426 versa
775 2375 985 2441 pagina
1015 2375 1204 2426 insunt
1229 2375 1508 2441 sequentia
1533 2389 1545 2426 :

1043 2488 1200 2541 XVII.

355 2598 402 2648 1.
435 2594 630 2661 Israel,
677 2593 822 2646 sicut
872 2592 1146 2662 scriptum
1203 2592 1373 2646 estin
1413 2591 1558 2646 libro
1618 2592 1973 2646 Deuterono-

279 2684 432 2736 mio:
467 2684 650 2736 Ponite
695 2681 802 2734 haec
833 2681 997 2734 verba
1043 2697 1159 2734 mea
1207 2683 1264 2733 in
1295 2679 1566 2746 cordibus,
1613 2685 1664 2732 et
1688 2682 1971 2734 inanimis

275 2772 493 2836 vestris,
527 2777 585 2824 et
621 2770 844 2840 reliqua
900 2773 1075 2834 (Deut.
1112 2785 1188 2834 χι,
1235 2769 1344 2837 18).
1382 2769 1444 2822 Et
1495 2769 1553 2821 in
1587 2768 1788 2822 eodem
1822 2769 1970 2822 libro

278 2860 414 2913 alibi
446 2860 683 2929 legitur:
717 2861 906 2925 Legem
935 2861 1192 2926 praecepit
1220 2857 1372 2910 nobis
1423 2859 1628 2924 Moyses
1677 2857 1971 2910 haeredita-

277 2955 380 3000 tem
409 2947 783 3001 multitudinis
821 2946 980 3000 Jacob
1009 2946 1186 3010 (Deut.
1237 2961 1426 3010 χχχιιι,
1459 2946 1532 3010 4).
1574 2946 1635 2998 Et
1677 2945 1800 2997 iteri

516 2947 783 3001 'titudinis
821 2946 980 3000 Jacob
1009 2946 1186 3010 (Deut.
1237 2961 1426 3010 χχχιιι,
1459 2946 1532 3010 4).
1574 2946 1635 2998 Et
1677 2945 1885 2997 iterum
1914 2944 1971 2998 in
2004 2952 2040 3004 (1

279 3037 482 3089 eodem
516 3035 659 3088 libro
685 3051 696 3087 :
732 3036 880 3086 Cave
909 3049 974 3086 ne
1010 3034 1342 3086 Oblivisceris
1370 3033 1650 3086 verborum
1682 3049 1800 3100 quae
1826 3033 1978 3086 vide-

277 3129 407 3178 runt
457 3125 597 3176 oculi
645 3125 743 3185 tui,
775 3127 823 3174 et
875 3138 938 3174 ne
983 3121 1310 3174 descendant
1337 3121 1362 3162 ά
1408 3121 1473 3173 de
1524 3121 1680 3174 corde
1719 3127 1808 3174 tuo
1847 3137 1976 3175 cun-

279 3215 380 3265 ctis
427 3211 615 3264 diebus
659 3214 785 3262 vitae
839 3216 942 3262 tua:
986 3210 1162 3278 (Deut.
1229 3225 1300 3275 iv,
1354 3211 1425 3275 9).
1475 3208 1644 3272 Audi,
1696 3209 1974 3262 obtrecta-

277 3306 383 3364 tor,
445 3298 598 3370 quod
642 3299 916 3367 scriptum
973 3302 1092 3349 est:
1154 3296 1376 3351 Cunctis
1425 3296 1612 3350 diebus
1668 3299 1794 3350 vitae
1843 3302 1974 3360 tuae;

279 3387 522 3442 ﬁrmiter
550 3387 778 3440 attende
813 3391 869 3438 et
907 3401 1059 3448 cave,
1098 3401 1166 3438 ne
1198 3385 1394 3438 videns
1422 3401 1536 3438 non
1579 3385 1791 3450 videas,
1824 3390 1879 3438 et
1904 3401 1975 3438 ne

278 3477 516 3531 audiens
556 3491 672 3528 non
705 3475 1012 3544 intelligas.
1048 3474 1185 3528 Vide
1215 3473 1414 3544 igitur,
1446 3473 1601 3544 quod
1632 3489 1815 3527 meam
1847 3489 1976 3527 con-

276 3564 498 3619 firmavi
529 3565 712 3634 legem
735 3562 1086 3616 verissim....

345 3671 580 3741 (Abhinc
648 3669 829 3737 tle/icit
898 3669 1110 3734 charta,
1175 3684 1340 3736 quam
1394 3669 1625 3733 inferius
1680 3671 1974 3721 resecatam

273 3743 537 3796 diximus.
600 3741 732 3794 Tria
799 3743 960 3793 etiam
1026 3743 1305 3808 sequentia
1361 3741 1498 3804 folia
1544 3741 1745 3792 rescisa
1807 3743 1970 3792 sunt:

272 3819 323 3866 et
359 3816 416 3866 in
474 3817 669 3880 quarto
718 3811 1063 3878 subsequenti
1117 3812 1232 3876 (ubi
1284 3812 1478 3864 Alvuri
1532 3809 1739 3864 decima
1784 3815 1974 3880 octava

271 3879 499 3953 epistola
529 3885 746 3951 incipit)
790 3885 866 3934 ita
897 3883 1124 3950 explicit
1162 3883 1389 3950 epistola
1421 3883 1838 3948 transgressoris
1859 3879 1898 3946 :)

341 3991 394 4040 2.
440 3991 666 4042 Desertae
710 3989 984 4054 plenaque
1037 3987 1290 4054 gregibus
1345 3987 1640 4052 hominum,
1700 3990 1750 4039 et
1805 3987 1972 4039 scient

271 4078 404 4143 quia
432 4091 526 4142 ego
559 4077 813 4129 Dominus
858 4076 1073 4133 (Ezech.
1117 4090 1300 4140 xxxvr,
1352 4074 1458 4138 38).
1507 4074 1574 4126 Et
1601 4074 1772 4142 paulo
1797 4079 1925 4142 post
1955 4089 1968 4126 :

271 4164 387 4216 Fili
418 4165 670 4226 hominis,
704 4177 824 4214 ossa
863 4163 970 4215 haec
1003 4165 1255 4215 universa
1298 4161 1484 4214 domus
1516 4162 1685 4215 Israel
1715 4167 1810 4214 est.
1856 4163 1971 4230 Ipsi

2085 463 2260 530 pulos,
2295 469 2342 513 et
2372 477 2464 528 ego
2494 477 2582 514 ero
2621 464 2696 514 eis
2736 465 2791 514 iu
2830 464 3031 528 Deum;
3090 469 3139 517 et
3184 479 3367 518 servus
3410 481 3570 518 meus
3637 464 3815 517 David

2087 566 2247 617 super
2278 565 2394 612 eos;
2429 555 2477 602 et
2522 556 2712 618 pastor
2747 565 2885 604 unus
2924 555 3027 604 erit
3076 556 3310 606 omnium
3360 570 3544 607 eorum
3580 574 3601 617 ;
3656 559 3711 605 et
3765 555 3816 603 in

2081 639 2311 704 judiciis
2340 643 2470 692 meis
2501 639 2873 702 ambulabunt,
2915 646 2969 693 et
3014 641 3275 694 mandata
3307 659 3422 695 mea
3467 640 3811 705 custodiant,

2087 732 2136 780 et
2159 729 2362 793 facient
2401 743 2482 793 ea,
2534 735 2581 780 et
2628 729 2950 782 habitabant
2997 744 3159 797 super
3201 736 3401 783 terram
3449 746 3638 798 quam
3693 729 3814 781 dedi

2086 831 2236 868 servo
2261 832 2370 868 meo
2407 817 2590 880 .Iacob,
2645 819 2700 869 in
2748 833 2858 884 qua
2906 818 3290 872 habitaverunt
3337 825 3522 887 patres
3586 821 3770 872 vestri
3797 839 3811 876 ,-

2087 909 2137 957 et
2191 904 2513 958 habitabant
2551 921 2712 973 super
2742 911 2941 958 terram
2988 909 3097 974 ipsi
3124 912 3174 960 et
3214 910 3318 974 filii
3348 924 3551 972 eorum,
3609 914 3667 960 et
3710 909 3808 973 ﬁlii

2085 995 2321 1062 ﬁliorum
2351 1008 2518 1060 usque
2557 997 2612 1046 in
2651 996 3054 1062 sempiternum,
3095 1001 3145 1048 et
3195 997 3376 1049 David
3419 1011 3624 1050 servus
3672 1011 3812 1049 meus

2085 1083 2333 1149 princeps
2379 1097 2560 1134 eorum
2631 1097 2800 1151 usque
2874 1084 2931 1136 in
2979 1085 3383 1152 sempiternum,
3453 1092 3511 1137 et
3581 1086 3812 1154 reliqua

2087 1170 2316 1235 (Ezech.
2360 1186 2560 1232 xxxvu,
2597 1172 2804 1240 11-24).
2835 1170 2971 1224 Vide
3026 1171 3196 1224 modo
3232 1173 3382 1242 quod
3429 1174 3668 1226 nullam
3724 1189 3810 1225 oc-

2089 1259 2374 1311 casionem
2424 1258 2681 1311 invenire
2712 1264 2890 1328 potes,
2923 1263 2989 1313 ut
3016 1259 3123 1313 ista
3162 1260 3358 1314 omnia
3393 1277 3514 1314 non
3556 1263 3692 1314 sint
3723 1262 3809 1314 fu-

2088 1351 2219 1400 tura
2248 1347 2494 1418 desuper
2526 1353 2758 1402 terram.
2805 1348 2973 1402 Finit.

2845 1454 3033 1507 XVIII.

2240 1577 2358 1614 ΙΤΕΜ
2399 1576 2652 1614 EPISTOLA
2687 1576 2878 1614 ALVARI
2918 1575 3351 1614 TRANSGRESSORI
3395 1577 3650 1614 DIRECTA.

2167 1670 2214 1720 1.
2253 1665 2576 1720 Confectum
2609 1665 2926 1730 mendacio,
2959 1667 3317 1720 contumeliis
3354 1666 3600 1720 fetidam
3646 1670 3801 1718 tuam

2090 1769 2440 1808 ccenerosam
2485 1754 2780 1823 epistolam
2833 1754 3100 1820 vidimus,
3146 1755 3380 1806 morulis
3434 1771 3555 1807 non
3610 1755 3802 1807 multis

2089 1845 2474 1907 tractavimus,
2509 1859 2684 1912 quam
2728 1843 3021 1913 obliquam
3056 1843 3356 1895 confestim
3389 1846 3795 1912 cognovimus.

2089 1932 2210 1985 Tibi
2241 1933 2432 1984 statim
2462 1930 2806 2001 respondere
2840 1947 2955 1984 non
2998 1931 3248 2000 pigritia;
3283 1931 3410 1996 fuit,
3455 1932 3558 1984 sed
3600 1948 3695 1984 res
3727 1931 3798 1982 sic

2088 2021 2301 2074 exitum
2354 2020 2575 2085 habuit,
2628 2035 2696 2072 eo
2751 2019 2906 2089 quod
2951 2019 3162 2072 innecii
3210 2021 3402 2072 salus°
3461 2019 3795 2083 devolutus,

2085 2109 2354 2178 proprius
2387 2124 2475 2161 me
2525 2124 2638 2161 non
2670 2108 2954 2161 continuit
2983 2108 3156 2161 locus.
3201 2109 3332 2161 Ideo
3384 2108 3558 2161 istam
3590 2110 3792 2178 praefa-

2086 2198 2300 2250 tionem
2333 2197 2685 2267 apologetice
2731 2195 3063 2263 indidimus,
3111 2213 3181 2249 ne
3235 2213 3325 2249 me
3374 2213 3500 2249 sere
3565 2213 3794 2267 respon-

2084 2287 2228 2339 disse
2262 2285 2528 2340 causeris.
2561 2288 2746 2355 Atque
2781 2284 2840 2338 in
2893 2285 3080 2354 prima
3127 2285 3310 2340 fronte
3353 2286 3600 2339 Iudaico
3636 2303 3793 2338 more

2085 2373 2417 2428 mendacem
2451 2373 2784 2426 miravimus
2817 2378 2872 2426 et
2902 2372 3130 2425 solitam
3169 2372 3303 2425 ﬁdei
3335 2377 3447 2425 tua:
3482 2372 3790 2442 perﬁdiam

2084 2462 2433 2528 horruimus,
2490 2461 2627 2516 dum
2688 2461 2810 2514 ais:
2867 2460 3108 2514 Scedula
3179 2460 3481 2530 cujusdam
3568 2468 3788 2514 nostras

2084 2551 2340 2620 pervenit
2390 2549 2460 2604 ad
2499 2566 2723 2616 manus,
2756 2565 2883 2619 quae.
2929 2550 3101 2618 plena
3151 2555 3266 2602 erat
3314 2548 3705 2618 blasphemiis
3737 2551 3788 2602 in

2085 2639 2261 2692 Deum
2307 2654 2504 2692 verum
2554 2643 2610 2690 et
2659 2637 2871 2690 vivum.
2937 2637 3168 2690 Constat
3216 2636 3369 2690 enim
3421 2643 3476 2690 te
3522 2637 3788 2691 fallacem

2083 2728 2344 2792 existere,
2397 2727 2534 2780 dum
2591 2743 2658 2779 ea
2689 2726 2831 2778 mihi
2861 2726 3084 2778 conaris
3119 2725 3415 2794 imponere
3463 2743 3619 2796 quae,
3654 2743 3788 2779 con-

2081 2816 2317 2870 scientia
2340 2819 2501 2883 teste,
2539 2815 2597 2868 in
2627 2815 2768 2868 meis
2799 2814 3001 2867 litteris
3050 2830 3342 2884 nunquam
3380 2815 3533 2869 visus
3561 2831 3625 2868 es
3665 2832 3788 2886 per-

2082 2905 2347 2958 currisse.
2389 2903 2494 2957 Sed
2547 2903 2703 2973 quia,
2747 2907 2808 2955 ut
2847 2903 2951 2967 ais,
2993 2902 3172 2955 nolles
3223 2903 3365 2956 mihi
3412 2905 3784 2972 respondere,

2086 2993 2196 3046 nisi
2228 2997 2282 3046 te
2310 2996 2729 3063 prmceptorum
2759 2996 2989 3044 tuorum
3022 2996 3074 3043 et
3104 2991 3404 3044 doctorum
3444 3003 3784 3061 perurgeret

2082 3082 2282 3152 jussio.
2320 3082 2553 3134 obsecro
2581 3084 2634 3133 te
2668 3084 2748 3144 ut,
2781 3095 3093 3149 parumper
3123 3095 3356 3132 rancore
3401 3081 3692 3150 deposito,
3733 3087 3780 3135 et

2085 3171 2384 3224 obstinatae
2415 3169 2670 3240 perﬁdize
2701 3185 2893 3222 errore
2918 3169 3176 3238 depulso,
3203 3169 3630 3222 animadvertas
3657 3187 3777 3240 qua

2085 3259 2230 3312 dico.
2266 3259 2405 3312 Cum
2439 3258 2718 3328 propheta
2777 3261 2918 3310 teste
2967 3257 3156 3310 cuncti
3205 3258 3319 3310 sint
3374 3260 3632 3311 caecitate
3663 3275 3780 3328 pcr-

2083 3347 2254 3412 cussi,
2287 3363 2397 3417 qua
2429 3343 2768 3400 temerantia
2800 3344 3063 3398 doctores
3093 3344 3194 3398 tibi
3234 3345 3438 3398 asseris
3469 3361 3618 3412 esse,
3644 3363 3778 3416 quos

2082 3452 2261 3490 caecos
2309 3450 2428 3488 esse
2493 3433 2786 3501 cognoscis
2839 3432 3120 3486 sententia
3176 3431 3544 3503 prophetali?
3601 3435 3662 3488 Et
3727 3438 3776 3487 in

2081 3528 2305 3577 tantum
2339 3525 2447 3576 hoc
2476 3526 2669 3591 aperte
2696 3520 3049 3590 prophetalis
3093 3536 3281 3574 sermo
3315 3521 3588 3574 omnibus
3629 3523 3778 3575 into-

2082 3617 2197 3676 nat,
2233 3611 2494 3665 utetiam
2536 3615 2762 3680 tempus
2791 3609 3059 3662 caecitatis
3110 3625 3228 3663 non
3257 3610 3381 3663 sine
3415 3626 3630 3679 magna
3665 3613 3779 3664 des.

2081 3699 2392 3769 quisitione
2423 3698 2738 3769 perquirat,
2771 3697 2964 3751 dicens
2990 3713 3003 3750 :
3027 3699 3308 3766 Usquequo
3337 3699 3569 3752 Domine
3591 3701 3620 3752 ?
3646 3699 3774 3769 (Isa.

2082 3804 2152 3853 γι,
2184 3789 2294 3856 Η.)
2320 3787 2423 3841 Cui
2445 3787 2632 3840 statim
2657 3785 2850 3839 divina
2872 3786 3168 3854 responsio
3192 3792 3532 3856 perpetuam
3558 3789 3774 3840 caecita-

2079 3881 2194 3930 tem
2208 3892 2308 3930 suo
2329 3874 2898 3928 declaravitoraculo.
2922 3874 3030 3928 Sed
3048 3873 3167 3927 haec
3189 3879 3244 3927 et
3261 3875 3420 3927 alias.
3447 3875 3661 3928 Tamen
3688 3891 3772 3928 se-

2079 3981 2222 4036 quar
2252 3965 2505 4034 epistola:
2539 3969 2650 4023 tum
2681 3963 2939 4033 vestigia,
2973 3969 3028 4016 et
3066 3979 3320 4017 errorem
3351 3963 3570 4034 quibus
3616 3965 3774 4018 lineis

2078 4053 2366 4123 ingressus
2397 4057 2500 4117 est,
2530 4052 2668 4106 foris
2699 4052 3009 4122 producam
3036 4067 3048 4104 :
3096 4051 3371 4105 omittens
3415 4053 3773 4106 contumeliis

2077 4142 2428 4196 stultissimis
2451 4142 2704 4205 vulnera,
2743 4156 2872 4209 quae
2909 4141 2977 4192 ab
3009 4140 3364 4210 impudendo
3398 4157 3494 4193 ore
3524 4142 3770 4195 colubri-

266 4252 492 4304 dicunt:
541 4253 822 4302 Aruerunt
867 4265 992 4302 ossa
1036 4256 1243 4315 nostra,
1292 4249 1462 4317 periit
1501 4263 1632 4317 spes.
1667 4253 1790 4301 nosti

2245 4229 2508 4300 sapientia
2539 4228 2873 4297 produxisti,
2912 4231 2966 4280 et
2995 4244 3062 4280 ea
3092 4232 3316 4280 tantum
3363 4228 3617 4282 breviter
3646 4229 3769 4281 inti-

267 4338 473 4391 abscisi
514 4351 724 4389 sumus.
776 4334 1068 4403 Propterea
1111 4337 1410 4388 vaticinare
1451 4341 1501 4388 et
1549 4335 1693 4388 dices
1736 4335 1810 4386 ad
1841 4350 1962 4388 eos:

268 4428 387 4480 Hec
439 4425 575 4478 dicit
630 4425 892 4477 Dominus
947 4426 1115 4476 Deus:
1166 4424 1307 4476 Ecce
1352 4438 1446 4490 ego
1516 4437 1787 4476 assumam
1824 4425 1965 4490 ﬁlios

265 4516 436 4568 Israel
463 4513 528 4567 de
563 4513 736 4566 medio
766 4514 1069 4579 nationum,
1115 4511 1189 4564 ad
1237 4525 1373 4579 quas
1412 4511 1701 4575 abierunt;
1739 4515 1792 4562 et
1839 4526 1962 4563 con-

260 4603 494 4672 gregabo
523 4618 607 4656 eos
650 4601 910 4669 undique,
945 4604 995 4653 et
1041 4599 1313 4653 adducam
1344 4615 1428 4654 eos
1451 4599 1525 4652 ad
1555 4605 1754 4653 terram
1786 4614 1961 4660 suam,

261 4698 310 4746 et
359 4693 565 4758 faciam
613 4705 697 4744 eos
743 4691 801 4742 in
830 4692 1036 4756 gentem
1088 4703 1252 4740 unam
1282 4690 1342 4740 in
1393 4692 1538 4740 terra
1591 4689 1647 4739 in
1693 4687 1962 4742 montibus

259 4781 446 4846 Israel,
492 4784 542 4832 et
588 4795 687 4832 res:
732 4791 873 4830 unus
925 4778 1030 4830 erit
1088 4775 1333 4829 omnibus
1380 4777 1672 4843 imperans.
1737 4775 1816 4828 Et
1858 4789 1962 4827 non

259 4875 416 4922 erunt
461 4869 611 4922 ultra
669 4866 790 4919 duae
841 4869 1040 4931 gentes,
1095 4880 1187 4916 nec
1243 4863 1560 4918 dividentur
1609 4864 1844 4930 amplius
1903 4864 1960 4914 in

259 4957 364 5012 duo
393 4971 583 5024 regna,
622 4969 793 5021 neque
815 4953 1129 5021 polluentur
1170 4953 1406 5020 amplius
1438 4954 1495 5005 in
1537 4951 1698 5004 idolis
1742 4953 1877 5016 suis,
1910 4956 1960 5004 et

259 5043 752 5100 abominationibus
789 5045 923 5103 suis,
965 5046 1016 5094 et
1049 5042 1106 5093 in
1145 5043 1350 5093 cunctis
1379 5039 1785 5094 necessitatibus
1820 5040 1955 5106 suis,

256 5138 308 5187 et
337 5134 514 5187 salvos
543 5145 628 5185 eos
655 5131 863 5196 faciam
894 5127 959 5182 de
1002 5131 1268 5182 universis
1316 5129 1532 5182 sedibus
1572 5130 1710 5195 suis,
1741 5130 1800 5180 in
1830 5129 1957 5196 qui-

327 5267 352 5291 ⁸
394 5261 476 5311 An
505 5254 750 5323 insipida
769 5253 796 5307 ἵ

326 5331 352 5370 ιι
393 5329 516 5392 Max,
544 5330 716 5395 putet.

326 5408 346 5431 ⁶
386 5400 509 5463 Ms.,
539 5398 674 5465 aqui
701 5411 804 5449 non
843 5400 921 5449 est
948 5395 1154 5449 solutus
1174 5399 1415 5462 expecta.

2079 4335 2254 4386 mem,
2303 4334 2429 4388 qum
2485 4317 2588 4370 tibi
2637 4321 2692 4369 et
2740 4315 2901 4369 freno
2946 4315 3203 4385 linguam
3249 4316 3672 4386 constringant,
3721 4322 3772 4367 et

2077 4407 2280 4460 chamo
2319 4404 2556 4474 justitia:
2585 4403 2644 4456 in
2678 4402 2817 4457 recti
2854 4401 3076 4456 itineris
3123 4401 3416 4456 tramitem
3448 4403 3766 4457 deviantem

2075 4494 2412 4564 perducant.

2143 4584 2196 4634 2.
2237 4579 2332 4634 Ais
2363 4578 2517 4632 enim
2558 4577 2709 4648 quod
2741 4593 2770 4632 θ
2821 4576 3104 4631 contrario
3148 4576 3321 4630 fidem
3377 4578 3685 4646 reprobam
3716 4581 3766 4628 et

2074 4669 2375 4740 abjectam,
2415 4672 2472 4720 et
2511 4667 2874 4736 falsiloquam
2905 4669 2961 4719 et
2995 4665 3384 4727 maledictam,
3435 4671 3496 4719 et
3525 4666 3763 4719 horribi-

2074 4757 2185 4810 lem
2219 4761 2286 4810 et-
2309 4753 2761 4825 despectibilem,
2796 4759 2854 4808 et
2885 4753 3338 4808 abominabilem
3371 4758 3428 4807 et
3477 4755 3644 4808 vilem
3676 4770 3764 4807 re-

2073 4844 2367 4915 linqueris,
2429 4848 2484 4897 et
2537 4843 2843 4914 gloriosam
2893 4857 3204 4912 veramque
3255 4843 3652 4912 assumpseris.
3705 4843 3764 4894 Et

2072 4933 2251 4987 miror
2275 4933 2480 4986 frontis
2511 4937 2625 4984 tua:
2668 4931 2940 4985 duritiam
2988 4930 3338 4984 reclamante
3370 4930 3588 4984 mundo
3627 4930 3757 4983 talia

2069 5020 2415 5091 prompsisse
2445 5019 2698 5085 infanda,
2722 5035 2847 5089 quae
2873 5023 2936 5072 ut
2965 5017 3237 5087 Virgilius
3265 5013 3287 5052 τ
3317 5017 3398 5070 ait
3422 5034 3436 5070 :
3685 5013 3688 5016 ’

2336 5133 2438 5182 Nec
2465 5133 2581 5180 visu
2609 5131 2796 5191 facilis,
2827 5145 2925 5180 nec
2950 5131 3093 5180 dictu
3122 5129 3352 5179 affabilis
3380 5131 3497 5193 ulli,

2135 5249 2161 5290 d
2193 5250 2253 5302 In
2286 5249 2513 5318 vulgata
2544 5247 2805 5303 excidant
2850 5247 3114 5317 legimus.
3143 5246 3312 5316 Apud
3343 5247 3640 5312 Alvarum,
3670 5247 3753 5300 in-

2065 5321 2091 5372 f
2091 5335 2170 5384 ra,
2197 5319 2458 5372 excedant
2475 5335 2578 5388 pro
2597 5319 2874 5372 excidant.

2135 5401 2156 5426 °
2190 5391 2466 5458 Corrupta
2497 5389 2686 5442 verba.

2135 5459 2152 5492 ί
2185 5460 2362 5528 Virg.,
2393 5475 2451 5512 ιιι
2479 5460 2626 5527 Ᾰέιιη
2655 5474 2802 5513 vers.
2836 5460 2958 5511 621.
