3860 6262
50 305 160 355 5393

1620 314 1993 369 EPISTOLIE.

3449 331 3552 383 τμη

46 434 531 489 Animadvertere
582 436 754 490 debes
800 438 913 491 vim
947 454 1275 492 sermonum
1310 457 1439 510 quas
1486 458 1519 495 a
1561 448 1613 495 te
1664 444 1750 495 in-
1790 453 1835 502 Α
1869 444 2163 499 auxilium.
2194 447 2252 501 Si
2281 449 2653 518 angelorum?
2695 467 2831 523 ergo
2863 454 3053 524 angeli
3083 460 3214 510 sunt
3273 457 3356 510 illi
3398 457 3554 512 simi-

45 522 286 575 condite
329 525 538 593 prolati
580 532 732 587 sunt,
768 532 822 579 et
854 527 1109 596 intellige
1164 529 1297 598 quia
1350 530 1551 583 bifarie
1606 532 1749 584 inte

42 608 175 677 ipse
208 611 425 663 divisus
447 629 525 664 es.
577 614 792 667 Dicitur
824 616 975 667 enim
1016 616 1174 681 ﬁdes,
1211 634 1276 669 eo
1309 618 1462 687 quod
1492 620 1599 671 fuit
1644 620 1747 672 ali-

43 699 209 766 quid.
250 700 409 754 Unde
440 706 495 754 et
530 702 671 754 ﬁdes
699 711 723 735 ⁸
752 703 1021 756 dicuntur
1072 707 1337 759 homines
1368 707 1465 776 qui
1515 707 1748 761 veritate

41 793 179 839 sunt
205 786 423 841 ﬁrmes.
450 790 503 843 Si
536 790 689 843 enim
722 791 861 844 ﬁdes
909 797 1010 858 cst,
1068 810 1181 846 non
1212 799 1297 847 est
1340 795 1603 863 reprobo,
1662 797 1746 848 vel

42 875 147 926 illa
188 877 303 928 alia
334 894 463 947 quae
512 879 900 948 ignominioso
936 897 1032 933 ore
1065 881 1147 934 illi
1178 898 1289 935 non
1325 882 1495 935 fanda
1543 885 1747 937 attitu-

40 959 198 1015 lasti.
232 962 291 1016 Si
324 971 517 1018 autem
567 972 725 1018 tanta
776 972 832 1020 et
892 968 1024 1020 talia
1078 969 1288 1037 probra
1339 970 1422 1022 illi
1473 971 1745 1037 attitulas,

38 1066 187 1119 rogo
218 1058 284 1105 ut
310 1053 484 1106 ﬁdem
526 1056 775 1108 nominis
810 1056 1026 1110 demas.
1067 1058 1209 1110 Dum
1243 1058 1397 1111 enim
1440 1060 1746 1129 reprobam

34 1138 209 1202 dicis,
244 1146 348 1193 tuo
394 1158 489 1194 ore
547 1144 768 1197 nescius
830 1149 885 1197 te
935 1145 1121 1214 ipsum
1173 1146 1356 1200 elidis.
1418 1149 1742 1217 Reprobam

34 1227 199 1280 enim
232 1229 445 1282 dicitur
475 1232 623 1300 quod
659 1238 788 1285 ante
821 1234 1060 1286 electum
1104 1235 1336 1300 exstitit,
1380 1238 1745 1304 postmodum

33 1315 107 1368 ob
140 1316 370 1387 aliquid
404 1320 760 1389 reprobatur.
786 1321 946 1384 Quod
987 1328 1050 1374 ut
1087 1323 1363 1391 legalibus
1402 1326 1746 1378 instrumen-

34 1404 107 1456 tis
137 1406 506 1471 conﬁrmem,
538 1409 670 1461 audi
694 1410 846 1479 quod
878 1410 1137 1480 sequitur
1170 1427 1183 1464 :
1216 1416 1520 1479 Argentum
1559 1430 1743 1479 repro-

39 1492 169 1545 bum
198 1502 387 1548 vocate
431 1511 532 1563 eos,
567 1500 700 1565 quia
748 1500 1001 1552 Dominus
1044 1500 1277 1568 projeclt
1311 1502 1430 1553 illos
1477 1504 1605 1571 (Jer.
1667 1520 1740 1565 vi,

38 1584 151 1643 30).
218 1584 467 1637 Intueris
501 1591 696 1638 contra
727 1593 781 1639 te
820 1588 993 1639 fuisse
1025 1588 1231 1650 locum,
1266 1595 1321 1641 et
1368 1594 1529 1642 tuum
1576 1591 1634 1642 in
1688 1596 1743 1644 te

42 1686 383 1725 mucronem
444 1673 618 1727 fuisse
673 1681 974 1728 retortum.
1035 1676 1193 1730 Idem
1249 1678 1401 1730 enim
1462 1679 1741 1746 abjectum

38 1760 194 1827 quod
230 1761 543 1830 reprobum
582 1779 593 1814 :
629 1763 762 1832 quia
808 1764 958 1833 quod
989 1764 1269 1833 abjicitur,
1305 1772 1433 1819 ante
1479 1767 1742 1835 abjectio-

41 1863 171 1899 nem
208 1850 516 1918 proprium
550 1866 670 1903 esse
700 1850 1150 1920 deprehenditur
1182 1869 1195 1905 :
1232 1854 1383 1923 quod
1418 1854 1598 1920 vobis,
1624 1871 1740 1908 non

36 1935 334 2002 gentibus,
367 1938 650 2005 congruit,
692 1943 1007 2009 vestraeque
1048 1939 1182 2008 legi,
1233 1957 1345 1993 non
1394 1946 1601 1995 nostra:
1650 1943 1739 1995 in-

38 2022 200 2075 sedit.
238 2024 381 2087 Quis
404 2025 577 2090 enim,
610 2042 643 2077 o
679 2026 1013 2079 stultissime
1050 2027 1371 2097 hominum,
1404 2029 1481 2081 ita
1531 2046 1740 2082 vesano

38 2128 133 2163 ore
160 2119 372 2165 contra
404 2130 461 2166 se
512 2115 769 2184 garriens
830 2115 889 2168 in
930 2116 1166 2183 paciﬁco
1197 2117 1390 2169 animo
1449 2132 1506 2170 se
1551 2118 1739 2187 ipsum

39 2199 280 2253 occisit?
319 2201 382 2253 Et
435 2202 564 2253 licet
609 2202 820 2255 fetidus
873 2203 1051 2256 fetida
1112 2204 1294 2257 multa
1346 2221 1502 2258 more
1542 2222 1738 2274 proca-

40 2289 207 2347 cium,
274 2305 394 2341 non
454 2289 852 2356 facundorum,
892 2292 1223 2361 protuleris,
1277 2299 1332 2345 et
1382 2309 1497 2345 non
1544 2298 1605 2346 ut
1657 2293 1739 2346 tui

32 2375 301 2443 jactitant
353 2393 454 2446 per
504 2378 963 2447 syllogismorum
1023 2384 1079 2431 et
1127 2396 1230 2448 pro
1290 2381 1736 2433 soloecismorum

40 2465 284 2533 spineta,
340 2466 605 2518 acumina
638 2468 800 2535 quasi
853 2466 1151 2537 Chrysippi
1176 2468 1503 2537 jactaveris:
1536 2469 1737 2522 saltem

39 2552 467 2622 despectibilem
500 2554 686 2607 dicere
732 2571 848 2607 non
898 2555 1198 2625 debueras,
1248 2573 1353 2609 nec
1391 2556 1561 2610 vilem
1605 2574 1736 2626 pro-

41 2641 206 2707 ferre,
239 2657 422 2710 quam
469 2644 687 2711 regiam
727 2648 784 2695 et
830 2648 1124 2696 tonantem
1175 2645 1350 2697 oculis
1404 2645 1733 2715 praevidisti.

44 2730 130 2781 Vel
168 2730 239 2783 de
281 2729 392 2782 hoc
419 2730 750 2783 erubescere
772 2731 944 2784 debes
978 2747 1044 2783 ea
1076 2733 1237 2785 nobis
1282 2733 1565 2802 ingerere,
1608 2750 1736 2803 qua:

41 2816 136 2869 tibi
166 2834 288 2870 non
322 2818 547 2870 nescius
584 2835 643 2871 es
674 2818 990 2872 abundare.
1026 2820 1402 2873 Conculcatur
1427 2821 1580 2874 enim
1634 2822 1735 2874 ho-

38 2905 121 2958 die
145 2922 265 2958 non
300 2905 443 2959 ﬁdes
490 2922 619 2976 quae
650 2923 851 2977 parum
883 2908 1121 2961 existitit
1163 2913 1376 2972 sancta,
1424 2910 1520 2963 sed
1552 2913 1736 2962 vestra

38 2996 527 3063 prmvaricalionis
566 3003 853 3066 portenta,
886 3002 941 3050 et
973 2997 1165 3050 omnia
1198 2997 1337 3051 falsa
1368 2998 1511 3068 pede
1533 3003 1730 3051 terun-

38 3090 126 3134 tur
154 3084 437 3154 figmenta
475 3098 488 3133 ε
535 3090 590 3137 et
636 3085 813 3138 audes
861 3085 1046 3138 dicere
1094 3086 1267 3139 vilem
1324 3102 1495 3156 quam
1552 3085 1735 3155 gloria

38 3173 184 3225 vides
236 3174 583 3238 florentem,
643 3173 860 3225 honore
912 3178 1252 3239 tumentem,
1288 3174 1395 3227 late
1447 3174 1733 3243 longeque

41 3259 401 3324 fulgentem?
432 3260 493 3312 In
522 3264 743 3312 tantum
775 3260 928 3313 enim
958 3261 1128 3313 hodie
1152 3276 1292 3329 gens
1323 3264 1508 3313 vestra
1538 3260 1733 3329 despi-

40 3348 196 3415 citur,
220 3354 286 3400 ut
316 3349 476 3401 velut
506 3364 761 3417 pannum
792 3354 1160 3402 menstruatae
1182 3365 1285 3419 per
1323 3365 1499 3418 regna
1539 3349 1734 3401 omnia

41 3436 387 3501 ditiametur,
434 3437 511 3489 ita
568 3442 630 3488 ut
683 3453 785 3505 pro
845 3453 1054 3506 magno
1112 3437 1456 3489 contumelio
1503 3438 1733 3490 Judaeus

42 3526 158 3593 quis
189 3541 316 3578 esse
347 3525 588 3577 dicatur.
624 3524 787 3588 Quod
821 3542 954 3577 vero
989 3524 1172 3594 digito
1202 3524 1299 3577 Dei
1334 3525 1438 3577 tibi
1471 3524 1732 3594 gloriaris

42 3612 219 3683 legem
253 3613 554 3680 scriptam,
579 3612 721 3666 addc
755 3612 799 3665 si
820 3611 904 3664 vis
926 3618 982 3665 et
1014 3612 1191 3666 multa
1215 3612 1520 3673 mirabilia,
1560 3628 1732 3681 quam

43 3718 147 3754 non
179 3702 307 3767 tibi,
342 3702 440 3755 sed
467 3701 725 3771 patribus
764 3701 957 3754 divina
988 3700 1119 3753 fecit
1144 3700 1421 3769 potentia,
1453 3716 1581 3769 quae.
1608 3716 1731 3753 om-

43 3791 129 3842 nia
157 3790 578 3859 omnipotentis
611 3789 707 3843 Dei
753 3789 861 3842 fuit
905 3789 1212 3858 magnalia,
1264 3804 1375 3841 non
1413 3793 1731 3841 vestrorum

43 3879 228 3931 insana
258 3878 571 3947 protervia.
608 3878 716 3931 Lex
754 3878 906 3930 enim
944 3878 1264 3946 specialiter
1285 3877 1447 3946 juxta
1480 3876 1539 3929 in
1587 3877 1730 3946 lapi-

41 3967 150 4020 deis
205 3968 480 4020 scribitur
535 3966 758 4033 tabulis,
819 3965 956 4035 quia
1001 3965 1203 4018 vestris
1279 3965 1558 4035 prwduris
1612 3970 1734 4019 erat

43 4057 218 4109 danda
268 4056 620 4125 praecordiis.
674 4055 740 4108 Et
770 4059 833 4108 ut
875 4058 1092 4108 certum
1152 4054 1256 4107 tibi
1304 4055 1396 4119 sit,
1445 4055 1728 4123 patulum,

41 4146 336 4213 specialem
371 4146 495 4214 ejus
521 4160 750 4197 omnem
798 4144 1038 4196 existere
1068 4147 1310 4207 textum,
1364 4142 1463 4196 Dei
1521 4143 1731 4213 scripta

41 4232 367 4301 pradicitur
434 4232 638 4303 digito,
699 4248 813 4301 quo
881 4231 1201 4302 expressius
1249 4230 1492 4300 Spiritus
1550 4232 1729 4285 sancti

1860 533 1939 585 les
1970 541 2026 585 et
2066 535 2279 604 pariter
2300 538 2599 592 hominum
2633 548 2911 595 croatores
2944 560 2955 596 :
2991 549 3049 596 et
3077 545 3213 598 dum
3244 547 3413 599 unius
3434 551 3551 601 veri

1860 621 1957 673 Dei
1988 626 2268 677 culturam
2315 627 2609 694 praedicas,
2654 631 2964 684 multorum
3013 633 3247 686 deorum
3305 637 3542 689 servitu-

1858 714 1970 761 tem
2002 710 2268 764 incurris.

1928 799 1977 849 3.
2023 799 2187 852 Vides
2230 800 2413 869 legem
2450 800 2495 854 si
2542 803 2847 857 carnaliter
2897 806 3229 861 observetur
3277 825 3395 862 esse
3443 809 3547 862 de-

1858 889 2147 940 structam.
2181 889 2443 943 Poteram
2478 890 2580 943 tibi
2614 891 2787 944 totius
2832 894 2973 962 legis
3020 895 3315 948 historiam
3365 898 3545 949 Mani-

1856 975 2145 1028 chaeorum
2202 993 2360 1030 more
2408 980 2845 1049 impugnantem
2906 998 2963 1034 se
3022 982 3259 1036 invicem
3309 985 3549 1038 demon-

1856 1069 2064 1117 strare:
2101 1066 2197 1118 sed
2225 1066 2351 1120 vide
2374 1067 2511 1136 quia
2543 1084 2657 1120 non
2685 1070 2870 1122 solum
2902 1070 3035 1123 deos
3072 1072 3263 1139 plures
3302 1073 3545 1137 inducis,

1854 1168 2052 1205 verum
2093 1154 2265 1207 etiam
2303 1157 2577 1208 creaturis
2628 1158 2849 1210 caeteris
2899 1166 3212 1212 creatorem
3264 1166 3425 1214 tuum
3467 1163 3545 1213 si-

1856 1241 2049 1293 milem
2104 1258 2223 1295 esse
2272 1244 2483 1297 ﬁrmas.
2522 1246 2679 1307 Quod
2714 1246 2760 1297 si
2801 1264 2829 1299 a
2863 1263 2953 1300 me
2993 1247 3237 1317 requiris
3301 1252 3548 1319 qualiter

1855 1330 1959 1382 hoc
1981 1331 2344 1397 sententiam,
2372 1333 2486 1385 mei
2524 1334 2696 1386 animi
2726 1351 2842 1387 non
2874 1336 3153 1405 percipies
3177 1340 3544 1402 sententiam,

1855 1418 1987 1487 quia
2020 1422 2077 1472 in
2134 1421 2392 1473 malivola
2446 1424 2632 1475 anima
2679 1438 2783 1476 non
2831 1426 3004 1477 intrat
3056 1428 3329 1493 sapientia
3388 1428 3545 1496 (Sap.

1854 1524 1890 1571 1,
1925 1508 1998 1577 4).
2037 1510 2241 1562 Verum
2274 1511 2408 1579 quia
2437 1527 2592 1563 casso
2625 1512 2817 1564 labore.
2854 1513 2908 1565 in
2968 1516 3420 1568 conﬁrmandam
3469 1517 3548 1569 le-

1853 1613 1981 1666 gem
2042 1598 2303 1662 desudas,
2354 1600 2638 1669 surdaque
2694 1617 2829 1653 aure
2883 1607 2939 1653 et
2988 1602 3322 1656 indomabili
3373 1607 3543 1658 corde

1854 1702 1944 1738 me
1985 1686 2308 1755 compedire
2357 1687 2612 1753 festinas,
2672 1689 2789 1741 noli
2849 1691 3111 1757 expansis
3172 1692 3345 1745 labris
3390 1696 3545 1746 testi-

1783 1754 1821 1807 Β
1855 1773 2060 1825 muniis
2090 1774 2437 1842 applaudere
2474 1791 2703 1840 vanum,
2745 1791 2873 1828 cum
2916 1777 3057 1829 scias
3100 1794 3188 1830 me
3240 1779 3379 1849 legis
3428 1796 3539 1832 nou

1850 1876 2060 1930 negare
2116 1868 2490 1931 praeceptum,
2559 1863 2652 1915 sed
2707 1880 2809 1932 per
2859 1863 3210 1917 intellectum
3272 1882 3544 1921 venerare

1849 1948 2125 2001 divinum.
2163 1949 2429 2018 Nunquid
2475 1965 2581 2019 ego
2629 1950 2834 2003 similis
2896 1951 2978 2003 tui
3018 1968 3167 2016 sum,
3219 1960 3280 2005 ut
3309 1971 3377 2007 ea
3414 1972 3543 2024 quae

1852 2037 1973 2089 luce
2030 2036 2275 2089 clariora
2328 2038 2599 2103 existunt,
2651 2039 2826 2091 dubia
2878 2039 3079 2093 faciam
3139 2043 3545 2110 praedicando?

1848 2124 2007 2177 Absit
2041 2141 2177 2194 ergo
2207 2143 2235 2177 a
2270 2142 2380 2190 me,
2412 2131 2475 2179 ut
2505 2128 2602 2197 qui
2653 2128 2950 2181 veritatem
2984 2133 3127 2193 colo,
3173 2132 3535 2185 mendacium

1847 2212 2070 2282 loquar.
2123 2214 2302 2268 Credo
2331 2216 2483 2267 enim
2537 2217 2689 2285 quod
2736 2216 2823 2269 lex
2880 2233 2995 2269 non
3034 2218 3219 2270 solum
3254 2219 3377 2283 tibi,
3441 2222 3537 2273 sed

1850 2302 2118 2355 omnibus
2171 2308 2255 2355 est
2308 2304 2576 2372 gentibus
2635 2304 2785 2371 data,
2840 2321 2968 2374 quae
3018 2306 3276 2376 decalogi
3327 2308 3537 2361 tabulis

1848 2389 1955 2441 fuit
2014 2390 2241 2442 inserta.
2298 2392 2571 2459 Conspice
2622 2390 2836 2460 primas
2885 2394 3107 2445 tabulas
3158 2400 3341 2447 vestro
3404 2396 3541 2449 vitio

1847 2473 2072 2539 fractas,
2106 2479 2162 2527 et
2201 2474 2457 2543 intellige
2511 2480 2724 2527 vestras
2774 2476 3120 2545 signiﬁcasse
3152 2478 3402 2532 insanias
3437 2481 3539 2533 fal-

1846 2577 1953 2615 sas.
2001 2561 2107 2624 Qui
2147 2562 2416 2631 primitus
2465 2562 2696 2631 quidem
2744 2564 2927 2630 electi,
2978 2566 3116 2618 vitio
3169 2572 3357 2619 vestro
3408 2569 3541 2621 estis

1844 2649 2103 2718 projecti.
2158 2653 2380 2716 Averte,
2441 2666 2561 2716 oro,
2627 2652 2903 2704 secundas
2961 2653 3186 2706 tabulas
3236 2655 3540 2708 velamini-

1849 2737 1952 2788 bus
1984 2736 2142 2789 vobis
2173 2738 2443 2802 obtectas,
2479 2743 2540 2790 ut
2589 2738 2758 2791 corda
2788 2746 2973 2791 vestra
3030 2756 3185 2794 casso
3244 2747 3391 2795 tecta
3443 2760 3536 2796 ve-

1846 2823 2058 2877 lamine
2090 2840 2204 2876 non
2261 2826 2686 2877 illustrarentur
2733 2842 2982 2895 superno
3037 2827 3407 2883 inenarrabili
3447 2831 3535 2883 lu-

1846 2912 2021 2966 mine.
2058 2912 2191 2967 Ideo
2223 2918 2279 2965 et
2312 2915 2528 2981 Moyses
2575 2914 2822 2967 velatum
2882 2916 3075 2968 retulit
3105 2918 3343 2985 vultum,
3402 2919 3537 2988 quia

1846 3006 2097 3053 vestrum
2119 3000 2403 3071 signiﬁcat
2432 3002 2781 3055 intellectum
2814 3003 3089 3058 hactenus
3106 3020 3339 3059 caecum.
3375 3007 3535 3070 Quod

1844 3105 2025 3159 usque
2071 3090 2236 3143 hodie
2294 3090 2531 3143 usitatos
2579 3091 2808 3144 Judaice
2861 3091 3063 3159 facitis,
3117 3093 3252 3146 dum
3314 3094 3536 3162 Eptati-

1841 3195 1969 3231 cum
2002 3182 2026 3221 Ιι
2075 3179 2262 3232 siricio
2296 3180 2576 3232 velamine
2612 3181 2827 3249 tegitis,
2864 3187 2921 3233 et
2968 3182 3312 3251 legislatoris
3364 3184 3538 3236 verba

1842 3270 1989 3319 tecta
2031 3267 2298 3319 omnibus
2343 3268 2549 3336 legitis.
2586 3268 2711 3337 Ipsa
2743 3285 2874 3321 vero
2922 3270 3251 3322 testimonia
3294 3286 3351 3323 se
3395 3271 3539 3324 invi-

1842 3370 1963 3407 cem
2002 3354 2401 3424 impugnantia
2431 3356 2538 3409 sibi
2587 3361 2670 3408 est
2718 3357 3042 3425 specialiter
3088 3358 3261 3410 fuisse
3294 3359 3532 3428 digesta.

1842 3444 1979 3497 Cave
2024 3458 2089 3495 ue
2145 3444 2480 3496 obliviscaris
2536 3445 2815 3497 verborum
2892 3461 3010 3513 quae
3060 3446 3311 3498 viderunt
3371 3450 3531 3513 oculi,

1844 3533 1945 3594 tui,
1990 3536 2039 3581 et
2076 3546 2141 3581 nc
2170 3530 2426 3582 excidant
2470 3530 2535 3582 de
2580 3531 2736 3583 corde
2788 3535 2875 3583 tuo
2922 3535 3125 3584 cunctis
3168 3532 3353 3585 diebus
3408 3536 3535 3585 vita:

1843 3623 1946 3672 tum
1997 3619 2183 3683 (Deut.
2238 3634 2309 3682 iv,
2340 3616 2414 3686 9.)
2446 3618 2709 3683 Advorte,
2768 3617 2997 3671 inimice
3029 3628 3048 3652 ο
3088 3620 3186 3671 Dei
3220 3620 3445 3685 excelsi,
3479 3627 3536 3673 et

1840 3706 2145 3775 diligenter
2181 3705 2289 3757 vim
2336 3720 2664 3757 sermonum
2696 3706 2990 3758 considera
3026 3723 3037 3759 :
3072 3708 3151 3761 Ne
3196 3707 3534 3761 obliviscaris

1840 3794 2119 3847 verborum
2179 3809 2296 3861 quae
2360 3794 2614 3845 viderunt
2660 3794 2800 3846 oculi
2856 3798 2956 3847 tui.
3016 3795 3084 3846 Et
3138 3800 3287 3847 certe
3342 3796 3533 3864 potius

1841 3882 2153 3935 audiuntur
2210 3882 2400 3943 verba,
2459 3897 2632 3950 quam
2689 3881 2973 3935 videntur.
3034 3884 3217 3937 Verba
3263 3885 3413 3936 enim
3463 3886 3531 3938 ad

1839 3986 2026 4037 aures,
2060 3986 2178 4022 non
2210 3971 2277 4023 ad
2329 3970 2521 4023 oculos
2554 3970 2861 4039 pertinent.
2897 3971 3003 4024 Sed
3054 3972 3102 4024 si
3144 3972 3252 4024 scis
3285 3973 3532 4042 qualiter

1838 4058 1945 4111 ista
1989 4058 2274 4121 dicantur,
2332 4075 2591 4128 expone;
2622 4058 2667 4110 si
2722 4062 2913 4111 autem
2954 4059 3155 4127 nescis,
3190 4076 3397 4113 moneo
3453 4067 3529 4123 te,

1839 4162 1969 4199 cave
2014 4146 2164 4215 quod
2215 4147 2415 4199 nescis.
2447 4147 2556 4201 Sed
2607 4162 2903 4200 assumens
2962 4148 3201 4201 formam
3269 4149 3532 4219 discipuli

1838 4239 1988 4304 pete,
2032 4250 2248 4303 qmere,
2299 4236 2543 4303 pulsare.
2583 4235 2851 4298 Quamvis
2885 4251 2999 4288 non
3034 4236 3291 4306 ignorem
3334 4238 3529 4292 docto-

43 4321 363 4390 designetur
404 4320 583 4372 virtus
614 4320 922 4371 vocabulo:
956 4334 1072 4370 non
1120 4318 1272 4369 enim
1309 4317 1579 4370 membris
1625 4335 1722 4371 ex-
1765 4338 1808 4390 ι)
1841 4337 1971 4374 rum
2008 4313 2058 4373 te
2090 4321 2426 4390 compilasse
2457 4321 2773 4388 volumina,
2808 4338 2871 4374 ex
2901 4338 3145 4391 quorum
3175 4323 3341 4377 hodie
3370 4326 3533 4395 quasi

47 4415 139 4460 stat
168 4408 542 4478 compositus,
579 4413 643 4461 ut
674 4408 914 4460 carnalis
945 4407 1067 4475 ejus
1099 4406 1319 4459 dicatur
1368 4406 1599 4474 digitus,
1634 4407 1732 4459 sed

46 4494 242 4563 Spiritu
297 4502 383 4549 est
436 4495 535 4549 Dei
584 4496 963 4563 conscriptum
1024 4494 1301 4563 quidquid
1338 4509 1441 4563 per
1487 4494 1730 4563 digitum

50 4591 211 4638 exstat
236 4585 555 4655 signatum.
585 4586 721 4637 Nam
758 4583 804 4636 si
839 4584 1025 4653 legem
1075 4583 1359 4635 carnalem
1409 4582 1730 4651 intelligere

47 4672 299 4739 volueris,
346 4689 467 4726 non
518 4673 702 4725 solum
742 4672 855 4724 Deo
904 4671 1160 4723 membra
1217 4670 1473 4734 ascribis,
1532 4685 1729 4723 verum

50 4760 203 4814 etiam
240 4761 491 4814 similem
527 4761 631 4814 tibi
690 4775 821 4812 eum
868 4758 1143 4811 ﬁrmabis.
1208 4759 1271 4810 Et
1323 4757 1460 4811 dum
1516 4757 1731 4827 refugis

52 4848 209 4901 Deum
256 4850 449 4903 dicere
498 4848 807 4912 Christum,
857 4862 1091 4899 omnem
1148 4861 1384 4915 prorsus
1438 4844 1731 4897 hominem

53 4937 149 4989 Deo
171 4937 445 5007 probabis
476 4952 729 5006 tequum.
776 4935 863 4989 Sic
922 4951 1073 4987 enim
1108 4935 1185 4987 ait
1220 4975 1231 4987 .
1294 4936 1579 4986 Faciamus
1637 4933 1729 4986 ho-

51 5030 225 5079 minem
258 5027 335 5079 ad
391 5027 683 5091 imaginem
728 5030 777 5078 et
826 5023 1239 5078 similitudinem
1286 5026 1531 5075 nostram
1579 5022 1728 5090 (Gen.

52 5130 83 5175 ις
110 5115 208 5182 ‘29).
243 5114 353 5177 Qui
388 5114 529 5167 dicit
577 5113 774 5182 utique
808 5113 954 5164 Deus
986 5115 1089 5175 est,
1134 5109 1233 5179 qui
1293 5108 1535 5162 faciendi
1588 5108 1733 5177 gerit

52 5202 355 5255 arbitrium.
388 5204 471 5255 Tu
507 5202 675 5254 modo
708 5199 848 5253 mihi
881 5199 1160 5269 responde
1191 5197 1398 5267 quibus
1436 5196 1586 5250 dicat
1642 5199 1731 5262 fa-

52 5292 256 5359 ciamus,
319 5297 377 5343 et
432 5305 678 5360 quorum
737 5292 1078 5358 potestatem
1155 5285 1401 5339 faciendi
1454 5284 1734 5354 desquirit

112 5442 129 5465 ⁸
170 5434 297 5501 [.eg.
330 5433 535 5501 ﬁdeles.

110 5504 133 5544 Β
170 5499 502 5574 Ερὶαεϊείιηα.
556 5501 611 5554 id
665 5506 769 5567 est,
822 5499 1293 5569 Heptateuchum,
1354 5513 1452 5551 seu
1514 5500 1728 5566 septem

1836 4410 2021 4480 fulges
2062 4410 2297 4463 fluente.
2349 4411 2507 4474 Quod
2540 4427 2672 4463 vero
2708 4427 2797 4464 me
2829 4411 3027 4465 audire
3075 4413 3292 4465 cunctis
3332 4414 3533 4466 diebus

1837 4498 1967 4551 vitae
2016 4503 2129 4552 tua;
2184 4515 2242 4551 es
2276 4499 2426 4551 visus
2469 4499 2801 4566 admonere,
2861 4504 2918 4553 et
2970 4500 3131 4568 quasi
3180 4500 3386 4552 sciolus
3441 4518 3529 4553 ca-

1835 4586 2079 4639 vendam
2154 4587 2295 4640 mihi
2355 4586 2666 4640 creeitatem
2716 4587 2892 4640 oculis
2942 4589 3135 4655 aperte
3198 4588 3527 4655 praedicere.

1838 4673 2027 4727 minor
2077 4678 2187 4727 tute
2218 4675 2579 4743 procacitatis
2620 4674 2900 4726 insaniam
2960 4673 3016 4724 in
3064 4674 3367 4725 momentis
3399 4690 3530 4743 pro-

1837 4764 1990 4814 terve
2020 4761 2333 4825 vesaniam,
2385 4778 2512 4831 quae
2561 4766 2615 4813 te
2661 4778 2775 4813 non
2822 4760 2956 4812 sinit
3006 4764 3156 4811 recta
3208 4761 3442 4826 sentire,
3477 4766 3532 4812 et

1837 4849 2048 4902 calcata
2102 4850 2452 4903 conscientia
2515 4864 2579 4901 ea
2635 4847 2776 4900 mihi
2843 4847 3123 4914 ingerere,
3181 4863 3308 4916 quze
3356 4849 3531 4900 nostri

1838 4938 1941 4991 tibi
1973 4938 2200 5008 tuisque
2232 4938 2437 4990 inesse.
2470 4937 2537 4989 Et
2572 4936 2628 4988 in
2662 4937 2771 4989 hoc
2798 4935 3143 4987 declamator
3188 4936 3289 4988 tibi
3323 4952 3443 4987 esse
3475 4952 3532 4987 cs

1837 5025 2019 5091 visus;
2073 5027 2169 5079 sed
2218 5024 2353 5078 audi
2398 5024 2550 5094 quod
2600 5031 2790 5076 noster
2841 5038 3028 5074 sermo
3078 5029 3303 5091 promat
3340 5023 3534 5075 facun-

1840 5114 1964 5175 dus,
2008 5119 2064 5167 et
2108 5114 2418 5167 caecitatem
2467 5116 2621 5164 tuam
2684 5127 2796 5162 uno
2847 5111 2933 5162 vel
2994 5110 3192 5163 saltem
3262 5111 3532 5164 erubesce

1840 5200 2120 5268 exemplo.
2174 5200 2475 5267 Nunquam
2508 5197 2658 5249 enim
2702 5213 2767 5249 cx
2818 5196 2987 5249 corde
3017 5202 3215 5250 nostro
3268 5198 3536 5251 excidunt

1839 5303 2049 5355 magna
2081 5286 2179 5339 Dei
2228 5283 2533 5347 mirabilia,
2568 5300 2692 5353 quae
2745 5284 2857 5353 legi
2889 5289 3111 5338 exstant
3154 5285 3367 5339 inserta
3401 5303 3413 5339 :
3450 5288 3535 5340 vel

1842 5426 2062 5496 priores
2124 5424 2255 5478 libri
2304 5423 2542 5497 rVeteris
2604 5426 2995 5497 Testamenti:
3054 5443 3280 5497 nempe,
3334 5429 3535 5481 Penta-

1840 5494 2114 5551 teuchum
2146 5496 2367 5563 Moysis,
2395 5494 2569 5547 libros
2599 5496 2788 5561 Josue,
2824 5502 2881 5550 et
2907 5497 3190 5551 Judicum.

1910 5576 1927 5597 ο
1966 5567 2088 5633 Μὴ,
2130 5568 2324 5620 ΑυίῖῪίο
2358 5567 2584 5617 inimici.
