3860 6262
308 306 412 357 495

1686 300 1938 355 ALVARI
1971 300 2448 355 CORDUBENSIS
3702 305 3775 353 tm.

308 439 583 492 terribilia
622 438 736 503 illa,
789 435 1046 507 quibusa
1095 436 1377 505 Egyptum
1428 433 1708 504 percussit
1738 434 1994 503 potentia
2036 439 2079 488 A
2109 438 2443 501 conspectum
2501 434 2741 499 gentium
2795 432 3053 484 reuelauit
3112 430 3393 500 justitiam
3443 447 3603 485 suam
3646 432 3777 499 (Psal.

308 527 585 580 inaudita.
624 524 733 579 Sed
768 529 823 577 et
874 523 1261 577 contumacius
1311 528 1526 575 vestras
1576 522 1790 575 ibidem
1852 521 2001 590 legi-

308 632 454 676 mus,
489 620 544 667 et
565 613 821 683 quotidie
852 629 949 665 vos
984 611 1269 681 gemimus
1318 616 1373 665 et
1413 611 1689 664 dolemus.
1744 610 1845 661 Vos
1869 625 2001 662 vero

306 717 422 753 non
453 701 640 753 solum
672 699 769 751 illa
810 714 960 751 nunc
991 697 1151 750 obliti
1193 696 1354 765 estis;
1389 711 1582 749 verum
1631 696 1803 747 etiam
1865 700 2001 747 tunc

305 804 407 858 pro
429 789 608 841 nihilo
648 792 1077 841 contemnentes
1121 784 1379 838 duxistis.
1416 785 1555 838 Nam
1606 784 1701 836 illa
1741 783 1997 852 vestigia,

304 894 430 947 quae.
456 878 601 930 sicco
635 892 790 929 mare
820 875 963 945 pede
993 875 1372 939 calcaverunt,
1410 888 1535 925 mox
1569 877 1701 924 ante
1756 871 1998 923 vitulum

302 966 631 1036 plaudendo
670 966 1021 1017 saltaverunt
1050 966 1091 1015 b.
1131 964 1193 1015 Et
1244 961 1468 1015 mimice
1518 962 1747 1015 fluxusc
1790 976 1997 1029 corpo-

305 1072 433 1108 rum
485 1054 793 1116 imitantes,
846 1068 980 1104 voce
1020 1068 1147 1104 vero
1209 1067 1324 1103 non
1386 1051 1621 1115 excelsa,
1666 1049 1762 1101 sed
1814 1064 1999 1100 mersa

302 1143 585 1195 cantavit:
622 1144 695 1195 Hi
724 1146 849 1194 sunt
878 1140 960 1193 dii
985 1142 1081 1205 tui,
1135 1140 1331 1206 Israel,
1366 1141 1463 1206 qui
1495 1138 1798 1191 eduxerunt
1841 1142 1888 1189 te
1937 1136 2001 1189 de

306 1234 451 1284 terra
478 1231 693 1297 Egypti
740 1227 954 1296 (Emod.
1004 1242 1083 1289 lll,
1147 1225 1251 1295 2i).
1313 1227 1375 1278 Et
1432 1225 1575 1278 bene
1632 1222 1999 1293 propheticus

303 1334 530 1371 sermo:
582 1319 695 1371 Non
725 1315 980 1369 emcidant
1011 1315 1075 1366 de
1104 1314 1261 1367 corde
1296 1319 1385 1367 tuo
1435 1315 1640 1367 cunctis
1680 1312 1865 1365 diebus
1913 1313 1997 1364 vi-

304 1413 516 1471 taetuz,
556 1407 715 1472 dixit,
759 1410 819 1457 ut
852 1420 967 1456 non
1013 1402 1363 1473 operationis
1408 1402 1752 1471 signiﬁcaret
1793 1415 1997 1469 perpe-

302 1498 467 1546 tuum
516 1509 702 1555 usum,
752 1492 849 1545 sed
900 1496 1122 1543 tantum
1169 1489 1670 1543 rememorationis
1721 1488 1999 1540 indiceret

303 1586 516 1633 votum.
552 1580 689 1643 Quis
720 1580 895 1643 enim,
930 1594 961 1631 o
994 1579 1213 1639 insane,
1249 1594 1360 1630 non
1394 1577 1650 1647 quotidie
1675 1576 1780 1628 ista
1834 1591 1996 1627 reco-

304 1670 382 1721 lat
412 1669 581 1721 corde
623 1669 768 1720 sicut
807 1666 1084 1736 propheta
1117 1666 1271 1729 dicit,
1325 1666 1493 1718 etiam
1550 1671 1605 1718 et
1645 1680 1740 1717 ore
1772 1663 1994 1733 publice

306 1757 617 1825 designatis
664 1756 817 1808 feriis
858 1755 1028 1824 legat,
1073 1756 1224 1824 quod
1280 1754 1382 1806 tibi
1448 1754 1520 1806 ad
1567 1753 1994 1806 damnationem

304 1846 598 1913 cognitum
621 1843 647 1878 ἀ
685 1844 903 1897 exstat?

372 1934 426 1986 4.
482 1933 641 1996 Quod
680 1948 810 1985 vero
862 1937 917 1985 te
978 1931 1240 2001 gloriaris
1284 1931 1472 2000 legem
1530 1934 1687 1983 tuam
1741 1929 1996 1983 firmasse

306 2020 549 2074 verilicis
581 2020 922 2074 testimoniis
949 2038 960 2073 :
994 2020 1121 2089 quis
1153 2019 1325 2071 etiam
1358 2017 1463 2072 tibi
1492 2020 1591 2072 Dei
1646 2035 1766 2071 esse
1822 2033 1996 2086 nega-

304 2110 403 2175 vit,
439 2114 499 2161 ut
529 2110 711 2162 diluas
744 2109 895 2179 quod
947 2124 1115 2162 nemo
1165 2107 1409 2177 objecit?
1449 2108 1698 2160 Dicimus
1751 2107 1907 2159 enim
1942 2110 1996 2158 te

303 2200 490 2269 legem
517 2199 819 2268 reprobam
852 2198 1242 2266 assumpsisse,
1268 2212 1384 2249 non
1414 2196 1566 2266 quod
1597 2200 1733 2247 tunc
1755 2195 1811 2247 in
1850 2200 1995 2246 tem-

302 2303 443 2357 pora
468 2288 711 2357 reproba
740 2287 864 2352 fuit,
899 2286 995 2339 sed
1016 2286 1172 2356 quod
1197 2285 1671 2353 advenientejam
1694 2284 1836 2347 luce,
1869 2298 1994 2335 um-

302 2375 404 2427 bra
435 2375 691 2428 cessavit.
735 2374 932 2428 Omnis
980 2374 1133 2426 enim
1186 2376 1269 2425 lex
1328 2378 1450 2440 tua,
1498 2373 1615 2425 imo
1672 2374 1798 2442 plus
1848 2386 1994 2437 mea,

304 2463 590 2516 Christum
633 2462 951 2527 annuntiat,
1016 2478 1188 2532 quem
1220 2461 1412 2515 cuncti
1458 2462 1640 2514 .ludau
1690 2466 1995 2513 venturum

304 2567 423 2604 esse
456 2568 570 2604 non
606 2558 835 2618 negant.
872 2551 989 2605 Scis
1022 2552 1279 2620 profecto
1311 2566 1508 2602 omnes
1541 2555 1693 2601 retro
1750 2550 1998 2617 majores

305 2644 654 2708 exspectasse
682 2640 959 2703 Messian),
990 2644 1045 2691 et
1067 2639 1210 2707 ,Aejus
1238 2637 1493 2706 quotidie
1533 2641 1723 2705 patres
1773 2643 1996 2704 optasse

304 2726 689 2795 prmsentiam.
721 2727 878 2789 Quod
914 2727 1325 2795 prophetarum
1360 2725 1489 2777 libri
1532 2725 1756 2793 publice
1810 2724 1996 2793 profe-

304 2822 457 2879 runt,
513 2832 616 2868 uec
675 2817 860 2869 cuncti
919 2819 1047 2867 czeci
1116 2817 1400 2883 ducesque
1451 2829 1733 2866 caecorum
1789 2828 1997 2880 negare

300 2909 557 2972 possunt.
591 2904 777 2957 Semel
811 2904 965 2956 enim
999 2904 1176 2957 fassus
1209 2920 1289 2967 es,
1332 2918 1435 2955 nec
1467 2918 1675 2971 negare
1709 2902 1881 2966 vales,
1942 2908 1996 2953 te

302 2991 601 3045 doctorum
624 2998 857 3045 tuorum
882 2991 1235 3059 jussionibus
1266 2992 1622 3060 compulsum
1658 2990 1852 3051 fuisse,
1879 3007 1993 3043 non

303 3081 623 3133 intentione
663 3080 817 3143 ﬁdei,
850 3080 949 3133 sed
999 3081 1171 3133 livore
1204 3079 1476 3149 perﬁdiae,
1518 3079 1842 3131 facundiam
1899 3096 1993 3132 ca-

304 3168 502 3220 ninam
555 3184 653 3220 ore
706 3168 936 3237 vipereo
993 3168 1288 3220 subilasse.
1346 3167 1411 3219 Et
1460 3167 1587 3219 ideo
1644 3167 1780 3236 quia
1823 3168 1996 3220 verba

303 3257 400 3306 tua
430 3270 494 3307 ex
526 3254 711 3306 alieno
742 3254 1036 3306 stomacho
1097 3254 1304 3317 fluunt,
1341 3259 1397 3305 et
1428 3269 1545 3305 non
1592 3252 1857 3315 doctoris,
1899 3254 1993 3305 sed

305 3342 599 3411 discipulis
634 3357 956 3411 cognomen
996 3341 1236 3407 sortiris,
1268 3341 1511 3393 libenter
1545 3340 1719 3393 debes
1766 3341 1995 3410 perqui-

303 3447 429 3484 rere
460 3446 727 3500 proceres
762 3430 1123 3500 Synogogae:
1180 3430 1376 3483 Utrum
1433 3431 1537 3482 iste
1589 3436 1777 3483 noster
1832 3430 1997 3483 Chri-

304 3525 442 3585 stus,
477 3536 650 3589 quem
682 3526 739 3573 tu
775 3535 873 3573 ore
923 3518 1292 3589 spurcissimo
1346 3518 1499 3571 visus
1559 3535 1616 3571 es
1670 3519 1992 3587 derogasse,

304 3610 534 3679 quando
567 3610 626 3662 in
661 3609 873 3663 mundo
906 3610 1098 3662 lumen
1130 3615 1213 3661 est
1264 3613 1443 3675 ortus,
1474 3607 1675 3678 aliquis
1701 3623 1829 3660 cum
1861 3608 1998 3661 Mes-

304 3699 445 3750 siam
477 3699 743 3768 cognovit
764 3714 831 3751 ex
870 3699 983 3751 illis
1014 3698 1201 3751 saltim
1238 3698 1323 3750 vel
1354 3697 1543 3751 unus?
1588 3699 1648 3750 Et
1692 3703 1843 3749 certe
1894 3713 1994 3749 ne-

302 3802 437 3855 gare
464 3804 575 3839 non
609 3792 845 3857 poteris,
881 3789 1031 3857 quod
1065 3788 1230 3840 multi
1287 3787 1345 3839 in
1400 3803 1531 3840 eum
1580 3786 1868 3839 credidere
1929 3801 1993 3837 ex

298 3878 546 3942 ludatis;
577 3878 651 3931 ita
682 3884 741 3931 ut
766 3894 866 3948 per
916 3879 1147 3931 millena
1196 3877 1495 3930 hominum
1528 3876 1824 3946 agminum
1894 3891 1996 3928 sua

300 3982 458 4019 sacra
533 3967 861 4035 disponeret
907 3966 1179 4020 convivia.
1254 3966 1395 4018 Nam
1445 3982 1563 4019 non
1618 3966 1803 4019 solum
1872 3965 1995 4035 plu-

301 4070 410 4119 res,
446 4071 645 4108 verum
692 4056 861 4106 etiam
909 4071 1087 4125 prope
1146 4070 1343 4106 omnes
1395 4053 1573 4107 Judaei
1628 4054 1996 4107 crediderunt

302 4142 360 4194 in
398 4158 549 4194 cum.
604 4143 1001 4212 Exspectantes
1040 4144 1193 4194 enim
1228 4141 1504 4207 Messiam,
1559 4141 1653 4194 alii
1703 4157 1994 4211 cognove-

300 4236 436 4282 runt
466 4230 655 4298 ipsum
688 4248 806 4283 esse
844 4230 1161 4283 errantium
1204 4231 1353 4282 viam
1388 4246 1400 4282 :
1448 4246 1617 4300 porro
1662 4231 1786 4283 aliis
1827 4246 1992 4283 scan-

2113 522 2302 586 xcvu),
2376 519 2529 588 quod
2600 521 2685 568 est
2746 516 3023 571 Christus.
3099 518 3403 587 lmpletum
3500 523 3586 570 est
3658 520 3779 571 enim

2112 606 2260 673 quod
2302 606 2472 657 David
2527 606 2707 657 multo
2764 611 2896 657 ante
2958 612 3216 674 tempore
3268 607 3521 659 cecinit:
3583 609 3781 660 Remitti-

2112 699 2327 747 scentur
2386 700 2435 746 et
2495 699 2876 746 convertentur
2928 694 3001 746 ad
3052 697 3337 747 Dominum
3382 697 3633 748 universi
3677 696 3779 762 ﬁne-5

2112 786 2288 845 terras,
2337 788 2386 835 et
2433 782 2741 836 adorabunt
2786 785 2844 835 in
2890 790 3171 853 conspectu
3217 786 3332 851 ejus
3378 800 3565 838 omnes
3619 789 3781 853 patria

2110 872 2685 939 gentium(Psal.xx1,
2719 874 2829 941 28).
2881 872 3052 925 Israel
3111 888 3329 937 sumus,
3378 874 3480 942 qui
3555 875 3779 926 Messian

2112 959 2251 1011 olim
2308 960 2597 1012 vobiscum
2647 961 3116 1028 exspectavimus.
3190 959 3298 1014 Sed
3351 961 3448 1014 ubi
3514 962 3779 1031 plenitudo

2109 1047 2367 1117 gentium
2395 1050 2571 1113 venit,
2606 1049 2951 1118 populorum
2987 1049 3220 1117 agmina
3245 1050 3433 1103 crevit.
3473 1051 3542 1103 Et
3580 1050 3785 1119 impleta

2109 1142 2243 1189 sunt
2293 1137 2722 1190 vaticinantium
2780 1137 2946 1203 dicta,
3015 1138 3151 1207 quia
3193 1139 3377 1208 gloria
3432 1138 3671 1191 Domini
3714 1156 3783 1189 re-

2109 1226 2262 1294 pleta
2309 1232 2393 1278 est
2446 1227 2633 1278 omnis
2689 1232 2856 1278 terra.
2918 1226 3187 1296 Quisquis
3235 1242 3364 1279 vero
3414 1242 3481 1278 ex
3548 1227 3785 1295 gentibus

2106 1315 2237 1367 Jesu
2269 1318 2460 1366 nostro
2507 1313 2767 1378 credidit,
2826 1314 3122 1367 confestim
3172 1314 3231 1367 in
3288 1330 3533 1367 numero
3596 1315 3785 1367 lsraelis

2108 1402 2392 1455 transivit.
2438 1405 2499 1455 Et
2549 1408 2613 1455 ut
2663 1404 2817 1472 quod
2850 1404 2976 1456 dico
3033 1402 3257 1455 clariori
3294 1403 3524 1457 ﬁrmem
3562 1405 3783 1473 eloquio,

2108 1491 2473 1559 temetipsum
2526 1491 2806 1543 misellule
2853 1491 3138 1560 conspice,
3174 1496 3228 1543 et
3282 1491 3408 1545 vide
3464 1492 3711 1561 qualiter
3740 1492 3785 1543 in

2104 1579 2437 1631 Judamrum
2495 1579 2788 1631 transieris
2845 1580 3005 1632 acie:
3057 1580 3137 1633 ita
3191 1586 3252 1632 ut
3294 1580 3416 1648 jam
3474 1596 3600 1632 non
3655 1596 3782 1631 com-

2105 1668 2325 1737 puteris
2360 1668 2418 1720 in
2466 1668 2753 1735 gentibus,
2800 1668 2894 1721 sed
2928 1668 3245 1737 applaudes
3293 1676 3348 1721 te
3386 1685 3455 1721 ex
3504 1669 3783 1721 Israelitico

2107 1756 2350 1808 existere
2396 1756 2677 1825 germine,
2714 1772 2817 1825 pro
2868 1772 2933 1809 eo
2983 1756 3135 1826 quod
3185 1772 3388 1809 eorum
3450 1757 3619 1809 existi
3647 1769 3666 1792 ο
3714 1773 3781 1807 ve-

2108 1843 2303 1896 saniae.
2360 1844 2647 1914 Quidquid
2691 1845 2843 1897 enim
2882 1844 3019 1897 olim
3074 1846 3490 1914 prophetarum
3543 1844 3779 1897 vaticinia

2107 1932 2332 1996 cecinit,
2369 1939 2424 1985 et
2454 1933 2617 2002 quasi
2658 1948 2758 2002 per
2789 1933 3155 2001 sponsionem
3190 1933 3779 2002 promisitﬁcredenti.

2108 2020 2212 2073 bus
2244 2022 2406 2073 nobis
2436 2022 2672 2086 dictum,
2705 2036 2836 2073 nam
2868 2038 2981 2074 non
3015 2024 3358 2091 negantibus
3399 2023 3533 2074 fuit.
3586 2021 3651 2073 Et
3680 2022 3781 2073 ideo

2108 2109 2227 2161 noli
2259 2108 2450 2161 buccis
2477 2110 2833 2162 tumentibus
2865 2115 2920 2162 et
2952 2110 3146 2162 inflato
3177 2115 3409 2178 gutture
3444 2111 3506 2163 in
3529 2110 3784 2180 promissa

2107 2202 2161 2250 te
2201 2199 2469 2251 extollere
2497 2198 2595 2251 alti
2647 2197 2860 2262 throni,
2898 2214 3028 2251 cum
3063 2198 3203 2251 scias
3250 2214 3375 2251 mea
3420 2199 3642 2264 omnia,
3690 2214 3781 2250 non

2107 2289 2204 2339 tua
2237 2302 2373 2339 esse.

2179 2378 2228 2429 5.
2253 2374 2414 2437 Quod
2444 2380 2639 2429 autem
2686 2376 2787 2443 ais,
2824 2376 2959 2446 quia
2998 2392 3197 2429 omnes
3227 2376 3374 2445 apud
3409 2376 3600 2429 Deum
3652 2377 3788 2444 quasi

2107 2464 2259 2516 stilla
2288 2469 2413 2517 sunt
2452 2465 2631 2517 situla:
2668 2465 2792 2533 (lsa.
2852 2480 2902 2529 ι,
2960 2468 3064 2533 15),
3108 2470 3163 2517 et
3209 2464 3374 2535 quasi
3429 2481 3552 2517 non
3590 2466 3717 2529 sint,
3745 2471 3786 2515 et

2111 2555 2171 2603 ut
2214 2553 2381 2603 inane
2416 2558 2693 2621 reputatae
2734 2558 2887 2619 sunt,
2940 2554 3120 2605 miror
3158 2557 3212 2605 te
3244 2552 3590 2622 prudentem
3626 2554 3781 2605 virum

2108 2643 2221 2692 tam
2290 2639 2542 2693 inaniter
2600 2641 2885 2710 opinasse.
2946 2641 3062 2695 Scis
3111 2642 3387 2711 profecto,
3460 2643 3603 2713 quia
3660 2645 3785 2711 apud

2108 2728 2287 2780 Deum
2319 2728 2512 2781 nullus
2543 2736 2629 2781 est
2675 2729 2911 2799 aliquid,
2962 2735 3057 2781 aut
3099 2731 3278 2781 nescis
3305 2730 3458 2800 quod
3521 2732 3696 2800 Moysi
3734 2730 3785 2781 de

2108 2832 2165 2867 se
2198 2816 2320 2885 ipse
2378 2818 2661 2870 retulerit.
2715 2819 2807 2870 Ait
2838 2818 3037 2870 enim:
3093 2821 3205 2885 Ego
3236 2834 3354 2871 sum
3410 2822 3512 2886 qui
3563 2836 3705 2879 sum;
3749 2826 3784 2871 fl

2107 2905 2249 2957 dices
2290 2905 2433 2973 filiis
2479 2907 2648 2959 Israel
2686 2922 2697 2959 :
2734 2908 2841 2970 Qui
2862 2913 2940 2960 est
2988 2910 3138 2959 misit
3168 2923 3247 2959 me
3278 2908 3479 2975 (Exod.
3537 2926 3620 2973 in,
3668 2914 3781 2971 xiv).

2034 3010 2073 3062 ρ
2108 2993 2385 3061 Intelligis
2444 3010 2650 3064 nempe
2705 3010 2819 3063 quo
2875 2995 3071 3048 tendat
3120 2995 3226 3048 ista
3281 2997 3561 3049 narratio.
3615 2997 3784 3066 Neque

2106 3082 2260 3134 enim
2294 3083 2524 3151 egregia
2564 3089 2620 3135 et
2651 3083 2959 3152 singularis
2990 3087 3073 3135 est
3117 3083 3223 3135 ista
3260 3085 3401 3149 laus,
3436 3085 3483 3137 si
3520 3101 3645 3138 esse
3697 3086 3783 3137 ali-

2106 3170 2198 3222 cui
2233 3177 2439 3238 prteter
2478 3170 2655 3223 Deum
2683 3171 3049 3225 concesseris.
3093 3171 3155 3223 Et
3186 3172 3329 3224 bene
3360 3174 3653 3241 propheta
3691 3188 3784 3225 non

2106 3264 2330 3311 tantum
2362 3264 2579 3327 gentes,
2616 3259 2713 3312 sed
2768 3274 2944 3313 omnes
2987 3258 3116 3327 (Isa.
3152 3275 3187 3322 ι,
3242 3259 3326 3328 l7)
3364 3260 3625 3313 addidit:
3674 3262 3785 3329 quia

2106 3351 2160 3398 et
2214 3354 2441 3414 gentem
2508 3348 2871 3399 lsraeliticam
2932 3348 2989 3399 in
3048 3362 3290 3400 numero
3323 3348 3784 3416 comprehendit;

2106 3435 2258 3486 enim
2301 3450 2477 3488 omnes
2510 3435 2669 3501 dixit,
2703 3436 2918 3488 nullam
2982 3436 3220 3504 excepit.
3257 3434 3315 3487 Si
3361 3441 3562 3489 autem
3614 3451 3787 3488 omnes

2106 3528 2302 3591 gentes
2332 3523 2409 3575 sic
2442 3529 2573 3576 sunt
2606 3524 2664 3576 in
2705 3528 3013 3593 conspectu
3064 3525 3187 3593 ejus
3234 3526 3397 3591 quasi
3425 3540 3537 3577 non
3587 3527 3712 3585 sint,
3751 3530 3788 3573 et

2106 3612 2266 3678 quasi
2292 3611 2450 3677 nihil,
2506 3617 2555 3665 et
2586 3614 2746 3665 inane
2776 3611 2793 3645 τ
2820 3618 3165 3681 reputantur,
3200 3612 3258 3665 in
3290 3613 3568 3666 omnibus
3620 3619 3787 3665 autem

2106 3699 2389 3767 gentibus,
2424 3706 2481 3752 et
2525 3701 2696 3753 Israel
2733 3706 2818 3753 est
2853 3717 2865 3753 :
2898 3717 3032 3770 ergo
3064 3706 3119 3753 et
3171 3701 3291 3770 ipse
3342 3706 3429 3754 est
3474 3703 3645 3771 quasi
3690 3715 3787 3752 nou

2105 3787 2198 3851 sit,
2248 3795 2303 3839 et
2347 3788 2404 3840 in
2432 3788 2609 3841 nihilo
2643 3794 2814 3858 atque
2855 3789 3026 3841 inane
3056 3794 3374 3858 reputatur.
3412 3790 3483 3843 Et
3520 3792 3646 3843 haec
3671 3790 3788 3842 dici-

2104 3892 2252 3941 mus,
2281 3881 2344 3930 ut
2376 3882 2560 3929 Vestra
2592 3878 2889 3947 frangatur
2910 3877 3195 3946 superbia.
3239 3879 3586 3931 retundatur
3624 3892 3788 3931 asser-

2102 3964 2276 4017 tiouis
2335 3965 2602 4018 versutia.
2659 3966 2939 4020 Cieterum
2998 3966 3233 4019 liberior
3272 3965 3417 4020 mihi
3479 3966 3786 4036 responsio.

2105 4057 2160 4104 et
2190 4051 2436 4117 brevior,
2489 4054 2603 4107 imo
2638 4054 2846 4107 clarior
2880 4060 3061 4108 exstat
3094 4072 3106 4108 :
3143 4072 3210 4108 eo
3254 4055 3403 4125 quod
3461 4071 3527 4108 ex
3591 4056 3789 4109 lsraelis

2104 4141 2276 4211 stirpe
2346 4142 2695 4196 descendens
2744 4150 2945 4196 cuncta
2993 4143 3130 4196 mihi
3187 4145 3399 4213 glorier
3448 4144 3625 4209 dicta,
3679 4158 3788 4214 quze

2103 4228 2206 4283 tibi
2255 4233 2317 4282 tu
2372 4230 2669 4300 applaudis
2717 4236 3000 4302 excerpta.
3051 4232 3369 4285 Prudenter
3414 4232 3697 4301 intellige.
3746 4236 3793 4282 et

302 4319 417 4371 dati
447 4319 664 4370 exstitit
696 4325 875 4388 petra.
912 4320 972 4371 Et
999 4319 1123 4371 ideo
1180 4335 1293 4371 nou
1353 4336 1455 4371 nos
1501 4325 1699 4388 gentes
1752 4318 1992 4373 dicimus
2033 4311 2075 4364 D
2104 4318 2323 4387 conjice
2354 4320 2643 4388 sapienter
2670 4326 2724 4371 et
2767 4336 2966 4390 aequus
2998 4320 3209 4373 arbiter
3237 4327 3374 4373 esto.
3420 4320 3564 4383 Quis
3627 4322 3792 4388 magis

301 4424 441 4473 esse,
496 4408 589 4469 sed
621 4408 809 4471 Israel,
843 4408 979 4476 quia
1037 4425 1099 4461 ex
1156 4409 1281 4477 ipsa
1313 4408 1488 4478 stirpe
1545 4408 1851 4462 Israelitica
1883 4411 1993 4463 orti

298 4500 566 4565 parentes
607 4496 742 4549 olim
791 4495 1025 4549 fuerunt
1072 4497 1272 4549 nostri.
1320 4497 1428 4550 Sed
1482 4496 1577 4549 ubi
1637 4498 1992 4552 desideratus

296 4584 514 4639 cunctis
548 4586 811 4655 gentibus
844 4586 1017 4653 venit,
1070 4585 1220 4638 illico
1270 4586 1387 4654 jam
1435 4586 1657 4639 venisse
1710 4588 1991 4657 cognovi-

295 4690 444 4742 mus,
488 4690 659 4744 quem
718 4675 898 4727 multa
952 4690 1055 4744 per
1107 4682 1369 4743 tempora
1417 4676 1611 4729 venire
1643 4683 1811 4729 antea
1868 4693 1995 4748 pro-

297 4764 595 4832 phetatum
651 4764 1022 4833 perlegimus.
1071 4764 1351 4817 Conversa
1404 4770 1487 4817 est
1552 4766 1705 4818 enim
1769 4765 1838 4819 ad
1888 4782 1991 4819 nos

294 4852 603 4904 multitudo
648 4854 840 4915 maris,
872 4856 927 4905 et
978 4852 1272 4905 diversitas
1330 4853 1587 4921 gentium
1638 4853 1708 4905 ad
1759 4869 1862 4906 nos
1909 4859 1993 4907 est

294 4956 519 4994 reversa
553 4939 688 5009 (Isa.
742 4940 846 5007 1.x).
885 4940 1069 5009 Super
1108 4957 1208 4992 nos
1259 4946 1414 4993 ortus
1447 4945 1531 4994 est
1580 4942 1876 5011 Dominus,
1936 4948 1992 4996 et

295 5026 482 5080 honor
513 5028 636 5097 ejus
687 5030 743 5080 in
792 5044 895 5079 nos
941 5033 1025 5081 est
1054 5028 1224 5081 visus.
1266 5030 1328 5083 Et
1371 5036 1621 5101 pergunt
1676 5036 1874 5099 gentes
1929 5031 1987 5084 in

296 5114 513 5169 lumine
540 5121 760 5179 nostro,
794 5121 849 5168 et
880 5116 938 5169 in
972 5117 1273 5185 splendore
1330 5119 1517 5171 vultus
1548 5119 1728 5173 nostri
1790 5120 1989 5188 inclyti

292 5217 454 5273 reges
481 5224 495 5270 ;
526 5206 660 5273 quia
693 5209 876 5259 notum
904 5207 1035 5271 fecit
1078 5206 1339 5261 Dominus
1369 5209 1612 5263 salutare
1652 5225 1830 5275 suum,
1864 5214 1989 5262 ante

362 5354 385 5377 ⁸
422 5346 543 5409 Ms.,
582 5363 708 5414 qua.

362 5418 385 5457 ι)
425 5418 545 5473 Μς..
576 5418 835 5475 calcar-it,
870 5422 1095 5472 saltari!

362 5498 379 5557 έ
423 5491 478 5540 1,.
512 5495 704 5555 ﬂemus.

358 5559 382 5599 ἀ
424 5560 813 5623 Ms.,.eo_qnitu.

2105 4406 2325 4458 Israelis
2357 4408 2591 4460 nomine
2614 4409 2831 4461 censeri
2863 4414 2945 4460 est
2971 4409 3215 4478 dignus?
3238 4410 3319 4462 Tu
3360 4409 3479 4479 qui,
3543 4417 3610 4464 ut
3642 4410 3786 4468 dicis,

2103 4511 2168 4547 ex
2214 4494 2537 4549 idololatria
2586 4497 2652 4549 ad
2686 4498 2897 4549 summi
2932 4498 3030 4551 Dei
3069 4499 3286 4550 cultum
3314 4513 3583 4551 reversus
3620 4515 3696 4563 es,
3744 4506 3791 4549 et

2104 4598 2219 4635 non
2247 4588 2436 4652 gente,
2473 4584 2565 4637 sed
2598 4585 2708 4637 ﬁde
2755 4585 2981 4638 Judaaus
3031 4601 3117 4651 es;
3166 4602 3237 4637 an
3288 4601 3395 4654 ego
3444 4586 3545 4656 qui
3582 4593 3640 4639 et
3693 4587 3789 4640 ﬁde

2103 4676 2158 4723 et
2187 4679 2356 4741 gente
2389 4686 2418 4725 ις
2450 4673 2719 4726 Hebraeus
2765 4672 2931 4726 sum?
2958 4674 3052 4727 sed
3104 4674 3233 4726 ideo
3278 4675 3508 4727 Iudaeus
3551 4693 3672 4729 non
3706 4692 3789 4727 voc

2103 4775 2217 4824 cor,
2254 4760 2388 4830 quia
2434 4778 2621 4814 nomen
2677 4777 2873 4815 novum
2922 4762 3063 4816 milii
3124 4764 3455 4832 impositum
3513 4771 3626 4827 est,
3668 4765 3789 4835 quia

2103 4848 2255 4918 quod
2304 4864 2361 4903 os
2428 4853 2643 4903 Domini
2693 4854 2993 4904 nominavit
3049 4852 3181 4921 (lsa.
3247 4868 3379 4919 Lxu,
3437 4854 3516 4919 '2).
3586 4855 3789 4922 Nempe

2102 4938 2269 4990 Pater
2297 4953 2458 4991 meus
2488 4938 2771 4991 Abraham
2798 4945 2901 5003 est,
2939 4939 3071 5009 quia
3114 4940 3360 5009 majores
3405 4942 3516 4993 mei
3549 4958 3621 4994 ex
3680 4942 3791 5011 ipsa

2100 5024 2515 5079 descenderunt
2555 5028 2787 5081 traduce
2834 5045 2846 5082 :
2901 5034 3289 5099 exspectantes
3335 5030 3487 5082 enim
3541 5031 3789 5083 Messiam

2099 5120 2425 5180 venturum,
2459 5120 2513 5168 et
2546 5116 2883 5185 recipientes
2936 5119 3274 5175 venientem.
3335 5119 3518 5188 magis
3570 5120 3661 5172 illi
3718 5120 3786 5170 vi-

2098 5201 2306 5257 dentur
2350 5204 2523 5258 Israel
2571 5222 2710 5270 esse,
2768 5222 2941 5277 quam
2991 5206 3091 5278 qui
3141 5208 3550 5277 exspectabant.
3598 5214 3655 5262 et
3714 5224 3788 5259 ve-

2165 5360 2186 5383 ο
2228 5349 2285 5401 L.
2326 5349 2546 5403 haesisti.

2168 5420 2185 5452 τ
2226 5420 2345 5483 Ms.,
2382 5423 2439 5471 in
2471 5422 2626 5471 hanc.

2170 5504 2198 5542 ir
2239 5490 2355 5541 Nic.
2389 5494 2517 5543 Ant.
2558 5492 2589 5542 Ι.
2627 5507 2702 5548 γι,
2740 5507 2795 5542 n.
2838 5495 2955 5549 l7l.
2989 5508 3191 5556 genere.
