3860 6262
53 351 155 402 ii)?

1635 351 2004 406 EPISTOLAS.

3475 354 3579 406 498

41 487 316 540 nienlem
343 492 707 557 respuerant,
742 503 847 541 nec
877 492 1068 541 tamen
1113 503 1246 540 eum
1287 503 1516 556 sperare
1572 503 1756 540 cessa-
1796 490 1840 540 Α
1875 486 2013 556 quid
2044 487 2195 540 dicat
2227 502 2413 540 sermo
2451 487 2716 541 divinus:
2768 491 3028 542 Formans
3070 505 3151 543 me
3175 506 3242 543 ea:
3268 497 3417 544 utero
3461 507 3575 544 scr-

37 581 230 629 runt:
266 576 607 646 exspectatis
636 576 786 629 enim
843 576 1163 645 hucusque,
1214 591 1387 646 quem
1428 581 1646 629 certum
1681 581 1765 630 est

28 663 168 731 jam
200 679 304 716 vos
336 663 634 733 repulisse.
669 665 874 718 Gentes
921 679 1056 716 vero
1089 663 1188 733 qui
1235 663 1305 717 ad
1335 663 1508 717 fidem
1543 664 1764 718 Israelis

35 756 426 805 revertuntur
459 751 734 822 quotidie,
780 750 1115 805 inseruntur
1165 752 1382 822 populo
1425 752 1546 819 Dei,
1597 752 1764 806 sicuti

34 844 108 893 tu
160 840 320 894 visus
368 845 456 894 est
497 840 827 894 Judaaorum
880 839 1186 894 adhaesisse
1241 840 1445 894 errori.
1498 841 1659 904 Quod
1716 843 1763 895 si

31 931 450 999 conquereris,
498 944 600 982 cur
627 928 1000 983 caeremonias
1031 927 1175 999 legis
1207 944 1325 982 non
1369 929 1756 997 observamus,

30 1017 184 1070 audi
219 1017 429 1071 Isaiam
459 1017 678 1070 cunctis
726 1017 865 1070 tuba
913 1016 1274 1087 claugentem
1301 1033 1314 1071 :
1343 1020 1420 1073 Nc
1454 1023 1757 1072 memineri-

32 1111 112 1157 tis
125 1111 353 1174 priora,
386 1111 437 1160 et
460 1110 775 1170 antiquiora
803 1122 868 1159 ne
909 1110 1250 1160 intueamini.
1299 1109 1432 1160 Ecce
1482 1123 1575 1174 ego
1615 1109 1758 1174 facio

31 1208 187 1245 nova
209 1194 350 1261 (Isa.
386 1209 532 1258 anl,
570 1197 654 1258 t8,
693 1195 791 1260 l9).
843 1195 912 1248 Ut
945 1194 1104 1247 vobis
1148 1195 1363 1247 nullam
1402 1196 1756 1250 occasionem

27 1280 357 1335 cavillandi
407 1283 695 1336 omitteret
728 1283 984 1336 futurum
1042 1288 1290 1352 tempus,
1343 1299 1460 1337 non
1521 1291 1758 1354 praeter-

31 1369 190 1421 itum
223 1370 444 1438 posuit.
492 1371 553 1424 Et
581 1375 645 1424 ut
676 1370 955 1424 indicaret
981 1386 1100 1424 non
1121 1371 1306 1424 solum
1338 1372 1621 1441 gentibus,
1659 1373 1756 1427 sed

32 1458 223 1511 etiam
257 1465 319 1512 et
349 1458 586 1524 Judais,
631 1459 732 1529 qui
783 1475 888 1513 nos
918 1475 1134 1527 sumus,
1175 1459 1308 1513 data
1353 1460 1610 1530 sequitur
1640 1478 1653 1515 :
1688 1465 1756 1516 Et

36 1564 191 1599 nunc
222 1550 508 1601 orientur:
534 1553 721 1614 utique
747 1553 1072 1616 cognoscetis
1119 1566 1181 1604 ea
1216 1551 1418 1619 (Ibid).
1467 1551 1755 1605 Delibera-

36 1637 159 1690 tive
195 1638 554 1690 conﬁrmans
581 1637 733 1707 quod
766 1637 950 1691 Judaei
984 1644 1394 1708 cognoscerent
1425 1655 1490 1693 ea
1521 1639 1619 1710 qui
1652 1656 1755 1692 nos

33 1741 266 1778 sumus.
297 1729 486 1796 Atque
515 1730 578 1778 ut
603 1725 858 1794 apertius
880 1726 1138 1796 gentium
1161 1727 1534 1780 salvationem
1565 1732 1755 1781 osten-

35 1814 225 1880 deret,
250 1813 555 1882 subjunxit
580 1816 814 1868 :Ponam
837 1817 893 1867 in
920 1815 1148 1882 deserto,
1166 1831 1294 1884 quae
1316 1831 1433 1869 non
1455 1816 1640 1870 fuerat
1660 1817 1756 1870 do-

35 1902 249 1957 minici
279 1902 532 1956 vomeris
561 1903 786 1955 cultura
827 1903 1057 1956 domata
1086 1912 1111 1936 ι
1153 1908 1320 1967 viam,
1371 1904 1426 1957 id
1473 1910 1559 1958 est
1588 1906 1758 1961 Chri-

35 1997 183 2056 stus,
233 1991 340 2060 qui
382 1991 556 2045 dixit:
613 1993 720 2058 Ego
773 2007 894 2045 sum
935 1995 1044 2056 via,
1090 1997 1311 2056 veritas,
1358 1998 1408 2046 et
1453 1998 1568 2047 vita
1625 1993 1754 2066 [lsa.

33 2096 150 2146 λιν,
211 2081 299 2150 6])
361 2086 413 2133 et
455 2085 513 2133 in
565 2083 707 2133 invio
736 2082 984 2148 ﬂumina.
1024 2081 1161 2134 Vere
1211 2085 1269 2134 in
1318 2084 1462 2135 invio
1515 2081 1757 2137 ﬂumina

33 2169 257 2236 posuit,
299 2168 532 2238 quando
585 2175 781 2238 gentes
830 2168 1160 2234 ignorantes
1204 2169 1350 2234 legis
1392 2170 1567 2235 viam,
1605 2177 1665 2224 ut
1697 2188 1755 2225 se

37 2262 464 2326 cognoscerent
503 2257 656 2321 fecit,
714 2263 769 2308 ct
810 2258 1015 2310 siccato
1062 2257 1293 2323 vellere,
1350 2259 1502 2328 quod
1533 2262 1556 2301 b
1598 2260 1755 2330 prius

37 2347 263 2399 mundo
294 2351 496 2399 arente
520 2346 756 2415 plenum
783 2346 968 2400 fuerat
998 2362 1146 2412 rore,
1175 2346 1348 2400 totius
1380 2347 1578 2401 mundi
1611 2349 1754 2402 ﬁnes

35 2435 254 2488 humor
310 2435 566 2489 veritatis
615 2435 892 2505 implevit,
952 2436 1187 2506 soloque
1255 2437 1462 2490 vellere
1532 2438 1752 2490 siccitas

33 2524 236 2577 haesit:
276 2524 616 2593 Gloriﬁcabit
662 2541 742 2579 me
787 2525 956 2579 bestia
999 2527 1142 2592 agri,
1177 2525 1458 2591 dracones,
1509 2531 1559 2579 et
1602 2532 1748 2580 stru-

34 2611 278 2665 cthiones
321 2621 342 2644 ε
392 2613 521 2677 (Isa.
595 2627 743 2674 mu,
809 2613 916 2680 '20).
977 2612 1112 2675 Quae
1180 2613 1375 2666 omnia
1425 2613 1749 2681 parabolice

35 2699 318 2768 gentibus
373 2704 696 2769 congruunt
743 2697 790 2763 ἀ,
844 2715 974 2768 quae
1019 2700 1174 2753 vario
1214 2716 1404 2754 errore
1433 2701 1746 2755 bestiarum

35 2793 203 2840 ci'ant
227 2787 568 2840 idololatriae
591 2793 952 2841 consecratae.
977 2787 1202 2856 Repetit
1219 2788 1372 2841 enim
1397 2789 1746 2842 vocationem

36 2877 331 2945 gentium,
384 2880 451 2929 ut
498 2876 812 2929 ﬁrmiorem
863 2877 1150 2930 ostendat:
1188 2876 1329 2940 Quia
1375 2878 1500 2930 dedi
1545 2881 1603 2930 in
1651 2879 1744 2932 de-

38 2970 180 3018 serto
225 2980 430 3030 aquas,
456 2967 684 3032 [lumina
715 2968 772 3016 in
799 2968 960 3018 invio.
1023 2965 1084 3017 Et
1112 2970 1171 3016 ut
1213 2967 1382 3018 Israel
1416 2982 1528 3019 non
1559 2968 1745 3019 exclu-

1796 1788 1834 1841 Β

1874 591 2000 629 vum
2051 576 2178 641 sibi,
2210 575 2266 628 id
2297 579 2468 627 estex
2503 591 2570 628 eo
2620 576 2746 644 ejus
2795 592 2918 630 sum
2955 593 3169 643 servus,
3226 594 3293 631 ex
3346 594 3461 647 quo
3501 579 3570 632 de

1874 668 2071 717 ventre
2101 667 2259 715 exsto
2302 662 2566 731 jactatus,
2619 669 2682 715 ut
2728 663 2957 715 auditor
3005 679 3120 717 non
3152 664 3571 718 scandalizetur

1874 767 2100 804 servum
2133 750 2442 804 Dominum
2474 749 2751 804 audiens:
2783 751 2917 820 quia
2946 750 3094 804 sicut
3147 768 3211 805 ex
3265 753 3432 806 Patre
3490 756 3575 806 est

1871 841 2040 906 Deus,
2090 839 2170 892 ita
2217 855 2283 892 ex
2317 843 2496 892 matre
2540 843 2626 890 est
2677 854 2896 904 servus,
2931 855 3080 892 unus
3110 840 3169 892 in
3204 845 3444 911 utraque
3476 858 3569 896 na-

1871 932 2000 982 tura
2036 928 2313 982 Dominus
2343 929 2505 981 Jesus
2554 927 2830 980 Christus.
2879 926 2987 980 Sed
3024 927 3132 980 ista
3165 943 3280 981 non
3329 929 3421 981 hic
3451 935 3570 982 tra-

1870 1016 2077 1070 ctanda
2119 1016 2490 1086 suscepimus.
2543 1016 2858 1070 Audiamus
2911 1015 3049 1086 quid
3081 1015 3187 1068 iste
3233 1031 3428 1069 servus
3460 1018 3569 1070 Do-

1869 1104 2065 1158 minici
2086 1105 2240 1172 dicit,
2273 1105 2372 1176 qui
2407 1105 2678 1158 Dominus
2707 1109 2825 1157 est:
2861 1106 3124 1158 Dominus
3167 1108 3368 1158 creavit
3395 1121 3478 1159 me
3503 1122 3569 1159 ea:

1871 1198 2022 1248 utero
2051 1210 2265 1247 seruum
2284 1194 2410 1254 sibi,
2451 1198 2513 1246 ut
2546 1193 2800 1246 reducam
2838 1193 3000 1246 Jacob
3033 1194 3106 1245 ad
3132 1209 3286 1246 eum:
3321 1209 3566 1263 moxque

1869 1283 2297 1336 deliberativam
2329 1283 2669 1336 sententiam
2719 1282 2962 1350 protulit
2999 1281 3230 1334 dicens:
3264 1283 3337 1335 Et
3377 1283 3570 1337 Srahel

1868 1388 1973 1425 non
2018 1372 2466 1438 congregabitur:
2524 1371 2701 1424 libere
2753 1375 2924 1440 atque
2969 1370 3226 1423 absolute
3274 1370 3567 1440 professus

1868 1465 1953 1513 est
2001 1461 2153 1530 quod
2212 1460 2411 1514 Srahel
2442 1475 2556 1512 non
2589 1458 3053 1528 congregabitur.
3095 1457 3281 1512 Sentis
3334 1475 3428 1524 ne,
3469 1459 3564 1512 ob-

1868 1563 2048 1612 secro,
2083 1564 2255 1618 quam
2301 1548 2489 1616 parvis
2520 1547 2708 1601 verbis
2752 1563 2966 1618 prunas
3016 1546 3410 1617 liquefecerim
3438 1548 3563 1617 gla-

1866 1637 2059 1703 ciales,
2093 1642 2148 1690 et
2169 1637 2509 1707 parvissimo
2531 1636 2772 1703 digitulo
2800 1652 2971 1706 quam
3005 1636 3196 1705 plures
3237 1641 3361 1689 tuas
3398 1635 3563 1689 dissi-

1867 1726 1993 1796 pavi
2011 1726 2322 1796 phalangas
2335 1725 2363 1780 ?

1936 1817 1988 1869 8.
2023 1815 2230 1867 Verum
2269 1813 2506 1867 fractam
2538 1812 2816 1867 cervicem
2855 1810 3084 1865 interim
3121 1811 3329 1881 erigis;
3368 1815 3426 1866 et
3454 1811 3564 1866 hoc

1865 1901 1926 1955 in
1961 1902 2197 1956 Hebraeo
2232 1918 2346 1955 non
2382 1901 2579 1955 haberi
2618 1901 2762 1955 forte
2791 1899 3060 1954 causaris.
3096 1900 3208 1954 Sed
3249 1900 3375 1954 vide
3408 1900 3561 1971 quod

1862 1990 2100 2044 verbum
2158 1988 2497 2044 Hebraicufn
2555 1988 2686 2043 LO’
2735 1992 2864 2055 lnon
2923 1988 3190 2041 scribitur
3240 2004 3345 2058 per
3402 1990 3563 2043 (amet

1863 2085 1920 2133 et
1947 2096 2084 2133 vau:
2111 2079 2267 2149 quod
2298 2079 2343 2131 si
2375 2083 2543 2145 esset,
2579 2077 2928 2147 signiﬁcaret
2951 2077 3102 2148 quod
3135 2077 3342 2147 Aquila
3373 2077 3563 2147 posuit

1861 2173 1928 2233 ei,
1986 2169 2071 2221 vel
2127 2169 2209 2222 illi
2267 2168 2706 2235 congregabitur.
2777 2166 2883 2221 Sed
2929 2182 3032 2236 per
3079 2167 3241 2220 tamet
3292 2171 3348 2219 et
3401 2168 3559 2230 aleb;

1863 2257 2016 2326 quod
2051 2256 2282 2326 proprie
2320 2273 2427 2310 non
2461 2260 2643 2309 sonat.
2691 2254 2833 2318 Quia
2881 2254 3059 2324 igitur
3101 2254 3272 2308 Jacob
3313 2270 3428 2308 non
3479 2260 3564 2308 est

1863 2345 2130 2398 reductus
2204 2344 2276 2398 ad
2341 2344 2673 2408 Dominum,
2742 2359 2845 2397 nec
2893 2343 3092 2398 Srahel
3141 2347 3558 2413 congregatus;

1859 2439 2164 2502 propterea
2192 2432 2449 2488 Christus
2486 2432 2772 2502 loquitur:
2826 2431 2990 2486 Vobis
3025 2448 3141 2485 non
3193 2431 3558 2486 credentibus

1857 2523 2192 2590 gloriﬁcatus
2217 2537 2336 2576 sum
2380 2525 2438 2574 in
2467 2523 2636 2576 oculis
2674 2523 2905 2588 Domini,
2950 2521 3010 2574 in
3043 2537 3132 2574 me
3165 2520 3319 2574 enim
3368 2521 3558 2573 omnis

1858 2611 2104 2665 mundus
2144 2611 2400 2674 credidit,
2463 2615 2513 2663 et
2565 2612 2701 2663 Deus
2745 2624 2892 2663 meus
2939 2612 3122 2675 factus
3173 2615 3251 2663 est
3287 2609 3557 2676 fortitudo

1856 2715 1972 2752 mea
2003 2701 2131 2765 (Isa,
2180 2715 2324 2752 χιιι.
2354 2701 2422 2765 5).
2469 2699 2650 2751 Deum
2689 2713 2879 2750 meum
2912 2698 3228 2750 secundum
3259 2695 3555 2750 hominem

1855 2786 2010 2852 dicit,
2057 2786 2192 2856 quia
2223 2787 2370 2840 sicut
2417 2791 2613 2839 contra
2658 2790 2711 2839 te
2747 2802 2972 2839 necesse
3022 2791 3108 2839 est
3157 2801 3246 2839 me
3277 2801 3411 2839 eum
3465 2784 3556 2838 ﬁr-

1858 2893 2013 2930 mare
2062 2876 2242 2929 Deum
2276 2874 2573 2928 sententiis
2613 2875 3055 2945 Scripturarum.
3112 2874 3187 2927 ita
3227 2880 3426 2927 contra
3453 2873 3553 2944 qui

1854 2980 1985 3019 eum
2008 2965 2302 3018 hominem
2335 2962 2632 3033 negaverit
2656 2963 2920 3032 congruit
2957 2962 3098 3015 mihi
3127 2961 3550 3032 Scripturarum

39 3051 221 3119 deret,
254 3052 378 3105 imo
404 3057 468 3104 ut
495 3058 695 3120 gentes
722 3053 994 3121 populum
1028 3068 1194 3105 suum
1227 3053 1349 3122 jam
1389 3069 1512 3106 esse
1558 3059 1744 3106 osten-
1783 3069 1823 3124 ρ
1854 3054 2106 3124 arripere
2143 3053 2431 3122 praelium,
2485 3057 2538 3105 et
2569 3051 2762 3105 omnia
2809 3051 2909 3104 illa
2954 3051 3330 3104 humanitatis
3363 3066 3551 3104 exem-

40 3135 224 3202 deret,
285 3137 410 3189 ait:
459 3138 664 3204 Populo
712 3152 848 3198 meo,
906 3137 1066 3190 electo
1127 3153 1242 3190 meo
1311 3137 1519 3205 (Ibid).
1581 3138 1742 3191 Vides

40 3224 176 3292 quia
208 3240 393 3294 aquas
436 3223 747 3293 Evangelii,
783 3228 837 3276 et
869 3223 1111 3277 flumina
1140 3225 1531 3293 apostolorum
1579 3226 1741 3279 nobis

37 3311 103 3363 ad
134 3311 460 3366 bibendum
490 3322 622 3366 sunt
652 3312 821 3376 datas,
850 3312 906 3364 id
939 3317 1023 3365 est
1045 3312 1274 3378 ludatis,
1308 3313 1407 3383 qui
1451 3313 1739 3367 Christum

38 3404 435 3470 exspectantes
464 3400 786 3452 venientem
823 3404 1178 3468 receperunt,
1227 3401 1308 3452 vel
1347 3402 1614 3454 omnibus
1640 3403 1738 3471 qui

37 3503 217 3558 usque
248 3487 428 3542 hodie
470 3487 867 3558 resipisceutes
896 3504 929 3540 a
968 3488 1180 3542 diaboli
1236 3490 1442 3558 laquei,
1481 3491 1739 3545 Ecclesiae

37 3591 89 3629 se
138 3577 412 3630 inserunt
458 3577 746 3630 membris.
803 3578 878 3630 De
921 3593 1034 3646 quo
1067 3579 1278 3648 populo
1329 3579 1733 3648 subjungitur:

34 3667 306 3734 Populum
364 3671 532 3720 istum
577 3670 792 3734 ﬁrmavi
837 3666 991 3730 mihi,
1051 3667 1264 3720 laudem
1319 3683 1488 3721 meum
1538 3685 1734 3722 narra-

38 3755 106 3807 bit
161 3763 182 3789 °
237 3755 431 3823 (Ibid,
488 3754 598 3824 2t).
668 3755 884 3809 Caetera
939 3770 1068 3824 quas
1125 3759 1464 3827 sequuntur,
1526 3757 1735 3826 partim

35 3842 195 3909 facta,
254 3843 470 3914 partim
525 3843 709 3896 adhuc
755 3843 945 3896 futura
1017 3843 1181 3897 nobis
1250 3846 1428 3898 multa
1495 3846 1735 3915 promit-

37 3935 176 3984 tunt.

101 4022 152 4073 6.
187 4019 358 4084 Quod
399 4023 592 4072 autem
623 4018 827 4073 asseris
858 4035 946 4074 me
979 4019 1060 4072 ire
1092 4019 1150 4074 in
1197 4022 1480 4088 tenebras,
1531 4026 1588 4076 et
1640 4023 1734 4076 ni-

35 4107 163 4161 teris
212 4108 324 4162 hoc
377 4107 621 4177 probare
670 4107 1001 4162 testimonio
1049 4107 1207 4162 Isaiae
1261 4109 1538 4164 dicentis:
1593 4111 1732 4176 Quia

39 4212 143 4250 ecce
195 4197 430 4250 tenebrae
471 4202 714 4266 operient
763 4203 983 4259 terram,
1033 4202 1084 4250 et
1113 4199 1287 4264 caligo
1334 4201 1567 4267 populos
1595 4200 1728 4268 (Isa.

41 4285 238 4352 nx.2):
282 4283 466 4337 miror
509 4289 565 4338 te
595 4289 849 4339 astutum
896 4285 1190 4339 hominem
1227 4291 1344 4339 tam
1387 4287 1583 4341 leviter
1612 4288 1732 4356 opi-

41 4378 251 4438 natum,
297 4380 363 4426 ut
391 4389 484 4426 me
535 4373 684 4427 inter
727 4375 971 4444 populos
1004 4390 1334 4436 numerans,
1378 4380 1431 4427 te.
1458 4378 1730 4444 apopulo

42 4460 356 4515 subtrahas.
415 4463 543 4515 Jam
594 4461 748 4515 enim
806 4462 1069 4530 superius
1133 4462 1318 4516 fassus
1371 4480 1518 4528 sum,
1574 4465 1727 4534 quod

41 4564 197 4618 super
226 4565 330 4603 nos
361 4555 521 4603 ortus
553 4554 640 4604 est
669 4549 965 4616 Dominus,
1000 4554 1051 4603 et
1095 4541 1290 4620 gentes
1324 4551 1381 4603 in
1424 4557 1616 4604 nostro
1650 4553 1730 4604 Iu-

43 4635 183 4690 mine
210 4642 492 4706 pergunt.

102 4729 148 4778 7.
179 4725 244 4778 Et
275 4731 343 4779 ut
393 4725 539 4778 scias
572 4725 708 4796 quia
752 4741 1055 4796 nunquam
1090 4731 1172 4791 tu,
1205 4727 1403 4798 tuique
1436 4744 1728 4798 sequaces,

42 4813 241 4882 populo
275 4813 379 4868 Dei
411 4813 707 4882 aduncris,
759 4815 858 4868 sed
914 4831 1141 4884 semper
1168 4815 1480 4885 dispersus,
1515 4834 1620 4871 nec
1660 4817 1729 4870 ad

40 4902 175 4954 viam
231 4918 572 4956 reversurus
619 4903 692 4956 sis
737 4904 914 4973 pacis,
946 4905 1082 4958 audi
1126 4906 1332 4960 Isaiam
1389 4921 1456 4959 ex
1488 4921 1730 4976 persona

42 4988 236 5044 Christi
268 4990 446 5044 verba
495 4991 762 5045 humanas
803 4997 1024 5046 natura:
1075 4993 1451 5064 congruentia
1500 4995 1731 5064 procla-

42 5082 308 5132 mantem:
369 5080 438 5132 Et
509 5094 653 5132 nunc
708 5079 840 5133 dicit
894 5083 1177 5144 Dominus,
1235 5083 1479 5147 formans
1527 5098 1609 5134 me
1667 5099 1733 5135 ea:

47 5172 178 5220 utero
199 5183 419 5221 servum
455 5167 581 5232 sibi,
619 5172 681 5220 ut
717 5169 973 5222 reducam
1010 5170 1172 5223 Jacob
1213 5170 1287 5224 ad
1325 5186 1465 5232 eum,
1509 5175 1560 5224 et
1598 5171 1727 5226 Sra-

46 5253 116 5307 hel
161 5272 269 5309 non
316 5256 744 5323 congregabitur
803 5257 933 5324 (Isa.
982 5273 1133 5324 κως,
1193 5259 1268 5326 5).
1327 5259 1730 5313 Animadverte

105 5405 124 5428 ⁸
161 5398 281 5466 ls.,
322 5399 629 5453 clamatum.

104 5469 123 5508 δ
160 5469 280 5537 Ms,
316 5474 436 5535 qui.

102 5547 117 5570 ί
156 5540 274 5607 515.,
307 5543 713 5594 instructiones.

102 5610 123 5648 ἀ
163 5611 284 5679 Μδ.,
314 5615 590 5678 congruit,
621 5615 734 5677 qui.

1852 3143 1943 3212 pla
1984 3141 2316 3210 producere,
2356 3156 2458 3210 per
2505 3157 2634 3210 quas
2673 3156 2805 3193 eum
2841 3139 3135 3193 hominem
3179 3155 3375 3194 verum
3404 3154 3546 3195 con-

1849 3229 2074 3284 ﬁrmem
2100 3245 2260 3295 esse;
2295 3229 2342 3282 si
2397 3228 2552 3282 enim
2603 3244 2782 3281 unum
2815 3244 2881 3280 ex
2912 3228 2997 3280 his
3043 3243 3348 3296 negavero,
3382 3228 3545 3283 Chri-

1849 3318 2070 3372 stianus
2101 3333 2215 3370 non
2261 3333 2378 3370 ero.
2435 3318 2640 3370 Verum
2688 3317 2758 3370 ad
2799 3316 3060 3370 ordinem
3119 3317 3440 3381 redeamus,
3494 3321 3549 3369 et

1846 3405 2243 3475 prOphetalem
2295 3405 2481 3458 adhuc
2539 3404 2883 3458 sententiam
2927 3405 3252 3459 videamus:
3289 3407 3360 3460 Et
3405 3409 3548 3460 Deus

1846 3508 1990 3546 meus
2020 3495 2202 3559 factus
2232 3497 2311 3546 est
2349 3493 2622 3558 fortitudo
2654 3509 2791 3555 mea,
2841 3493 2939 3562 qui
2969 3493 3294 3546 consolatus
3341 3498 3426 3546 est
3457 3509 3547 3545 me

1844 3581 2066 3634 tristem
2116 3597 2294 3650 super
2341 3581 2715 3650 abjectionem
2765 3581 2963 3650 populi
3015 3581 3146 3646 mei,
3197 3581 3341 3634 sicut
3386 3586 3443 3634 et
3485 3582 3543 3633 in

1845 3669 2230 3723 Pentateucho
2289 3668 2522 3738 legitur:
2602 3671 2824 3722 Paenitet
2892 3685 2973 3721 me
3041 3669 3304 3721 hominem
3357 3669 3546 3732 fecisse

1843 3772 2006 3827 super
2033 3763 2234 3811 terram
2263 3773 2276 3809 :
2303 3763 2354 3811 ct
2385 3763 2560 3810 tactus
2590 3756 2770 3810 dolore
2816 3757 2993 3809 cordis
3030 3758 3376 3819 intrinsecus,
3421 3759 3540 3808 ait:

1844 3846 2031 3901 Delebo
2066 3847 2328 3900 hominem
2374 3860 2529 3913 quem
2553 3846 2663 3910 feci
2690 3861 2724 3897 a
2770 3846 2915 3909 facie
2949 3849 3106 3898 terra
3147 3844 3306 3913 (Gen.
3357 3860 3428 3904 Vl,
3463 3843 3538 3911 6).

1841 3934 2005 3998 Quod
2031 3935 2075 3986 si
2098 3932 2523 3987 contradicendi
2547 3933 2874 3985 calcaneum
2898 3931 3090 4002 erigis,
3116 3947 3336 4001 expone
3360 3933 3539 4002 quali-

1842 4027 1932 4076 ter
1951 4022 2091 4075 illud
2116 4021 2387 4090 intelligis
2405 4020 2556 4091 quod
2577 4036 2640 4072 ex
2656 4035 2898 4089 persona
2919 4021 3016 4073 Dei
3030 4020 3087 4074 in
3101 4021 3391 4074 Ezechiele
3406 4037 3538 4091 pro-

1839 4109 2011 4180 pheta
2039 4110 2174 4179 legis
2202 4125 2215 4162 :
2247 4112 2311 4164 Et
2348 4111 2407 4162 in
2444 4109 2688 4162 omnibus
2739 4111 2857 4164 istis
2901 4110 3261 4164 contristabas
3303 4125 3404 4164 me.
3439 4109 3530 4164 Se-

1841 4198 2063 4266 quitur:
2098 4201 2332 4252 Parvum
2354 4202 2431 4252 est
2446 4201 2495 4252 si
2521 4199 2728 4252 servias
2749 4199 2887 4251 mihi
2899 4197 2978 4251 ad
2997 4199 3344 4253 suscitandas
3367 4199 3541 4253 tribus

1838 4286 2022 4348 Jacob,
2067 4285 2165 4355 qui
2207 4302 2310 4338 suo
2348 4285 2484 4338 vitio
2515 4289 2878 4351 corruerunt,
2910 4291 2958 4339 et
2988 4286 3063 4338 ad
3089 4288 3265 4352 faeces,
3308 4286 3422 4340 sive
3451 4302 3537 4340 re-

1773 4369 1813 4422 D
1845 4374 2048 4444 liquas,
2086 4375 2279 4430 Srahel
2303 4375 2686 4429 conuertendas
2735 4376 2873 4440 (Isa.
2926 4390 3074 4441 XLIX,
3123 4376 3200 4443 6).
3237 4376 3356 4430 Hoc
3386 4375 3537 4430 enim

1844 4463 2077 4516 verbum
2114 4463 2452 4517 Hebraicum
2482 4478 2674 4517 ncsure
2714 4468 2915 4526 sonat;
2947 4479 3049 4532 pro
3081 4462 3193 4516 illis
3226 4463 3380 4516 enim
3412 4463 3541 4517 dedi

1843 4557 1892 4605 te
1917 4554 1972 4604 in
1996 4553 2163 4606 lucem
2193 4552 2450 4605 omnium
2477 4554 2719 4618 gentium
2743 4550 2970 4620 (Ibid),
3004 4555 3066 4603 ut
3088 4551 3378 4604 illuminas
3402 4551 3514 4603 uni-

1841 4656 2067 4693 versum
2100 4642 2405 4704 mundum,
2439 4645 2494 4694 et
2514 4640 2753 4694 salutem
2779 4653 2988 4704 meam,
3019 4653 3121 4706 per
3141 4653 3314 4708 quam
3338 4653 3537 4691 omnes

1841 4728 2075 4782 credant
2107 4733 2164 4781 et
2211 4728 2350 4782 salvi
2401 4728 2560 4793 ﬁant,
2596 4743 2774 4797 usque
2831 4726 2900 4779 ad
2946 4731 3198 4779 extrema
3250 4730 3416 4780 terrae
3465 4727 3538 4779 fa-

1840 4816 1956 4870 cias
2011 4817 2330 4886 pervenire.
2374 4816 2650 4886 Quodque
2683 4814 2972 4884 sequitur:
3009 4815 3267 4879 Magnum
3310 4815 3413 4867 tibi
3436 4822 3533 4878 est,

1841 4911 1901 4958 ut
1920 4907 2122 4959 voceris
2151 4921 2287 4973 puer
2309 4918 2473 4958 meus.
2510 4904 2776 4973 Magnum
2830 4902 3075 4955 refertur
3116 4901 3184 4956 ad
3214 4901 3534 4965 hominem,

1842 4998 1900 5047 et
1927 4995 1996 5048 ad
2030 5009 2292 5063 puerum,
2323 4991 2420 5062 qui
2453 4989 2882 5061 comparatione
2923 4989 3023 5043 Dei
3053 5005 3262 5059 parvus
3311 4993 3411 5042 est.
3438 4991 3536 5044 Illa

1840 5099 1975 5136 vero
2003 5081 2332 5135 testimonia
2367 5096 2514 5150 quae,
2549 5085 2609 5133 ut
2641 5079 2926 5133 unitatem
2961 5079 3238 5143 tirmares,
3272 5077 3429 5131 inani
3455 5079 3535 5132 la-

1843 5171 1980 5225 bore
2013 5169 2270 5240 posuisti,
2307 5168 2548 5237 legendo
2577 5167 2946 5232 advertimus,
2982 5174 3038 5221 et
3066 5167 3230 5222 nobis
3259 5183 3533 5236 congrua,

1844 5275 1960 5312 non
1989 5258 2224 5312 adversa
2275 5255 2662 5327 prmvidimus.
2710 5255 2854 5318 Quia
2897 5271 3014 5309 non
3071 5261 3185 5309 tres
3233 5255 3369 5310 deos
3398 5258 3533 5310 coli-

1911 5410 1932 5436 θ
1974 5401 2060 5464 Μ.,
2081 5401 2329 5453 narraui.

1914 5471 1930 5506 τ
1968 5471 2089 5534 Ms.,
2123 5471 2233 5526 EO.
2269 5469 2643 5525 Scrihendum
2680 5475 2871 5542 autem
2915 5473 3004 5526 L0
3051 5488 3152 5542 per
3198 5473 3259 5538 L,
3292 5487 3406 5526 non
3437 5488 3537 5541 per

1843 5546 1908 5609 Ε,
1942 5542 2186 5620 ipsemet
2231 5556 2500 5620 namque.
2529 5546 2726 5595 auctor
2768 5541 3016 5597 afﬁrmat
3056 5541 3244 5597 Lamet
3289 5542 3533 5612 primam

1844 5611 2238 5668 esse—litteram
2270 5611 2548 5666 dictionis.
