3860 6262
293 331 397 385 499

1713 322 1970 378 ALVAIlI
2006 317 2504 378 CORDUBENSIS.
3692 317 3772 364 sum

294 483 442 533 mus,
477 465 573 519 sed
603 480 783 519 unum
813 462 875 516 in
893 461 1171 517 Trinitate
1198 460 1500 514 asserimns
1529 463 1585 513 et
1611 474 1968 512 veneramus.
2010 458 2057 508 A
2088 459 2475 525 exspectatum
2542 453 2800 508 Messiam
2858 453 3083 524 suscepi
3138 456 3431 523 pastorem
3486 456 3774 505 aeternum.

294 556 474 619 Quem
497 554 599 607 tibi
630 554 860 606 ﬁrmare
891 566 1192 621 possumus
1239 548 1459 603 idoneis
1491 548 1749 610 testibus,
1783 552 1839 599 et
1868 547 1984 599 elo-

295 644 444 714 quiis
486 642 897 712 prophetarum
953 638 1315 693 tonantibus:
1380 640 1661 691 Faciamus
1711 637 1986 703 ghominem

293 732 367 784 ad
386 732 702 798 imaginem,
736 735 787 783 et
829 728 1243 783 similitudinem
1276 732 1534 791 nostram,
1579 725 1660 777 ait
1699 724 1987 793 Scriptura

293 820 484 872 divina
516 819 669 885 (Gen.
703 834 742 886 ι,
769 817 880 887 26).
914 818 983 870 Et
1031 822 1089 869 ut
1139 832 1257 869 non
1306 815 1375 868 ad
1419 815 1652 883 angelos
1698 813 1806 865 ista
1860 827 1983 877 vox,

296 908 389 960 sed
424 907 492 960 ad
524 906 729 959 Filium
761 906 1124 969 formaretur,
1162 920 1290 956 mox
1318 903 1567 955 addidit:
1603 904 1671 955 Et
1691 904 1818 963 fecit
1851 904 1987 953 Deus

294 997 577 1061 hominem,
610 995 682 1047 ad
726 997 1013 1060 imaginem
1044 995 1137 1046 Dei
1183 994 1311 1058 fecit
1358 992 1529 1044 illum.
1573 990 1738 1054 Audi,
1773 988 1987 1059 perﬁde

296 1090 353 1137 et
386 1083 517 1137 ﬁdei
565 1086 771 1136 sancta
813 1082 1066 1145 adverse,
1109 1081 1285 1133 Deum
1324 1079 1628 1132 facientem
1668 1077 1736 1130 ad
1784 1075 1986 1145 imagi-

299 1188 431 1224 nem
479 1171 600 1239 Dei,
650 1176 707 1223 et
753 1185 1032 1237 cognosce
1067 1168 1355 1221 Trinitatis
1388 1166 1725 1234 mysterium
1772 1165 1831 1217 in
1876 1169 1987 1216 tua

297 1260 600 1313 creationis
658 1258 1026 1328 principium.
1110 1256 1277 1309 Verbo
1338 1257 1573 1318 Domini,
1647 1253 1726 1306 ait
1794 1252 1986 1317 David,

299 1350 422 1402 caeli
471 1350 678 1413 ﬁrmati
728 1351 873 1412 sunt,
924 1351 973 1399 et
1028 1346 1230 1413 spiritu
1278 1345 1388 1397 oris
1434 1345 1550 1410 ejus
1606 1344 1776 1396 omnis
1814 1338 2035 1394 virtus‘

298 1452 476 1490 eorum
508 1437 672 1505 (Psal.
707 1452 764 1501 u,
819 1438 895 1500 6).
946 1434 1033 1487 Sic
1058 1440 1112 1486 et
1142 1431 1313 1487 Isaias
1356 1437 1547 1484 vatum
1581 1446 1755 1500 quam
1806 1429 1991 1482 maxi-

299 1542 389 1579 me
438 1527 658 1594 primus
704 1529 791 1577 ter
835 1528 1052 1576 sanctus
1105 1528 1370 1591 repetens
1417 1520 1543 1590 (lsa.
1599 1536 1671 1583 vi,
1725 1519 1819 1587 3.),
1867 1518 1991 1571 Tri-

297 1614 537 1667 nitatem
588 1612 974 1677 demonstrat;
1035 1610 1136 1663 sed
1186 1610 1469 1663 Dominum
1511 1607 1703 1673 Deum,
1762 1612 1817 1660 et
1874 1621 1992 1659 non

302 1701 527 1755 Domini
563 1701 660 1754 Dei
692 1700 953 1765 dicendo,
986 1699 1263 1752 unitatem
1287 1697 1552 1749 declarat.

369 1794 421 1843 9.
456 1791 661 1842 Verum
693 1788 833 1858 quid
866 1787 1007 1840 mihi
1040 1803 1185 1855 opus
1215 1790 1300 1839 est
1329 1784 1389 1837 in
1419 1800 1479 1837 re
1524 1788 1634 1838 tam
1672 1786 1868 1853 aperta
1896 1782 1993 1836 diu

301 1877 629 1942 consistere,
664 1892 792 1947 qua
834 1892 949 1928 non
994 1875 1163 1927 unius
1185 1873 1515 1940 voluminis,
1551 1873 1648 1925 sed
1684 1872 1993 1925 multorum

303 1971 679 2019 monumenta
711 1964 1074 2017 voluminum
1106 1963 1273 2016 debet
1297 1962 1591 2015 continere
1612 1960 1639 2014 ‘I
1684 1960 1828 2013 Illud
1859 1976 1993 2013 sane

301 2053 549 2107 breviter
577 2052 861 2119 intimem,
902 2051 1035 2121 quia
1067 2051 1113 2104 si
1146 2051 1320 2105 totius
1347 2050 1488 2119 legis
1527 2050 1821 2104 historiam
1858 2066 1991 2103 ven-

302 2141 468 2195 tilare
514 2141 790 2194 acerrime
821 2140 1085 2206 volneris,
1118 2145 1218 2192 aut
1260 2139 1472 2191 trinum
1507 2140 1684 2192 Deum
1716 2138 1993 2203 credebis,

302 2234 399 2284 aut
437 2229 772 2284 idololatria
805 2244 996 2281 errore
1018 2229 1227 2281 multos
1254 2233 1309 2281 et
1341 2229 1535 2297 plures
1566 2227 1819 2280 induces.
1854 2228 1995 2280 Cum

301 2324 357 2373 et
393 2321 663 2385 faciamus
717 2324 773 2370 et
817 2316 1226 2382 descendamus,
1283 2321 1338 2368 et
1388 2318 1511 2383 quis
1566 2316 1666 2369 ibit
1717 2316 1891 2381 nobis,
1944 2320 1998 2366 et

302 2408 413 2461 alia
444 2423 615 2477 quam
669 2406 937 2475 plurima,
997 2404 1057 2457 in
1092 2405 1357 2457 litterulis
1409 2404 1719 2473 perlegeris
1776 2403 1993 2455 sacris:

305 2496 444 2549 dum
475 2501 529 2548 et
563 2497 738 2547 Deum
772 2511 804 2546 a
836 2494 947 2546 Deo
998 2494 1234 2546 missum
1280 2492 1342 2545 in
1374 2492 1643 2546 Zacliaria
1690 2490 1993 2550 inveneris,

305 2591 361 2637 et
408 2584 795 2653 pluralitatem
845 2583 1082 2635 deorum
1112 2592 1132 2617 ³
1165 2582 1224 2634 in
1254 2581 1445 2634 multis
1494 2580 1803 2634 adverteris
1836 2579 1995 2633 locis.

305 2672 464 2737 Quod
496 2671 683 2723 studio
733 2670 1027 2723 brevitatis
1066 2669 1166 2722 tibi
1215 2668 1600 2738 perquirenda
1631 2668 1996 2733 dimittimus,

307 2768 370 2814 ut
398 2759 596 2813 audias
627 2764 681 2811 et
710 2764 915 2823 taceas,
950 2763 1012 2810 ut
1042 2758 1325 2827 intelligas
1372 2763 1427 2810 et
1466 2758 1543 2810 sic
1596 2756 1863 2827 loquaris.
1894 2757 1999 2809 Ve-

306 2849 500 2902 nimus
540 2848 610 2900 ad
662 2847 919 2915 epilogos
970 2851 1117 2909 tuos,
1163 2846 1218 2898 id
1267 2850 1349 2898 cst
1396 2845 1466 2897 ad
1534 2845 1836 2898 maledicta
1879 2849 1995 2907 tua,

309 2936 405 2990 ubi
450 2952 539 2988 me
591 2936 863 2988 miserum
900 2950 1079 3000 vocas,
1120 2939 1177 2987 et
1214 2934 1421 2987 oblitus
1450 2933 1657 2986 veteris
1692 2932 1997 3003 proverbii,

2094 546 2239 598 Dum
2298 544 2453 598 enim
2508 543 2647 596 dicis
2696 558 2979 597 conuersus
3025 557 3098 607 es,
3149 542 3405 595 ostendis
3462 538 3623 611 quod
3683 554 3777 591 non

2093 649 2251 703 gens,
2297 633 2394 686 sed
2442 632 2691 702 populus
2740 631 2842 696 fui,
2902 630 3002 701 qui
3050 635 3241 684 tecum
3296 630 3484 682 multo
3537 634 3775 697 tempore

2091 721 2348 776 Messiam
2376 721 2817 789 Redemptoz'cm
2842 719 3100 772 omnium
3130 716 3473 787 exspectavi.

2170 812 2250 864 IO.
2288 810 2452 863 Vides
2497 809 2633 879 quia
2675 825 2832 862 casso
2875 809 3117 874 laboras,
3161 807 3297 860 dum
3346 806 3495 858 nihil
3540 803 3712 870 ﬁdes,
3737 807 3777 856 et

2092 898 2312 969 palpas,
2353 898 2488 951 dum
2535 902 2631 950 tua
2668 902 2731 950 tu
2764 897 2882 966 ipse
2932 896 3082 949 dicta
3127 896 3456 965 impugnas.
3514 893 3646 946 Jam
3689 908 3777 944 non

2094 988 2237 1042 mihi
2290 986 2570 1057 promissa
2638 990 2693 1039 et
2766 984 3238 1055 repromissiones
3294 996 3602 1053 opponas:
3664 996 3778 1051 gen-

2093 1081 2289 1148 tesque
2315 1092 2507 1128 coram
2542 1074 2653 1127 Deo
2685 1090 2877 1127 exosas
2908 1080 2963 1127 et
2993 1072 3402 1142 improbabiles
3438 1071 3639 1125 dicas:
3671 1069 3782 1139 quia

2096 1182 2213 1220 non
2255 1181 2345 1218 me
2385 1170 2637 1233 gentem,
2672 1171 2768 1216 sed
2813 1163 3076 1215 Judaum
3133 1162 3460 1215 conﬁrmas.
3512 1158 3666 1212 Illud
3712 1174 3785 1209 an.

2094 1260 2211 1308 tem
2248 1254 2397 1322 quod
2436 1253 2505 1306 de
2545 1254 2732 1306 cloaca
2782 1251 2991 1305 ventris
3036 1249 3120 1303 tui
3175 1249 3453 1303 ructando
3502 1248 3783 1311 educis,et

2096 1347 2330 1413 spurgat
2360 1345 2384 1385 ι)
2406 1341 2574 1396 fallea
2604 1341 2663 1393 in
2700 1341 3140 1409 Redemptorem
3171 1337 3536 1407 conjicienda
3570 1337 3781 1405 adspar-

2099 1432 2205 1501 gis,
2229 1431 2414 1484 cordis
2445 1430 2528 1483 tui
2558 1430 2893 1483 thesaurum
2924 1428 3211 1491 ostendis;
3246 1427 3382 1496 quia
3425 1428 3612 1480 malus
3656 1427 3782 1478 hom

2099 1520 2163 1573 de
2192 1520 2331 1573 malo
2359 1520 2607 1571 thesauro
2633 1518 2847 1585 pro/ert
2875 1532 2943 1571 ea
2982 1532 3101 1584 qua
3131 1520 3255 1568 sunt
3298 1516 3521 1584 (Matth.
3556 1530 3657 1577 xu,
3686 1517 3780 1575 33),

2098 1613 2147 1661 et
2202 1609 2374 1661 omnis
2427 1607 2589 1659 arbor
2636 1607 2782 1658 mala
2836 1608 3051 1671 fructus
3124 1605 3293 1658 malos
3362 1606 3510 1669 facit
3572 1602 3780 1669 (Matth.

2104 1713 2198 1763 vu,
2238 1698 2342 1765 l7).
2385 1697 2595 1749 Fatuus
2640 1698 2802 1757 enim,
2829 1696 2991 1764 juxta
3042 1694 3265 1751 Isaiam,
3308 1695 3475 1757 fatua
3516 1691 3780 1759 loquitur;

2105 1794 2154 1842 et
2185 1803 2276 1841 cor
2306 1788 2419 1854 ejus
2451 1801 2593 1839 vana
2642 1786 2927 1852 intelliget,
2964 1789 3025 1837 ut
3071 1784 3333 1851 compleat
3375 1786 3715 1850 iniquitates,
3742 1786 3785 1832 et

2103 1880 2358 1946 loquatur
2402 1880 2588 1929 contra
2621 1876 2914 1928 Dominum
2950 1873 3291 1926 mendacium
3338 1872 3478 1939 (Isa.
3518 1886 3688 1933 xxxu,
3721 1872 3779 1931 ὃ).

2103 1965 2202 2018 Ille
2234 1966 2503 2034 loquatur
2555 1962 2856 2032 spurcitias
2903 1961 3220 2015 secundum
3261 1961 3680 2030 Hieronymum
3723 1959 3787 2009 in-

2105 2054 2421 2123 quientem,
2448 2051 2545 2121 qui
2576 2055 2762 2121 potest
2792 2066 2996 2119 spurca
3016 2050 3394 2103 committere.
3432 2051 3492 2102 In
3522 2064 3623 2101 ore
3655 2046 3782 2099 enim

2105 2141 2264 2194 stulti
2293 2138 2455 2209 virga
2484 2139 2786 2208 superbia.
2842 2138 2995 2191 Unde
3025 2146 3081 2191 et
3133 2138 3428 2191 Psalmista
3458 2137 3532 2190 de
3574 2142 3631 2189 te
3664 2134 3783 2187 tuis-

2106 2245 2216 2299 que
2247 2229 2527 2281 similibus
2567 2228 2738 2282 dicit:
2791 2229 3098 2281 Posuerunt
3152 2229 3210 2279 in
3249 2227 3373 2280 caelo
3422 2241 3479 2280 os
3531 2241 3704 2283 suum,
3746 2229 3784 2274 et

2107 2319 2295 2384 lingua
2342 2333 2522 2371 eorum
2564 2319 2786 2370 transiit
2837 2332 3000 2385 super
3033 2321 3232 2369 terram
3262 2316 3433 2381 (Psal.
3497 2330 3665 2377 Lxxu,
3697 2316 3781 2375 9);

2108 2407 2176 2460 de
2207 2406 2415 2476 quibus
2446 2412 2502 2459 et
2534 2405 2670 2458 alibi
2699 2405 2832 2457 dicit
2858 2421 2870 2458 :
2923 2404 3225 2473 Disperdat
3259 2406 3517 2457 Dominus
3550 2405 3784 2455 universa

2109 2496 2257 2548 labia
2287 2495 2488 2554 dolosa,
2546 2499 2594 2547 et
2625 2495 2870 2563 linguam
2922 2494 3328 2559 magniloquam
3379 2492 3547 2555 (Psal.
3584 2506 3656 2551 XI,
3713 2490 3781 2549 il:

2109 2589 2164 2636 et
2182 2584 2326 2635 alter
2358 2586 2615 2635 econtra:
2652 2584 2768 2638 Non
2793 2583 2983 2648 recipit
3021 2582 3213 2645 fatuus
3266 2580 3428 2632 verba
3479 2578 3782 2646 prudentia,

2107 2674 2218 2725 nisi
2247 2687 2309 2723 ea
2352 2671 2560 2723 (timeris
2607 2686 2723 2737 quae
2773 2675 3059 2723 versantur
3113 2672 3173 2721 in
3237 2668 3393 2722 corde
3440 2666 3560 2735 (jus
3620 2668 3783 2736 (Prov.

2108 2776 2259 2825 xviii,
2286 2763 2367 2825 2);
2396 2764 2451 2813 et
2494 2758 2616 2828 ipse
2667 2758 2765 2828 qui
2797 2773 2997 2827 supra:
3033 2757 3203 2825 ,Juda,
3262 2756 3398 2825 quid
3442 2757 3701 2821 gloriaris
3744 2756 3783 2803 in

2109 2850 2345 2911 malitia,
2379 2850 2474 2916 qui
2504 2852 2688 2916 potens
2719 2862 2771 2900 es
2808 2849 2865 2899 in
2913 2848 3261 2914 iniquitatem
3292 2850 3404 2898 tota
3453 2844 3592 2897 die?
3643 2843 3783 2911 (Psal.

2110 2953 2180 3002 LI,
2215 2937 2290 3007 3.)
2321 2938 2381 2989 Et
2410 2936 2581 2989 totius
2610 2935 2908 3005 sequentia
2942 2934 3145 3003 psalmi
3198 2950 3377 3003 usque
3417 2938 3467 2985 et
3511 2932 3783 3000 praevaluit

311 3024 450 3077 dum
482 3023 634 3075 aliud
658 3022 759 3086 ais,
789 3022 1005 3075 crimen
1035 3022 1404 3075 fortissimum
1434 3021 1660 3091 perdis:
1712 3022 2003 3075 Mendaces
2045 3049 2084 3103 ρ
2114 3028 2173 3079 in
2201 3027 2442 3078 vani/ate
2470 3040 2589 3078 sua.
2646 3025 2756 3077 Ista
2803 3028 2888 3076 est
2934 3023 3193 3075 adversio
3229 3028 3431 3089 vestra,
3486 3026 3540 3074 et
3582 3032 3784 3073 conten-

312 3127 598 3165 memores
628 3125 748 3164 esse
779 3110 1004 3163 debere.
1036 3109 1275 3164 Sursum
1304 3113 1369 3162 ut
1399 3125 1489 3162 me
1521 3126 1637 3162 non
1667 3110 1871 3175 tilium,
1908 3110 2005 3163 sed

313 3206 545 3271 gentem
575 3199 850 3262 ﬁrmares,
886 3197 1280 3251 testimonium
1310 3199 1469 3251 Isaia
1504 3198 1782 3267 posuisti:
1816 3199 2005 3253 Omnes

311 3294 492 3357 gentes
523 3290 684 3357 quasi
712 3288 872 3340 stillae
891 3288 1085 3352 situla,
1118 3292 1169 3339 et
1202 3289 1361 3353 quasi
1388 3302 1493 3339 non
1523 3288 1652 3341 sint.
1683 3288 1841 3340 Nunc
1870 3303 2004 3339 vero

312 3377 395 3428 tui
457 3376 666 3429 oblitus
716 3374 996 3444 propositi
1046 3378 1098 3427 te
1152 3375 1339 3443 ipsum
1392 3374 1677 3444 infringis,
1736 3375 2003 3428 dicendo:

315 3468 484 3519 Deum
530 3467 627 3532 qui
701 3468 748 3517 te
809 3466 993 3530 genuit
1039 3463 1381 3531 dereliquisti
1442 3463 1616 3533 (Deut.
1674 3478 1839 3529 xxxu,
1898 3463 2004 3533 18).

313 3554 371 3607 Si
403 3553 555 3605 enim
590 3568 681 3605 me
723 3552 940 3619 genuit,
978 3555 1140 3621 pater
1169 3566 1329 3604 meus
1357 3557 1459 3615 est,
1494 3557 1551 3605 et
1580 3568 1695 3605 non
1728 3568 1786 3605 es
1802 3555 1861 3605 tu
1884 3552 2008 3621 ejus

313 3642 469 3696 ﬁlius
517 3642 690 3695 solus.
720 3641 1060 3710 Quanquam
1078 3645 1134 3693 et
1166 3640 1453 3693 subtiliter
1493 3640 1629 3694 dum
1662 3640 2010 3710 primogeni-

313 3737 436 3783 tum
469 3731 633 3784 Israel
667 3729 833 3794 dicat,
876 3728 1017 3781 alios
1053 3732 1179 3798 post
1220 3728 1670 3799 primogenitum
1708 3746 1766 3782 se
1796 3730 2010 3783 habere

315 3819 579 3872 declarat.
624 3818 1047 3887 Primogenitns
1079 3818 1232 3871 enim
1266 3835 1381 3871 non
1424 3818 1629 3871 dicitur
1660 3818 1767 3871 nisi
1806 3818 2011 3871 fratres

315 3908 537 3968 habeat,
571 3923 814 3976 quorum
847 3906 950 3958 iste
984 3905 1056 3958 sit
1098 3907 1355 3975 primus;
1399 3912 1455 3959 et
1482 3908 1626 3961 bene
1659 3906 2010 3976 primogeni-

318 4000 427 4058 tus,
460 4011 577 4048 non
628 3994 980 4063 unigenitus,
1031 3993 1215 4047 dictus
1264 3999 1363 4046 est.
1416 3995 1475 4048 Si
1524 4000 1715 4048 autem
1765 4011 1917 4054 eum.
1952 3999 2014 4047 ut

317 4083 476 4146 dicis,
522 4082 823 4151 dereliqui,
861 4086 1085 4134 constat
1114 4097 1203 4134 me
1237 4098 1366 4134 eum
1399 4085 1563 4134 antea
1619 4098 1813 4135 nosse:
1858 4083 2011 4152 quod

320 4169 537 4236 Israeli,
569 4184 685 4221 non
718 4169 984 4236 gentibus
1014 4170 1318 4236 congruit:
1355 4170 1487 4237 quia
1529 4175 1728 4238 gentes
1759 4171 2011 4239 nonjum

321 4257 613 4327 cognitum
644 4257 1017 4326 reliquerunt,
1055 4257 1152 4310 sed
1186 4257 1442 4309 nondum
1463 4258 1754 4326 cognitum
1787 4275 2013 4311 assum-

2114 3115 2191 3168 tio
2225 3114 2388 3177 dura,
2421 3129 2548 3183 qua
2580 3129 2683 3165 nec
2713 3112 2988 3165 sacriﬁcio
3020 3112 3304 3179 expiatur,
3352 3126 3456 3162 nec
3487 3110 3692 3162 hostia.
3726 3108 3784 3159 De

2113 3220 2224 3273 qua
2250 3202 2531 3273 prOpheta
2556 3202 2665 3255 ait:
2719 3204 2997 3257 Peccatum
3027 3200 3198 3253 Juda
3246 3202 3515 3267 scriptum
3554 3204 3634 3252 est
3671 3198 3782 3261 style

2111 3295 2307 3359 ferreo,
2348 3294 2405 3344 in
2438 3306 2616 3357 ungue
2647 3290 2999 3343 adamantina
3024 3298 3311 3341 exaratum
3361 3289 3486 3355 (Jer.
3530 3304 3659 3353 xvu,
3696 3288 3781 3350 ll).

2120 3382 2187 3435 Ut
2235 3385 2290 3433 et
2336 3396 2438 3449 per
2485 3380 2703 3432 ferrum
2758 3382 2813 3432 et
2851 3394 2953 3448 per
2999 3377 3413 3431 indomabilem
3447 3376 3783 3430 adamantem

2114 3473 2463 3539 perpetuum
2494 3466 2838 3537 designaret.

2190 3561 2273 3611 ll.
2333 3556 2440 3611 Sed
2493 3556 2628 3626 quia
2682 3554 2937 3625 pollutus
2986 3554 3169 3607 multa
3214 3553 3437 3623 polluta
3497 3550 3703 3618 dixisti,
3744 3552 3787 3601 et

2117 3643 2525 3697 contumeliam
2549 3642 2761 3696 summi
2792 3642 2893 3695 Dei
2915 3641 3085 3695 surda
3126 3657 3351 3711 nequeo
3386 3657 3527 3693 aure
3551 3639 3784 3699 transire,

2118 3733 2249 3787 audi
2289 3748 2417 3803 qua
2450 3732 2675 3796 veritas,
2711 3748 2829 3784 non
2860 3730 3143 3801 superbia,
3182 3730 3336 3784 dicit.
3370 3730 3541 3795 Audi,
3586 3727 3787 3782 inimice

2121 3822 2218 3875 Dei
2266 3820 2491 3885 excelsi,
2545 3820 2678 3873 audi
2724 3820 3057 3889 profanator
3103 3818 3245 3888 juris
3293 3817 3495 3884 divini,
3543 3818 3786 3879 audi,sa-

2118 3910 2286 3963 crarii
2314 3919 2333 3943 ε
2372 3909 2613 3961 violator
2643 3908 2844 3975 sancti,
2879 3907 3035 3971 audi,
3068 3923 3336 3960 vasorum
3371 3907 3604 3960 Domini
3643 3908 3785 3960 latro:

2120 3999 2253 4069 quia
2285 3997 2342 4050 in
2386 4001 2609 4050 tantum
2657 4012 2912 4066 unquam
2943 3997 3011 4049 de
3051 3995 3396 4049 Sodomitica
3438 3995 3607 4047 vinea
3652 3992 3785 4053 bibit,

2121 4093 2177 4140 et
2208 4087 2401 4139 vinum
2445 4084 2660 4149 livoris,
2705 4085 3014 4138 draconum
3062 4084 3443 4153 aspidumque
3491 4083 3703 4145 libavit,
3745 4085 3793 4130 ut

2120 4179 2183 4227 tu
2210 4174 2305 4243 qui
2341 4190 2511 4226 ausus
2539 4190 2597 4226 es
2651 4179 2848 4225 contra
2892 4173 3183 4225 Excelsuin
3233 4172 3292 4223 in
3333 4171 3602 4240 superbia
3644 4168 3790 4223 extol-

2121 4262 2258 4327 lere,
2294 4266 2349 4315 et
2378 4278 2505 4315 cum
2539 4262 2767 4315 diabolo
2798 4261 3147 4314 calumniam
3184 4260 3322 4314 Filio
3360 4259 3458 4313 Dei
3492 4254 3791 4311 instruere?

322 4349 579 4416 pserunt.
622 4348 733 4397 Aut
781 4344 933 4397 enim
985 4360 1074 4397 me
1124 4345 1385 4398 Judaeum
1420 4345 1673 4399 ﬁrmabis
1723 4352 1780 4399 et
1832 4348 2011 4400 tilium
2052 4346 2095 4399 D
2128 4350 2263 4414 Quis
2297 4367 2549 4421 unquam
2581 4355 2737 4403 tanta
2768 4349 3017 4403 cacitate
3055 4365 3356 4417 percussus
3392 4353 3495 4414 est,
3540 4348 3643 4419 qui
3672 4346 3791 4400 dicat

324 4434 443 4500 Dei,
498 4437 559 4485 ut
608 4449 737 4485 eum
769 4432 867 4502 qui
919 4448 1008 4485 me
1039 4432 1238 4502 genuit
1271 4432 1641 4502 dereliquisse
1691 4435 2014 4500 conﬁrmes,

325 4528 421 4575 aut
452 4526 704 4591 gentem,
740 4526 795 4574 et
823 4528 878 4573 te
920 4521 978 4572 in
1007 4536 1210 4573 vanum
1244 4525 1446 4573 cuncta
1480 4522 1734 4590 posuisse
1776 4524 2011 4577 dolebis.

323 4612 431 4666 Sed
480 4617 541 4663 tu
593 4610 727 4662 dum
781 4607 1196 4661 invectionibus
1227 4614 1284 4660 et
1336 4610 1695 4662 contumeliis
1737 4615 1888 4664 totus
1919 4628 2017 4664 vo-

321 4699 559 4752 lntando
590 4698 851 4761 desudas,
884 4702 1009 4749 tuas
1054 4712 1163 4748 non
1214 4695 1453 4765 corrigis
1499 4713 1698 4766 nugas.
1748 4699 1910 4753 Vides
1962 4704 2019 4753 te

322 4788 628 4841 verborum
677 4791 909 4839 tuorum
974 4785 1248 4837 lanternis
1298 4785 1573 4852 vinctum,
1634 4793 1691 4840 et
1734 4804 1850 4841 non
1906 4805 2021 4841 ara-

323 4892 564 4930 nearum
622 4872 931 4936 cassiculis,
989 4872 1084 4925 sed
1146 4872 1455 4926 fortissimo
1512 4879 1567 4927 et
1639 4876 1819 4928 solido
1869 4883 2018 4930 recte

325 4964 715 5018 constrictum.
755 4964 816 5015 Et
873 4977 1180 5014 conversus
1217 4978 1295 5027 es,
1327 4962 1430 5027 ais,
1466 4963 1535 5016 ad
1585 4963 1875 5018 hominem
1920 4982 2017 5035 pe-

324 5052 592 5105 riturum.
646 5051 851 5104 Eadem
899 5065 1053 5103 enim
1112 5051 1341 5121 repetis,
1383 5058 1439 5104 et
1492 5053 1859 5107 stoliditatem
1906 5061 2019 5107 tua

325 5139 585 5209 segnitia
617 5138 792 5191 semel
826 5154 934 5191 non
983 5138 1191 5193 sufﬁcit
1218 5140 1653 5195 demonstrasse.
1687 5142 1782 5195 Ais
1827 5142 2016 5197 enim:

325 5229 619 5284 Conuersus
665 5242 719 5280 es
770 5227 844 5279 ad
895 5228 1159 5281 hominem
1213 5232 1546 5296 periturum;
1600 5247 1735 5301 ergo
1782 5238 1844 5285 tu
1879 5232 2021 5285 mihi

325 5317 485 5369 testis
510 5332 589 5380 es,
620 5315 773 5385 quod
816 5316 990 5369 Deum
1042 5316 1395 5371 adoraverim
1426 5318 1616 5372 vivum
1644 5336 1656 5372 :
1694 5335 1872 5389 usque
1922 5320 2021 5374 diu

396 5454 421 5478 ι
458 5443 791 5497 Trinitatem
820 5443 880 5496 in
903 5444 1038 5498 Deo.

396 5518 422 5557 ι)
460 5518 695 5583 Spw-ca.

397 5596 416 5620 °
456 5584 731 5655 Ms.,jura
860 5588 1180 5640 sacrarium.

2128 4439 2471 4492 munditiam
2512 4438 2829 4508 pollutione
2870 4438 3022 4490 vinci
3045 4438 3121 4492 d?
3158 4439 3403 4501 Intuere,
3439 4436 3633 4503 miser,
3666 4432 3789 4505 quod

2128 4527 2325 4581 Phabi
2375 4527 2521 4579 radii
2563 4528 2809 4580 cloacam
2850 4531 3171 4595 penetrent,
3223 4542 3327 4577 nec
3377 4530 3574 4578 tamen
3604 4531 3697 4577 aut
3726 4523 3789 4573 lu-

2128 4617 2281 4669 mine
2326 4616 2558 4685 proprio
2590 4625 2611 4649 °
2644 4620 2856 4681 carent,
2905 4622 3004 4667 aut
3033 4614 3459 4668 immunditiam
3491 4614 3691 4666 cloaca
3719 4625 3790 4662 su-

2130 4712 2310 4759 munt.
2344 4705 2492 4768 Quin
2520 4705 2709 4773 potius
2748 4704 3063 4757 exsiccetur
3093 4705 3302 4765 cloaca,
3339 4709 3395 4755 et
3436 4702 3571 4755 solis
3606 4700 3792 4755 lumina

2128 4810 2355 4864 semper
2383 4800 2721 4863 permanent
2750 4794 2919 4847 clara.
2953 4793 3113 4856 Quod
3144 4793 3188 4844 si
3222 4792 3421 4845 oculus
3463 4791 3613 4856 cali,
3635 4792 3789 4843 famu-

2130 4884 2215 4934 lus
2246 4898 2416 4951 super
2446 4890 2594 4934 astra
2625 4882 2895 4945 tonantis,
2931 4883 3012 4934 sol
3044 4881 3163 4933 hac
3194 4880 3342 4944 facit,
3392 4885 3607 4949 quanto
3641 4876 3794 4944 magis

2128 4972 2222 5024 ille
2264 4973 2362 5041 qui
2394 4972 2572 5025 solem
2612 4970 2868 5023 creavit?
2910 4971 2971 5023 Et
3015 4970 3225 5023 difﬁdis
3279 4970 3346 5021 de
3391 4969 3489 5022 Dei
3542 4966 3789 5038 potentia.

2128 5061 2288 5130 cujus
2335 5077 2508 5130 opera
2554 5059 2811 5130 quotidie
2871 5059 3152 5128 conspicis
3209 5059 3393 5111 inira?
3452 5058 3594 5111 Dicis
3649 5053 3787 5117 milii,

2129 5151 2417 5219 quomodo
2459 5165 2588 5202 caro
2626 5164 2856 5202 carnem
2900 5148 3119 5217 genuit,
3163 5154 3218 5200 et
3247 5147 3454 5201 violata
3502 5163 3616 5199 non
3649 5142 3788 5199 exsti-

2128 5238 2245 5291 tit‘?
2286 5238 2417 5291 Dico
2448 5237 2568 5304 tibi,
2604 5238 2849 5307 qualiter
2893 5238 3052 5306 virga
3088 5240 3275 5290 Aaron
3323 5252 3497 5290 nuces
3537 5234 3787 5305 produxit,

2129 5332 2184 5379 et
2213 5327 2467 5396 plantata
2499 5342 2617 5379 non
2662 5326 2771 5379 fuit
2820 5326 3064 5396 qualiter
3111 5325 3192 5378 sol
3235 5325 3559 5378 naturalem
3602 5328 3786 5377 motum

2199 5450 2225 5491 d
2273 5450 2391 5511 M5,,
2426 5450 2650 5501 vinceri.

2198 5532 2220 5556 ε
2260 5520 2357 5574 Ms.
2388 5518 2567 5573 lumen
2596 5520 2897 5588 proprium.
