3860 6262
51 348 143 395 501

1626 345 1996 401 ΕΡΙΞΤΟΙΑΕ.

3461 350 3561 401 502

49 474 399 545 relinquens
420 516 437 543 ,
497 474 853 547 longiuscule
931 475 1084 529 diem
1155 474 1397 529 lucendo
1450 475 1770 544 protraxit?
1807 479 1851 530 A
1882 475 1981 529 alti
2011 474 2204 530 throni
2236 476 2501 530 manibus
2530 476 2802 530 fabricata
2832 477 3188 546 receptacula
3217 476 3419 530 vulvae.
3452 480 3573 530 Au-

52 563 363 627 Quomodo
398 565 571 618 maris
611 564 786 631 unda,
831 563 1068 617 ﬂuentia
1117 567 1335 618 natura:
1384 579 1503 617 suae
1565 563 1762 629 oblita,

53 652 260 705 erectis
306 653 691 723 marginibus,
739 652 966 722 glaciali
1013 652 1203 722 rigore
1226 652 1482 706 solidatis
1513 652 1764 723 gurgiti-

52 742 176 805 bus,
211 747 284 795 ut
326 758 528 796 murus
560 743 759 796 tirmus
790 742 988 795 stetit?
1026 742 1282 804 Qualiter
1331 742 1510 807 asina,
1553 741 1764 794 animal

52 830 317 900 pecuale,
370 831 652 884 humanas
706 830 813 883 rite
866 830 1122 900 loquelas
1172 828 1482 899 produxit?
1545 828 1764 893 Quibus

53 918 239 972 modis
267 921 357 972 sol
382 935 484 989 per
510 918 827 989 orelegium
858 929 879 953 ³
913 918 1187 987 gradibus
1224 916 1553 987 quindecim
1608 923 1761 970 retro

52 1023 107 1061 se
138 1007 360 1061 vertit?
399 1009 459 1061 Et
486 1007 625 1061 dum
653 1007 761 1060 ista
797 1007 992 1059 omnia
1022 1023 1134 1059 non
1181 1006 1616 1066 rationabiliter,
1663 1006 1759 1058 sed

53 1096 459 1166 potentialiter
503 1096 649 1150 facta
687 1094 1041 1165 cognoveris,
1091 1094 1230 1147 velis
1274 1094 1424 1147 nolis
1476 1096 1501 1136 ι)
1549 1093 1761 1146 invitus

53 1184 289 1238 silentio
324 1185 584 1255 linguam
634 1184 1016 1251 constringes.
1061 1184 1125 1236 Et
1154 1199 1284 1235 cum
1335 1198 1432 1235 ore
1488 1182 1758 1251 pestifero

56 1275 237 1327 multa
291 1273 567 1344 pestifera
616 1273 776 1341 dicis,
823 1273 961 1326 dum
1008 1288 1111 1341 per
1155 1270 1459 1341 virginalia
1515 1272 1760 1324 claustra

56 1361 466 1433 pollutumque
498 1366 748 1415 meatum
798 1362 1046 1431 prapriis
1082 1360 1246 1414 labiis
1267 1360 1548 1415 osculasse
1596 1360 1757 1429 geni-

55 1450 190 1503 talia
220 1450 459 1513 astruis,
484 1466 611 1519 quae
664 1450 1050 1503 inverecunda
1089 1450 1276 1503 fronte
1322 1465 1529 1518 procax
1585 1448 1759 1502 satius

59 1539 373 1608 protulisti,
405 1539 540 1593 dum
574 1539 770 1591 matris
815 1543 925 1592 tua:
964 1539 1321 1608 receptacula
1363 1543 1419 1591 et
1462 1538 1622 1591 sinus
1663 1537 1759 1591 in-

62 1636 247 1681 ternos
278 1629 469 1681 vulvae
498 1627 903 1680 exsecrabilem
932 1626 1282 1697 approbasti.
1314 1626 1482 1693 Audi,
1506 1627 1757 1691 sceleste,

62 1723 110 1769 et
151 1716 421 1770 omnium
469 1716 922 1770 exsecrationum
980 1717 1067 1769 vel
1123 1716 1616 1769 abominationum
1668 1732 1757 1768 re-

62 1806 232 1875 plete,
267 1806 506 1875 spiritus
539 1805 857 1872 immunde,
890 1810 945 1859 et
988 1804 1271 1859 horrende
1323 1811 1495 1876 atque
1550 1820 1655 1874 per
1703 1810 1759 1857 te

66 1894 236 1947 Deum
264 1894 461 1945 vivum
493 1892 893 1963 blasphemare
934 1909 992 1945 es
1021 1902 1041 1926 °
1098 1908 1286 1958 ausus,
1321 1898 1378 1946 et
1439 1909 1543 1962 per
1587 1908 1759 1945 vanas

60 1998 259 2035 vocum
305 1982 589 2035 novitates
640 1986 1028 2035 commentare
1068 1998 1127 2035 es
1169 1978 1196 2017 ἀ
1227 1981 1401 2035 nisus.
1465 1984 1651 2052 Atque
1697 1980 1758 2034 in

64 2070 257 2141 primis
305 2074 429 2123 toto
479 2085 714 2139 corpore
770 2075 1046 2135 tremens,
1108 2070 1271 2123 funes
1332 2074 1463 2123 tuos
1504 2069 1544 2138 ει
1568 2070 1758 2123 oculos

66 2175 214 2212 meos
264 2158 586 2212 maledictis
613 2158 961 2212 clamoribus
993 2158 1223 2223 damno,
1260 2158 1395 2228 quia
1434 2157 1569 2211 talia
1622 2174 1756 2228 per-

67 2254 338 2315 ceperunt
369 2247 657 2316 legendo:
706 2246 751 2299 si
785 2246 938 2300 enim
986 2246 1158 2299 Isaias
1218 2248 1441 2317 polluta
1496 2245 1647 2300 labia
1699 2262 1757 2299 se

70 2336 267 2388 habere
300 2340 542 2389 testatus
573 2340 659 2388 est
677 2334 810 2404 (13a.
843 2352 915 2399 νι,
968 2334 1039 2403 5),
1075 2334 1211 2404 quia
1240 2335 1299 2388 in
1330 2334 1515 2388 medio
1555 2333 1757 2403 papuli

70 2428 279 2495 polluta
307 2425 462 2479 labia
500 2424 762 2478 habentis
794 2424 1117 2490 habitabat;
1155 2425 1291 2495 quid
1325 2424 1394 2478 de
1436 2440 1525 2477 me
1566 2423 1755 2477 dicen-

67 2516 193 2567 dum
250 2519 362 2579 est,
410 2513 507 2584 qui
552 2529 670 2567 non
718 2515 904 2567 solum
946 2512 1149 2566 merito
1208 2513 1493 2582 exigente,
1558 2528 1756 2565 verum

70 2603 231 2656 etiam
269 2603 347 2655 ob
390 2606 516 2655 tuas
549 2600 786 2664 naeniae,
843 2601 1299 2672 frivolorumque
1339 2599 1759 2654 commentitias

70 2690 307 2753 fabulas,
365 2705 508 2759 quas
583 2689 781 2754 oculis,
843 2689 1194 2759 auribusque
1247 2688 1460 2754 audivi,
1504 2688 1759 2757 pollutus

70 2776 354 2828 consisto?
388 2775 502 2837 Vae,
550 2790 654 2839 vae,
687 2790 770 2827 vae
804 2773 932 2835 tibi,
974 2773 1146 2826 miser
1186 2773 1401 2841 infelix,
1435 2774 1533 2843 qui
1580 2773 1758 2841 impie

71 2864 347 2917 discutere
379 2864 550 2917 audes
587 2878 757 2933 quem
790 2862 961 2932 digne
1009 2878 1215 2932 rogare
1266 2878 1383 2916 non
1428 2862 1598 2915 vales.
1649 2861 1757 2917 Sed

72 2952 154 3005 dic
208 2953 398 3005 mihi:
441 2950 935 3013 Adulterantibus,
992 2954 1163 3020 atque
1192 2948 1369 3002 veluti
1427 2948 1560 3018 equi
1604 2948 1757 3001 insa-

74 3040 286 3093 nientes
348 3040 418 3093 ad
477 3055 677 3093 uxores
721 3039 1114 3108 proximorum
1172 3037 1629 3107 respicientibus,
1688 3052 1755 3089 ex

74 3129 184 3197 ipso
215 3129 439 3182 incestu
485 3126 844 3181 nascentibus
893 3126 1029 3196 quia
1058 3142 1295 3195 corpora
1342 3126 1599 3190 fabricat,
1650 3124 1758 3195 spi-

73 3219 321 3287 ritusque
361 3217 546 3269 vitalis
580 3214 816 3271 tribuit?
865 3231 1055 3267 nonne
1095 3214 1276 3268 Deus?
1307 3214 1365 3267 Si
1425 3214 1571 3267 Deus
1617 3229 1755 3283 ergo

75 3321 175 3357 non
208 3306 396 3358 solum
434 3305 491 3358 in
521 3310 765 3357 stercore
795 3319 998 3356 manus
1039 3302 1431 3372 plasmationis
1481 3318 1598 3355 sua:
1646 3303 1754 3354 im-

77 3394 252 3459 mittit,
287 3409 487 3446 verum
525 3392 717 3458 etiam,
750 3393 905 3462 quod
937 3391 1101 3455 absit,
1140 3391 1422 3444 malorum
1475 3405 1757 3459 coopera-

76 3488 154 3535 tor
189 3482 382 3536 existit
420 3498 550 3535 cum
590 3482 659 3534 de
704 3481 807 3534 tali
857 3480 1202 3549 contagione
1236 3479 1601 3532 nascentibus
1632 3478 1755 3532 ani-

78 3572 238 3625 males
268 3571 656 3625 tribuitﬂatos
683 3569 717 3623 '.
750 3568 907 3633 Quod
942 3574 1136 3622 uoster
1174 3568 1429 3637 prudens
1478 3583 1755 3637 magnus-

78 3675 172 3728 que
204 3661 586 3729 Hieronymus
616 3658 715 3711 tali
743 3656 847 3711 sub
877 3656 1062 3727 ﬁgura
1104 3656 1386 3726 exposuit,
1418 3660 1480 3709 ut
1511 3654 1756 3709 sementi

78 3748 209 3802 fruta
254 3748 481 3801 sublata
519 3746 691 3799 sulcis
736 3744 919 3799 indita
959 3748 1336 3815 comp-araret.
1389 3748 1477 3798 An
1519 3744 1750 3808 idcirco,

79 3836 162 3901 ait,
216 3842 369 3890 terra
409 3834 753 3889 fructiﬁcare
801 3834 902 3887 tali
955 3833 1173 3886 satione
1229 3849 1343 3886 non
1378 3832 1566 3897 debet,
1617 3831 1754 3902 quia

80 3929 216 3977 sator
243 3942 309 3978 ea
335 3936 366 3978 Β
392 3922 693 3977 immunda
713 3922 1021 3993 projecerit
1051 3923 1481 3991 manu?,verum
1507 3936 1625 3974 non
1644 3920 1754 3974 ista

81 4012 156 4064 hic
180 4012 470 4066 tractanda
500 4011 876 4081 suscepimus.

143 4104 217 4154 12.
261 4100 470 4163 Nescis,
506 4101 724 4170 inique,
761 4098 971 4170 quiain
1002 4098 1163 4152 omni
1202 4098 1351 4164 loco,
1382 4102 1499 4151 tam
1535 4096 1750 4151 mundo

82 4204 231 4257 quam
263 4188 515 4254 horrido,
564 4190 709 4241 Deus
747 4187 1018 4252 astitith;
1078 4186 1177 4240 sed
1206 4204 1320 4240 non
1384 4185 1753 4240 immunditia

81 4274 191 4340 loci,
220 4277 312 4330 sed
337 4276 622 4329 munditia
640 4274 869 4329 Domini
900 4275 1022 4327 loco
1044 4273 1368 4329 redundat?
1392 4279 1479 4328 Au
1498 4274 1749 4344 ignoras,

1871 562 1928 616 di
1952 567 2006 617 et
2036 564 2189 618 aliud
2226 581 2238 618 :
2276 567 2563 619 Faciamus
2593 567 2855 619 hominem
2882 567 2956 620 ad
2998 568 3290 634 imaginem
3326 571 3378 621 et
3424 568 3575 619 simi-

1872 653 2156 707 litudinem
2194 658 2437 707 nostram
2484 656 2638 721 (Gen.
2672 671 2709 718 ι,
2742 654 2852 724 26).
2911 656 2971 708 Et
3003 662 3060 707 tu
3096 655 3411 725 imaginem
3470 655 3571 708 Dei

1873 740 2015 793 dicis
2036 757 2156 795 esse
2188 743 2505 810 pollutam?
2530 743 2810 796 Prmvides
2832 743 3129 796 hominem
3157 744 3223 797 ad
3255 744 3567 814 imaginem

1873 829 1972 883 Dei
2008 847 2130 884 esse
2160 831 2469 884 formatum
2503 830 2761 885 lineatim
2792 848 2895 902 per
2927 833 3182 886 membra
3205 833 3529 886 distinctum
3556 848 3569 885 ε

1872 922 1928 970 et
1972 918 2031 971 in
2091 920 2515 989 exprobabilem
2576 920 2713 973 dicis
2775 928 3059 986 naturam,
3090 922 3250 989 cujus
3315 921 3565 974 divinam

1870 1007 2150 1077 prospicis
2181 1008 2461 1061 formam?
2492 1009 2604 1063 Nec
2630 1014 2816 1078 potest
2844 1009 3029 1063 dicere
3049 1010 3298 1061 animam
3330 1010 3397 1062 ad
3425 1009 3567 1062 ima-

1870 1094 2063 1164 ginem
2103 1096 2199 1148 Dei
2228 1112 2350 1149 esse
2388 1097 2709 1149 formatam.
2752 1098 2931 1150 Homo
2979 1096 3132 1150 enim
3163 1097 3233 1150 ab
3272 1097 3446 1150 humo
3478 1098 3568 1148 di-

1868 1184 2035 1249 citur,
2077 1183 2133 1237 id
2175 1190 2259 1237 est
2296 1190 2467 1249 terra,
2502 1185 2653 1238 unde
2685 1201 2893 1254 corpus
2923 1193 3115 1238 noster
3155 1192 3239 1238 est
3278 1184 3565 1250 conditus,

1871 1288 1986 1325 non
2015 1273 2085 1326 ab
2119 1273 2332 1339 anima,
2364 1272 2527 1343 cujus
2578 1274 2860 1342 originem
2898 1275 3091 1327 nullus
3135 1274 3286 1327 norit
3320 1279 3559 1326 creatus.

1867 1362 1946 1413 Ac
1975 1376 2076 1429 per
2104 1360 2209 1413 hoc
2240 1376 2355 1414 non
2386 1360 2794 1430 ignominiose,
2832 1366 2897 1415 ut
2925 1366 2987 1414 tu
3014 1362 3241 1425 astruis,
3267 1360 3567 1431 virginalia

1868 1448 2105 1519 virginis
2144 1448 2389 1518 propriis
2433 1448 2621 1519 tetigit
2660 1448 2844 1513 labiis,
2893 1450 2986 1502 sed
3038 1448 3309 1519 gloriose,
3374 1455 3436 1502 ut
3465 1465 3567 1502 nos

1868 1537 2113 1590 veridice
2162 1537 2425 1600 dicimus,
2461 1536 2890 1590 similitudinem
2941 1537 3037 1590 Dei
3090 1554 3204 1590 non
3256 1537 3441 1590 solum
3472 1542 3561 1590 te-

1868 1625 2017 1695 tigit,
2077 1626 2173 1679 sed
2229 1626 2346 1679 suis
2397 1626 2609 1695 recepit
2664 1626 2723 1679 in
2771 1626 3126 1679 membrulis.
3168 1630 3353 1697 Atque
3386 1627 3443 1679 in
3497 1642 3564 1679 ea

1871 1715 2057 1767 forma
2093 1715 2153 1767 in
2201 1718 2461 1783 tempore
2504 1713 2658 1766 nasci
2701 1714 2968 1783 dignatus
3021 1719 3124 1779 est,
3176 1713 3235 1767 in
3283 1730 3397 1783 qua
3430 1720 3561 1767 ante

1800 1777 1839 1829 Β
1870 1809 2130 1871 tempore
2160 1819 2276 1855 non
2326 1802 2670 1872 specialiter,
2705 1803 2800 1855 sed
2856 1802 3147 1867 usualiter,
3182 1806 3563 1856 monstratum

1869 1907 1927 1944 se
1976 1907 2095 1944 esse
2126 1891 2393 1944 omnibus
2439 1896 2643 1944 notum
2697 1895 2825 1943 est:
2877 1890 3010 1960 quia
3041 1890 3139 1960 qui
3184 1890 3242 1943 in
3279 1890 3562 1961 principio

1868 1979 2164 2033 hominem
2198 1996 2263 2033 ex
2294 1980 2513 2033 cunctis
2544 1978 2741 2033 bestiis
2760 1979 3149 2049 pulchriorem
3205 1980 3396 2047 elegit,
3446 1995 3562 2032 non

1867 2068 1978 2121 nisi
2005 2084 2138 2122 eum
2189 2069 2258 2121 de
2300 2068 2539 2121 consilio
2562 2068 2632 2122 ad
2668 2084 2829 2121 suam
2868 2068 3183 2137 imaginem
3233 2067 3383 2121 fecit.
3432 2068 3561 2121 Hinc

1867 2162 2070 2211 cuncta
2099 2174 2228 2227 quae
2255 2156 2486 2227 protuli,
2521 2157 2673 2210 salvo
2707 2156 2819 2209 alio
2851 2173 3042 2220 sensu,
3084 2173 3196 2227 quo
3228 2156 3564 2210 Christianis

1866 2250 2108 2299 tractare
2139 2246 2375 2299 insitum
2416 2250 2500 2298 est
2528 2245 2794 2309 diximus,
2842 2250 2904 2298 ut
2929 2246 3191 2298 .ludaicos
3221 2245 3564 2298 elideremus

1867 2350 2113 2401 errores,
2160 2350 2274 2387 non
2308 2339 2368 2386 ut
2397 2335 2603 2403 dogma
2641 2333 2981 2387 conﬁcerem
3012 2333 3369 2387 Christianis.
3412 2333 3565 2386 Con-

1868 2423 2107 2476 tumelia
2137 2439 2290 2487 vero,
2332 2438 2504 2492 quam
2537 2422 2593 2475 in
2633 2425 2808 2476 Deum
2846 2422 3045 2475 inﬂato
3095 2438 3212 2486 ore,
3246 2422 3557 2475 vesicarum

1869 2525 2025 2564 more
2063 2516 2348 2579 turgente,
2400 2510 2679 2564 diabolico
2731 2510 2955 2563 afﬂatus
3010 2510 3235 2579 spiritu,
3272 2515 3560 2563 venenatas

1869 2598 2159 2652 multoties
2204 2598 2553 2668 excerpsisti,
2601 2599 2729 2651 licet
2766 2599 2945 2652 multa
2999 2598 3320 2662 inhonesta,
3376 2603 3431 2651 et
3472 2615 3558 2651 re—

1868 2687 2174 2757 sponsione
2205 2702 2325 2741 non
2373 2687 2547 2757 digna
2585 2687 2893 2749 contineat,
2946 2691 3141 2739 tamen
3182 2686 3323 2739 nihil
3376 2687 3561 2753 majus

1868 2792 2038 2847 quam
2090 2791 2315 2829 crucem
2346 2777 2429 2828 vel
2488 2781 2751 2840 mortem,
2785 2791 2884 2827 seu
2931 2776 3000 2829 ad
3060 2775 3267 2828 inferos
3317 2775 3557 2828 descen-

1868 2865 2109 2918 sionem.
2142 2864 2421 2934 designat.
2454 2864 2617 2927 Quod
2641 2880 2741 2917 nos
2764 2880 2878 2917 non
2903 2864 3086 2916 solum
3117 2880 3226 2916 non
3253 2879 3551 2932 negamus,

1866 2970 2063 3007 verum
2098 2954 2270 3007 etiam
2304 2954 2373 3007 ad
2414 2970 2513 3006 ore
2553 2969 2714 3006 arum
2746 2959 2975 3022 tropeos
3006 2952 3039 3017 ¹,
3074 2968 3203 3005 cum
3258 2967 3369 3003 uno
3414 2951 3553 3003 ami-

1796 3075 1835 3127 Ο
1868 3058 2063 3096 corum
2113 3042 2306 3111 sponsi
2338 3042 2494 3095 velut
2526 3041 2777 3094 victricia
2817 3056 2917 3094 seu
2950 3040 3368 3107 triumphantia
3396 3055 3557 3091 arma

1865 3133 2222 3196 extollentes,
2262 3130 2530 3194 diximus,
2565 3130 2652 3183 vel
2706 3130 2960 3183 dicemus
2994 3145 3007 3182 :
3060 3129 3223 3183 Nobis
3264 3127 3409 3182 absit
3439 3128 3554 3193 glo-

1861 3222 2024 3285 riari,
2068 3219 2186 3274 nisi
2232 3222 2289 3272 in
2337 3234 2490 3272 cruce
2537 3220 2752 3272 Domini
2780 3219 2957 3271 nostri
2993 3221 3120 3271 Jesu
3164 3216 3372 3271 Christi
3412 3216 3551 3282 (Gal.

1860 3326 1936 3375 vi,
1987 3307 2090 3378 14).
2141 3308 2353 3361 Cuncta
2378 3323 2509 3360 vero
2551 3322 2680 3377 quae
2731 3306 2945 3371 dixisti,
2983 3312 3038 3359 et
3069 3305 3345 3374 ampliora
3385 3305 3557 3359 Isaias

1861 3397 2141 3467 propheta
2175 3396 2243 3449 de
2280 3403 2355 3458 te,
2392 3395 2619 3463 tuisque
2661 3394 2941 3447 similibus
2986 3399 3204 3458 texens,
3240 3392 3554 3462 proposuit,

1864 3487 1961 3539 ubi
1994 3485 2115 3538 haec
2148 3484 2412 3537 universa.
2446 3501 2538 3537 vos
2565 3484 2752 3537 dicere
2792 3482 3184 3552 prophetavit,
3236 3482 3306 3534 ab
3337 3497 3402 3532 eo
3438 3480 3557 3533 loco

1860 3573 1919 3627 in
1950 3590 2063 3643 quo
2103 3573 2181 3626 ait
2229 3574 2361 3639 (Isa.
2405 3588 2495 3629 ιιι,
2529 3572 2614 3637 13)
2644 3588 2655 3624 :
2703 3572 2845 3625 Ecce
2873 3572 3135 3637 intelliget
3163 3586 3354 3623 servus
3385 3584 3552 3634 meus,

1862 3678 2041 3732 usque
2072 3662 2141 3714 ad
2173 3676 2302 3713 eum
2336 3660 2436 3713 ubi
2477 3659 2555 3712 sic
2596 3659 2764 3711 verba
2803 3658 2988 3711 ﬁnivit
3020 3674 3033 3710 :
3070 3660 3136 3711 Et
3183 3660 3297 3726 ipse
3335 3662 3555 3724 peccata

1858 3752 2149 3804 multorum
2207 3749 2334 3802 tulit
2393 3753 2443 3802 et
2493 3762 2593 3815 pro
2650 3746 3141 3814 transgressoribus
3201 3746 3381 3798 oravit
3440 3744 3550 3812 (Id.

1859 3854 1972 3900 LIII,
2005 3840 2110 3901 t2).

1934 3930 2016 3981 13.
2077 3924 2289 3995 Adjicis
2357 3924 2527 3977 aliam
2583 3922 2979 3993 gravissimam
3040 3922 3250 3973 molem
3316 3920 3549 3974 dicens:

1856 4015 2173 4069 Malcdictus
2203 4016 2299 4083 qui
2328 4012 2547 4081 conﬁdit
2600 4018 2655 4065 in
2695 4013 2903 4064 homine
2930 4011 3057 4080 (Jer.
3109 4026 3217 4063 xvu
3252 4008 3322 4077 5).
3388 4008 3551 4078 quasi

1855 4104 1985 4157 ideo
2027 4102 2318 4156 hominem
2341 4101 2589 4166 credam,
2621 4099 2754 4169 quia
2782 4099 2956 4152 homo
2979 4103 3081 4163 est,
3113 4104 3169 4151 et
3198 4114 3312 4151 non
3358 4097 3551 4167 potius

1859 4208 1990 4244 eum
2021 4191 2276 4254 adorem,
2328 4189 2462 4259 quia
2506 4190 2653 4242 Deus
2710 4194 2807 4240 est.
2863 4188 3032 4241 Recte
3068 4188 3174 4240 hoc
3224 4186 3461 4252 diceres,
3503 4184 3553 4237 si

1860 4297 1950 4333 me
2006 4296 2217 4348 purum
2260 4294 2389 4331 eum
2453 4277 2748 4331 hominem
2797 4281 2854 4329 et
2914 4292 3028 4329 non
3087 4277 3265 4329 Deum
3323 4275 3553 4327 credere

84 4365 210 4432 (ιυοό
243 4364 387 4418 nihil
419 4363 784 4417 immundum
818 4363 951 4427 Deo,
984 4362 1081 4433 qui
1114 4378 1183 4415 ex
1230 4361 1531 4416 immundo
1564 4365 1749 4432 ροιεεῐ
1789 4372 1832 4425 D
1862 4384 2010 4438 saepe
2064 4367 2336 4421 audisses.
2384 4367 2491 4421 Sed
2549 4365 2686 4436 quia
2755 4366 2893 4419 dum
2964 4365 3177 4418 nimius
3235 4363 3453 4417 incedis
3499 4367 3555 4415 et

85 4451 241 4505 facere
263 4451 589 4507 mundum?
631 4451 753 4505 Non
782 4450 1049 4518 attendis,
1082 4451 1232 4521 quod
1284 4451 1457 4505 etiam
1501 4450 1750 4504 inferna-

87 4537 179 4593 lem
206 4540 390 4594 locum
444 4541 770 4604 horrorum,
815 4539 1242 4609 pedoribusque
1275 4539 1578 4593 fetentium
1629 4555 1751 4592 om-

89 4628 223 4682 nium
251 4630 510 4700 pejorem
541 4632 804 4699 penetrat
836 4627 1025 4681 Deus?
1073 4632 1183 4683 Aut
1211 4627 1365 4681 enim
1400 4629 1578 4682 Deum
1604 4643 1755 4681 crea-

86 4720 240 4771 torem
268 4734 481 4789 corpus
512 4722 767 4771 nostrum
798 4716 1133 4770 frabricasse
1156 4716 1431 4781 ﬁrmabis,
1453 4722 1551 4771 aut
1574 4717 1752 4770 alium

87 4811 373 4859 creatorem
410 4811 613 4876 praeter
667 4807 847 4861 Deum
879 4820 1000 4858 esse
1039 4804 1326 4859 defendes.
1365 4805 1538 4858 David
1598 4804 1751 4858 enim

87 4893 233 4947 audet
260 4899 315 4948 et
339 4895 476 4949 dicit
506 4910 519 4947 :
560 4895 765 4948 Manus
811 4900 915 4948 tua
933 4895 1176 4959 fecerunt
1212 4909 1311 4959 me,
1363 4899 1414 4947 et
1442 4896 1753 4962 plasmare-

89 4988 193 5035 runt
224 4999 303 5036 me
342 4984 518 5053 (Psai.
553 4998 732 5043 cxvui,
767 4984 887 5051 73).
942 4983 1011 5036 Et
1039 4987 1191 5035 certe
1221 4981 1354 5035 alibi
1390 4982 1527 5035 dicit
1558 4998 1572 5036 :
1621 4984 1754 5037 Ecce

89 5070 131 5120 in
156 5071 532 5140 iniquitatibus
583 5076 863 5139 conceptus
918 5085 1057 5137 sum,
1089 5076 1138 5125 et
1188 5073 1246 5124 in
1299 5070 1507 5124 delictis
1546 5074 1755 5141 peperit

92 5170 153 5208 me
190 5164 357 5211 mater
414 5174 534 5212 mea
583 5158 755 5227 (Psai,
811 5174 860 5225 L,
924 5162 997 5225 7).
1059 5158 1224 5212 Vides
1283 5174 1486 5211 manus
1528 5160 1755 5213 Domini

91 5243 189 5311 ipsa
224 5246 501 5317 genitalia
543 5263 672 5317 quae
708 5252 768 5299 tu
800 5263 970 5301 exosa
1008 5247 1167 5311 dicis,
1214 5247 1446 5314 fecisse;
1476 5248 1754 5318 conspicis

145 5393 165 5417 ³
196 5387 253 5440 Id
279 5392 364 5441 est
393 5389 747 5455 horologium.

146 5458 166 5498 ι’
199 5459 314 5523 Ms,
345 5459 520 5513 nobis.

148 5531 185 5570 τά
220 5529 339 5595 Ἄρη,
375 5536 474 5583 est.

149 5610 164 5633 '
201 5600 254 5653 Ρ.
286 5602 548 5667 funeslos.

1862 4472 2058 4509 amore
2083 4455 2504 4509 contradicendi
2535 4455 2793 4524 linguam
2830 4454 3203 4523 maliloquani
3235 4458 3553 4521 temperare

1863 4562 1892 4598 a
1920 4544 2283 4598 contumeliis
2322 4543 2525 4607 nescis,
2558 4550 2613 4596 te
2653 4543 2841 4613 ipsum
2874 4549 2971 4595 tuo
3019 4558 3153 4594 ense
3186 4541 3410 4593 occidis.
3459 4539 3553 4593 Dic

1864 4633 2027 4699 mihi,
2059 4649 2180 4698 oro,
2214 4632 2261 4685 si
2310 4647 2607 4702 nunquam
2650 4630 2879 4701 penitus
2927 4630 3113 4681 valeas
3147 4644 3159 4681 :
3196 4629 3372 4681 Istum
3421 4628 3553 4679 Mes-

1863 4723 2025 4787 siam,
2059 4736 2231 4790 quem
2281 4720 2538 4788 speratis,
2576 4717 2869 4771 hominem
2913 4732 3052 4783 esse,
3106 4731 3175 4767 an
3212 4716 3388 4767 Deum
3431 4730 3550 4766 cre-

1862 4809 2037 4864 ditis?
2067 4808 2123 4862 Si
2151 4808 2321 4861 homo
2368 4812 2473 4872 est,
2521 4804 2805 4858 maledicti
2854 4820 2947 4856 vos
2977 4818 3175 4856 omnes
3207 4801 3359 4864 estis,
3418 4800 3554 4870 quia

1863 4912 2091 4952 carnem
2126 4895 2423 4949 brachium
2456 4893 2615 4946 vobis
2647 4908 2769 4945 esse
2799 4889 3100 4944 contiditis.
3145 4888 3201 4943 Si
3252 4889 3400 4941 Deus
3446 4895 3551 4953 est,

1863 5002 1998 5056 ergo
2028 5001 2141 5037 non
2176 4990 2260 5036 est
2287 4982 2478 5043 David,
2518 4997 2633 5034 non
2683 4979 2835 5033 ﬁlius
2866 4980 3008 5048 ejus,
3048 4994 3147 5031 nec
3179 4975 3418 5029 vinculis
3465 4993 3553 5029 re-

1862 5075 2101 5143 ligatus;
2166 5072 2300 5141 quia
2353 5071 2498 5123 Deus
2544 5068 2686 5121 liber
2735 5073 2837 5133 est,
2888 5082 2991 5119 nec
3033 5066 3421 5135 cujuscunque
3471 5071 3555 5118 est

1863 5178 2073 5215 servus.
2127 5160 2248 5213 Non
2280 5164 2333 5211 te
2362 5158 2560 5228 pudet,
2592 5154 2980 5209 infelicissima
3034 5154 3385 5220 mortalium,
3436 5160 3554 5207 tam

1864 5248 2172 5303 ridiculosa
2202 5245 2405 5299 sectari
2454 5245 2750 5314 ﬁgmenta,
2793 5248 2857 5296 ut
2903 5248 3225 5297 monstrum
3258 5247 3553 5312 portento-

1934 5388 1952 5422 ί
1990 5386 2217 5456 Aliquid
2250 5386 2421 5439 deest.

1936 5472 1965 5513 ε
2004 5459 2125 5520 Ms.,
2160 5459 2293 5525 quia
2322 5462 2590 5511 asatorea.

1935 5532 1961 5572 h
2003 5530 2058 5583 F.
2093 5530 2322 5581 assistit.

1938 5599 1949 5633 ¹
1993 5601 2035 5653 l.
2069 5598 2637 5669 adorearumitropaza.
2672 5596 2730 5651 id
2780 5604 2882 5665 est,
2926 5598 3122 5670 gloriae
3163 5600 3553 5652 monumenta.
