3860 6262
268 252 367 301 503

1663 252 1913 307 ALVARI
1956 252 2441 307 CORDUBENSIS
3664 254 3781 298 25m

271 399 420 449 sum,
466 398 637 452 quem
686 381 920 435 vinculis
976 382 1345 434 constrictum
1392 386 1446 434 et
1495 382 1708 435 catenis
1769 383 1966 436 ferreis
2005 388 2048 439 Α
2079 390 2175 438 tua
2206 384 2624 454 prosecutione,
2658 398 2792 453 ergo
2832 386 2887 435 et
2919 386 3115 451 gentes
3158 381 3354 434 libera:
3404 387 3540 435 sunt
3584 398 3616 433 a
3647 399 3791 451 sup-
3830 376 3831 399 ‘

274 472 433 525 audis
489 472 749 540 ligatum,
792 476 954 525 tuum
996 476 1059 524 ut
1096 470 1169 523 sit
1199 476 1487 540 exspectes
1533 471 1858 541 refugium?
1903 474 1965 526 Et

272 561 400 615 ideo
450 560 786 613 maledictus
837 565 901 613 tu
958 560 1017 612 in
1071 559 1260 624 domo,
1319 559 1653 613 maledictus
1703 560 1761 614 in
1808 578 1965 630 agro,

274 648 572 704 Psalmista
624 648 838 718 pariter
882 653 1303 718 concrepante:
1359 650 1623 718 Deﬁciunt
1666 657 1969 718 peccatores

274 754 309 791 a
382 743 528 791 terra
600 742 649 789 et
708 739 910 807 iniqui,
989 740 1070 790 ita
1141 742 1201 790 ut
1276 752 1380 789 non
1447 738 1747 792 subsistant
1798 740 1963 808 (Psal.

275 844 387 895 CUI,
417 830 528 896 35).

350 918 433 969 14.
475 916 720 985 Reliqua
762 932 893 968 vero
935 931 1063 985 quae
1124 915 1359 984 posuisti
1410 915 1778 984 responsione
1828 916 1973 970 indi-

277 1021 392 1073 gna
469 1004 666 1074 judico
741 1020 882 1068 esse,
964 1020 1067 1073 pro
1140 1022 1204 1057 eo
1264 1003 1411 1073 quod
1480 1020 1546 1057 ea
1608 1021 1821 1073 ponere
1867 1006 1969 1059 tibi

279 1098 474 1146 contra
506 1109 596 1146 me
648 1093 879 1162 placuit,
933 1108 1061 1161 qua:
1113 1100 1208 1146 tua
1259 1093 1503 1161 segnitia
1551 1110 1847 1163 nunquam
1880 1111 1971 1148 me

281 1187 588 1251 negantem
619 1181 853 1234 audivit.
894 1182 1032 1234 Nam
1067 1181 1219 1249 quod
1266 1181 1404 1234 dicis
1440 1199 1451 1235 :
1486 1184 1599 1237 Non
1630 1186 1757 1247 fecit
1789 1185 1975 1237 taliter

282 1272 427 1324 omni
463 1273 674 1324 nationi
701 1270 867 1340 (Psal.
902 1285 1097 1335 CXLVII,
1133 1269 1241 1339 26),
1288 1270 1407 1339 jam
1441 1287 1530 1323 me
1562 1272 1748 1341 ipsam
1784 1272 1974 1325 natio-

281 1375 434 1425 nem,
459 1359 549 1411 cui
576 1363 736 1411 tanta
763 1357 916 1425 fecit,
950 1375 1069 1411 esse
1097 1358 1339 1412 tirmavi.
1375 1361 1437 1412 Et
1470 1376 1573 1413 nec
1616 1375 1846 1413 necesse
1894 1365 1977 1413 est

283 1447 424 1500 mihi
470 1446 640 1500 latius
680 1463 1048 1516 prosequere,
1105 1448 1258 1518 quod
1301 1448 1548 1501 breviter
1579 1449 1841 1518 superius
1895 1450 1979 1503 in-

286 1535 496 1589 tentavi
532 1552 544 1587 :
575 1534 709 1605 quia
740 1540 796 1587 et
823 1535 1117 1589 fastidium
1164 1542 1439 1606 generant
1474 1537 1681 1606 sa‘pius
1714 1539 1972 1607 repetita,

286 1628 341 1677 et
378 1624 820 1693 intelligentiam
862 1625 1168 1677 obscurant
1217 1624 1507 1678 multoties
1555 1625 1722 1679 dicta.
1775 1628 1977 1681 Fumus

286 1729 420 1766 vero
466 1718 581 1765 tua;
621 1712 889 1765 caecitatis
921 1712 1289 1782 adspargens,
1329 1715 1748 1784 domorunique
1791 1716 1979 1787 caligi-

287 1819 407 1868 nes,
442 1801 650 1871 quibus
685 1802 881 1853 lumen
928 1805 1184 1854 nostrum
1239 1802 1544 1856 obclndere
1597 1805 1756 1874 cupis
1788 1805 1927 1857 dicis
1956 1819 1979 1848 τι

285 1896 340 1944 te
369 1893 425 1944 in
459 1891 807 1943 Francorum
853 1890 1003 1960 regis
1035 1890 1247 1959 palatio
1297 1891 1502 1945 vidisse
1545 1894 1979 1962 quatuordecim

284 1976 435 2029 viros
465 1975 614 2029 inter
658 1993 714 2029 se
744 1977 897 2047 ipsos
942 1978 1097 2030 cultu
1148 1979 1420 2032 diversos.
1464 1980 1633 2044 Quasi
1675 1982 1977 2035 nescienti-

282 2064 390 2118 bus
416 2065 625 2119 videris
649 2067 862 2135 jactare
895 2066 1233 2121 doctrinam.
1267 2068 1412 2131 Quid
1451 2070 1605 2123 enim
1642 2071 1783 2125 mihi
1822 2072 1982 2125 obest

286 2154 439 2225 quod
472 2154 685 2221 vidisti,
722 2159 778 2208 et
808 2155 949 2208 mihi
992 2158 1285 2210 renuntias
1327 2159 1480 2227 quod
1530 2160 1703 2213 etiam
1757 2161 1803 2213 si
1862 2177 1979 2215 non

284 2244 542 2311 vidisses,
616 2249 670 2297 et
729 2243 935 2297 vidisse
1006 2251 1061 2298 te
1101 2245 1287 2299 dicere
1364 2248 1633 2316 poteras?
1710 2250 1979 2319 Nunquid

286 2333 491 2402 ignoro
552 2332 867 2387 novitatum
926 2349 1165 2401 errores,
1222 2341 1277 2387 et
1331 2338 1695 2407 septuaginta
1740 2338 1982 2393 duarum

284 2422 571 2475 haeresum
594 2422 920 2491 pravitates,
942 2423 1058 2475 imo
1095 2423 1267 2477 etiam
1294 2424 1436 2477 ritus
1455 2425 1707 2478 diversos
1739 2426 1980 2496 legendo

284 2510 547 2579 cognovi,
584 2510 715 2563 licet
753 2516 806 2563 te
849 2527 1148 2580 nunquam
1187 2512 1638 2565 renuntiatorem
1687 2514 1977 2568 haberem.

287 2600 533 2652 Deorum
567 2615 701 2652 vero
733 2599 1036 2669 gentilium
1064 2616 1164 2652 cur
1190 2602 1584 2654 enumerando
1617 2604 1982 2673 prosequeris

284 2687 541 2751 nomina,
596 2703 844 2756 quorum
892 2688 997 2741 hoc
1053 2693 1313 2756 tempore
1364 2691 1553 2742 nullus
1595 2691 1887 2759 prazliatur
1934 2695 1976 2744 Ι).

287 2775 396 2828 Sed
430 2774 568 2829 dicis
599 2792 610 2827 :
664 2775 933 2845 Nunquid
969 2780 1028 2829 tu
1060 2777 1305 2845 majores
1336 2778 1531 2830 domos
1559 2779 1689 2831 Jesu
1719 2786 1816 2831 tuo
1848 2780 1982 2831 facis

286 2880 457 2933 quam
480 2864 561 2916 illi
592 2864 696 2917 diis
728 2864 845 2917 suis
873 2865 1149 2933 fecerunt,
1187 2882 1317 2918 cum
1359 2882 1505 2919 unus
1534 2883 1599 2919 ex
1639 2866 1725 2919 his
1774 2868 1852 2921 ita
1894 2868 1980 2921 sui

289 2952 514 3005 delubri
549 2953 756 3006 deﬂeat
786 2969 954 3007 causa
984 2962 1004 2987 ε
1031 2970 1043 3007 :

411 3058 524 3121 Hei,
546 3058 683 3121 mihi
702 3057 811 3120 jam
842 3059 993 3106 video
1023 3060 1209 3108 subitis
1245 3060 1455 3121 lapsura
1482 3061 1648 3108 ruinis

413 3119 637 3167 Condita
664 3119 804 3167 fama
832 3121 941 3179 diu,
970 3122 1150 3183 templi
1181 3119 1389 3184 quoque
1426 3123 1620 3171 nobilis
1653 3122 1838 3171 tndem.

288 3218 391 3269 Pro
424 3233 538 3286 quo
568 3232 672 3270 nos
694 3217 800 3271 ista
822 3218 1229 3288 subjungimus
1262 3236 1274 3271 :

412 3323 760 3372 Rancidolum
792 3323 1041 3386 quiddam
1068 3325 1224 3373 balba
1253 3325 1316 3373 de
1347 3339 1472 3374 nare
1504 3327 1711 3375 locutus

414 3386 737 3449 Praestrepis,
768 3401 828 3435 ac
862 3392 1041 3435 tenero
1077 3387 1099 3419 ά
1152 3388 1459 3450 supplautas
1493 3391 1643 3437 verba
1668 3392 1859 3452 palato.

291 3484 385 3538 Dic
437 3482 600 3549 mihi,
653 3482 847 3547 miser,
910 3489 966 3537 et
1010 3489 1202 3538 tamen
1261 3501 1377 3537 non
1425 3485 1789 3555 miserabilis,
1847 3487 1984 3557 quid

289 3572 664 3625 emolumenti
721 3572 825 3626 tibi
872 3573 977 3626 ista
1026 3572 1250 3627 advexit
1314 3574 1662 3627 narrationis
1705 3576 1986 3629 invectio?

289 3662 472 3731 placet
494 3677 563 3714 ne
580 3661 705 3728 tibi,
740 3666 799 3714 ut
819 3666 915 3714 tuo
946 3662 1050 3715 tibi
1074 3668 1253 3733 etego
1278 3678 1543 3717 sermone
1581 3664 1981 3732 respondeam,

290 3750 639 3820 dicamque:
702 3750 976 3820 Nunquid
1026 3760 1088 3804 tu
1140 3752 1253 3804 Deo
1313 3755 1410 3805 tuo
1465 3753 1714 3821 majores
1760 3754 1981 3819 domos,

290 3855 463 3909 quam
491 3838 570 3892 dii
598 3838 859 3893 homines
890 3840 998 3893 diis
1028 3840 1144 3892 suis
1190 3840 1489 3909 fabricare,
1526 3847 1690 3911 potes
1722 3842 1985 3912 erigere?

290 3927 506 3981 Addam
539 3926 586 3979 si
620 3928 780 3995 velis,
809 3928 982 3981 etiam
1012 3928 1165 3981 aliud
1208 3933 1262 3981 et
1290 3929 1552 3983 Jeremiae
1581 3946 1683 3998 per
1710 3932 1985 4001 alphabe-

289 4016 466 4069 ticum
495 4016 811 4083 planctum,
859 4031 987 4069 cum
1039 4017 1208 4085 hujus
1239 4017 1468 4086 gentilis
1498 4034 1827 4087 comparem
1860 4020 1981 4074 ido-

292 4105 357 4155 lis
386 4102 647 4156 deﬂentis
696 4118 908 4155 casum.
947 4104 1073 4156 Haec
1122 4120 1235 4157 non
1266 4105 1427 4175 culpa
1475 4112 1670 4158 nostra
1717 4113 1821 4173 est,
1885 4111 1983 4162 sed

290 4197 409 4254 tua,
470 4188 569 4258 qui
607 4205 712 4241 nos
758 4190 1012 4259 coegisti,
1063 4196 1114 4245 et
1166 4193 1528 4246 contumeliis
1586 4195 1755 4263 plena
1812 4199 1981 4251 verba

291 4276 641 4347 prompsisti.

369 4370 450 4419 15.
503 4366 663 4428 Quod
712 4371 904 4420 autem
948 4368 1204 4437 pejorem
1247 4368 1531 4423 Christum
1577 4371 1763 4426 dicere
1813 4390 1984 4427 ausus

294 4472 373 4520 es,
423 4460 536 4508 tum
585 4456 792 4508 animas
824 4455 1113 4509 homicida
1171 4471 1245 4519 es,
1295 4457 1394 4527 qui
1441 4458 1677 4512 veritate
1732 4462 1987 4530 neglecta

294 4543 480 4597 verbis
535 4548 590 4597 te
620 4545 983 4615 purgandum
1034 4544 1215 4614 cupis,
1250 4547 1349 4616 qui
1408 4547 1578 4600 rebus
1610 4550 1850 4619 urgeris,
1901 4552 1987 4605 di-

293 4649 466 4686 cens:
510 4633 599 4686 Illi
645 4650 748 4687 nec
803 4634 990 4705 legem
1029 4634 1301 4700 habuere,
1348 4650 1452 4687 nec
1482 4636 1594 4689 illis
1638 4639 1781 4691 Deus
1815 4640 1983 4708 quid-

294 4737 468 4791 quam
511 4721 783 4792 requiret,
838 4722 993 4791 quod
1040 4738 1337 4792 nunquam
1381 4725 1823 4779 commendavit.
1876 4728 1987 4780 Hac

364 4874 387 4898 ³
428 4865 544 4930 Ms.,
574 4865 746 4918 ducis.

364 4938 389 4977 ἱ)
428 4936 549 5002 Ms.,
578 4936 958 5003 prelibatlura.

366 5014 385 5039 ο
427 5007 548 5071 Ms.,
590 5021 681 5059 sue
700 5006 939 5058 delubris
969 5006 1161 5073 defleat
1189 5021 1373 5072 causa,
1408 5009 1446 5062 f.
1485 5024 1699 5062 casum.

364 5076 597 5149 diApud
670 5076 968 5149 Persium:
1015 5080 1270 5145 Eliquat;
1332 5084 1381 5132 et
1432 5086 1608 5133 tenero
1666 5081 1989 5149 supplantat

294 5148 459 5200 verba
490 5148 694 5213 palato.
730 5145 846 5199 Sat.
876 5164 913 5211 1,
944 5164 995 5201 v.
1023 5152 1110 5204 35.

366 5226 387 5251 ε
427 5218 545 5282 Ms,
573 5222 668 5269 est.

369 5286 388 5319 τ
426 5286 627 5359 1.0m}
649 5287 732 5339 vel
765 5286 907 5359 forte
940 5306 953 5343 :
995 5292 1268 5359 Dicisque.

325 5426 333 5434 _
370 5356 496 5435 {Id
528 5362 630 5423 est,
679 5358 832 5435 quod
881 5362 1090 5415 nostris
1132 5356 1301 5430 punio
1332 5378 1367 5430 y
1398 5377 1568 5427 coma,
1612 5364 1832 5435 virgulo
1877 5364 1988 5418 sci-

298 5426 433 5479 licet
460 5443 590 5479 cum
612 5434 843 5496 puncto.

370 5500 396 5539 h
441 5498 608 5552 Idida
659 5499 921 5554 hebraica
976 5519 1102 5568 vox,
1158 5503 1307 5556 idem
1364 5519 1428 5556 ac
1484 5505 1757 5572 amabilis,
1813 5509 1873 5557 ut
1926 5521 1988 5559 ex

2078 474 2247 544 plicio
2279 472 2563 526 saevientis
2592 470 2891 541 gehennae,
2926 471 3061 540 quia
3097 469 3239 523 nihil
3280 470 3364 522 eis
3408 472 3787 523 commenda-
3830 496 3831 529 y

2079 563 2160 615 vit
2193 562 2520 617 divitiarum
2556 563 2741 630 legem
2784 575 3047 625 suarum;
3082 560 3265 612 solum
3299 559 3470 612 Israel
3514 558 3787 611 immani.
3830 578 3831 583 η

2078 652 2255 700 tatem
2334 646 2637 700 sustinebit
2691 662 3014 712 manarum,
3077 646 3211 715 quia
3263 645 3347 698 illi
3403 646 3511 698 soli
3564 647 3789 699 credita

2078 742 2213 789 sunt
2254 745 2274 769 ο
2326 735 2550 805 eloquia
2604 737 3040 804 propin-turum.
3079 735 3144 787 Et
3193 735 3333 789 dum
3388 734 3578 787 omnis
3634 735 3789 788 liber

2082 825 2398 879 abscederit
2430 824 2697 887 mundus,
2741 826 2911 877 Israel
2946 828 3163 876 tantum
3197 824 3435 894 lugebit,
3490 825 3551 876 in
3602 840 3787 893 quem

2080 915 2189 968 fuit
2221 931 2495 984 magnum
2523 919 2580 967 et
2618 913 2957 967 admirabile
2986 929 3197 966 nomen
3231 914 3353 982 ejus
3384 914 3557 981 (Psal.
3613 930 3713 967 ιιι(
3728 930 3787 971 v.

2081 1006 2154 1073 ‘2).
2190 1005 2355 1057 Vides
2388 1004 2542 1072 quod
2574 1005 2709 1058 dum
2767 1002 2932 1057 idolis
2986 1004 3159 1068 faves,
3197 1003 3340 1068 Jovi,
3391 1004 3671 1057 Mercurio
3730 1009 3788 1053 et

2081 1095 2309 1157 lunoni,
2355 1101 2409 1146 te
2456 1092 2644 1161 ipsum
2682 1092 2903 1157 aduris;
2964 1100 3019 1144 et
3062 1092 3198 1145 dum
3259 1093 3469 1162 satagis
3520 1092 3795 1143 occidere

2085 1182 2392 1245 Christum,
2427 1181 2743 1235 Barabbam
2775 1180 2963 1249 eligis,
3001 1180 3177 1250 patris
3204 1181 3288 1233 tui
3335 1181 3561 1250 antiqui
3602 1181 3791 1233 hostis

2083 1272 2430 1324 ministrum.
2476 1270 2660 1324 Dicis:
2712 1270 2893 1333 Quem
2928 1269 3195 1323 iJudzeus
3238 1270 3362 1334 fuit,
3412 1274 3467 1322 et
3529 1271 3791 1322 circum-

2084 1359 2358 1412 cisionein
2386 1358 2665 1428 implevit,
2719 1362 2774 1410 et
2826 1359 2934 1410 alia
2982 1373 3081 1426 {er
3130 1374 3260 1427 quae
3296 1357 3398 1410 tibi
3454 1359 3789 1411 revertendi

2086 1448 2303 1501 aditum
2334 1448 2571 1511 claudis,
2607 1447 2743 1499 dum
2796 1446 2854 1499 in
2916 1447 3196 1500 Belzebub
3244 1446 3391 1499 facta
3437 1446 3789 1510 calumnias,

2087 1542 2143 1591 et
2169 1537 2444 1607 Spiritum
2493 1540 2751 1589 sanctum
2797 1535 3194 1605 blasphemare
3237 1551 3535 1604 nunquam
3584 1535 3789 1588 formi-

2088 1627 2205 1679 das.
2239 1626 2355 1680 Sed
2377 1625 2559 1679 dicam
2592 1625 2696 1678 tibi
2728 1624 2881 1679 unde
2926 1640 3055 1678 cum
3088 1626 3345 1694 pejorem
3394 1624 3484 1677 his
3514 1625 3789 1677 omnibus

2089 1715 2384 1768 habuisti:
2438 1714 2580 1778 Quia
2627 1730 2756 1767 cum
2790 1719 2971 1767 castos
3027 1714 3364 1783 diligentem
3422 1719 3482 1767 et
3534 1714 3789 1782 virgines

2088 1804 2424 1873 cognovisti.
2460 1804 2717 1856 Dicerem
2749 1802 2872 1867 tibi,
2926 1808 2991 1856 ut
3034 1803 3173 1872 quid
3220 1802 3437 1855 exstitit
3489 1802 3791 1855 circumcio

2088 1910 2202 1958 sus,
2238 1892 2347 1946 nisi
2378 1909 2503 1946 eam
2531 1893 2635 1946 tibi
2666 1892 2952 1962 cognitam
3004 1892 3229 1945 scirem.
3266 1891 3413 1955 Quid
3444 1892 3604 1945 enim
3644 1907 3793 1960 opus

2090 1989 2174 2036 est
2222 1983 2277 2035 in
2327 1998 2482 2035 casso
2515 1982 2709 2035 labore
2759 1997 2918 2033 arma
2966 1981 3259 2045 ventilare,
3296 1985 3354 2033 et
3406 1996 3542 2033 eum
3586 1981 3788 2032 docere

2090 2067 2190 2137 qui
2221 2084 2277 2120 se
2302 2067 2590 2136 perditum
2624 2082 2736 2119 non
2765 2066 2943 2119 nescit
2973 2066 3131 2119 esse?
3161 2066 3335 2118 Doleo
3386 2082 3560 2134 super
3606 2069 3679 2130 te,
3713 2066 3793 2117 mi

2090 2173 2381 2222 conserva,
2419 2162 2475 2209 et
2504 2162 2568 2209 ut
2612 2158 2758 2209 Deus
2804 2155 2979 2221 novit,
3012 2153 3198 2207 veraci
3237 2154 3409 2207 corde
3468 2156 3791 2223 compatior

2091 2245 2213 2311 tibi,
2270 2243 2370 2314 qui
2427 2249 2559 2313 post
2636 2248 2791 2297 tanta
2845 2247 2902 2297 et
2970 2242 3104 2296 talia
3177 2242 3334 2295 nisus
3395 2259 3453 2295 es
3513 2242 3793 2296 ventilare

2091 2333 2312 2387 inania.

2167 2425 2243 2477 16.
2304 2422 2464 2486 Quod
2511 2437 2645 2475 vero
2706 2420 2983 2474 sententia
3032 2420 3445 2490 prophetarum
3505 2436 3617 2489 per
3673 2421 3793 2473 cola

2094 2516 2151 2565 et
2181 2516 2465 2565 commata
2493 2524 2521 2565 Β
2553 2510 2774 2575 indicis,
2805 2525 3081 2579 cognosse
3114 2524 3204 2562 me
3227 2525 3322 2562 eas
3347 2508 3497 2563 bene
3525 2509 3788 2562 rimasse.

2095 2599 2352 2669 mihique
2384 2599 2577 2651 omnia
2638 2604 3019 2651 consentanea
3077 2614 3236 2651 esse:
3300 2598 3581 2667 pleraque
3634 2597 3789 2650 enim

2085 2689 2204 2757 jam
2237 2687 2384 2740 facta
2436 2686 2514 2739 ibi
2558 2690 2882 2751 narrantur,
2920 2686 3029 2738 alia
3061 2685 3222 2743 mihi,
3270 2685 3369 2754 qui
3412 2686 3587 2737 Israel
3645 2701 3789 2745 sum,

2092 2776 2283 2828 futura
2332 2778 2620 2827 texuntur.
2674 2774 2955 2826 Nonnulla
3003 2773 3466 2826 convertentibus
3519 2774 3685 2825 vobis
3734 2774 3788 2824 in

2092 2866 2205 2917 iine
2237 2864 2308 2917 ad
2332 2864 2956 2934 praedicationem'Eliae
2988 2866 3354 2932 promuntur,
3391 2864 3629 2933 quando
3661 2880 3789 2915 cen-

2023 2982 2061 3035 ρ
2096 2960 2218 3007 tum
2244 2953 2623 3022 quadraginta
2650 2956 2897 3022 quatuor
2945 2951 3123 3005 millia
3167 2951 3239 3004 ad
3290 2952 3463 3005 fidem
3508 2950 3633 3003 veri
3694 2951 3785 3003 Dei

2095 3042 2302 3096 Christi
2333 3041 2546 3095 reversi
2575 3041 2809 3106 fuerint,
2843 3040 3016 3109 quiet
3042 3044 3363 3110 sequuntur
3385 3043 3614 3108 Agnum
3649 3056 3782 3109 quo-

2094 3147 2318 3201 cunque
2352 3129 2701 3199 ierit(z1poc.
2736 3129 2872 3197 xw).
2916 3129 3115 3183 Omnia
3157 3130 3312 3181 enim
3346 3145 3475 3198 quae
3522 3130 3788 3197 promisit

2094 3219 2381 3273 exhibebit
2437 3235 2554 3271 non
2604 3218 2846 3271 mendax
2899 3218 3065 3283 Deus,
3099 3218 3460 3286 temporibus
3508 3218 3645 3277 suis,
3693 3233 3787 3268 no-

2094 3308 2202 3372 bis,
2254 3324 2367 3360 non
2410 3307 2600 3373 vobis;
2652 3306 2813 3358 vobis
2854 3305 3028 3358 etiam
3084 3321 3211 3357 cum
3254 3305 3478 3358 fueritis
3528 3305 3783 3358 conversi

2096 3397 2163 3449 ad
2223 3403 2508 3466 pastorem
2567 3401 2621 3447 et
2677 3394 3028 3447 visitatorem
3086 3393 3407 3447 animarum
3468 3401 3782 3446 vestrarum

2096 3487 2137 3554 (l
2186 3487 2326 3538 Pelr.
2363 3502 2418 3551 ιι,
2452 3485 2560 3548 25).
2591 3483 2700 3537 Sed
2733 3500 2870 3552 rogo
2901 3488 2976 3547 te,
3020 3487 3083 3535 ut
3124 3483 3374 3535 fraterno
3427 3498 3590 3535 more
3643 3482 3783 3535 veri-

2094 3578 2270 3627 tatem
2315 3574 2455 3626 mihi
2500 3590 2611 3626 non
2653 3573 3015 3626 mendacium
3062 3572 3335 3640 proferas.
3398 3571 3545 3624 Dicis
3582 3574 3778 3624 enim:

2095 3665 2216 3715 Istae
2239 3664 2533 3716 sententia:
2567 3661 2967 3731 mejudaizare
2996 3666 3322 3728 coegerunt.
3357 3661 3421 3714 Et
3445 3676 3549 3713 cur
3596 3661 3784 3730 lingua

2095 3769 2124 3805 a
2147 3751 2315 3805 corde
2346 3751 2640 3804 dissentit?
2672 3766 2773 3804 cur
2803 3767 2865 3804 os
2905 3750 3097 3803 animo
3139 3765 3251 3801 non
3288 3749 3638 3803 concordat?
3692 3764 3781 3801 cur

2095 3840 2247 3893 aliud
2278 3840 2449 3907 labia,
2480 3839 2634 3892 aliud
2674 3839 2842 3892 corda
2867 3838 3142 3891 volutant.
3163 3838 3281 3892 Scis
3302 3838 3559 3907 profecto
3590 3838 3782 3907 quiste

2089 3928 2379 3997 judaizare
2410 3928 2729 3997 compellit;
2766 3928 2864 3997 qui
2894 3927 3074 3979 Adam
3104 3942 3135 3979 a
3164 3926 3428 3995 paradiso
3452 3926 3656 3995 ejecit;
3690 3926 3780 3995 qui

2094 4018 2478 4082 Salomonem,
2508 4017 2663 4070 idida
2694 4019 2721 4059 ιι
2753 4016 3001 4079 Domini,
3037 4030 3227 4067 errare
3268 4015 3435 4079 fecit;
3473 4016 3570 4083 qui
3625 4015 3781 4068 Sam-

2096 4107 2219 4159 soni
2275 4106 2467 4158 oculos
2522 4106 2685 4170 tulit;
2745 4104 2843 4174 qui
2896 4104 3075 4156 Eliam
3154 4103 3517 4173 parumquei
3582 4104 3778 4155 timore

2096 4194 2393 4247 concussit.
2432 4193 2523 4245 Vis
2569 4193 2711 4245 scire
2743 4191 2871 4262 quis
2913 4192 3056 4244 tanti
3110 4196 3307 4245 auctor
3358 4197 3441 4243 est
3474 4192 3651 4244 mali?
3696 4193 3780 4244 Fc-

2097 4284 2273 4348 mina,
2304 4298 2432 4351 qua:
2462 4286 2545 4335 est
2577 4280 2755 4334 animi
2787 4286 2841 4333 et
2869 4280 3125 4349 corporis
3144 4282 3316 4333 tinea.
3355 4281 3421 4332 Et
3453 4280 3609 4350 quod
3642 4282 3777 4334 male

2093 4370 2333 4440 cmpisti,
2366 4387 2467 4423 cur
2498 4369 2721 4440 perticis
2766 4374 2892 4422 actu
2921 4368 3141 4439 pejori?
3174 4385 3275 4421 cur
3315 4384 3590 4422 venereas
3629 4370 3777 4422 volu-

2093 4465 2273 4530 ptates
2304 4467 2549 4524 secutus,
2594 4458 2824 4511 Veneris
2867 4459 3046 4511 factus
3077 4474 3135 4510 es
3166 4459 3396 4510 servus?
3420 4457 3479 4511 Si
3525 4464 3583 4510 te
3618 4458 3778 4511 libido

2095 4547 2359 4609 delectat,
2421 4554 2475 4601 et
2531 4546 2829 4616 virginitas
2883 4546 3199 4615 iloridaque
3274 4546 3504 4599 castitas
3574 4547 3773 4605 horret,

2097 4653 2210 4689 non
2240 4639 2488 4701 Judzros,
2520 4637 2613 4689 sed
2648 4635 3057 4689 Mamentianos
3100 4634 3112 4676 1
3164 4634 3413 4704 inquire,
3456 4634 3554 4687 ubi
3586 4649 3775 4686 secun-

2097 4727 2233 4780 dum
2273 4726 2544 4779 saeculum
2589 4725 2831 4793 fulgeas,
2884 4730 2941 4776 et
2988 4740 3098 4776 non
3154 4738 3328 4776 unam
3377 4738 3638 4787 uxorem,
3692 4720 3774 4773 sed

2098 4865 2472 4920 Vocabulario
2514 4865 2708 4918 Bibliaa
2751 4862 3172 4933 Complutensis
3204 4868 3461 4931 apparet.
3498 4862 3638 4915 Hinc
3687 4864 3775 4913 lor-

2096 4945 2242 4991 tasse
2274 4938 2514 4991 Iulithum
2554 4936 2614 4989 in
2653 4952 2814 4988 versu
2866 4934 3017 5004 apud
3051 4936 3294 4987 Glossar.
3341 4936 3625 5003 Cangean.
3669 4933 3776 4984 inli-

2096 5025 2203 5063 maa
2251 5008 2455 5061 latinit.
2509 5010 2692 5076 Atque
2740 5009 3128 5075 prophetarum
3195 5006 3451 5076 psalmos,
3501 5004 3776 5072 [dithique

2101 5081 2301 5132 libellos
2341 5096 2351 5132 :
2390 5079 2485 5131 ubi
2525 5094 2626 5146 per
2655 5078 2876 5131 libellos
2920 5076 3095 5131 Idilhi
3148 5075 3466 5129 Salomonis
3527 5076 3774 5128 videntur

2098 5151 2230 5204 libri
2288 5150 2642 5217 signiﬁcari:
2700 5149 2862 5218 quasi
2934 5147 3151 5201 diceres
3200 5147 3383 5199 dilecti
3434 5146 3520 5197 vel
3576 5146 3770 5218 amabi-

2099 5222 2189 5287 lis,
2224 5226 2284 5275 ut
2342 5216 2433 5273 hic
2492 5216 2731 5273 Alvarus
2785 5220 3057 5274 Salomon
3110 5218 3267 5271 idida
3334 5219 3569 5270 Domini.
3620 5217 3680 5269 Et
3726 5216 3770 5266 in

2100 5295 2292 5346 Poem.
2351 5308 2470 5352 vm,
2540 5307 2654 5344 ver.
2713 5294 2778 5345 35
2838 5290 3129 5343 inculcat:
3187 5288 3368 5351 ldida,
3439 5287 3541 5357 qui
3605 5287 3771 5356 signat

2100 5364 2391 5421 Christum
2424 5378 2576 5416 nunc
2597 5363 2717 5431 ipse
2749 5362 3037 5415 Salomon.

2171 5435 2181 5469 ί
2215 5435 2270 5488 L.
2314 5430 2635 5502 pereamque
2690 5448 2756 5485 ex
2806 5433 2902 5485 lib.
2951 5448 3012 5484 Ill
3070 5430 3206 5497 Reg.
3242 5444 3364 5498 cap.
3398 5445 3512 5495 xw,
3545 5444 3596 5481 v.
3627 5430 3671 5480 4.

2161 5532 2173 5574 ε
2230 5504 2291 5559 1d
2313 5511 2414 5571 est,
2451 5521 2593 5574 quos
2612 5505 2780 5573 vulgo
2804 5502 3046 5556 dicimus
3074 5503 3499 5555 Mahomelanos.
