3860 6262
21 342 99 386 0:;
1592 339 1634 394 E
1646 339 1980 395 l’lSTOLAﬁ.

3448 340 3547 390 506

19 474 215 529 ιιυτρε
255 492 538 540 assumas,
566 480 622 529 et
653 477 808 528 velut
837 490 1018 545 equus
1048 473 1290 527 infrenis
1318 472 1534 542 passim
1564 472 1727 527 femi-
1770 479 1814 527 Α
1843 471 2052 539 buerit,
2100 471 2459 525 concluditur
2492 487 2505 524 :
2563 477 2662 525 aut
2716 488 2829 524 non
2883 471 2929 525 si
2971 477 3236 526 mortuus
3284 473 3456 543 (quod
3503 471 3549 524 si

19 562 242 616 [alium
302 564 568 617 aviditate
614 564 675 616 in
743 562 965 616 diversa
1002 560 1234 627 feraris;
1284 561 1385 615 ubi
1434 562 1737 630 lupanario

19 666 168 704 nore
209 652 464 706 libidine
509 651 753 714 satieris,
784 655 840 704 et
880 651 1026 703 male
1072 650 1363 719 castigatae
1414 650 1736 703 voracitatis

20 739 298 793 ordibus
340 739 684 811 inquineris,
724 745 896 809 atque
927 738 1380 791 concubinarum
1417 737 1737 792 incestuoso

23 828 256 881 ramite
307 829 610 897 sagineris.
663 828 776 880 Cur
827 832 883 880 et
932 827 1105 880 istum
1148 831 1204 880 et
1257 826 1421 880 illum
1466 827 1736 880 saeculum

19 916 263 970 ierdis‘?
307 919 396 971 vel
441 918 632 970 saltim
682 917 932 970 lucriﬁca
980 915 1177 980 istum,
1225 915 1272 968 si
1320 916 1513 985 perdis
1564 917 1738 970 aethe-

19 1021 176 1060 eum
220 1008 418 1061 illum.
460 1007 784 1061 Debueram
817 1012 929 1060 tuae
980 1005 1227 1060 vesaniae
1267 1006 1447 1059 multa
1490 1005 1736 1060 conscri-

19 1110 178 1159 iere;
224 1097 358 1160 sed,
391 1101 534 1149 teste
582 1097 717 1159 Deo,
749 1095 919 1148 etiam
952 1096 1021 1148 ad
1063 1095 1179 1148 haec
1210 1111 1386 1165 parva
1431 1094 1606 1149 invite
1639 1095 1735 1149 de-

19 1183 241 1236 scendi.
286 1185 436 1252 Non,
470 1191 535 1238 ut
560 1190 623 1238 tu
655 1184 815 1250 dicis,
850 1183 1147 1238 doctorum
1180 1199 1440 1237 meorum
1474 1183 1737 1253 imperio,

19 1271 110 1324 sed
145 1271 443 1325 audiendi
483 1271 568 1325 tui
611 1271 873 1326 fastidio:
927 1271 1064 1342 quia
1094 1276 1372 1340 quantum
1403 1272 1531 1341 plus
1575 1277 1629 1325 te
1659 1272 1740 1325 le-

19 1359 216 1428 gendo
281 1360 522 1414 auribus
567 1362 774 1426 sentio,
833 1365 990 1414 tanto
1065 1359 1312 1429 amplius
1368 1376 1458 1414 me
1510 1376 1740 1430 peccare

19 1449 342 1505 condoleo.

94 1541 186 1590 1³7.
253 1538 431 1591 Multa
476 1554 610 1591 vero
666 1553 796 1606 quae
846 1537 905 1590 in
955 1537 1070 1591 ﬁne
1121 1537 1383 1606 Epistolas
1427 1538 1586 1603 texis,
1641 1537 1740 1592 ubi

23 1624 211 1678 David
249 1639 496 1694 regnare
526 1624 587 1678 in
618 1629 964 1694 perpetuum
995 1624 1096 1689 ais,
1133 1624 1341 1678 idcirco
1374 1625 1742 1695 responsione

1849 578 1964 615 non
1995 567 2080 615 est
2129 565 2413 626 mortuus,
2448 559 2601 613 ﬁlius
2631 561 2751 630 ejus
2785 561 3009 614 Messias
3059 577 3175 614 non
3211 561 3337 628 erit,
3389 561 3550 631 cujus

1847 655 1980 720 post
2028 655 2272 702 mortem
2321 648 2653 718 praedicitur
2693 651 2906 715 ortus);
2949 654 3049 702 aut
3087 649 3242 703 enim
3286 655 3548 703 mortuus

1849 743 1951 803 est,
2014 743 2071 791 et
2121 738 2305 792 ﬁlium
2348 753 2464 790 non
2513 736 2773 802 habebit;
2820 742 2917 790 aut
2963 753 3083 790 non
3132 743 3216 790 est
3263 741 3544 801 mortuus,

1848 831 1906 880 et
1961 825 2147 880 ﬁlium
2202 826 2380 879 alium
2441 841 2454 878 :
2521 841 2652 878 nam
2726 841 2839 877 non
2902 825 3159 879 Messiam
3217 825 3406 879 habet.
3471 827 3542 879 Ex

1851 931 1962 986 qua
2017 931 2240 968 summa
2299 913 2608 983 colligitur,
2656 929 2771 967 non
2823 913 2946 982 ejus
2999 913 3186 967 ﬁlium
3239 930 3360 968 esse
3409 915 3544 968 Mes-

1852 1004 2021 1058 siam.
2090 1003 2256 1057 Vides
2312 1002 2626 1056 secundum
2691 1002 2991 1056 historiam
3047 1007 3205 1056 tuam
3261 1002 3539 1056 corruisse

1850 1093 2212 1145 sententiam.
2262 1091 2424 1155 Quod
2475 1091 2521 1144 si
2583 1091 2769 1145 ﬁlium
2816 1091 2993 1144 David
3051 1107 3182 1144 eum
3239 1091 3368 1144 ideo
3421 1107 3542 1144 esse

1849 1181 2160 1247 contendis,
2240 1180 2378 1250 quia
2433 1196 2497 1234 ex
2577 1180 2700 1250 ejus
2754 1196 2964 1250 genere
3019 1197 3149 1234 eum
3244 1179 3549 1234 oriendum

1851 1274 2161 1338 exspectas,
2217 1285 2317 1322 cur
2347 1274 2401 1322 et
2450 1268 2592 1322 mihi
2641 1284 2758 1322 non
2805 1268 2976 1322 liceat
3024 1269 3313 1323 Christum
3373 1268 3548 1322 David

1849 1358 2036 1412 ﬁlium
2086 1357 2294 1425 dicere,
2349 1374 2413 1411 ex
2463 1357 2625 1426 cujus
2658 1357 2909 1411 manavit
2935 1357 3198 1427 origine?
3231 1373 3364 1411 nam
3395 1357 3548 1427 quod

1853 1447 1976 1518 ejus
2015 1463 2261 1517 regnum
2302 1451 2646 1516 perpetuum
2680 1462 2799 1498 esse
2837 1446 3212 1511 contendunt,
3248 1445 3458 1499 Christi
3486 1444 3548 1498 in

1854 1552 2084 1589 omnem
2137 1540 2350 1589 terram
2389 1536 2658 1588 virtutem
2692 1540 2923 1588 canunt.
2958 1535 3138 1598 Quem
3187 1534 3234 1587 si
3270 1539 3547 1604 perpetue

1854 1641 2054 1678 eorum
2096 1623 2202 1678 iste
2253 1624 2425 1678 David
2473 1624 2817 1693 regnaverit,
2868 1639 3165 1693 nunquam
3215 1623 3543 1692 paradisum

21 1714 112 1766 vix
141 1714 386 1767 aestimo
417 1714 679 1784 dignum,
713 1713 848 1782 quia
879 1712 1198 1782 spiritalem
1228 1713 1401 1766 totius
1432 1714 1576 1784 legis
1601 1731 1743 1785 pree-
1781 1754 1822 1806 Β
1855 1713 2068 1768 videbit
2100 1730 2112 1765 :
2149 1713 2286 1784 quia
2314 1728 2540 1782 semper
2568 1727 2683 1765 non
2705 1712 2764 1765 in
2795 1711 3060 1778 coelestia,
3095 1711 3194 1764 sed
3223 1711 3282 1764 in
3315 1717 3542 1765 terrena

25 1801 148 1857 dico
208 1807 458 1856 textum.
508 1803 616 1857 Sed
660 1802 957 1855 videamus
1002 1801 1142 1872 quid
1184 1803 1254 1856 de
1283 1807 1469 1856 vestra
1501 1819 1742 1856 conver-

26 1891 190 1944 sione
227 1892 517 1961 propheta
548 1891 736 1945 dicat:
772 1893 955 1956 Neque
978 1893 1316 1959 pollueretur,
1355 1892 1561 1962 inquit,
1594 1894 1743 1946 ult-ra.

23 1986 77 2032 in
135 1982 331 2047 idolis,
367 1986 418 2034 et
460 1986 518 2034 in
566 1981 1062 2034 ubominationibus
1108 1985 1222 2034 suis
1273 1982 1485 2050 (Ezech.
1533 1998 1740 2046 xxxv",

25 2071 133 2128 23).
186 2070 343 2139 Ergo
385 2068 753 2140 perspicuum
788 2073 892 2135 est,
924 2069 1079 2138 quod
1115 2085 1265 2122 nunc
1289 2070 1445 2123 idola
1473 2071 1677 2136 colitis,
1710 2088 1742 2123 a

27 2174 286 2227 quarum
335 2168 358 2193 α
410 2157 780 2211 immunditia
809 2158 949 2211 eluti
980 2158 1156 2211 eritis.
1190 2160 1258 2212 Et
1288 2163 1351 2213 tu
1395 2159 1538 2212 mihi
1571 2162 1742 2214 testes

29 2246 278 2299 idoneos
321 2262 496 2315 super
528 2246 814 2300 Christum
850 2245 1102 2310 deducis,
1154 2263 1222 2301 ex
1256 2247 1395 2316 ipsis
1427 2264 1570 2318 quos
1607 2265 1736 2318 pro-

34 2335 305 2403 pheticus
352 2351 542 2388 sermo
573 2335 848 2390 idolatras
895 2336 1211 2406 appellasse
1234 2353 1345 2390 non
1389 2337 1611 2391 nescis?
1643 2338 1739 2391 Vel

33 2424 90 2477 in
137 2425 254 2478 hoc
287 2425 577 2491 erubesce,
612 2424 830 2478 infelix.
878 2424 1092 2478 Caetera
1126 2441 1254 2495 qua:
1304 2431 1626 2496 sequuntur
1654 2427 1739 2480 illi

35 2512 185 2578 parti
232 2517 569 2582 congruunt
615 2515 640 2554 b
686 2528 814 2583 quas
857 2528 961 2582 per
1011 2513 1282 2583 baptismi
1335 2530 1512 2584 aquas
1557 2515 1741 2568 lavata

37 2599 158 2666 fuit,
216 2616 395 2670 quam
427 2601 723 2671 hucusque
754 2616 903 2670 aqua
935 2601 1149 2654 munda
1181 2601 1366 2654 lavare
1397 2603 1690 2655 consuevit
1722 2620 1734 2669 ;

39 2705 151 2741 non
183 2689 275 2742 illi
309 2689 459 2758 parti
491 2704 618 2759 quae
655 2690 810 2742 velut
838 2705 968 2742 suas
999 2690 1057 2742 in
1087 2690 1384 2743 volutabro
1417 2691 1520 2744 luti
1548 2707 1736 2744 caeno-

39 2794 144 2848 que
177 2793 239 2832 se
283 2779 475 2831 volvit.
517 2777 690 2833 David
717 2794 852 2832 vero
903 2783 1189 2848 pastorem
1220 2779 1542 2848 parabolice
1575 2780 1735 2834 Chri-

40 2872 184 2920 stum
228 2866 536 2937 signiﬁcat,
578 2866 669 2920 cui
718 2867 880 2937 regni
919 2867 1051 2921 ﬁnis
1087 2883 1202 2921 non
1239 2869 1365 2922 erit.
1409 2868 1516 2932 Qui
1554 2874 1610 2922 et
1644 2869 1736 2938 gi-

40 2960 266 3025 gantem
301 2960 356 3008 et
377 2956 624 3020 leonem,
659 2955 713 3008 id
748 2961 834 3009 est
873 2955 1192 3021 diabolum,
1227 2955 1444 3024 occisit,
1478 2962 1534 3010 et
1570 2941 1748 3011 manu.

1851 1802 2132 1872 regnavit.
2198 1801 2488 1871 Conspicis
2535 1806 2763 1855 terrena
2807 1805 2884 1866 te,
2938 1805 2994 1854 et
3037 1801 3293 1869 peritura
3331 1805 3546 1853 sectare

1851 1891 2122 1956 labentia,
2153 1896 2211 1944 et
2239 1890 2298 1944 in
2324 1890 2499 1943 finem
2530 1905 2633 1959 per
2663 1894 2956 1943 momenta
2981 1889 3202 1943 cunctis
3231 1888 3542 1958 vergentia,

1849 1996 1963 2034 non
1996 1980 2270 2033 diuturna
2302 1978 2598 2049 potentiali
2627 1979 2832 2031 robore
2863 1978 3132 2037 caslestia,
3174 1977 3268 2030 sed
3298 1977 3544 2046 fragilia,

1849 2069 2061 2122 caduca
2117 2073 2172 2121 et
2216 2068 2461 2121 modica.
2520 2068 2664 2122 Cave
2712 2083 2784 2120 ne
2832 2067 3084 2138 serpenti
3136 2066 3212 2120 sis
3253 2067 3431 2132 cibus,
3476 2082 3547 2119 ne

1849 2157 2036 2226 pulvis
2069 2157 2142 2209 sis
2174 2171 2207 2208 a
2239 2155 2383 2209 facie
2413 2160 2582 2210 terra:
2612 2159 2923 2225 projectus,
2961 2155 3061 2225 qui
3090 2171 3333 2226 regnum
3365 2161 3543 2209 terre-

1848 2262 2010 2310 num,
2046 2262 2163 2298 non
2193 2246 2416 2299 cceleste
2447 2245 2707 2316 inquiris.
2747 2245 2882 2299 Ossa
2909 2250 3098 2298 autem
3132 2261 3259 2315 quae
3291 2243 3543 2298 Ezechiel

1849 2335 2052 2389 domus
2100 2334 2268 2387 Israel
2319 2333 2476 2400 dicit,
2519 2349 2651 2404 quas.
2700 2337 2756 2387 et
2805 2335 3076 2388 suscitare
3125 2333 3185 2386 in
3235 2332 3543 2387 novissimo

1849 2423 2018 2490 canit,
2081 2423 2209 2476 licet
2261 2424 2381 2493 jam
2422 2438 2486 2476 ex
2539 2427 2700 2492 parte
2743 2423 2800 2476 in
2846 2421 3076 2476 Domini
3124 2421 3544 2475 resurrectione

1847 2513 2040 2582 aliqua
2090 2511 2224 2565 inde
2278 2511 2424 2564 facta
2474 2511 2744 2576 recolam,
2803 2515 2996 2563 tamen
3049 2509 3236 2563 adhuc
3284 2508 3545 2562 facienda

1848 2601 2056 2653 iterum
2116 2600 2173 2652 in
2234 2599 2408 2652 ﬁnem
2471 2598 2732 2652 omnium
2791 2599 3002 2652 dicant.
3062 2600 3181 2652 Non
3236 2598 3387 2668 quod
3444 2613 3542 2650 eos

1845 2689 2109 2742 inducam
2145 2689 2336 2742 denuo
2369 2689 2428 2741 in
2468 2693 2617 2741 terra
2649 2688 3130 2757 repromissionis,
3165 2688 3259 2740 sed
3291 2687 3349 2740 in
3391 2692 3542 2740 terra

1846 2783 2192 2842 sanctorum,
2245 2783 2398 2831 terra
2447 2777 2786 2844 viventium,
2833 2793 3006 2848 quam
3066 2776 3359 2845 suspirans
3400 2777 3542 2830 Pro-

1847 2867 2020 2936 pheta
2043 2867 2119 2919 ait
2142 2883 2154 2920 :
2189 2867 2354 2921 Credo
2376 2867 2558 2920 videre
2592 2867 2730 2920 bona
2750 2869 2966 2920 Domini
2992 2870 3049 2918 in
3082 2871 3226 2920 terra
3245 2866 3540 2919 viventium

1847 2957 2015 3025 (Psal.
2049 2971 2198 3021 xxvx,
2250 2955 2358 3022 23).
2396 2956 2459 3008 Et
2491 2956 2686 3025 utique
2721 2955 2911 3008 vivens
2945 2961 3069 3008 erat
3097 2955 3157 3007 in
3189 2959 3340 3007 terra
3385 2953 3536 3007 vivo-

43 3045 196 3106 fortis
245 3045 334 3096 vel
382 3043 760 3097 desiderabilis
806 3042 929 3096 fuit.
984 3043 1145 3106 Quod
1189 3043 1236 3097 si
1281 3045 1455 3097 stulta
1499 3053 1734 3099 conten-
1775 3056 1814 3109 α
1845 3060 1994 3110 rum,
2024 3044 2252 3114 quando
2275 3044 2444 3098 aliam
2468 3048 2766 3099 viventium
2797 3043 3135 3114 suspirabat.
3167 3041 3358 3096 Sancti
3387 3043 3540 3096 enim

44 3131 191 3184 tione
241 3131 420 3184 David
468 3146 783 3202 congruere
823 3130 1042 3197 dicunt,
1093 3132 1364 3200 probent,
1430 3133 1511 3186 uti
1562 3134 1736 3188 David

46 3219 317 3288 majorem
381 3219 651 3274 omnibus
718 3219 955 3289 legunt?
1028 3223 1140 3274 Aut
1196 3222 1490 3290 quomodo
1557 3238 1732 3292 super

48 3307 266 3376 Moysen
313 3312 651 3376 potestatem
696 3308 974 3373 tribuunt,
1008 3324 1179 3379 quem
1230 3310 1508 3379 majorem
1554 3311 1736 3365 omni-

51 3394 144 3447 bus
190 3396 250 3449 in
311 3397 484 3450 Israel
529 3397 720 3450 cuncti
772 3396 1070 3451 inducunt.
1131 3400 1244 3451 Aut
1288 3399 1576 3467 quomodo
1644 3401 1736 3454 hic

52 3483 210 3538 David
272 3490 463 3552 pastor
515 3485 861 3555 praedicitur,
896 3501 1024 3539 cum
1058 3486 1192 3539 alibi
1240 3486 1393 3540 ﬁlius
1439 3504 1560 3542 esse
1590 3489 1736 3543 dica-

53 3578 154 3638 tur,
211 3573 314 3626 ubi
372 3573 618 3627 dicitur:
677 3574 913 3640 Cumque
969 3575 1253 3629 dormieris
1308 3592 1427 3630 cum
1476 3579 1734 3646 patribus

55 3664 168 3728 tuis,
217 3663 495 3716 suscitabo
542 3662 608 3715 de
656 3663 852 3715 lumbis
903 3667 1013 3716 tuis
1063 3664 1142 3731 (II
1182 3665 1312 3730 Reg.
1359 3680 1454 3730 vn,
1509 3665 1615 3733 12).
1673 3666 1736 3718 Et

52 3755 187 3803 certe
233 3751 510 3805 Salomon
556 3767 673 3804 non
709 3756 841 3820 post
883 3758 1125 3805 mortem
1169 3752 1291 3822 ejus
1331 3753 1402 3806 ab
1443 3768 1508 3806 eo
1555 3758 1738 3808 exstat

57 3839 393 3906 progenitus,
427 3839 526 3892 sed
558 3839 731 3892 etiam
755 3844 886 3894 ante
917 3839 1137 3893 obitum
1165 3840 1288 3910 ejus
1321 3840 1381 3894 in
1415 3857 1591 3911 regno
1625 3843 1735 3896 ele-

55 3929 178 3981 ctus.
245 3927 535 3996 Prospicis
591 3944 914 3982 sermonem
962 3929 1365 3998 propheticum
1417 3930 1736 4001 aenigmati-

56 4029 167 4068 cum
215 4033 362 4083 esse,
395 4022 452 4070 et
482 4032 596 4070 non
627 4022 738 4070 tuae
768 4017 1067 4070 sententiae
1098 4019 1463 4072 concordare.
1514 4021 1651 4072 Nam
1687 4020 1732 4073 si

57 4101 114 4155 de
143 4105 371 4159 renibus
407 4105 579 4158 David
614 4106 805 4168 fuerit,
833 4110 1056 4159 constat
1085 4107 1260 4160 David
1283 4122 1415 4160 eum
1448 4123 1564 4161 non
1589 4124 1729 4173 esse,

58 4192 138 4244 sed
188 4193 363 4246 alium
411 4193 510 4263 qui
556 4193 678 4264 jam
725 4195 794 4247 de
849 4195 1039 4248 cinere
1085 4199 1141 4248 et
1180 4196 1496 4265 putrefacta
1544 4196 1732 4250 favilla

60 4288 321 4352 exsurget,
365 4282 629 4335 existere.
673 4282 831 4346 Quod
870 4283 917 4336 si
951 4283 1072 4352 jam
1113 4290 1312 4337 natum
1352 4300 1484 4337 eum
1526 4285 1730 4338 asseris

1846 3149 2047 3187 omnes
2092 3132 2183 3186 hic
2221 3133 2515 3204 peregrini
2544 3139 2600 3186 et
2642 3133 2878 3188 advena:
2909 3149 3028 3186 esse
3060 3133 3328 3186 dicuntur
3360 3147 3372 3185 :
3426 3148 3540 3185 non

1790 3238 1801 3246 '
1847 3222 1981 3293 quia
2011 3237 2319 3292 supernam
2354 3222 2650 3292 regionem
2679 3222 2922 3292 patriam
2958 3221 3233 3275 habentes
3265 3221 3332 3275 ad
3362 3225 3542 3274 terras

1845 3309 2050 3380 dilapsi
2104 3317 2255 3377 sunt,
2308 3311 2403 3364 sed
2443 3311 2580 3380 quia
2626 3327 2658 3363 a
2707 3316 2868 3381 patre
2907 3311 3167 3364 omnium
3212 3313 3267 3364 et
3309 3314 3540 3363 auctore

1845 3400 2066 3454 sidereo
2126 3401 2310 3453 multo
2360 3405 2620 3470 tempore
2683 3399 2742 3453 in
2807 3400 2913 3454 hac
2957 3400 3102 3453 valle
3159 3400 3537 3470 lacrymarum

1844 3487 2194 3558 peregrinati
2228 3492 2382 3556 sunt,
2415 3505 2531 3542 non
2563 3505 2824 3558 corpore,
2861 3488 2956 3541 sed
2991 3487 3206 3552 animo,
3241 3502 3344 3540 nec
3373 3491 3534 3539 natu-

1845 3576 2041 3629 raliter
2081 3576 2298 3641 animo,
2335 3576 2434 3630 sed
2479 3576 2761 3630 desiderio
2797 3582 2850 3629 et
2893 3576 3260 3629 amabilitatis
3309 3575 3535 3628 aIfectu.

1922 3666 2002 3718 18.
2065 3664 2172 3719 Sed
2233 3664 2526 3718 videamus
2579 3664 2625 3717 si
2686 3665 3000 3718 secundum
3054 3664 3304 3717 litteram
3357 3666 3539 3733 potest

1844 3757 1992 3806 stare
2037 3758 2221 3806 vestra
2292 3753 2624 3822 promissio.
2662 3756 2879 3806 Faciam
2937 3768 3041 3807 eos.
3092 3752 3298 3822 inquit,
3350 3751 3404 3804 id
3454 3763 3538 3804 est

1841 3842 2090 3906 Iudaeos,
2129 3846 2188 3894 in
2236 3847 2447 3909 gentem
2494 3859 2659 3896 unum
2707 3843 2916 3907 (Ezech.
2957 3858 3164 3907 xxxvii,
3214 3841 3329 3908 2|).
3381 3840 3534 3893 Nun-

1845 3929 1982 3998 quid
2041 3928 2099 3981 in
2157 3928 2422 3998 gentibus
2480 3934 2643 3982 erant
2697 3929 2901 3983 divisi?
2950 3930 3012 3982 Et
3057 3927 3345 3999 quomodo
3399 3926 3535 3980 alibi

1844 4017 2026 4072 dicit:
2070 4020 2142 4071 Et
2188 4023 2330 4071 inter
2366 4023 2550 4085 gentes
2597 4035 2702 4072 non
2751 4020 3098 4087 reputabitur
3147 4018 3332 4088 (Num.
3375 4032 3533 4081 χχιιι,

1844 4106 1934 4174 9)?
1981 4106 2039 4160 Si
2089 4106 2273 4160 adhuc
2322 4107 2381 4159 in
2426 4108 2540 4161 ﬁne
2587 4113 2756 4160 erunt
2785 4108 2842 4160 in
2897 4123 3008 4159 una
3038 4113 3207 4176 gente
3255 4096 3531 4169 conversi,

1839 4194 2128 4264 quomodo
2170 4199 2304 4247 sunt
2338 4194 2392 4246 in
2433 4195 2637 4247 multas
2676 4194 2912 4264 partiti?
2960 4195 3274 4264 Sequitur:
3334 4196 3399 4247 Et
3439 4209 3537 4246 rea:

1843 4287 1945 4336 erit
1983 4299 2127 4336 unus
2170 4284 2436 4343 omnibus,
2506 4290 2557 4336 et
2612 4300 2720 4338 non
2771 4289 2932 4338 erunt
2994 4286 3144 4338 ultro,
3191 4285 3312 4337 duae
3353 4287 3536 4348 gentes

63 4383 179 4435 esse,
209 4370 300 4423 dic
330 4369 473 4423 mihi
503 4369 600 4422 ubi
639 4369 747 4423 hoc
777 4370 996 4440 legisti;
1027 4375 1084 4424 et
1114 4370 1258 4424 sicut
1292 4376 1509 4441 patrem
1547 4373 1720 4426 David
1764 4381 1806 4434 1)
1837 4371 2050 4440 (Ezech.
2095 4387 2298 4432 xxxvn,
2355 4373 2466 4439 ‘23).
2501 4373 2645 4443 Ergo
2679 4373 2798 4425 sola
2830 4372 3003 4426 Israel
3052 4374 3178 4432 erit,
3223 4378 3280 4424 et
3328 4371 3534 4442 quibus

64 4458 310 4519 ostendis,
359 4458 439 4511 ita
483 4463 539 4510 et
567 4463 810 4511 matrem
842 4459 1060 4512 edicere
1101 4459 1294 4513 debes.
1326 4459 1485 4523 Quod
1533 4460 1580 4514 si
1613 4477 1731 4513 ma-

65 4546 187 4598 trem
217 4562 334 4599 non
368 4546 556 4613 habet,
591 4546 742 4600 ﬁlius
773 4545 950 4600 David
998 4562 1114 4600 non
1145 4547 1257 4601 erit
1285 4563 1298 4601 :
1331 4547 1467 4618 quia
1495 4563 1613 4600 non
1647 4553 1731 4601 est

65 4629 188 4685 ﬁlius
231 4634 399 4703 cujus
431 4640 763 4689 maternum
796 4635 956 4690 deest
996 4635 1270 4702 ofﬁcium,
1307 4641 1362 4689 et
1393 4653 1564 4706 quem
1606 4639 1728 4690 vul-

64 4731 129 4771 va:
162 4737 272 4775 non
317 4721 535 4791 bajulat
563 4723 752 4790 sinus;
783 4729 881 4777 aut
913 4722 1064 4777 enim
1112 4724 1283 4778 David
1317 4728 1419 4791 est,
1469 4730 1526 4778 et
1570 4739 1725 4779 mor-

68 4809 173 4861 tuus
214 4826 332 4864 non
392 4815 520 4865 est:
581 4811 733 4882 quod
790 4812 838 4865 si
897 4817 1158 4866 mortuus
1204 4817 1307 4878 est,
1357 4812 1567 4883 ligatus
1612 4830 1727 4867 non

66 4900 168 4949 est:
215 4898 373 4969 quod
419 4898 466 4952 si
515 4899 722 4969 ligatus
766 4905 868 4964 est,
921 4900 1095 4954 David
1145 4917 1257 4955 non
1299 4906 1400 4956 est.
1455 4902 1510 4956 Si
1555 4903 1726 4956 David

65 4979 183 5038 ﬁlius
209 4993 311 5051 est,
366 4988 598 5057 quando
624 5004 758 5042 eum
787 4989 988 5058 genuit
1017 4989 1307 5060 inquirere
1351 5006 1578 5044 necesse
1609 4997 1719 5046 est.

65 5071 105 5122 Si
129 5077 265 5129 enim
301 5084 611 5146 antequam
645 5083 982 5132 moreretur.
1017 5079 1246 5132 Messias
1274 5096 1388 5133 non
1419 5084 1525 5146 est,
1554 5081 1722 5150 cujus

68 5162 294 5218 nativitas
354 5171 486 5234 post
541 5170 788 5220 mortem
846 5167 1120 5236 praedicta
1157 5173 1263 5221 est.
1309 5168 1468 5232 Quod
1501 5167 1545 5220 si
1593 5173 1728 5238 post

67 5259 269 5308 mortem
315 5257 487 5307 natus
518 5259 622 5320 est,
658 5255 775 5322 ubi,
812 5261 910 5309 aut
944 5257 1196 5326 quando,
1235 5263 1331 5310 aut
1360 5273 1425 5310 ex
1458 5273 1590 5327 qua,
1639 5258 1725 5311 vel

68 5340 273 5403 qualiter
327 5346 499 5397 natus
555 5348 658 5411 est,
719 5343 1134 5414 inquirendum
1194 5350 1297 5400 est.
1353 5346 1583 5400 Certum
1637 5352 1726 5400 est

68 5429 180 5491 quod
211 5435 470 5483 mortuus
501 5430 685 5485 ﬁlium
713 5432 924 5487 habere
956 5450 1070 5488 non
1102 5435 1278 5505 possit
1311 5435 1501 5506 :quod
1535 5435 1582 5488 si
1621 5436 1722 5488 ha-

121 5557 138 5580 ⁸
167 5553 216 5604 F.
248 5569 281 5606 α
313 5569 566 5618 quorum.

123 5621 140 5660 ίι
165 5623 268 5684 Ms,
301 5629 574 5689 congruit.

1839 4459 2169 4514 dominetur
2197 4476 2316 4514 non
2347 4459 2574 4514 habebit
2604 4478 2616 4515 :
2658 4467 2755 4515 aut
2783 4461 2938 4514 enim
2970 4466 3109 4514 tunc
3141 4460 3318 4515 Judaei
3345 4457 3535 4512 cuncti

1837 4548 2015 4602 futuri
2061 4553 2250 4615 erunt,
2293 4549 2503 4618 quibus
2551 4549 2659 4603 ista
2703 4550 2981 4620 promissa
3031 4555 3184 4611 sunt,
3243 4553 3300 4601 et
3345 4548 3534 4601 nullus

1836 4637 2164 4691 incredulus
2217 4653 2286 4690 ex
2344 4638 2612 4708 gentibus
2664 4637 3003 4702 remanebit,
3067 4643 3168 4689 aut
3214 4640 3362 4689 certe
3413 4635 3533 4688 haec

1838 4726 2126 4780 sententia
2163 4727 2329 4780 ﬁrma
2361 4735 2380 4761 ο
2421 4742 2540 4780 non
2569 4726 2698 4780 erit.
2743 4725 3012 4795 Sequitur
3039 4741 3051 4778 :
3082 4728 3188 4780 Nec
3220 4724 3535 4777 dividentur

1838 4816 2078 4882 amplius
2118 4819 2175 4868 in
2212 4815 2318 4869 duo
2349 4831 2539 4882 regna,
2575 4815 2630 4869 id
2662 4820 2746 4867 est
2778 4815 2837 4867 in
2869 4815 3037 4867 Israel
3070 4818 3126 4866 et
3155 4812 3318 4877 Iuda,
3361 4828 3532 4877 neque

1832 4904 2153 4971 polluentur
2197 4905 2434 4972 amplius
2486 4908 2543 4956 in
2591 4903 2752 4956 idolis
2798 4906 2913 4956 suis
2955 4902 3140 4970 (Ibid.,
3194 4902 3304 4969 2'2).
3366 4900 3532 4953 Vides

1836 4995 1892 5042 te
1949 4991 2233 5044 idolorum
2297 4989 2606 5044 adhaesisse
2659 4989 2918 5054 culturis,
2977 5007 3010 5041 a
3060 4989 3266 5058 quibus
3313 4989 3372 5041 in
3417 4989 3530 5042 ﬁne

1837 5079 2098 5133 omnium
2157 5079 2523 5132 mandandus
2570 5079 2700 5132 eris.
2760 5078 3001 5132 Adverte
3055 5078 3193 5149 quid
3251 5077 3419 5141 dicat,
3472 5081 3528 5130 in

1835 5168 1998 5222 idolis
2023 5182 2138 5220 non
2168 5167 2448 5236 gentium,
2468 5167 2569 5220 sed
2599 5171 2735 5220 suis.
2768 5168 3031 5220 Poteram
3064 5183 3180 5221 uno
3201 5168 3316 5222 sole
3348 5167 3530 5220 Eccle-

1835 5255 1933 5309 siae
1978 5253 2322 5324 opinionum
2352 5259 2582 5308 tuarum
2615 5254 2832 5308 rivulos
2864 5255 2921 5307 in
2964 5261 3255 5308 momento
3287 5256 3524 5318 siccare;

1835 5343 1932 5398 sed
1989 5346 2288 5396 contentus
2345 5359 2463 5409 ero,
2532 5348 2590 5397 et
2643 5343 2758 5397 tuis
2829 5333 3053 5397 tantum
3115 5345 3529 5399 assertionibus

1831 5430 2212 5501 respondebo.
2268 5430 2429 5494 Quod
2483 5430 2528 5484 si
2582 5448 2669 5484 me
2712 5432 2953 5485 ulterius
3002 5434 3402 5503 provocaveris
3458 5433 3524 5486 ad

1904 5565 1922 5588 τ
1953 5555 2072 5619 Ms,
2104 5557 2275 5622 ﬁrmis
2309 5573 2413 5609 non
2446 5563 2578 5609 erat.
