  <div class='ocr_page' id='page_1' title='image "/cluster/home/n/w/nwhite01/storage/ocr_20150623/121/uva.x000827051/263.png"; bbox 0 0 3860 6262; ppageno 0'>
   <div class='ocr_carea' id='block_1_1' title="bbox 312 328 3805 385">
    <p class='ocr_par' dir='ltr' id='par_1_1' title="bbox 312 328 3805 385">
     <span class='ocr_line' id='line_1_1' title="bbox 312 328 3805 385; baseline -0.003 0"><span class='ocrx_word' id='word_1_1' title='bbox 312 337 409 385; x_wconf 73' lang='grc'>507</span> <span class='ocrx_word' id='word_1_2' title='bbox 1690 330 1941 383; x_wconf 78' lang='lat' dir='ltr'>ALVABI</span> <span class='ocrx_word' id='word_1_3' title='bbox 1985 328 2463 385; x_wconf 73' lang='lat' dir='ltr'>COHDUBENSIS</span> <span class='ocrx_word' id='word_1_4' title='bbox 3710 340 3805 379; x_wconf 61' lang='lat' dir='ltr'>:im</span> 
     </span>
    </p>
   </div>
   <div class='ocr_carea' id='block_1_2' title="bbox 308 458 3839 532">
    <p class='ocr_par' dir='ltr' id='par_1_2' title="bbox 308 458 3839 532">
     <span class='ocr_line' id='line_1_2' title="bbox 308 458 3839 532; baseline -0 -15"><span class='ocrx_word' id='word_1_5' title='bbox 308 464 553 531; x_wconf 83' lang='lat' dir='ltr'>cholera,</span> <span class='ocrx_word' id='word_1_6' title='bbox 590 466 896 532; x_wconf 89' lang='lat' dir='ltr'>consputus</span> <span class='ocrx_word' id='word_1_7' title='bbox 926 460 1194 513; x_wconf 91' lang='lat' dir='ltr'>abscedes</span> <span class='ocrx_word' id='word_1_8' title='bbox 1229 461 1537 529; x_wconf 85' lang='lat' dir='ltr'>utﬁegma.</span> <span class='ocrx_word' id='word_1_9' title='bbox 1573 460 1813 514; x_wconf 82' lang='lat' dir='ltr'>Gustum</span> <span class='ocrx_word' id='word_1_10' title='bbox 1844 458 1997 513; x_wconf 89' lang='lat' dir='ltr'>enim</span> <span class='ocrx_word' id='word_1_11' title='bbox 2035 461 2082 513; x_wconf 83' lang='lat' dir='ltr'><strong>A</strong></span> <span class='ocrx_word' id='word_1_12' title='bbox 2112 464 2297 513; x_wconf 86' lang='lat' dir='ltr'>vestra</span> <span class='ocrx_word' id='word_1_13' title='bbox 2352 476 2468 513; x_wconf 91' lang='lat' dir='ltr'>non</span> <span class='ocrx_word' id='word_1_14' title='bbox 2520 459 2873 531; x_wconf 80' lang='lat' dir='ltr'>suscipitur?</span> <span class='ocrx_word' id='word_1_15' title='bbox 2928 460 3074 526; x_wconf 92' lang='lat' dir='ltr'>Quid</span> <span class='ocrx_word' id='word_1_16' title='bbox 3132 477 3225 515; x_wconf 90' lang='lat' dir='ltr'>me</span> <span class='ocrx_word' id='word_1_17' title='bbox 3285 461 3639 532; x_wconf 80' lang='lat' dir='ltr'>interrogas?</span> <span class='ocrx_word' id='word_1_18' title='bbox 3699 463 3807 516; x_wconf 71' lang='grc' dir='ltr'>δε-</span> <span class='ocrx_word' id='word_1_19' title='bbox 3838 490 3839 497; x_wconf 58' lang='grc' dir='ltr'>ι</span> 
     </span>
    </p>
   </div>
   <div class='ocr_carea' id='block_1_3' title="bbox 307 547 2000 617">
    <p class='ocr_par' dir='ltr' id='par_1_3' title="bbox 307 547 2000 617">
     <span class='ocr_line' id='line_1_3' title="bbox 307 547 2000 617; baseline -0.003 -12"><span class='ocrx_word' id='word_1_20' title='bbox 307 557 569 605; x_wconf 89' lang='lat' dir='ltr'>nostrum</span> <span class='ocrx_word' id='word_1_21' title='bbox 601 549 704 604; x_wconf 82' lang='lat' dir='ltr'>tibi</span> <span class='ocrx_word' id='word_1_22' title='bbox 734 548 1066 613; x_wconf 87' lang='lat' dir='ltr'>indidimus,</span> <span class='ocrx_word' id='word_1_23' title='bbox 1103 552 1163 601; x_wconf 91' lang='lat' dir='ltr'>ut</span> <span class='ocrx_word' id='word_1_24' title='bbox 1195 564 1298 617; x_wconf 91' lang='lat' dir='ltr'>per</span> <span class='ocrx_word' id='word_1_25' title='bbox 1327 548 1434 601; x_wconf 91' lang='lat' dir='ltr'>ista</span> <span class='ocrx_word' id='word_1_26' title='bbox 1467 564 1642 617; x_wconf 89' lang='lat' dir='ltr'>parva</span> <span class='ocrx_word' id='word_1_27' title='bbox 1671 547 1873 601; x_wconf 84' lang='lat' dir='ltr'>timeas</span> <span class='ocrx_word' id='word_1_28' title='bbox 1902 547 2000 601; x_wconf 89' lang='lat' dir='ltr'>illa</span> 
     </span>
    </p>
   </div>
   <div class='ocr_carea' id='block_1_4' title="bbox 306 636 1997 712">
    <p class='ocr_par' dir='ltr' id='par_1_4' title="bbox 306 636 1997 712">
     <span class='ocr_line' id='line_1_4' title="bbox 306 636 1997 712; baseline -0.003 -19"><span class='ocrx_word' id='word_1_29' title='bbox 306 656 436 712; x_wconf 69' lang='lat' dir='ltr'>quas</span> <span class='ocrx_word' id='word_1_30' title='bbox 480 655 689 709; x_wconf 88' lang='lat' dir='ltr'>magna</span> <span class='ocrx_word' id='word_1_31' title='bbox 720 643 870 703; x_wconf 90' lang='lat' dir='ltr'>sunt,</span> <span class='ocrx_word' id='word_1_32' title='bbox 913 653 1043 690; x_wconf 89' lang='lat' dir='ltr'>cum</span> <span class='ocrx_word' id='word_1_33' title='bbox 1078 639 1185 689; x_wconf 91' lang='lat' dir='ltr'>ista</span> <span class='ocrx_word' id='word_1_34' title='bbox 1215 642 1269 690; x_wconf 90' lang='lat' dir='ltr'>te</span> <span class='ocrx_word' id='word_1_35' title='bbox 1321 637 1400 689; x_wconf 88' lang='lat' dir='ltr'>ita</span> <span class='ocrx_word' id='word_1_36' title='bbox 1429 636 1819 703; x_wconf 89' lang='lat' dir='ltr'>contriveriut,</span> <span class='ocrx_word' id='word_1_37' title='bbox 1871 653 1997 706; x_wconf 65' lang='lat' dir='ltr'>qua:</span> 
     </span>
    </p>
   </div>
   <div class='ocr_carea' id='block_1_5' title="bbox 304 725 1997 800">
    <p class='ocr_par' dir='ltr' id='par_1_5' title="bbox 304 725 1997 800">
     <span class='ocr_line' id='line_1_5' title="bbox 304 725 1997 800; baseline -0.002 -18"><span class='ocrx_word' id='word_1_38' title='bbox 304 745 480 800; x_wconf 88' lang='lat' dir='ltr'>parva</span> <span class='ocrx_word' id='word_1_39' title='bbox 511 733 665 781; x_wconf 91' lang='lat' dir='ltr'>sunt.</span> <span class='ocrx_word' id='word_1_40' title='bbox 705 727 975 798; x_wconf 87' lang='lat' dir='ltr'>Nunquid</span> <span class='ocrx_word' id='word_1_41' title='bbox 1009 743 1122 779; x_wconf 89' lang='lat' dir='ltr'>non</span> <span class='ocrx_word' id='word_1_42' title='bbox 1156 732 1418 795; x_wconf 88' lang='lat' dir='ltr'>poteram</span> <span class='ocrx_word' id='word_1_43' title='bbox 1452 725 1553 779; x_wconf 87' lang='lat' dir='ltr'>tibi</span> <span class='ocrx_word' id='word_1_44' title='bbox 1584 727 1759 779; x_wconf 78' lang='lat' dir='ltr'>totius</span> <span class='ocrx_word' id='word_1_45' title='bbox 1796 726 1997 779; x_wconf 82' lang='lat' dir='ltr'>Danie-</span> 
     </span>
    </p>
   </div>
   <div class='ocr_carea' id='block_1_6' title="bbox 304 815 2002 889">
    <p class='ocr_par' dir='ltr' id='par_1_6' title="bbox 304 815 2002 889">
     <span class='ocr_line' id='line_1_6' title="bbox 304 815 2002 889; baseline -0.002 -18"><span class='ocrx_word' id='word_1_46' title='bbox 304 818 375 872; x_wconf 91' lang='lat' dir='ltr'>lis</span> <span class='ocrx_word' id='word_1_47' title='bbox 433 818 686 889; x_wconf 89' lang='lat' dir='ltr'>proferre</span> <span class='ocrx_word' id='word_1_48' title='bbox 754 816 1075 877; x_wconf 82' lang='lat' dir='ltr'>historiam,</span> <span class='ocrx_word' id='word_1_49' title='bbox 1151 815 1284 868; x_wconf 88' lang='lat' dir='ltr'>ﬁdei</span> <span class='ocrx_word' id='word_1_50' title='bbox 1341 820 1549 868; x_wconf 63' lang='lat' dir='ltr'>nostra:</span> <span class='ocrx_word' id='word_1_51' title='bbox 1603 815 1876 880; x_wconf 91' lang='lat' dir='ltr'>radicem,</span> <span class='ocrx_word' id='word_1_52' title='bbox 1946 820 2002 868; x_wconf 92' lang='lat' dir='ltr'>et</span> 
     </span>
    </p>
   </div>
   <div class='ocr_carea' id='block_1_7' title="bbox 306 903 1999 976">
    <p class='ocr_par' dir='ltr' id='par_1_7' title="bbox 306 903 1999 976">
     <span class='ocr_line' id='line_1_7' title="bbox 306 903 1999 976; baseline -0.001 -17"><span class='ocrx_word' id='word_1_53' title='bbox 306 912 532 961; x_wconf 81' lang='lat' dir='ltr'>scutum</span> <span class='ocrx_word' id='word_1_54' title='bbox 564 904 956 976; x_wconf 70' lang='lat' dir='ltr'>praevalidum,</span> <span class='ocrx_word' id='word_1_55' title='bbox 994 903 1087 956; x_wconf 91' lang='lat' dir='ltr'>ubi</span> <span class='ocrx_word' id='word_1_56' title='bbox 1119 920 1234 957; x_wconf 90' lang='lat' dir='ltr'>non</span> <span class='ocrx_word' id='word_1_57' title='bbox 1267 904 1448 956; x_wconf 89' lang='lat' dir='ltr'>solum</span> <span class='ocrx_word' id='word_1_58' title='bbox 1484 904 1721 956; x_wconf 88' lang='lat' dir='ltr'>Sanctus</span> <span class='ocrx_word' id='word_1_59' title='bbox 1773 908 1999 957; x_wconf 88' lang='lat' dir='ltr'>sancto-</span> 
     </span>
    </p>
   </div>
   <div class='ocr_carea' id='block_1_8' title="bbox 305 992 1998 1062">
    <p class='ocr_par' dir='ltr' id='par_1_8' title="bbox 305 992 1998 1062">
     <span class='ocr_line' id='line_1_8' title="bbox 305 992 1998 1062; baseline -0.002 -13"><span class='ocrx_word' id='word_1_60' title='bbox 305 1012 434 1049; x_wconf 86' lang='lat' dir='ltr'>rum</span> <span class='ocrx_word' id='word_1_61' title='bbox 465 994 766 1060; x_wconf 76' lang='lat' dir='ltr'>occiditur,</span> <span class='ocrx_word' id='word_1_62' title='bbox 803 1008 1000 1045; x_wconf 86' lang='lat' dir='ltr'>verum</span> <span class='ocrx_word' id='word_1_63' title='bbox 1028 992 1201 1045; x_wconf 89' lang='lat' dir='ltr'>etiam</span> <span class='ocrx_word' id='word_1_64' title='bbox 1234 998 1495 1062; x_wconf 89' lang='lat' dir='ltr'>tempora</span> <span class='ocrx_word' id='word_1_65' title='bbox 1526 1007 1811 1044; x_wconf 89' lang='lat' dir='ltr'>annorum</span> <span class='ocrx_word' id='word_1_66' title='bbox 1847 1008 1998 1062; x_wconf 67' lang='lat' dir='ltr'>pras-</span> 
     </span>
    </p>
   </div>
   <div class='ocr_carea' id='block_1_9' title="bbox 306 1081 1999 1150">
    <p class='ocr_par' dir='ltr' id='par_1_9' title="bbox 306 1081 1999 1150">
     <span class='ocr_line' id='line_1_9' title="bbox 306 1081 1999 1150; baseline -0.003 -12"><span class='ocrx_word' id='word_1_67' title='bbox 306 1082 933 1139; x_wconf 81' lang='lat' dir='ltr'>ﬁxis-hebdomadibus</span> <span class='ocrx_word' id='word_1_68' title='bbox 974 1086 1370 1144; x_wconf 83' lang='lat' dir='ltr'>numerantur,</span> <span class='ocrx_word' id='word_1_69' title='bbox 1416 1085 1472 1133; x_wconf 88' lang='lat' dir='ltr'>et</span> <span class='ocrx_word' id='word_1_70' title='bbox 1504 1096 1682 1150; x_wconf 89' lang='lat' dir='ltr'>usque</span> <span class='ocrx_word' id='word_1_71' title='bbox 1736 1081 1806 1134; x_wconf 88' lang='lat' dir='ltr'>ad</span> <span class='ocrx_word' id='word_1_72' title='bbox 1860 1098 1999 1134; x_wconf 76' lang='lat' dir='ltr'>cou-</span> 
     </span>
    </p>
   </div>
   <div class='ocr_carea' id='block_1_10' title="bbox 307 1170 1997 1239">
    <p class='ocr_par' dir='ltr' id='par_1_10' title="bbox 307 1170 1997 1239">
     <span class='ocr_line' id='line_1_10' title="bbox 307 1170 1997 1239; baseline -0.002 -13"><span class='ocrx_word' id='word_1_73' title='bbox 307 1172 754 1226; x_wconf 88' lang='lat' dir='ltr'>summationem</span> <span class='ocrx_word' id='word_1_74' title='bbox 831 1175 885 1223; x_wconf 90' lang='lat' dir='ltr'>et</span> <span class='ocrx_word' id='word_1_75' title='bbox 933 1170 1106 1223; x_wconf 89' lang='lat' dir='ltr'>ﬁnem</span> <span class='ocrx_word' id='word_1_76' title='bbox 1164 1185 1528 1239; x_wconf 84' lang='lat' dir='ltr'>perseverare</span> <span class='ocrx_word' id='word_1_77' title='bbox 1583 1170 1997 1223; x_wconf 82' lang='lat' dir='ltr'>desolationem</span> 
     </span>
    </p>
   </div>
   <div class='ocr_carea' id='block_1_11' title="bbox 307 1256 1999 1328">
    <p class='ocr_par' dir='ltr' id='par_1_11' title="bbox 307 1256 1999 1328">
     <span class='ocr_line' id='line_1_11' title="bbox 307 1256 1999 1328; baseline -0.002 -15"><span class='ocrx_word' id='word_1_78' title='bbox 307 1276 405 1313; x_wconf 90' lang='lat' dir='ltr'>ore</span> <span class='ocrx_word' id='word_1_79' title='bbox 440 1257 779 1328; x_wconf 86' lang='lat' dir='ltr'>prophetico</span> <span class='ocrx_word' id='word_1_80' title='bbox 810 1256 1055 1311; x_wconf 84' lang='lat' dir='ltr'>dicitur?</span> <span class='ocrx_word' id='word_1_81' title='bbox 1091 1259 1423 1310; x_wconf 74' lang='lat' dir='ltr'>ttetexcrem</span> <span class='ocrx_word' id='word_1_82' title='bbox 1452 1258 1559 1309; x_wconf 89' lang='lat' dir='ltr'>hoc</span> <span class='ocrx_word' id='word_1_83' title='bbox 1592 1259 1713 1311; x_wconf 84' lang='lat' dir='ltr'>ioco</span> <span class='ocrx_word' id='word_1_84' title='bbox 1747 1258 1814 1311; x_wconf 90' lang='lat' dir='ltr'>ab</span> <span class='ocrx_word' id='word_1_85' title='bbox 1847 1260 1999 1311; x_wconf 68' lang='lat' dir='ltr'>exitu</span> 
     </span>
    </p>
   </div>
   <div class='ocr_carea' id='block_1_12' title="bbox 305 1346 2000 1416">
    <p class='ocr_par' dir='ltr' id='par_1_12' title="bbox 305 1346 2000 1416">
     <span class='ocr_line' id='line_1_12' title="bbox 305 1346 2000 1416; baseline -0.002 -14"><span class='ocrx_word' id='word_1_86' title='bbox 305 1350 564 1403; x_wconf 79' lang='lat' dir='ltr'>sermonis</span> <span class='ocrx_word' id='word_1_87' title='bbox 612 1352 671 1400; x_wconf 86' lang='lat' dir='ltr'>ut</span> <span class='ocrx_word' id='word_1_88' title='bbox 721 1350 913 1401; x_wconf 80' lang='lat' dir='ltr'>iterum</span> <span class='ocrx_word' id='word_1_89' title='bbox 960 1346 1259 1416; x_wconf 67' lang='lat' dir='ltr'>aedificetur</span> <span class='ocrx_word' id='word_1_90' title='bbox 1302 1348 1639 1401; x_wconf 82' lang='lat' dir='ltr'>Hierusalem</span> <span class='ocrx_word' id='word_1_91' title='bbox 1699 1363 1867 1415; x_wconf 84' lang='lat' dir='ltr'>usque</span> <span class='ocrx_word' id='word_1_92' title='bbox 1926 1346 2000 1399; x_wconf 85' lang='lat' dir='ltr'>ad</span> 
     </span>
    </p>
   </div>
   <div class='ocr_carea' id='block_1_13' title="bbox 306 1435 1997 1505">
    <p class='ocr_par' dir='ltr' id='par_1_13' title="bbox 306 1435 1997 1505">
     <span class='ocr_line' id='line_1_13' title="bbox 306 1435 1997 1505; baseline -0.001 -16"><span class='ocrx_word' id='word_1_93' title='bbox 306 1438 589 1490; x_wconf 75' lang='lat' dir='ltr'>Clu-istum</span> <span class='ocrx_word' id='word_1_94' title='bbox 637 1436 821 1489; x_wconf 87' lang='lat' dir='ltr'>ducem</span> <span class='ocrx_word' id='word_1_95' title='bbox 872 1436 1031 1505; x_wconf 88' lang='lat' dir='ltr'>(Dan.</span> <span class='ocrx_word' id='word_1_96' title='bbox 1084 1451 1158 1494; x_wconf 82' lang='lat' dir='ltr'>1x,</span> <span class='ocrx_word' id='word_1_97' title='bbox 1202 1436 1314 1503; x_wconf 75' lang='lat'>22),</span> <span class='ocrx_word' id='word_1_98' title='bbox 1355 1451 1537 1488; x_wconf 87' lang='lat' dir='ltr'>annos</span> <span class='ocrx_word' id='word_1_99' title='bbox 1581 1435 1997 1504; x_wconf 81' lang='lat' dir='ltr'>imperatorum</span> 
     </span>
    </p>
   </div>
   <div class='ocr_carea' id='block_1_14' title="bbox 308 1523 1996 1595">
    <p class='ocr_par' dir='ltr' id='par_1_14' title="bbox 308 1523 1996 1595">
     <span class='ocr_line' id='line_1_14' title="bbox 308 1523 1996 1595; baseline -0.002 -16"><span class='ocrx_word' id='word_1_100' title='bbox 308 1526 670 1594; x_wconf 89' lang='lat' dir='ltr'>regnantium</span> <span class='ocrx_word' id='word_1_101' title='bbox 702 1541 883 1595; x_wconf 89' lang='lat' dir='ltr'>usque</span> <span class='ocrx_word' id='word_1_102' title='bbox 924 1524 996 1577; x_wconf 92' lang='lat' dir='ltr'>ad</span> <span class='ocrx_word' id='word_1_103' title='bbox 1027 1523 1235 1578; x_wconf 84' lang='lat' dir='ltr'>Christi</span> <span class='ocrx_word' id='word_1_104' title='bbox 1264 1524 1593 1591; x_wconf 87' lang='lat' dir='ltr'>adventum,</span> <span class='ocrx_word' id='word_1_105' title='bbox 1639 1532 1697 1578; x_wconf 88' lang='lat' dir='ltr'>et</span> <span class='ocrx_word' id='word_1_106' title='bbox 1730 1525 1996 1578; x_wconf 75' lang='lat' dir='ltr'>docerem</span> 
     </span>
    </p>
   </div>
   <div class='ocr_carea' id='block_1_15' title="bbox 298 1612 1999 1685">
    <p class='ocr_par' dir='ltr' id='par_1_15' title="bbox 298 1612 1999 1685">
     <span class='ocr_line' id='line_1_15' title="bbox 298 1612 1999 1685; baseline -0.002 -18"><span class='ocrx_word' id='word_1_107' title='bbox 298 1615 421 1685; x_wconf 85' lang='lat' dir='ltr'>jam</span> <span class='ocrx_word' id='word_1_108' title='bbox 462 1631 581 1667; x_wconf 89' lang='lat' dir='ltr'>esse</span> <span class='ocrx_word' id='word_1_109' title='bbox 627 1614 951 1681; x_wconf 82' lang='lat' dir='ltr'>impletum,</span> <span class='ocrx_word' id='word_1_110' title='bbox 995 1612 1145 1682; x_wconf 89' lang='lat' dir='ltr'>quod</span> <span class='ocrx_word' id='word_1_111' title='bbox 1188 1614 1360 1666; x_wconf 89' lang='lat' dir='ltr'>stulta</span> <span class='ocrx_word' id='word_1_112' title='bbox 1399 1614 1768 1682; x_wconf 87' lang='lat' dir='ltr'>persuasione</span> <span class='ocrx_word' id='word_1_113' title='bbox 1818 1613 1999 1666; x_wconf 87' lang='lat' dir='ltr'>adhuc</span> 
     </span>
    </p>
   </div>
   <div class='ocr_carea' id='block_1_16' title="bbox 306 1700 2000 1774">
    <p class='ocr_par' dir='ltr' id='par_1_16' title="bbox 306 1700 2000 1774">
     <span class='ocr_line' id='line_1_16' title="bbox 306 1700 2000 1774; baseline -0.001 -19"><span class='ocrx_word' id='word_1_114' title='bbox 306 1702 515 1774; x_wconf 87' lang='lat' dir='ltr'>putatis</span> <span class='ocrx_word' id='word_1_115' title='bbox 545 1701 926 1772; x_wconf 90' lang='lat' dir='ltr'>implendum.</span> <span class='ocrx_word' id='word_1_116' title='bbox 958 1700 1062 1754; x_wconf 90' lang='lat' dir='ltr'>Sed</span> <span class='ocrx_word' id='word_1_117' title='bbox 1086 1700 1534 1754; x_wconf 84' lang='lat' dir='ltr'>etdefectionem</span> <span class='ocrx_word' id='word_1_118' title='bbox 1566 1702 1723 1755; x_wconf 90' lang='lat' dir='ltr'>illam</span> <span class='ocrx_word' id='word_1_119' title='bbox 1755 1701 2000 1755; x_wconf 79' lang='lat' dir='ltr'>traducis</span> 
     </span>
    </p>
   </div>
   <div class='ocr_carea' id='block_1_17' title="bbox 306 1789 1997 1860">
    <p class='ocr_par' dir='ltr' id='par_1_17' title="bbox 306 1789 1997 1860">
     <span class='ocr_line' id='line_1_17' title="bbox 306 1789 1997 1860; baseline -0.002 -16"><span class='ocrx_word' id='word_1_120' title='bbox 306 1792 367 1845; x_wconf 92' lang='lat' dir='ltr'>in</span> <span class='ocrx_word' id='word_1_121' title='bbox 416 1790 666 1860; x_wconf 82' lang='lat' dir='ltr'>regibus,</span> <span class='ocrx_word' id='word_1_122' title='bbox 720 1804 893 1858; x_wconf 89' lang='lat' dir='ltr'>quam</span> <span class='ocrx_word' id='word_1_123' title='bbox 936 1789 1106 1842; x_wconf 78' lang='lat' dir='ltr'>Iacob</span> <span class='ocrx_word' id='word_1_124' title='bbox 1156 1789 1328 1842; x_wconf 89' lang='lat' dir='ltr'>sacris</span> <span class='ocrx_word' id='word_1_125' title='bbox 1375 1790 1639 1859; x_wconf 56' lang='lat' dir='ltr'>praedixit</span> <span class='ocrx_word' id='word_1_126' title='bbox 1678 1790 1997 1860; x_wconf 68' lang='lat' dir='ltr'>praesagiis,</span> 
     </span>
    </p>
   </div>
   <div class='ocr_carea' id='block_1_18' title="bbox 306 1876 2002 1948">
    <p class='ocr_par' dir='ltr' id='par_1_18' title="bbox 306 1876 2002 1948">
     <span class='ocr_line' id='line_1_18' title="bbox 306 1876 2002 1948; baseline 0 -17"><span class='ocrx_word' id='word_1_127' title='bbox 306 1884 566 1948; x_wconf 88' lang='lat' dir='ltr'>tempore</span> <span class='ocrx_word' id='word_1_128' title='bbox 622 1877 1000 1931; x_wconf 82' lang='lat' dir='ltr'>affirmassem</span> <span class='ocrx_word' id='word_1_129' title='bbox 1058 1876 1327 1930; x_wconf 87' lang='lat' dir='ltr'>accidisse</span> <span class='ocrx_word' id='word_1_130' title='bbox 1404 1878 1659 1945; x_wconf 88' lang='lat' dir='ltr'>Herodis,</span> <span class='ocrx_word' id='word_1_131' title='bbox 1720 1878 1820 1948; x_wconf 88' lang='lat' dir='ltr'>qui</span> <span class='ocrx_word' id='word_1_132' title='bbox 1889 1895 2002 1931; x_wconf 88' lang='lat' dir='ltr'>non</span> 
     </span>
    </p>
   </div>
   <div class='ocr_carea' id='block_1_19' title="bbox 305 1965 2003 2036">
    <p class='ocr_par' dir='ltr' id='par_1_19' title="bbox 305 1965 2003 2036">
     <span class='ocr_line' id='line_1_19' title="bbox 305 1965 2003 2036; baseline 0 -16"><span class='ocrx_word' id='word_1_133' title='bbox 305 1967 657 2032; x_wconf 68' lang='lat' dir='ltr'>Iudaeorum,</span> <span class='ocrx_word' id='word_1_134' title='bbox 694 1966 791 2019; x_wconf 91' lang='lat' dir='ltr'>sed</span> <span class='ocrx_word' id='word_1_135' title='bbox 816 1965 1153 2035; x_wconf 80' lang='lat' dir='ltr'>alienigenae</span> <span class='ocrx_word' id='word_1_136' title='bbox 1184 1966 1398 2019; x_wconf 81' lang='lat' dir='ltr'>exstitit</span> <span class='ocrx_word' id='word_1_137' title='bbox 1428 1967 1628 2036; x_wconf 89' lang='lat' dir='ltr'>prolis.</span> <span class='ocrx_word' id='word_1_138' title='bbox 1666 1968 1730 2021; x_wconf 83' lang='lat' dir='ltr'>Et</span> <span class='ocrx_word' id='word_1_139' title='bbox 1760 1966 1866 2021; x_wconf 92' lang='lat' dir='ltr'>hoc</span> <span class='ocrx_word' id='word_1_140' title='bbox 1886 1984 2003 2020; x_wconf 89' lang='lat' dir='ltr'>non</span> 
     </span>
    </p>
   </div>
   <div class='ocr_carea' id='block_1_20' title="bbox 307 2053 2001 2121">
    <p class='ocr_par' dir='ltr' id='par_1_20' title="bbox 307 2053 2001 2121">
     <span class='ocr_line' id='line_1_20' title="bbox 307 2053 2001 2121; baseline 0.001 -14"><span class='ocrx_word' id='word_1_141' title='bbox 307 2055 451 2108; x_wconf 84' lang='lat' dir='ltr'>meis</span> <span class='ocrx_word' id='word_1_142' title='bbox 489 2055 778 2108; x_wconf 83' lang='lat' dir='ltr'>ﬁrmarem</span> <span class='ocrx_word' id='word_1_143' title='bbox 818 2053 1023 2120; x_wconf 88' lang='lat' dir='ltr'>verbis,</span> <span class='ocrx_word' id='word_1_144' title='bbox 1072 2054 1168 2107; x_wconf 91' lang='lat' dir='ltr'>sed</span> <span class='ocrx_word' id='word_1_145' title='bbox 1201 2054 1339 2108; x_wconf 89' lang='lat' dir='ltr'>olim</span> <span class='ocrx_word' id='word_1_146' title='bbox 1366 2054 1537 2108; x_wconf 86' lang='lat' dir='ltr'>vestri</span> <span class='ocrx_word' id='word_1_147' title='bbox 1569 2056 1837 2121; x_wconf 81' lang='lat' dir='ltr'>doctoris,</span> <span class='ocrx_word' id='word_1_148' title='bbox 1886 2072 2001 2109; x_wconf 91' lang='lat' dir='ltr'>non</span> 
     </span>
    </p>
   </div>
   <div class='ocr_carea' id='block_1_21' title="bbox 307 2142 2001 2213">
    <p class='ocr_par' dir='ltr' id='par_1_21' title="bbox 307 2142 2001 2213">
     <span class='ocr_line' id='line_1_21' title="bbox 307 2142 2001 2213; baseline 0.001 -17"><span class='ocrx_word' id='word_1_149' title='bbox 307 2144 493 2197; x_wconf 89' lang='lat' dir='ltr'>solum</span> <span class='ocrx_word' id='word_1_150' title='bbox 524 2143 694 2197; x_wconf 90' lang='lat' dir='ltr'>unius</span> <span class='ocrx_word' id='word_1_151' title='bbox 723 2142 961 2213; x_wconf 83' lang='lat' dir='ltr'>Josippi,</span> <span class='ocrx_word' id='word_1_152' title='bbox 986 2159 1181 2196; x_wconf 91' lang='lat' dir='ltr'>verum</span> <span class='ocrx_word' id='word_1_153' title='bbox 1204 2149 1375 2197; x_wconf 80' lang='lat' dir='ltr'>etiam</span> <span class='ocrx_word' id='word_1_154' title='bbox 1400 2150 1455 2197; x_wconf 89' lang='lat' dir='ltr'>et</span> <span class='ocrx_word' id='word_1_155' title='bbox 1480 2144 1751 2199; x_wconf 84' lang='lat' dir='ltr'>Philonis.</span> <span class='ocrx_word' id='word_1_156' title='bbox 1786 2147 2001 2199; x_wconf 86' lang='lat' dir='ltr'>Tamen</span> 
     </span>
    </p>
   </div>
   <div class='ocr_carea' id='block_1_22' title="bbox 307 2231 2003 2302">
    <p class='ocr_par' dir='ltr' id='par_1_22' title="bbox 307 2231 2003 2302">
     <span class='ocr_line' id='line_1_22' title="bbox 307 2231 2003 2302; baseline 0 -17"><span class='ocrx_word' id='word_1_157' title='bbox 307 2233 444 2302; x_wconf 84' lang='lat' dir='ltr'>quia</span> <span class='ocrx_word' id='word_1_158' title='bbox 499 2237 562 2286; x_wconf 86' lang='lat' dir='ltr'>tu</span> <span class='ocrx_word' id='word_1_159' title='bbox 610 2248 727 2285; x_wconf 91' lang='lat' dir='ltr'>non</span> <span class='ocrx_word' id='word_1_160' title='bbox 776 2232 962 2284; x_wconf 88' lang='lat' dir='ltr'>studio</span> <span class='ocrx_word' id='word_1_161' title='bbox 1004 2231 1279 2285; x_wconf 66' lang='lat' dir='ltr'>doctrinae</span> <span class='ocrx_word' id='word_1_162' title='bbox 1329 2232 1646 2298; x_wconf 81' lang='lat' dir='ltr'>contendis,</span> <span class='ocrx_word' id='word_1_163' title='bbox 1680 2232 1780 2285; x_wconf 90' lang='lat' dir='ltr'>sed</span> <span class='ocrx_word' id='word_1_164' title='bbox 1826 2232 2003 2286; x_wconf 88' lang='lat' dir='ltr'>livore</span> 
     </span>
    </p>
   </div>
   <div class='ocr_carea' id='block_1_23' title="bbox 307 2319 2001 2389">
    <p class='ocr_par' dir='ltr' id='par_1_23' title="bbox 307 2319 2001 2389">
     <span class='ocr_line' id='line_1_23' title="bbox 307 2319 2001 2389; baseline -0.001 -14"><span class='ocrx_word' id='word_1_165' title='bbox 307 2320 639 2375; x_wconf 87' lang='lat' dir='ltr'>destruendi</span> <span class='ocrx_word' id='word_1_166' title='bbox 696 2319 967 2389; x_wconf 89' lang='lat' dir='ltr'>assurgis,</span> <span class='ocrx_word' id='word_1_167' title='bbox 1017 2319 1087 2373; x_wconf 92' lang='lat' dir='ltr'>ob</span> <span class='ocrx_word' id='word_1_168' title='bbox 1137 2320 1247 2373; x_wconf 89' lang='lat' dir='ltr'>hoc</span> <span class='ocrx_word' id='word_1_169' title='bbox 1295 2337 1522 2374; x_wconf 88' lang='lat' dir='ltr'>necesse</span> <span class='ocrx_word' id='word_1_170' title='bbox 1567 2319 1708 2374; x_wconf 90' lang='lat' dir='ltr'>mihi</span> <span class='ocrx_word' id='word_1_171' title='bbox 1765 2321 2001 2388; x_wconf 86' lang='lat' dir='ltr'>exstitit,</span> 
     </span>
    </p>
   </div>
   <div class='ocr_carea' id='block_1_24' title="bbox 307 2392 1999 2479">
    <p class='ocr_par' dir='ltr' id='par_1_24' title="bbox 307 2392 1999 2479">
     <span class='ocr_line' id='line_1_24' title="bbox 307 2392 1999 2479; baseline 0.001 -18"><span class='ocrx_word' id='word_1_172' title='bbox 307 2425 422 2462; x_wconf 90' lang='lat' dir='ltr'>non</span> <span class='ocrx_word' id='word_1_173' title='bbox 454 2425 585 2463; x_wconf 88' lang='lat' dir='ltr'>mea</span> <span class='ocrx_word' id='word_1_174' title='bbox 624 2408 724 2462; x_wconf 84' lang='lat' dir='ltr'>tibi</span> <span class='ocrx_word' id='word_1_175' title='bbox 758 2408 955 2461; x_wconf 88' lang='lat' dir='ltr'>omnia</span> <span class='ocrx_word' id='word_1_176' title='bbox 986 2410 1287 2479; x_wconf 84' lang='lat' dir='ltr'>propalare</span> <span class='ocrx_word' id='word_1_177' title='bbox 1320 2409 1608 2477; x_wconf 83' lang='lat' dir='ltr'>mysteria,</span> <span class='ocrx_word' id='word_1_178' title='bbox 1644 2392 1999 2463; x_wconf 26' lang='lat' dir='ltr'>sed-tantum</span> 
     </span>
    </p>
   </div>
   <div class='ocr_carea' id='block_1_25' title="bbox 307 2498 2004 2568">
    <p class='ocr_par' dir='ltr' id='par_1_25' title="bbox 307 2498 2004 2568">
     <span class='ocr_line' id='line_1_25' title="bbox 307 2498 2004 2568; baseline -0.002 -16"><span class='ocrx_word' id='word_1_179' title='bbox 307 2498 597 2552; x_wconf 87' lang='lat' dir='ltr'>destruere</span> <span class='ocrx_word' id='word_1_180' title='bbox 627 2514 871 2567; x_wconf 62' lang='lat' dir='ltr'>quasque</span> <span class='ocrx_word' id='word_1_181' title='bbox 904 2514 1011 2550; x_wconf 83' lang='lat' dir='ltr'>vox</span> <span class='ocrx_word' id='word_1_182' title='bbox 1043 2498 1348 2568; x_wconf 87' lang='lat' dir='ltr'>protulerit</span> <span class='ocrx_word' id='word_1_183' title='bbox 1375 2498 1545 2551; x_wconf 91' lang='lat' dir='ltr'>nuda.</span> <span class='ocrx_word' id='word_1_184' title='bbox 1581 2498 2004 2551; x_wconf 81' lang='lat' dir='ltr'>Assertionibus</span> 
     </span>
    </p>
   </div>
   <div class='ocr_carea' id='block_1_26' title="bbox 309 2586 2002 2656">
    <p class='ocr_par' dir='ltr' id='par_1_26' title="bbox 309 2586 2002 2656">
     <span class='ocr_line' id='line_1_26' title="bbox 309 2586 2002 2656; baseline 0.001 -18"><span class='ocrx_word' id='word_1_185' title='bbox 309 2587 522 2656; x_wconf 89' lang='lat' dir='ltr'>quippe</span> <span class='ocrx_word' id='word_1_186' title='bbox 554 2586 666 2639; x_wconf 88' lang='lat' dir='ltr'>tuis</span> <span class='ocrx_word' id='word_1_187' title='bbox 702 2586 903 2639; x_wconf 85' lang='lat' dir='ltr'>obvius</span> <span class='ocrx_word' id='word_1_188' title='bbox 921 2587 1132 2640; x_wconf 87' lang='lat' dir='ltr'>exstiti:</span> <span class='ocrx_word' id='word_1_189' title='bbox 1158 2604 1290 2640; x_wconf 91' lang='lat' dir='ltr'>nam</span> <span class='ocrx_word' id='word_1_190' title='bbox 1321 2603 1435 2640; x_wconf 88' lang='lat' dir='ltr'>non</span> <span class='ocrx_word' id='word_1_191' title='bbox 1467 2603 1557 2641; x_wconf 90' lang='lat' dir='ltr'>me</span> <span class='ocrx_word' id='word_1_192' title='bbox 1580 2587 1742 2656; x_wconf 91' lang='lat' dir='ltr'>quasi</span> <span class='ocrx_word' id='word_1_193' title='bbox 1774 2587 2002 2640; x_wconf 88' lang='lat' dir='ltr'>ﬁrmare</span> 
     </span>
    </p>
   </div>
   <div class='ocr_carea' id='block_1_27' title="bbox 309 2674 2005 2745">
    <p class='ocr_par' dir='ltr' id='par_1_27' title="bbox 309 2674 2005 2745">
     <span class='ocr_line' id='line_1_27' title="bbox 309 2674 2005 2745; baseline -0.001 -17"><span class='ocrx_word' id='word_1_194' title='bbox 309 2674 528 2741; x_wconf 85' lang='lat' dir='ltr'>conavi,</span> <span class='ocrx_word' id='word_1_195' title='bbox 565 2674 663 2745; x_wconf 90' lang='lat' dir='ltr'>qui</span> <span class='ocrx_word' id='word_1_196' title='bbox 697 2690 785 2728; x_wconf 89' lang='lat' dir='ltr'>me</span> <span class='ocrx_word' id='word_1_197' title='bbox 816 2676 1048 2728; x_wconf 86' lang='lat' dir='ltr'>ﬁrmum</span> <span class='ocrx_word' id='word_1_198' title='bbox 1080 2692 1200 2729; x_wconf 89' lang='lat' dir='ltr'>esse</span> <span class='ocrx_word' id='word_1_199' title='bbox 1230 2692 1457 2745; x_wconf 88' lang='lat' dir='ltr'>semper</span> <span class='ocrx_word' id='word_1_200' title='bbox 1487 2675 1745 2745; x_wconf 85' lang='lat' dir='ltr'>cognovi.</span> <span class='ocrx_word' id='word_1_201' title='bbox 1783 2676 1845 2728; x_wconf 84' lang='lat' dir='ltr'>Et</span> <span class='ocrx_word' id='word_1_202' title='bbox 1877 2675 2005 2728; x_wconf 90' lang='lat' dir='ltr'>ideo</span> 
     </span>
    </p>
   </div>
   <div class='ocr_carea' id='block_1_28' title="bbox 310 2762 2004 2834">
    <p class='ocr_par' dir='ltr' id='par_1_28' title="bbox 310 2762 2004 2834">
     <span class='ocr_line' id='line_1_28' title="bbox 310 2762 2004 2834; baseline -0.001 -18"><span class='ocrx_word' id='word_1_203' title='bbox 310 2768 443 2816; x_wconf 90' lang='lat' dir='ltr'>tuus</span> <span class='ocrx_word' id='word_1_204' title='bbox 472 2762 577 2816; x_wconf 86' lang='lat' dir='ltr'>tibi</span> <span class='ocrx_word' id='word_1_205' title='bbox 608 2779 798 2816; x_wconf 88' lang='lat' dir='ltr'>sermo</span> <span class='ocrx_word' id='word_1_206' title='bbox 835 2763 1148 2834; x_wconf 85' lang='lat' dir='ltr'>respondit,</span> <span class='ocrx_word' id='word_1_207' title='bbox 1183 2769 1238 2817; x_wconf 87' lang='lat' dir='ltr'>et</span> <span class='ocrx_word' id='word_1_208' title='bbox 1266 2764 1323 2816; x_wconf 90' lang='lat' dir='ltr'>in</span> <span class='ocrx_word' id='word_1_209' title='bbox 1356 2769 1408 2816; x_wconf 91' lang='lat' dir='ltr'>te</span> <span class='ocrx_word' id='word_1_210' title='bbox 1436 2764 1635 2834; x_wconf 86' lang='lat' dir='ltr'>lingua</span> <span class='ocrx_word' id='word_1_211' title='bbox 1666 2770 1763 2817; x_wconf 88' lang='lat' dir='ltr'>tua</span> <span class='ocrx_word' id='word_1_212' title='bbox 1791 2770 2004 2817; x_wconf 83' lang='lat' dir='ltr'>retorta</span> 
     </span>
    </p>
   </div>
   <div class='ocr_carea' id='block_1_29' title="bbox 310 2852 2003 2922">
    <p class='ocr_par' dir='ltr' id='par_1_29' title="bbox 310 2852 2003 2922">
     <span class='ocr_line' id='line_1_29' title="bbox 310 2852 2003 2922; baseline -0.002 -17"><span class='ocrx_word' id='word_1_213' title='bbox 310 2852 435 2905; x_wconf 82' lang='lat' dir='ltr'>fuit.</span> <span class='ocrx_word' id='word_1_214' title='bbox 487 2852 866 2921; x_wconf 84' lang='lat' dir='ltr'>Quapropter,</span> <span class='ocrx_word' id='word_1_215' title='bbox 899 2853 944 2904; x_wconf 90' lang='lat' dir='ltr'>si</span> <span class='ocrx_word' id='word_1_216' title='bbox 998 2852 1213 2922; x_wconf 89' lang='lat' dir='ltr'>aliquid</span> <span class='ocrx_word' id='word_1_217' title='bbox 1249 2852 1445 2906; x_wconf 91' lang='lat' dir='ltr'>durius</span> <span class='ocrx_word' id='word_1_218' title='bbox 1486 2852 1861 2921; x_wconf 86' lang='lat' dir='ltr'>promanavit,</span> <span class='ocrx_word' id='word_1_219' title='bbox 1924 2852 2003 2903; x_wconf 84' lang='lat' dir='ltr'>vi-</span> 
     </span>
    </p>
   </div>
   <div class='ocr_carea' id='block_1_30' title="bbox 309 2940 2006 3011">
    <p class='ocr_par' dir='ltr' id='par_1_30' title="bbox 309 2940 2006 3011">
     <span class='ocr_line' id='line_1_30' title="bbox 309 2940 2006 3011; baseline -0.002 -16"><span class='ocrx_word' id='word_1_220' title='bbox 309 2942 453 2995; x_wconf 89' lang='lat' dir='ltr'>tium</span> <span class='ocrx_word' id='word_1_221' title='bbox 505 2941 731 3011; x_wconf 58' lang='lat' dir='ltr'>wgroti,</span> <span class='ocrx_word' id='word_1_222' title='bbox 779 2957 892 2994; x_wconf 89' lang='lat' dir='ltr'>non</span> <span class='ocrx_word' id='word_1_223' title='bbox 948 2941 1154 2994; x_wconf 89' lang='lat' dir='ltr'>medici</span> <span class='ocrx_word' id='word_1_224' title='bbox 1198 2940 1337 3008; x_wconf 84' lang='lat' dir='ltr'>fuit;</span> <span class='ocrx_word' id='word_1_225' title='bbox 1384 2944 1538 2994; x_wconf 87' lang='lat' dir='ltr'>unde</span> <span class='ocrx_word' id='word_1_226' title='bbox 1592 2946 1648 2994; x_wconf 88' lang='lat' dir='ltr'>et</span> <span class='ocrx_word' id='word_1_227' title='bbox 1688 2941 2006 2994; x_wconf 86' lang='lat' dir='ltr'>mordacius</span> 
     </span>
    </p>
   </div>
   <div class='ocr_carea' id='block_1_31' title="bbox 309 3029 2083 3111">
    <p class='ocr_par' dir='ltr' id='par_1_31' title="bbox 309 3029 2083 3111">
     <span class='ocr_line' id='line_1_31' title="bbox 309 3029 2083 3111; baseline -0.001 -30"><span class='ocrx_word' id='word_1_228' title='bbox 309 3030 485 3098; x_wconf 88' lang='lat' dir='ltr'>stylus</span> <span class='ocrx_word' id='word_1_229' title='bbox 524 3029 755 3082; x_wconf 85' lang='lat' dir='ltr'>incessit</span> <span class='ocrx_word' id='word_1_230' title='bbox 798 3029 929 3082; x_wconf 90' lang='lat' dir='ltr'>locis</span> <span class='ocrx_word' id='word_1_231' title='bbox 961 3030 1169 3099; x_wconf 90' lang='lat' dir='ltr'>quibus</span> <span class='ocrx_word' id='word_1_232' title='bbox 1204 3029 1538 3099; x_wconf 84' lang='lat' dir='ltr'>sacrilegam</span> <span class='ocrx_word' id='word_1_233' title='bbox 1580 3029 2001 3098; x_wconf 90' lang='lat' dir='ltr'>oppositionem</span> <span class='ocrx_word' id='word_1_234' title='bbox 2045 3056 2083 3111; x_wconf 65' lang='grc' dir='ltr'>Ο</span> 
     </span>
    </p>
   </div>
   <div class='ocr_carea' id='block_1_32' title="bbox 311 3117 2005 3187">
    <p class='ocr_par' dir='ltr' id='par_1_32' title="bbox 311 3117 2005 3187">
     <span class='ocr_line' id='line_1_32' title="bbox 311 3117 2005 3187; baseline 0 -18"><span class='ocrx_word' id='word_1_235' title='bbox 311 3118 406 3187; x_wconf 90' lang='lat' dir='ltr'>pia</span> <span class='ocrx_word' id='word_1_236' title='bbox 440 3117 813 3186; x_wconf 84' lang='lat' dir='ltr'>responsione</span> <span class='ocrx_word' id='word_1_237' title='bbox 837 3117 1191 3187; x_wconf 87' lang='lat' dir='ltr'>compressit.</span> <span class='ocrx_word' id='word_1_238' title='bbox 1224 3119 1303 3171; x_wconf 85' lang='lat' dir='ltr'>Tu</span> <span class='ocrx_word' id='word_1_239' title='bbox 1330 3134 1463 3171; x_wconf 90' lang='lat' dir='ltr'>vero</span> <span class='ocrx_word' id='word_1_240' title='bbox 1512 3118 1720 3171; x_wconf 90' lang='lat' dir='ltr'>amodo</span> <span class='ocrx_word' id='word_1_241' title='bbox 1744 3134 1809 3170; x_wconf 89' lang='lat' dir='ltr'>ea</span> <span class='ocrx_word' id='word_1_242' title='bbox 1841 3117 2005 3170; x_wconf 82' lang='lat' dir='ltr'>nobis</span> 
     </span>
    </p>
   </div>
   <div class='ocr_carea' id='block_1_33' title="bbox 312 3206 2004 3276">
    <p class='ocr_par' dir='ltr' id='par_1_33' title="bbox 312 3206 2004 3276">
     <span class='ocr_line' id='line_1_33' title="bbox 312 3206 2004 3276; baseline 0 -17"><span class='ocrx_word' id='word_1_243' title='bbox 312 3206 594 3275; x_wconf 87' lang='lat' dir='ltr'>responde</span> <span class='ocrx_word' id='word_1_244' title='bbox 623 3222 751 3276; x_wconf 68' lang='lat' dir='ltr'>quas</span> <span class='ocrx_word' id='word_1_245' title='bbox 782 3206 990 3275; x_wconf 86' lang='lat' dir='ltr'>placita</span> <span class='ocrx_word' id='word_1_246' title='bbox 1017 3207 1130 3258; x_wconf 90' lang='lat' dir='ltr'>Deo</span> <span class='ocrx_word' id='word_1_247' title='bbox 1153 3206 1446 3274; x_wconf 87' lang='lat' dir='ltr'>cognoscis</span> <span class='ocrx_word' id='word_1_248' title='bbox 1477 3206 1618 3260; x_wconf 89' lang='lat' dir='ltr'>fore.</span> <span class='ocrx_word' id='word_1_249' title='bbox 1651 3206 1767 3260; x_wconf 91' lang='lat' dir='ltr'>Scis</span> <span class='ocrx_word' id='word_1_250' title='bbox 1798 3222 2004 3276; x_wconf 88' lang='lat' dir='ltr'>nempe</span> 
     </span>
    </p>
   </div>
   <div class='ocr_carea' id='block_1_34' title="bbox 312 3294 2005 3365">
    <p class='ocr_par' dir='ltr' id='par_1_34' title="bbox 312 3294 2005 3365">
     <span class='ocr_line' id='line_1_34' title="bbox 312 3294 2005 3365; baseline 0 -18"><span class='ocrx_word' id='word_1_251' title='bbox 312 3295 448 3365; x_wconf 90' lang='lat' dir='ltr'>quia</span> <span class='ocrx_word' id='word_1_252' title='bbox 486 3294 546 3347; x_wconf 90' lang='lat' dir='ltr'>in</span> <span class='ocrx_word' id='word_1_253' title='bbox 590 3294 895 3364; x_wconf 64' lang='lat' dir='ltr'>praiseutia</span> <span class='ocrx_word' id='word_1_254' title='bbox 929 3295 1284 3362; x_wconf 84' lang='lat' dir='ltr'>angelorum,</span> <span class='ocrx_word' id='word_1_255' title='bbox 1320 3311 1417 3347; x_wconf 91' lang='lat' dir='ltr'>seu</span> <span class='ocrx_word' id='word_1_256' title='bbox 1449 3299 1785 3347; x_wconf 88' lang='lat' dir='ltr'>cunctarum</span> <span class='ocrx_word' id='word_1_257' title='bbox 1818 3295 2005 3348; x_wconf 90' lang='lat' dir='ltr'>virtu-</span> 
     </span>
    </p>
   </div>
   <div class='ocr_carea' id='block_1_35' title="bbox 309 3382 2008 3447">
    <p class='ocr_par' dir='ltr' id='par_1_35' title="bbox 309 3382 2008 3447">
     <span class='ocr_line' id='line_1_35' title="bbox 309 3382 2008 3447; baseline 0 -12"><span class='ocrx_word' id='word_1_258' title='bbox 309 3390 455 3447; x_wconf 87' lang='lat' dir='ltr'>tum,</span> <span class='ocrx_word' id='word_1_259' title='bbox 506 3383 613 3436; x_wconf 90' lang='lat' dir='ltr'>erit</span> <span class='ocrx_word' id='word_1_260' title='bbox 643 3382 765 3436; x_wconf 82' lang='lat' dir='ltr'>haec</span> <span class='ocrx_word' id='word_1_261' title='bbox 795 3385 1083 3435; x_wconf 83' lang='lat' dir='ltr'>contentio</span> <span class='ocrx_word' id='word_1_262' title='bbox 1133 3387 1323 3435; x_wconf 89' lang='lat' dir='ltr'>nostra</span> <span class='ocrx_word' id='word_1_263' title='bbox 1352 3383 1603 3436; x_wconf 89' lang='lat' dir='ltr'>discussa</span> <span class='ocrx_word' id='word_1_264' title='bbox 1641 3399 1653 3435; x_wconf 90' lang='lat'>:</span> <span class='ocrx_word' id='word_1_265' title='bbox 1689 3382 1767 3436; x_wconf 89' lang='lat' dir='ltr'>ita</span> <span class='ocrx_word' id='word_1_266' title='bbox 1800 3388 1864 3436; x_wconf 91' lang='lat' dir='ltr'>ut</span> <span class='ocrx_word' id='word_1_267' title='bbox 1902 3399 2008 3436; x_wconf 89' lang='lat' dir='ltr'>nec</span> 
     </span>
    </p>
   </div>
   <div class='ocr_carea' id='block_1_36' title="bbox 312 3471 2007 3542">
    <p class='ocr_par' dir='ltr' id='par_1_36' title="bbox 312 3471 2007 3542">
     <span class='ocr_line' id='line_1_36' title="bbox 312 3471 2007 3542; baseline 0.001 -19"><span class='ocrx_word' id='word_1_268' title='bbox 312 3488 428 3524; x_wconf 86' lang='lat' dir='ltr'>una</span> <span class='ocrx_word' id='word_1_269' title='bbox 480 3477 787 3542; x_wconf 74' lang='lat' dir='ltr'>praetereat</span> <span class='ocrx_word' id='word_1_270' title='bbox 838 3471 976 3537; x_wconf 85' lang='lat' dir='ltr'>iota,</span> <span class='ocrx_word' id='word_1_271' title='bbox 1032 3488 1159 3542; x_wconf 70' lang='lat' dir='ltr'>qua:</span> <span class='ocrx_word' id='word_1_272' title='bbox 1190 3487 1304 3525; x_wconf 89' lang='lat' dir='ltr'>non</span> <span class='ocrx_word' id='word_1_273' title='bbox 1350 3472 1507 3541; x_wconf 87' lang='lat' dir='ltr'>quali</span> <span class='ocrx_word' id='word_1_274' title='bbox 1559 3472 1751 3525; x_wconf 87' lang='lat' dir='ltr'>animo</span> <span class='ocrx_word' id='word_1_275' title='bbox 1795 3472 2007 3524; x_wconf 90' lang='lat' dir='ltr'>sciatur</span> 
     </span>
    </p>
   </div>
   <div class='ocr_carea' id='block_1_37' title="bbox 310 3559 2003 3631">
    <p class='ocr_par' dir='ltr' id='par_1_37' title="bbox 310 3559 2003 3631">
     <span class='ocr_line' id='line_1_37' title="bbox 310 3559 2003 3631; baseline 0 -18"><span class='ocrx_word' id='word_1_276' title='bbox 310 3576 430 3614; x_wconf 90' lang='lat' dir='ltr'>esse</span> <span class='ocrx_word' id='word_1_277' title='bbox 469 3560 816 3630; x_wconf 88' lang='lat' dir='ltr'>conscripta,</span> <span class='ocrx_word' id='word_1_278' title='bbox 852 3565 909 3614; x_wconf 89' lang='lat' dir='ltr'>et</span> <span class='ocrx_word' id='word_1_279' title='bbox 940 3566 1035 3614; x_wconf 89' lang='lat' dir='ltr'>aut</span> <span class='ocrx_word' id='word_1_280' title='bbox 1065 3560 1642 3626; x_wconf 85' lang='lat' dir='ltr'>remunerationibus,</span> <span class='ocrx_word' id='word_1_281' title='bbox 1674 3565 1773 3613; x_wconf 91' lang='lat' dir='ltr'>aut</span> <span class='ocrx_word' id='word_1_282' title='bbox 1800 3559 2003 3631; x_wconf 87' lang='lat' dir='ltr'>plagis,</span> 
     </span>
    </p>
   </div>
   <div class='ocr_carea' id='block_1_38' title="bbox 310 3649 1493 3718">
    <p class='ocr_par' dir='ltr' id='par_1_38' title="bbox 310 3649 1493 3718">
     <span class='ocr_line' id='line_1_38' title="bbox 310 3649 1493 3718; baseline 0 -16"><span class='ocrx_word' id='word_1_283' title='bbox 310 3649 779 3718; x_wconf 89' lang='lat' dir='ltr'>compensabitur</span> <span class='ocrx_word' id='word_1_284' title='bbox 807 3649 999 3718; x_wconf 88' lang='lat' dir='ltr'>digna.</span> <span class='ocrx_word' id='word_1_285' title='bbox 1486 3658 1493 3669; x_wconf 85' lang='lat'><strong>‘</strong></span> 
     </span>
    </p>
   </div>
   <div class='ocr_carea' id='block_1_39' title="bbox 384 3736 2003 3807">
    <p class='ocr_par' dir='ltr' id='par_1_39' title="bbox 384 3736 2003 3807">
     <span class='ocr_line' id='line_1_39' title="bbox 384 3736 2003 3807; baseline 0 -17"><span class='ocrx_word' id='word_1_286' title='bbox 384 3740 465 3791; x_wconf 83' lang='lat'>19.</span> <span class='ocrx_word' id='word_1_287' title='bbox 502 3737 662 3791; x_wconf 87' lang='lat' dir='ltr'>Libet</span> <span class='ocrx_word' id='word_1_288' title='bbox 702 3738 760 3791; x_wconf 91' lang='lat' dir='ltr'>in</span> <span class='ocrx_word' id='word_1_289' title='bbox 792 3738 967 3792; x_wconf 88' lang='lat' dir='ltr'>ﬁnem</span> <span class='ocrx_word' id='word_1_290' title='bbox 1001 3737 1071 3791; x_wconf 87' lang='lat' dir='ltr'>ad</span> <span class='ocrx_word' id='word_1_291' title='bbox 1121 3740 1433 3807; x_wconf 89' lang='lat' dir='ltr'>utrumque</span> <span class='ocrx_word' id='word_1_292' title='bbox 1488 3736 1590 3790; x_wconf 89' lang='lat' dir='ltr'>tibi</span> <span class='ocrx_word' id='word_1_293' title='bbox 1635 3736 2003 3807; x_wconf 88' lang='lat' dir='ltr'>respondere.</span> 
     </span>
    </p>
   </div>
   <div class='ocr_carea' id='block_1_40' title="bbox 308 3825 2005 3898">
    <p class='ocr_par' dir='ltr' id='par_1_40' title="bbox 308 3825 2005 3898">
     <span class='ocr_line' id='line_1_40' title="bbox 308 3825 2005 3898; baseline -0.001 -19"><span class='ocrx_word' id='word_1_294' title='bbox 308 3825 366 3880; x_wconf 89' lang='lat' dir='ltr'>Si</span> <span class='ocrx_word' id='word_1_295' title='bbox 406 3842 606 3895; x_wconf 90' lang='lat' dir='ltr'>pacem</span> <span class='ocrx_word' id='word_1_296' title='bbox 655 3826 966 3892; x_wconf 89' lang='lat' dir='ltr'>desideras,</span> <span class='ocrx_word' id='word_1_297' title='bbox 1009 3843 1167 3881; x_wconf 89' lang='lat' dir='ltr'>arma</span> <span class='ocrx_word' id='word_1_298' title='bbox 1198 3826 1454 3898; x_wconf 90' lang='lat' dir='ltr'>depone;</span> <span class='ocrx_word' id='word_1_299' title='bbox 1484 3825 1532 3879; x_wconf 87' lang='lat' dir='ltr'>si</span> <span class='ocrx_word' id='word_1_300' title='bbox 1564 3832 1756 3880; x_wconf 89' lang='lat' dir='ltr'>autem</span> <span class='ocrx_word' id='word_1_301' title='bbox 1802 3833 1857 3879; x_wconf 89' lang='lat' dir='ltr'>te</span> <span class='ocrx_word' id='word_1_302' title='bbox 1889 3831 2005 3879; x_wconf 89' lang='lat' dir='ltr'>tor-</span> 
     </span>
    </p>
   </div>
   <div class='ocr_carea' id='block_1_41' title="bbox 312 3913 2006 3985">
    <p class='ocr_par' dir='ltr' id='par_1_41' title="bbox 312 3913 2006 3985">
     <span class='ocr_line' id='line_1_41' title="bbox 312 3913 2006 3985; baseline 0 -18"><span class='ocrx_word' id='word_1_303' title='bbox 312 3920 506 3968; x_wconf 88' lang='lat' dir='ltr'>menta</span> <span class='ocrx_word' id='word_1_304' title='bbox 546 3915 849 3982; x_wconf 89' lang='lat' dir='ltr'>delectant,</span> <span class='ocrx_word' id='word_1_305' title='bbox 890 3916 1002 3969; x_wconf 89' lang='lat' dir='ltr'>tela</span> <span class='ocrx_word' id='word_1_306' title='bbox 1033 3931 1333 3985; x_wconf 89' lang='lat' dir='ltr'>compone.</span> <span class='ocrx_word' id='word_1_307' title='bbox 1368 3915 1476 3969; x_wconf 92' lang='lat' dir='ltr'>Sed</span> <span class='ocrx_word' id='word_1_308' title='bbox 1507 3921 1754 3985; x_wconf 87' lang='lat' dir='ltr'>quantus</span> <span class='ocrx_word' id='word_1_309' title='bbox 1781 3913 1921 3967; x_wconf 87' lang='lat' dir='ltr'>velis</span> <span class='ocrx_word' id='word_1_310' title='bbox 1947 3914 2006 3967; x_wconf 91' lang='lat' dir='ltr'>in</span> 
     </span>
    </p>
   </div>
   <div class='ocr_carea' id='block_1_42' title="bbox 312 4004 2007 4074">
    <p class='ocr_par' dir='ltr' id='par_1_42' title="bbox 312 4004 2007 4074">
     <span class='ocr_line' id='line_1_42' title="bbox 312 4004 2007 4074; baseline 0 -18"><span class='ocrx_word' id='word_1_311' title='bbox 312 4004 577 4073; x_wconf 89' lang='lat' dir='ltr'>clypeum</span> <span class='ocrx_word' id='word_1_312' title='bbox 620 4020 822 4074; x_wconf 86' lang='lat' dir='ltr'>surge;</span> <span class='ocrx_word' id='word_1_313' title='bbox 849 4020 963 4074; x_wconf 92' lang='lat' dir='ltr'>quo</span> <span class='ocrx_word' id='word_1_314' title='bbox 997 4005 1214 4069; x_wconf 90' lang='lat' dir='ltr'>malles,</span> <span class='ocrx_word' id='word_1_315' title='bbox 1246 4004 1504 4058; x_wconf 89' lang='lat' dir='ltr'>turbines</span> <span class='ocrx_word' id='word_1_316' title='bbox 1543 4010 1746 4074; x_wconf 88' lang='lat' dir='ltr'>torque</span> <span class='ocrx_word' id='word_1_317' title='bbox 1780 4020 1792 4057; x_wconf 90' lang='lat'>:</span> <span class='ocrx_word' id='word_1_318' title='bbox 1845 4004 2007 4057; x_wconf 88' lang='lat' dir='ltr'>hasta</span> 
     </span>
    </p>
   </div>
   <div class='ocr_carea' id='block_1_43' title="bbox 312 4091 2005 4161">
    <p class='ocr_par' dir='ltr' id='par_1_43' title="bbox 312 4091 2005 4161">
     <span class='ocr_line' id='line_1_43' title="bbox 312 4091 2005 4161; baseline 0 -18"><span class='ocrx_word' id='word_1_319' title='bbox 312 4091 477 4144; x_wconf 84' lang='lat' dir='ltr'>fortis</span> <span class='ocrx_word' id='word_1_320' title='bbox 518 4097 623 4157; x_wconf 88' lang='lat' dir='ltr'>est,</span> <span class='ocrx_word' id='word_1_321' title='bbox 675 4098 732 4145; x_wconf 90' lang='lat' dir='ltr'>et</span> <span class='ocrx_word' id='word_1_322' title='bbox 776 4092 837 4144; x_wconf 90' lang='lat' dir='ltr'>in</span> <span class='ocrx_word' id='word_1_323' title='bbox 867 4092 1281 4161; x_wconf 84' lang='lat' dir='ltr'>disputationes</span> <span class='ocrx_word' id='word_1_324' title='bbox 1317 4093 1625 4145; x_wconf 88' lang='lat' dir='ltr'>vehemens</span> <span class='ocrx_word' id='word_1_325' title='bbox 1655 4096 1808 4144; x_wconf 81' lang='lat' dir='ltr'>texat</span> <span class='ocrx_word' id='word_1_326' title='bbox 1840 4099 1865 4124; x_wconf 72' lang='grc'>⁸</span> <span class='ocrx_word' id='word_1_327' title='bbox 1902 4106 2005 4144; x_wconf 90' lang='lat' dir='ltr'>no-</span> 
     </span>
    </p>
   </div>
   <div class='ocr_carea' id='block_1_44' title="bbox 314 4179 2003 4250">
    <p class='ocr_par' dir='ltr' id='par_1_44' title="bbox 314 4179 2003 4250">
     <span class='ocr_line' id='line_1_44' title="bbox 314 4179 2003 4250; baseline 0 -18"><span class='ocrx_word' id='word_1_328' title='bbox 314 4180 486 4232; x_wconf 85' lang='lat' dir='ltr'>dosus</span> <span class='ocrx_word' id='word_1_329' title='bbox 532 4179 882 4248; x_wconf 90' lang='lat' dir='ltr'>dignoscitur</span> <span class='ocrx_word' id='word_1_330' title='bbox 928 4196 1068 4242; x_wconf 81' lang='lat' dir='ltr'>esse,</span> <span class='ocrx_word' id='word_1_331' title='bbox 1115 4186 1171 4233; x_wconf 92' lang='lat' dir='ltr'>et</span> <span class='ocrx_word' id='word_1_332' title='bbox 1203 4180 1299 4250; x_wconf 89' lang='lat' dir='ltr'>qui</span> <span class='ocrx_word' id='word_1_333' title='bbox 1339 4186 1504 4233; x_wconf 90' lang='lat' dir='ltr'>acuto</span> <span class='ocrx_word' id='word_1_334' title='bbox 1543 4180 1727 4248; x_wconf 85' lang='lat' dir='ltr'>capite</span> <span class='ocrx_word' id='word_1_335' title='bbox 1768 4185 2003 4250; x_wconf 86' lang='lat' dir='ltr'>pugnet,</span> 
     </span>
    </p>
   </div>
   <div class='ocr_carea' id='block_1_45' title="bbox 315 4268 2007 4337">
    <p class='ocr_par' dir='ltr' id='par_1_45' title="bbox 315 4268 2007 4337">
     <span class='ocr_line' id='line_1_45' title="bbox 315 4268 2007 4337; baseline 0.001 -17"><span class='ocrx_word' id='word_1_336' title='bbox 315 4269 651 4337; x_wconf 87' lang='lat' dir='ltr'>hostemque</span> <span class='ocrx_word' id='word_1_337' title='bbox 698 4283 815 4320; x_wconf 90' lang='lat' dir='ltr'>non</span> <span class='ocrx_word' id='word_1_338' title='bbox 860 4268 1041 4321; x_wconf 91' lang='lat' dir='ltr'>solum</span> <span class='ocrx_word' id='word_1_339' title='bbox 1081 4270 1360 4333; x_wconf 89' lang='lat' dir='ltr'>vulneret,</span> <span class='ocrx_word' id='word_1_340' title='bbox 1410 4269 1508 4321; x_wconf 90' lang='lat' dir='ltr'>sed</span> <span class='ocrx_word' id='word_1_341' title='bbox 1560 4268 1877 4323; x_wconf 77' lang='lat' dir='ltr'>detruncat.</span> <span class='ocrx_word' id='word_1_342' title='bbox 1931 4269 2007 4321; x_wconf 90' lang='lat' dir='ltr'>De</span> 
     </span>
    </p>
   </div>
   <div class='ocr_carea' id='block_1_46' title="bbox 315 4354 1090 4426">
    <p class='ocr_par' dir='ltr' id='par_1_46' title="bbox 315 4354 1090 4426">
     <span class='ocr_line' id='line_1_46' title="bbox 315 4354 1090 4426; baseline 0.001 -17"><span class='ocrx_word' id='word_1_343' title='bbox 315 4355 581 4426; x_wconf 85' lang='lat' dir='ltr'>qualibus</span> <span class='ocrx_word' id='word_1_344' title='bbox 612 4354 879 4425; x_wconf 83' lang='lat' dir='ltr'>Virgilius</span> <span class='ocrx_word' id='word_1_345' title='bbox 910 4356 1047 4410; x_wconf 89' lang='lat' dir='ltr'>dicit</span> <span class='ocrx_word' id='word_1_346' title='bbox 1078 4371 1090 4410; x_wconf 91' lang='lat'>:</span> 
     </span>
    </p>
   </div>
   <div class='ocr_carea' id='block_1_47' title="bbox 563 4443 1656 4507">
    <p class='ocr_par' dir='ltr' id='par_1_47' title="bbox 563 4443 1656 4507">
     <span class='ocr_line' id='line_1_47' title="bbox 563 4443 1656 4507; baseline 0.001 -15"><span class='ocrx_word' id='word_1_347' title='bbox 563 4443 853 4493; x_wconf 78' lang='lat' dir='ltr'>Aentonico</span> <span class='ocrx_word' id='word_1_348' title='bbox 878 4443 982 4492; x_wconf 86' lang='lat' dir='ltr'>ritu</span> <span class='ocrx_word' id='word_1_349' title='bbox 1010 4445 1147 4493; x_wconf 89' lang='lat' dir='ltr'>soliti</span> <span class='ocrx_word' id='word_1_350' title='bbox 1174 4447 1418 4507; x_wconf 86' lang='lat' dir='ltr'>torquere</span> <span class='ocrx_word' id='word_1_351' title='bbox 1441 4444 1656 4493; x_wconf 83' lang='lat' dir='ltr'>catellas</span> 
     </span>
    </p>
   </div>
   <div class='ocr_carea' id='block_1_48' title="bbox 320 4532 2008 4604">
    <p class='ocr_par' dir='ltr' id='par_1_48' title="bbox 320 4532 2008 4604">
     <span class='ocr_line' id='line_1_48' title="bbox 320 4532 2008 4604; baseline 0 -16"><span class='ocrx_word' id='word_1_352' title='bbox 320 4537 526 4588; x_wconf 81' lang='lat' dir='ltr'>Parvae</span> <span class='ocrx_word' id='word_1_353' title='bbox 599 4532 970 4587; x_wconf 88' lang='lat' dir='ltr'>sententiolas</span> <span class='ocrx_word' id='word_1_354' title='bbox 1030 4535 1443 4604; x_wconf 88' lang='lat' dir='ltr'>prophetarum</span> <span class='ocrx_word' id='word_1_355' title='bbox 1502 4534 1594 4588; x_wconf 91' lang='lat' dir='ltr'>hic</span> <span class='ocrx_word' id='word_1_356' title='bbox 1650 4536 2008 4589; x_wconf 88' lang='lat' dir='ltr'>annotandas</span> 
     </span>
    </p>
   </div>
   <div class='ocr_carea' id='block_1_49' title="bbox 316 4622 2007 4695">
    <p class='ocr_par' dir='ltr' id='par_1_49' title="bbox 316 4622 2007 4695">
     <span class='ocr_line' id='line_1_49' title="bbox 316 4622 2007 4695; baseline 0.001 -18"><span class='ocrx_word' id='word_1_357' title='bbox 316 4622 582 4677; x_wconf 82' lang='lat' dir='ltr'>duximus</span> <span class='ocrx_word' id='word_1_358' title='bbox 621 4627 831 4689; x_wconf 89' lang='lat' dir='ltr'>ratum,</span> <span class='ocrx_word' id='word_1_359' title='bbox 889 4627 953 4675; x_wconf 92' lang='lat' dir='ltr'>ut</span> <span class='ocrx_word' id='word_1_360' title='bbox 1004 4629 1261 4676; x_wconf 88' lang='lat' dir='ltr'>nostrum</span> <span class='ocrx_word' id='word_1_361' title='bbox 1308 4628 1675 4695; x_wconf 87' lang='lat' dir='ltr'>vestrumque</span> <span class='ocrx_word' id='word_1_362' title='bbox 1724 4624 1859 4678; x_wconf 90' lang='lat' dir='ltr'>ﬁdei</span> <span class='ocrx_word' id='word_1_363' title='bbox 1909 4624 2007 4679; x_wconf 92' lang='lat' dir='ltr'>de-</span> 
     </span>
    </p>
   </div>
   <div class='ocr_carea' id='block_1_50' title="bbox 318 4712 2006 4782">
    <p class='ocr_par' dir='ltr' id='par_1_50' title="bbox 318 4712 2006 4782">
     <span class='ocr_line' id='line_1_50' title="bbox 318 4712 2006 4782; baseline 0 -17"><span class='ocrx_word' id='word_1_364' title='bbox 318 4718 703 4765; x_wconf 90' lang='lat' dir='ltr'>monstremus</span> <span class='ocrx_word' id='word_1_365' title='bbox 755 4716 986 4765; x_wconf 88' lang='lat' dir='ltr'>statum.</span> <span class='ocrx_word' id='word_1_366' title='bbox 1049 4712 1140 4764; x_wconf 84' lang='lat' dir='ltr'>Ait</span> <span class='ocrx_word' id='word_1_367' title='bbox 1202 4712 1477 4765; x_wconf 87' lang='lat' dir='ltr'>Dominus</span> <span class='ocrx_word' id='word_1_368' title='bbox 1531 4730 1631 4782; x_wconf 90' lang='lat' dir='ltr'>per</span> <span class='ocrx_word' id='word_1_369' title='bbox 1679 4713 2006 4767; x_wconf 81' lang='lat' dir='ltr'>Malacbiam</span> 
     </span>
    </p>
   </div>
   <div class='ocr_carea' id='block_1_51' title="bbox 317 4800 2009 4869">
    <p class='ocr_par' dir='ltr' id='par_1_51' title="bbox 317 4800 2009 4869">
     <span class='ocr_line' id='line_1_51' title="bbox 317 4800 2009 4869; baseline 0.001 -17"><span class='ocrx_word' id='word_1_370' title='bbox 317 4800 657 4869; x_wconf 88' lang='lat' dir='ltr'>prophetam</span> <span class='ocrx_word' id='word_1_371' title='bbox 710 4800 867 4865; x_wconf 85' lang='lat' dir='ltr'>(Mal.</span> <span class='ocrx_word' id='word_1_372' title='bbox 912 4816 947 4865; x_wconf 86' lang='lat'>1,</span> <span class='ocrx_word' id='word_1_373' title='bbox 995 4803 1078 4867; x_wconf 86' lang='grc'>10,</span> <span class='ocrx_word' id='word_1_374' title='bbox 1122 4801 1249 4869; x_wconf 85' lang='grc'><strong>11);</strong></span> <span class='ocrx_word' id='word_1_375' title='bbox 1302 4802 1420 4856; x_wconf 78' lang='lat' dir='ltr'>Non</span> <span class='ocrx_word' id='word_1_376' title='bbox 1461 4807 1539 4854; x_wconf 85' lang='lat' dir='ltr'>est</span> <span class='ocrx_word' id='word_1_377' title='bbox 1579 4803 1825 4855; x_wconf 87' lang='lat' dir='ltr'>voluntas</span> <span class='ocrx_word' id='word_1_378' title='bbox 1848 4802 2009 4853; x_wconf 57' lang='lat' dir='ltr'>\mihi</span> 
     </span>
    </p>
   </div>
   <div class='ocr_carea' id='block_1_52' title="bbox 315 4888 2008 4958">
    <p class='ocr_par' dir='ltr' id='par_1_52' title="bbox 315 4888 2008 4958">
     <span class='ocr_line' id='line_1_52' title="bbox 315 4888 2008 4958; baseline 0.001 -17"><span class='ocrx_word' id='word_1_379' title='bbox 315 4892 373 4941; x_wconf 90' lang='lat' dir='ltr'>in</span> <span class='ocrx_word' id='word_1_380' title='bbox 413 4888 586 4955; x_wconf 80' lang='lat' dir='ltr'>vobis,</span> <span class='ocrx_word' id='word_1_381' title='bbox 643 4888 778 4941; x_wconf 83' lang='lat' dir='ltr'>dicit</span> <span class='ocrx_word' id='word_1_382' title='bbox 834 4891 1126 4952; x_wconf 83' lang='lat' dir='ltr'>Dominus;</span> <span class='ocrx_word' id='word_1_383' title='bbox 1190 4893 1238 4941; x_wconf 89' lang='lat' dir='ltr'>et</span> <span class='ocrx_word' id='word_1_384' title='bbox 1292 4905 1483 4943; x_wconf 88' lang='lat' dir='ltr'>munus</span> <span class='ocrx_word' id='word_1_385' title='bbox 1539 4906 1645 4943; x_wconf 83' lang='lat' dir='ltr'>non</span> <span class='ocrx_word' id='word_1_386' title='bbox 1708 4892 2008 4958; x_wconf 80' lang='lat' dir='ltr'>suscipiam</span> 
     </span>
    </p>
   </div>
   <div class='ocr_carea' id='block_1_53' title="bbox 317 4976 2010 5046">
    <p class='ocr_par' dir='ltr' id='par_1_53' title="bbox 317 4976 2010 5046">
     <span class='ocr_line' id='line_1_53' title="bbox 317 4976 2010 5046; baseline 0.001 -18"><span class='ocrx_word' id='word_1_387' title='bbox 317 4976 381 5028; x_wconf 85' lang='lat' dir='ltr'>de</span> <span class='ocrx_word' id='word_1_388' title='bbox 432 4992 597 5029; x_wconf 80' lang='lat' dir='ltr'>manu</span> <span class='ocrx_word' id='word_1_389' title='bbox 647 4981 846 5030; x_wconf 87' lang='lat' dir='ltr'>vestra.</span> <span class='ocrx_word' id='word_1_390' title='bbox 900 4976 1122 5039; x_wconf 86' lang='lat' dir='ltr'>Quare?</span> <span class='ocrx_word' id='word_1_391' title='bbox 1177 4978 1319 5041; x_wconf 86' lang='lat' dir='ltr'>Quia</span> <span class='ocrx_word' id='word_1_392' title='bbox 1372 4979 1438 5030; x_wconf 89' lang='lat' dir='ltr'>ab</span> <span class='ocrx_word' id='word_1_393' title='bbox 1497 4984 1619 5032; x_wconf 85' lang='lat' dir='ltr'>ortu</span> <span class='ocrx_word' id='word_1_394' title='bbox 1674 4980 1801 5032; x_wconf 86' lang='lat' dir='ltr'>solis</span> <span class='ocrx_word' id='word_1_395' title='bbox 1841 4993 2010 5046; x_wconf 87' lang='lat' dir='ltr'>usque</span> 
     </span>
    </p>
   </div>
   <div class='ocr_carea' id='block_1_54' title="bbox 317 5063 2008 5136">
    <p class='ocr_par' dir='ltr' id='par_1_54' title="bbox 317 5063 2008 5136">
     <span class='ocr_line' id='line_1_54' title="bbox 317 5063 2008 5136; baseline 0.001 -20"><span class='ocrx_word' id='word_1_396' title='bbox 317 5063 391 5116; x_wconf 91' lang='lat' dir='ltr'>ad</span> <span class='ocrx_word' id='word_1_397' title='bbox 434 5078 679 5117; x_wconf 88' lang='lat' dir='ltr'>occasum</span> <span class='ocrx_word' id='word_1_398' title='bbox 724 5080 983 5131; x_wconf 90' lang='lat' dir='ltr'>magnum</span> <span class='ocrx_word' id='word_1_399' title='bbox 1036 5070 1113 5118; x_wconf 83' lang='lat' dir='ltr'>est</span> <span class='ocrx_word' id='word_1_400' title='bbox 1167 5081 1355 5119; x_wconf 81' lang='lat' dir='ltr'>nomen</span> <span class='ocrx_word' id='word_1_401' title='bbox 1407 5082 1599 5119; x_wconf 88' lang='lat' dir='ltr'>meum.</span> <span class='ocrx_word' id='word_1_402' title='bbox 1650 5067 1712 5120; x_wconf 89' lang='lat' dir='ltr'>In</span> <span class='ocrx_word' id='word_1_403' title='bbox 1761 5065 2008 5136; x_wconf 86' lang='lat' dir='ltr'>quibus?</span> 
     </span>
    </p>
   </div>
   <div class='ocr_carea' id='block_1_55' title="bbox 317 5149 2008 5220">
    <p class='ocr_par' dir='ltr' id='par_1_55' title="bbox 317 5149 2008 5220">
     <span class='ocr_line' id='line_1_55' title="bbox 317 5149 2008 5220; baseline 0.002 -18"><span class='ocrx_word' id='word_1_404' title='bbox 317 5149 590 5220; x_wconf 90' lang='lat' dir='ltr'>Sequitur</span> <span class='ocrx_word' id='word_1_405' title='bbox 649 5167 662 5204; x_wconf 92' lang='lat'>:</span> <span class='ocrx_word' id='word_1_406' title='bbox 722 5154 780 5205; x_wconf 90' lang='lat' dir='ltr'>in</span> <span class='ocrx_word' id='word_1_407' title='bbox 850 5152 1117 5219; x_wconf 82' lang='lat' dir='ltr'>gentibus.</span> <span class='ocrx_word' id='word_1_408' title='bbox 1175 5154 1236 5206; x_wconf 81' lang='lat' dir='ltr'>Et</span> <span class='ocrx_word' id='word_1_409' title='bbox 1291 5169 1392 5206; x_wconf 92' lang='lat' dir='ltr'>cur</span> <span class='ocrx_word' id='word_1_410' title='bbox 1443 5170 1653 5207; x_wconf 88' lang='lat' dir='ltr'>munus</span> <span class='ocrx_word' id='word_1_411' title='bbox 1711 5155 1780 5208; x_wconf 90' lang='lat' dir='ltr'>de</span> <span class='ocrx_word' id='word_1_412' title='bbox 1835 5170 2008 5207; x_wconf 89' lang='lat' dir='ltr'>manu</span> 
     </span>
    </p>
   </div>
   <div class='ocr_carea' id='block_1_56' title="bbox 392 5296 2007 5367">
    <p class='ocr_par' dir='ltr' id='par_1_56' title="bbox 392 5296 2007 5367">
     <span class='ocr_line' id='line_1_56' title="bbox 392 5296 2007 5367; baseline 0.003 -20"><span class='ocrx_word' id='word_1_413' title='bbox 392 5303 413 5327; x_wconf 76' lang='grc'>³</span> <span class='ocrx_word' id='word_1_414' title='bbox 454 5296 540 5347; x_wconf 80' lang='lat' dir='ltr'>An</span> <span class='ocrx_word' id='word_1_415' title='bbox 581 5299 805 5361; x_wconf 62' lang='lat' dir='ltr'>tantum,</span> <span class='ocrx_word' id='word_1_416' title='bbox 852 5297 936 5349; x_wconf 87' lang='lat' dir='ltr'>vel</span> <span class='ocrx_word' id='word_1_417' title='bbox 979 5300 1198 5351; x_wconf 69' lang='lat' dir='ltr'>textus?</span> <span class='ocrx_word' id='word_1_418' title='bbox 1239 5298 1401 5352; x_wconf 82' lang='lat' dir='ltr'>Juxta</span> <span class='ocrx_word' id='word_1_419' title='bbox 1452 5298 1593 5351; x_wconf 89' lang='lat' dir='ltr'>illud</span> <span class='ocrx_word' id='word_1_420' title='bbox 1651 5298 1872 5367; x_wconf 86' lang='lat' dir='ltr'>Virgilii</span> <span class='ocrx_word' id='word_1_421' title='bbox 1913 5313 2007 5352; x_wconf 85' lang='lat' dir='ltr'>VIII</span> 
     </span>
    </p>
   </div>
   <div class='ocr_carea' id='block_1_57' title="bbox 322 5364 2011 5485">
    <p class='ocr_par' dir='ltr' id='par_1_57' title="bbox 322 5364 2011 5485">
     <span class='ocr_line' id='line_1_57' title="bbox 322 5364 2011 5485; baseline 0.005 -71"><span class='ocrx_word' id='word_1_422' title='bbox 322 5364 441 5485; x_wconf 54' lang='grc' dir='ltr'>ἱίἰυι.</span> <span class='ocrx_word' id='word_1_423' title='bbox 497 5381 548 5417; x_wconf 83' lang='lat' dir='ltr'>v.</span> <span class='ocrx_word' id='word_1_424' title='bbox 597 5367 743 5419; x_wconf 80' lang='lat'>626:</span> <span class='ocrx_word' id='word_1_425' title='bbox 806 5369 1153 5436; x_wconf 84' lang='lat' dir='ltr'>Hastamque,</span> <span class='ocrx_word' id='word_1_426' title='bbox 1211 5375 1261 5423; x_wconf 84' lang='lat' dir='ltr'>et</span> <span class='ocrx_word' id='word_1_427' title='bbox 1317 5370 1490 5439; x_wconf 78' lang='lat' dir='ltr'>clypei</span> <span class='ocrx_word' id='word_1_428' title='bbox 1548 5385 1656 5422; x_wconf 86' lang='lat' dir='ltr'>non</span> <span class='ocrx_word' id='word_1_429' title='bbox 1700 5364 2011 5423; x_wconf 67' lang='lat' dir='ltr'>enarrabile</span> 
     </span>
     <span class='ocr_line' id='line_1_58' title="bbox 345 5449 546 5485; baseline 0 0"><span class='ocrx_word' id='word_1_430' title='bbox 345 5450 411 5485; x_wconf 77' lang='lat' dir='ltr'>ea:</span> <span class='ocrx_word' id='word_1_431' title='bbox 440 5449 546 5485; x_wconf 92' lang='lat' dir='ltr'>um.</span> 
     </span>
    </p>
   </div>
   <div class='ocr_carea' id='block_1_58' title="bbox 345 5449 546 5488">
    <p class='ocr_par' dir='ltr' id='par_1_58' title="bbox 345 5449 546 5488">
     <span class='ocr_line' id='line_1_59' title="bbox 345 5449 546 5488; baseline 0.015 -3"><span class='ocrx_word' id='word_1_432' title='bbox 345 5449 546 5488; x_wconf 72' lang='lat' dir='ltr'>emtum.</span> 
     </span>
    </p>
   </div>
   <div class='ocr_carea' id='block_1_59' title="bbox 390 5506 792 5561">
    <p class='ocr_par' dir='ltr' id='par_1_59' title="bbox 390 5506 792 5561">
     <span class='ocr_line' id='line_1_60' title="bbox 390 5506 792 5561; baseline 0.01 -4"><span class='ocrx_word' id='word_1_433' title='bbox 390 5506 415 5546; x_wconf 83' lang='lat' dir='ltr'>b</span> <span class='ocrx_word' id='word_1_434' title='bbox 446 5506 485 5558; x_wconf 93' lang='lat' dir='ltr'>I.</span> <span class='ocrx_word' id='word_1_435' title='bbox 517 5507 792 5561; x_wconf 84' lang='lat' dir='ltr'>Jeremias.</span> 
     </span>
    </p>
   </div>
   <div class='ocr_carea' id='block_1_60' title="bbox 2110 549 3803 620">
    <p class='ocr_par' dir='ltr' id='par_1_60' title="bbox 2110 549 3803 620">
     <span class='ocr_line' id='line_1_61' title="bbox 2110 549 3803 620; baseline 0.001 -19"><span class='ocrx_word' id='word_1_436' title='bbox 2110 549 2345 619; x_wconf 87' lang='lat' dir='ltr'>quentia</span> <span class='ocrx_word' id='word_1_437' title='bbox 2390 550 2687 618; x_wconf 88' lang='lat' dir='ltr'>conspice:</span> <span class='ocrx_word' id='word_1_438' title='bbox 2734 550 2879 614; x_wconf 88' lang='lat' dir='ltr'>Quia</span> <span class='ocrx_word' id='word_1_439' title='bbox 2925 553 2983 604; x_wconf 88' lang='lat' dir='ltr'>in</span> <span class='ocrx_word' id='word_1_440' title='bbox 3022 552 3167 604; x_wconf 87' lang='lat' dir='ltr'>omni</span> <span class='ocrx_word' id='word_1_441' title='bbox 3209 551 3318 605; x_wconf 86' lang='lat' dir='ltr'>loco</span> <span class='ocrx_word' id='word_1_442' title='bbox 3364 551 3715 620; x_wconf 73' lang='lat' dir='ltr'>sacrificatur</span> <span class='ocrx_word' id='word_1_443' title='bbox 3760 558 3803 603; x_wconf 69' lang='lat' dir='ltr'>et</span> 
     </span>
    </p>
   </div>
   <div class='ocr_carea' id='block_1_61' title="bbox 2109 639 3801 709">
    <p class='ocr_par' dir='ltr' id='par_1_61' title="bbox 2109 639 3801 709">
     <span class='ocr_line' id='line_1_62' title="bbox 2109 639 3801 709; baseline 0.001 -17"><span class='ocrx_word' id='word_1_444' title='bbox 2109 639 2337 707; x_wconf 73' lang='lat' dir='ltr'>offertur</span> <span class='ocrx_word' id='word_1_445' title='bbox 2386 641 2595 693; x_wconf 86' lang='lat' dir='ltr'>nomini</span> <span class='ocrx_word' id='word_1_446' title='bbox 2624 656 2736 693; x_wconf 89' lang='lat' dir='ltr'>meo</span> <span class='ocrx_word' id='word_1_447' title='bbox 2776 640 2975 695; x_wconf 88' lang='lat' dir='ltr'>oblatio</span> <span class='ocrx_word' id='word_1_448' title='bbox 3010 656 3121 693; x_wconf 93' lang='lat' dir='ltr'>non</span> <span class='ocrx_word' id='word_1_449' title='bbox 3170 640 3410 709; x_wconf 86' lang='lat' dir='ltr'>polluta,</span> <span class='ocrx_word' id='word_1_450' title='bbox 3452 642 3549 693; x_wconf 88' lang='lat' dir='ltr'>sed</span> <span class='ocrx_word' id='word_1_451' title='bbox 3581 642 3801 694; x_wconf 81' lang='lat' dir='ltr'>munda.</span> 
     </span>
    </p>
   </div>
   <div class='ocr_carea' id='block_1_62' title="bbox 2110 727 3805 797">
    <p class='ocr_par' dir='ltr' id='par_1_62' title="bbox 2110 727 3805 797">
     <span class='ocr_line' id='line_1_63' title="bbox 2110 727 3805 797; baseline 0.001 -17"><span class='ocrx_word' id='word_1_452' title='bbox 2110 727 2273 791; x_wconf 89' lang='lat' dir='ltr'>Quod</span> <span class='ocrx_word' id='word_1_453' title='bbox 2323 728 2623 797; x_wconf 87' lang='lat' dir='ltr'>proprium</span> <span class='ocrx_word' id='word_1_454' title='bbox 2670 729 3124 782; x_wconf 86' lang='lat' dir='ltr'>Christianorum</span> <span class='ocrx_word' id='word_1_455' title='bbox 3179 734 3293 793; x_wconf 91' lang='lat' dir='ltr'>est;</span> <span class='ocrx_word' id='word_1_456' title='bbox 3337 736 3395 783; x_wconf 91' lang='lat' dir='ltr'>et</span> <span class='ocrx_word' id='word_1_457' title='bbox 3435 736 3497 783; x_wconf 89' lang='lat' dir='ltr'>ut</span> <span class='ocrx_word' id='word_1_458' title='bbox 3538 730 3655 783; x_wconf 62' lang='lat' dir='ltr'>haec</span> <span class='ocrx_word' id='word_1_459' title='bbox 3707 747 3805 781; x_wconf 72' lang='lat' dir='ltr'>vox</span> 
     </span>
    </p>
   </div>
   <div class='ocr_carea' id='block_1_63' title="bbox 2110 819 3801 890">
    <p class='ocr_par' dir='ltr' id='par_1_63' title="bbox 2110 819 3801 890">
     <span class='ocr_line' id='line_1_64' title="bbox 2110 819 3801 890; baseline 0 -21"><span class='ocrx_word' id='word_1_460' title='bbox 2110 832 2228 869; x_wconf 92' lang='lat' dir='ltr'>non</span> <span class='ocrx_word' id='word_1_461' title='bbox 2259 822 2740 885; x_wconf 89' lang='lat' dir='ltr'>contemneretur,</span> <span class='ocrx_word' id='word_1_462' title='bbox 2770 819 2957 872; x_wconf 89' lang='lat' dir='ltr'>denuo</span> <span class='ocrx_word' id='word_1_463' title='bbox 2989 819 3153 887; x_wconf 88' lang='lat' dir='ltr'>quasi</span> <span class='ocrx_word' id='word_1_464' title='bbox 3185 834 3312 872; x_wconf 90' lang='lat' dir='ltr'>cum</span> <span class='ocrx_word' id='word_1_465' title='bbox 3348 820 3529 888; x_wconf 87' lang='lat' dir='ltr'>gloria</span> <span class='ocrx_word' id='word_1_466' title='bbox 3562 822 3801 890; x_wconf 83' lang='lat' dir='ltr'>repetit:</span> 
     </span>
    </p>
   </div>
   <div class='ocr_carea' id='block_1_64' title="bbox 2110 908 3805 978">
    <p class='ocr_par' dir='ltr' id='par_1_64' title="bbox 2110 908 3805 978">
     <span class='ocr_line' id='line_1_65' title="bbox 2110 908 3805 978; baseline 0.003 -21"><span class='ocrx_word' id='word_1_467' title='bbox 2110 908 2243 973; x_wconf 83' lang='lat' dir='ltr'>quia</span> <span class='ocrx_word' id='word_1_468' title='bbox 2280 921 2536 971; x_wconf 89' lang='lat' dir='ltr'>magnum</span> <span class='ocrx_word' id='word_1_469' title='bbox 2582 912 2660 960; x_wconf 84' lang='lat' dir='ltr'>est</span> <span class='ocrx_word' id='word_1_470' title='bbox 2703 923 2889 961; x_wconf 82' lang='lat' dir='ltr'>nomen</span> <span class='ocrx_word' id='word_1_471' title='bbox 2930 923 3124 973; x_wconf 79' lang='lat' dir='ltr'>meum,</span> <span class='ocrx_word' id='word_1_472' title='bbox 3167 924 3278 961; x_wconf 90' lang='lat' dir='ltr'>non</span> <span class='ocrx_word' id='word_1_473' title='bbox 3318 909 3377 960; x_wconf 89' lang='lat' dir='ltr'>in</span> <span class='ocrx_word' id='word_1_474' title='bbox 3419 909 3662 978; x_wconf 88' lang='lat' dir='ltr'>populis,</span> <span class='ocrx_word' id='word_1_475' title='bbox 3711 910 3805 962; x_wconf 77' lang='lat' dir='ltr'>sed</span> 
     </span>
    </p>
   </div>
   <div class='ocr_carea' id='block_1_65' title="bbox 2108 995 3804 1066">
    <p class='ocr_par' dir='ltr' id='par_1_65' title="bbox 2108 995 3804 1066">
     <span class='ocr_line' id='line_1_66' title="bbox 2108 995 3804 1066; baseline 0.002 -19"><span class='ocrx_word' id='word_1_476' title='bbox 2108 995 2167 1047; x_wconf 86' lang='lat' dir='ltr'>in</span> <span class='ocrx_word' id='word_1_477' title='bbox 2214 995 2480 1059; x_wconf 80' lang='lat' dir='ltr'>gentibus.</span> <span class='ocrx_word' id='word_1_478' title='bbox 2517 996 2657 1047; x_wconf 90' lang='lat' dir='ltr'>Item</span> <span class='ocrx_word' id='word_1_479' title='bbox 2694 995 2861 1048; x_wconf 89' lang='lat' dir='ltr'>Isaias</span> <span class='ocrx_word' id='word_1_480' title='bbox 2897 998 2923 1039; x_wconf 69' lang='grc' dir='ltr'>Β</span> <span class='ocrx_word' id='word_1_481' title='bbox 2954 996 3092 1049; x_wconf 87' lang='lat' dir='ltr'>dicit</span> <span class='ocrx_word' id='word_1_482' title='bbox 3124 1012 3137 1049; x_wconf 88' lang='lat'>:</span> <span class='ocrx_word' id='word_1_483' title='bbox 3173 999 3626 1050; x_wconf 70' lang='lat' dir='ltr'>Prazvaricatione</span> <span class='ocrx_word' id='word_1_484' title='bbox 3653 1014 3804 1066; x_wconf 64' lang='grc' dir='ltr'>ιπε-</span> 
     </span>
    </p>
   </div>
   <div class='ocr_carea' id='block_1_66' title="bbox 2107 1085 3804 1155">
    <p class='ocr_par' dir='ltr' id='par_1_66' title="bbox 2107 1085 3804 1155">
     <span class='ocr_line' id='line_1_67' title="bbox 2107 1085 3804 1155; baseline 0.001 -20"><span class='ocrx_word' id='word_1_485' title='bbox 2107 1085 2356 1136; x_wconf 88' lang='lat' dir='ltr'>varicata</span> <span class='ocrx_word' id='word_1_486' title='bbox 2406 1089 2483 1137; x_wconf 84' lang='lat' dir='ltr'>est</span> <span class='ocrx_word' id='word_1_487' title='bbox 2512 1086 2570 1137; x_wconf 86' lang='lat' dir='ltr'>in</span> <span class='ocrx_word' id='word_1_488' title='bbox 2608 1099 2689 1137; x_wconf 88' lang='lat' dir='ltr'>me</span> <span class='ocrx_word' id='word_1_489' title='bbox 2726 1085 2915 1138; x_wconf 89' lang='lat' dir='ltr'>domus</span> <span class='ocrx_word' id='word_1_490' title='bbox 2957 1085 3119 1139; x_wconf 82' lang='lat' dir='ltr'>Juda.</span> <span class='ocrx_word' id='word_1_491' title='bbox 3156 1086 3335 1149; x_wconf 86' lang='lat' dir='ltr'>Quam</span> <span class='ocrx_word' id='word_1_492' title='bbox 3379 1086 3804 1155; x_wconf 58' lang='lat' dir='ltr'>praevaricatio-</span> 
     </span>
    </p>
   </div>
   <div class='ocr_carea' id='block_1_67' title="bbox 2108 1171 3807 1241">
    <p class='ocr_par' dir='ltr' id='par_1_67' title="bbox 2108 1171 3807 1241">
     <span class='ocr_line' id='line_1_68' title="bbox 2108 1171 3807 1241; baseline 0.001 -16"><span class='ocrx_word' id='word_1_493' title='bbox 2108 1187 2242 1225; x_wconf 89' lang='lat' dir='ltr'>nem</span> <span class='ocrx_word' id='word_1_494' title='bbox 2294 1171 2549 1241; x_wconf 88' lang='lat' dir='ltr'>apertius</span> <span class='ocrx_word' id='word_1_495' title='bbox 2601 1172 2963 1241; x_wconf 86' lang='lat' dir='ltr'>designavit:</span> <span class='ocrx_word' id='word_1_496' title='bbox 3016 1176 3364 1240; x_wconf 80' lang='lat' dir='ltr'>Negaverunt</span> <span class='ocrx_word' id='word_1_497' title='bbox 3410 1190 3509 1237; x_wconf 89' lang='lat' dir='ltr'>me,</span> <span class='ocrx_word' id='word_1_498' title='bbox 3562 1180 3611 1227; x_wconf 89' lang='lat' dir='ltr'>et</span> <span class='ocrx_word' id='word_1_499' title='bbox 3652 1176 3807 1227; x_wconf 62' lang='lat' dir='ltr'>dire-</span> 
     </span>
    </p>
   </div>
   <div class='ocr_carea' id='block_1_68' title="bbox 2110 1244 3806 1330">
    <p class='ocr_par' dir='ltr' id='par_1_68' title="bbox 2110 1244 3806 1330">
     <span class='ocr_line' id='line_1_69' title="bbox 2110 1244 3806 1330; baseline 0 -18"><span class='ocrx_word' id='word_1_500' title='bbox 2110 1265 2287 1313; x_wconf 85' lang='lat' dir='ltr'>runt:</span> <span class='ocrx_word' id='word_1_501' title='bbox 2341 1262 2456 1314; x_wconf 75' lang='lat' dir='ltr'>Non</span> <span class='ocrx_word' id='word_1_502' title='bbox 2507 1266 2585 1314; x_wconf 89' lang='lat' dir='ltr'>est</span> <span class='ocrx_word' id='word_1_503' title='bbox 2624 1244 2737 1329; x_wconf 69' lang='lat' dir='ltr'>ipse</span> <span class='ocrx_word' id='word_1_504' title='bbox 2782 1262 2912 1327; x_wconf 84' lang='lat' dir='ltr'>(Jer.</span> <span class='ocrx_word' id='word_1_505' title='bbox 2964 1277 3016 1324; x_wconf 75' lang='grc' dir='ltr'>ν,</span> <span class='ocrx_word' id='word_1_506' title='bbox 3069 1264 3171 1327; x_wconf 67' lang='lat'>4-2).</span> <span class='ocrx_word' id='word_1_507' title='bbox 3221 1262 3327 1323; x_wconf 90' lang='lat' dir='ltr'>Qui</span> <span class='ocrx_word' id='word_1_508' title='bbox 3378 1261 3540 1330; x_wconf 85' lang='lat' dir='ltr'>ipse?</span> <span class='ocrx_word' id='word_1_509' title='bbox 3578 1262 3806 1313; x_wconf 82' lang='lat' dir='ltr'>Messias</span> 
     </span>
    </p>
   </div>
   <div class='ocr_carea' id='block_1_69' title="bbox 2110 1348 3808 1419">
    <p class='ocr_par' dir='ltr' id='par_1_69' title="bbox 2110 1348 3808 1419">
     <span class='ocr_line' id='line_1_70' title="bbox 2110 1348 3808 1419; baseline -0.001 -18"><span class='ocrx_word' id='word_1_510' title='bbox 2110 1365 2227 1401; x_wconf 90' lang='lat' dir='ltr'>non</span> <span class='ocrx_word' id='word_1_511' title='bbox 2272 1354 2355 1401; x_wconf 90' lang='lat' dir='ltr'>est</span> <span class='ocrx_word' id='word_1_512' title='bbox 2387 1349 2489 1401; x_wconf 89' lang='lat' dir='ltr'>iste</span> <span class='ocrx_word' id='word_1_513' title='bbox 2534 1348 2633 1419; x_wconf 87' lang='lat' dir='ltr'>qui</span> <span class='ocrx_word' id='word_1_514' title='bbox 2678 1352 2852 1416; x_wconf 78' lang='lat' dir='ltr'>venit,</span> <span class='ocrx_word' id='word_1_515' title='bbox 2898 1350 2993 1402; x_wconf 88' lang='lat' dir='ltr'>sed</span> <span class='ocrx_word' id='word_1_516' title='bbox 3038 1349 3213 1402; x_wconf 88' lang='lat' dir='ltr'>alium</span> <span class='ocrx_word' id='word_1_517' title='bbox 3254 1354 3665 1417; x_wconf 80' lang='lat' dir='ltr'>exspectamus.</span> <span class='ocrx_word' id='word_1_518' title='bbox 3727 1349 3808 1399; x_wconf 64' lang='grc' dir='ltr'>γι-</span> 
     </span>
    </p>
   </div>
   <div class='ocr_carea' id='block_1_70' title="bbox 2108 1435 3802 1505">
    <p class='ocr_par' dir='ltr' id='par_1_70' title="bbox 2108 1435 3802 1505">
     <span class='ocr_line' id='line_1_71' title="bbox 2108 1435 3802 1505; baseline -0.001 -17"><span class='ocrx_word' id='word_1_519' title='bbox 2108 1435 2206 1488; x_wconf 88' lang='lat' dir='ltr'>des</span> <span class='ocrx_word' id='word_1_520' title='bbox 2249 1452 2420 1505; x_wconf 88' lang='lat' dir='ltr'>quam</span> <span class='ocrx_word' id='word_1_521' title='bbox 2455 1442 2649 1505; x_wconf 82' lang='lat' dir='ltr'>aperte</span> <span class='ocrx_word' id='word_1_522' title='bbox 2692 1436 2943 1489; x_wconf 86' lang='lat' dir='ltr'>insanias</span> <span class='ocrx_word' id='word_1_523' title='bbox 2973 1442 3184 1489; x_wconf 89' lang='lat' dir='ltr'>vestras</span> <span class='ocrx_word' id='word_1_524' title='bbox 3219 1436 3497 1504; x_wconf 81' lang='lat' dir='ltr'>prapheta</span> <span class='ocrx_word' id='word_1_525' title='bbox 3527 1435 3802 1504; x_wconf 80' lang='lat' dir='ltr'>depinxit.</span> 
     </span>
    </p>
   </div>
   <div class='ocr_carea' id='block_1_71' title="bbox 2112 1524 3806 1592">
    <p class='ocr_par' dir='ltr' id='par_1_71' title="bbox 2112 1524 3806 1592">
     <span class='ocr_line' id='line_1_72' title="bbox 2112 1524 3806 1592; baseline -0.001 -17"><span class='ocrx_word' id='word_1_526' title='bbox 2112 1526 2255 1577; x_wconf 82' lang='lat' dir='ltr'>Item</span> <span class='ocrx_word' id='word_1_527' title='bbox 2305 1524 2461 1592; x_wconf 84' lang='lat' dir='ltr'>ipse:</span> <span class='ocrx_word' id='word_1_528' title='bbox 2508 1527 2639 1579; x_wconf 83' lang='lat' dir='ltr'>Ecce</span> <span class='ocrx_word' id='word_1_529' title='bbox 2687 1525 2802 1578; x_wconf 86' lang='lat' dir='ltr'>dies</span> <span class='ocrx_word' id='word_1_530' title='bbox 2845 1528 3073 1589; x_wconf 86' lang='lat' dir='ltr'>venient,</span> <span class='ocrx_word' id='word_1_531' title='bbox 3129 1525 3264 1578; x_wconf 82' lang='lat' dir='ltr'>dicit</span> <span class='ocrx_word' id='word_1_532' title='bbox 3306 1527 3588 1589; x_wconf 83' lang='lat' dir='ltr'>Dominus,</span> <span class='ocrx_word' id='word_1_533' title='bbox 3633 1532 3684 1577; x_wconf 81' lang='lat' dir='ltr'>et</span> <span class='ocrx_word' id='word_1_534' title='bbox 3726 1528 3806 1589; x_wconf 72' lang='lat' dir='ltr'>fe-</span> 
     </span>
    </p>
   </div>
   <div class='ocr_carea' id='block_1_72' title="bbox 2107 1613 3802 1682">
    <p class='ocr_par' dir='ltr' id='par_1_72' title="bbox 2107 1613 3802 1682">
     <span class='ocr_line' id='line_1_73' title="bbox 2107 1613 3802 1682; baseline -0.001 -16"><span class='ocrx_word' id='word_1_535' title='bbox 2107 1616 2251 1666; x_wconf 85' lang='lat' dir='ltr'>riam</span> <span class='ocrx_word' id='word_1_536' title='bbox 2298 1614 2483 1667; x_wconf 85' lang='lat' dir='ltr'>domui</span> <span class='ocrx_word' id='word_1_537' title='bbox 2539 1623 2559 1647; x_wconf 83' lang='lat'><em>°</em></span> <span class='ocrx_word' id='word_1_538' title='bbox 2613 1614 2781 1673; x_wconf 70' lang='lat' dir='ltr'>Judae.</span> <span class='ocrx_word' id='word_1_539' title='bbox 2815 1614 2869 1667; x_wconf 91' lang='lat' dir='ltr'>id</span> <span class='ocrx_word' id='word_1_540' title='bbox 2904 1620 3007 1680; x_wconf 91' lang='lat' dir='ltr'>est,</span> <span class='ocrx_word' id='word_1_541' title='bbox 3058 1613 3303 1681; x_wconf 86' lang='lat' dir='ltr'>duabus,</span> <span class='ocrx_word' id='word_1_542' title='bbox 3342 1619 3562 1682; x_wconf 82' lang='lat' dir='ltr'>pactum</span> <span class='ocrx_word' id='word_1_543' title='bbox 3614 1629 3802 1666; x_wconf 72' lang='lat' dir='ltr'>norum</span> 
     </span>
    </p>
   </div>
   <div class='ocr_carea' id='block_1_73' title="bbox 2109 1701 3807 1771">
    <p class='ocr_par' dir='ltr' id='par_1_73' title="bbox 2109 1701 3807 1771">
     <span class='ocr_line' id='line_1_74' title="bbox 2109 1701 3807 1771; baseline -0.003 -13"><span class='ocrx_word' id='word_1_544' title='bbox 2109 1704 2233 1759; x_wconf 84' lang='lat' dir='ltr'>(Jer.</span> <span class='ocrx_word' id='word_1_545' title='bbox 2281 1718 2429 1768; x_wconf 77' lang='lat' dir='ltr'><strong>XXXI,</strong></span> <span class='ocrx_word' id='word_1_546' title='bbox 2488 1701 2595 1771; x_wconf 86' lang='grc'><strong>31).</strong></span> <span class='ocrx_word' id='word_1_547' title='bbox 2657 1702 2811 1757; x_wconf 91' lang='lat' dir='ltr'>Unde</span> <span class='ocrx_word' id='word_1_548' title='bbox 2862 1703 2970 1756; x_wconf 88' lang='lat' dir='ltr'>hoc</span> <span class='ocrx_word' id='word_1_549' title='bbox 3014 1718 3229 1765; x_wconf 84' lang='lat' dir='ltr'>novum,</span> <span class='ocrx_word' id='word_1_550' title='bbox 3281 1702 3392 1754; x_wconf 91' lang='lat' dir='ltr'>nisi</span> <span class='ocrx_word' id='word_1_551' title='bbox 3451 1707 3614 1754; x_wconf 88' lang='lat' dir='ltr'>vetus</span> <span class='ocrx_word' id='word_1_552' title='bbox 3657 1718 3807 1771; x_wconf 65' lang='lat' dir='ltr'>pra~</span> 
     </span>
    </p>
   </div>
   <div class='ocr_carea' id='block_1_74' title="bbox 2111 1791 3802 1861">
    <p class='ocr_par' dir='ltr' id='par_1_74' title="bbox 2111 1791 3802 1861">
     <span class='ocr_line' id='line_1_75' title="bbox 2111 1791 3802 1861; baseline -0.001 -18"><span class='ocrx_word' id='word_1_553' title='bbox 2111 1791 2378 1844; x_wconf 88' lang='lat' dir='ltr'>cederet?</span> <span class='ocrx_word' id='word_1_554' title='bbox 2422 1792 2488 1843; x_wconf 88' lang='lat' dir='ltr'>Et</span> <span class='ocrx_word' id='word_1_555' title='bbox 2526 1791 2655 1844; x_wconf 90' lang='lat' dir='ltr'>ideo</span> <span class='ocrx_word' id='word_1_556' title='bbox 2688 1808 2899 1844; x_wconf 87' lang='lat' dir='ltr'>novum</span> <span class='ocrx_word' id='word_1_557' title='bbox 2943 1796 3193 1861; x_wconf 89' lang='lat' dir='ltr'>pactum,</span> <span class='ocrx_word' id='word_1_558' title='bbox 3229 1795 3291 1844; x_wconf 90' lang='lat' dir='ltr'>ut</span> <span class='ocrx_word' id='word_1_559' title='bbox 3323 1796 3574 1844; x_wconf 86' lang='lat' dir='ltr'>veterem</span> <span class='ocrx_word' id='word_1_560' title='bbox 3621 1791 3802 1843; x_wconf 86' lang='lat' dir='ltr'>abole-</span> 
     </span>
    </p>
   </div>
   <div class='ocr_carea' id='block_1_75' title="bbox 2113 1878 3804 1949">
    <p class='ocr_par' dir='ltr' id='par_1_75' title="bbox 2113 1878 3804 1949">
     <span class='ocr_line' id='line_1_76' title="bbox 2113 1878 3804 1949; baseline 0 -18"><span class='ocrx_word' id='word_1_561' title='bbox 2113 1884 2230 1945; x_wconf 83' lang='lat' dir='ltr'>ret;</span> <span class='ocrx_word' id='word_1_562' title='bbox 2265 1884 2323 1932; x_wconf 84' lang='lat' dir='ltr'>et</span> <span class='ocrx_word' id='word_1_563' title='bbox 2364 1884 2425 1932; x_wconf 90' lang='lat' dir='ltr'>ut</span> <span class='ocrx_word' id='word_1_564' title='bbox 2468 1880 2577 1933; x_wconf 89' lang='lat' dir='ltr'>hoc</span> <span class='ocrx_word' id='word_1_565' title='bbox 2616 1886 2844 1949; x_wconf 87' lang='lat' dir='ltr'>pactum</span> <span class='ocrx_word' id='word_1_566' title='bbox 2885 1896 2999 1932; x_wconf 90' lang='lat' dir='ltr'>non</span> <span class='ocrx_word' id='word_1_567' title='bbox 3038 1880 3245 1947; x_wconf 88' lang='lat' dir='ltr'>legem,</span> <span class='ocrx_word' id='word_1_568' title='bbox 3274 1880 3368 1933; x_wconf 89' lang='lat' dir='ltr'>sed</span> <span class='ocrx_word' id='word_1_569' title='bbox 3417 1878 3804 1948; x_wconf 84' lang='lat' dir='ltr'>Evangelium,</span> 
     </span>
    </p>
   </div>
   <div class='ocr_carea' id='block_1_76' title="bbox 2112 1968 3803 2038">
    <p class='ocr_par' dir='ltr' id='par_1_76' title="bbox 2112 1968 3803 2038">
     <span class='ocr_line' id='line_1_77' title="bbox 2112 1968 3803 2038; baseline -0.001 -18"><span class='ocrx_word' id='word_1_570' title='bbox 2112 1983 2227 2020; x_wconf 89' lang='lat' dir='ltr'>non</span> <span class='ocrx_word' id='word_1_571' title='bbox 2272 1971 2497 2021; x_wconf 86' lang='lat' dir='ltr'>tantum</span> <span class='ocrx_word' id='word_1_572' title='bbox 2543 1968 2827 2037; x_wconf 89' lang='lat' dir='ltr'>gentibus,</span> <span class='ocrx_word' id='word_1_573' title='bbox 2882 1968 2982 2020; x_wconf 93' lang='lat' dir='ltr'>sed</span> <span class='ocrx_word' id='word_1_574' title='bbox 3039 1968 3211 2020; x_wconf 90' lang='lat' dir='ltr'>etiam</span> <span class='ocrx_word' id='word_1_575' title='bbox 3260 1968 3492 2034; x_wconf 67' lang='lat' dir='ltr'>Judazis,</span> <span class='ocrx_word' id='word_1_576' title='bbox 3554 1968 3656 2038; x_wconf 89' lang='lat' dir='ltr'>qui</span> <span class='ocrx_word' id='word_1_577' title='bbox 3712 1984 3803 2019; x_wconf 79' lang='lat' dir='ltr'>nos</span> 
     </span>
    </p>
   </div>
   <div class='ocr_carea' id='block_1_77' title="bbox 2113 2055 3807 2125">
    <p class='ocr_par' dir='ltr' id='par_1_77' title="bbox 2113 2055 3807 2125">
     <span class='ocr_line' id='line_1_78' title="bbox 2113 2055 3807 2125; baseline -0.001 -17"><span class='ocrx_word' id='word_1_578' title='bbox 2113 2072 2328 2119; x_wconf 85' lang='lat' dir='ltr'>sumus,</span> <span class='ocrx_word' id='word_1_579' title='bbox 2378 2056 2631 2125; x_wconf 90' lang='lat' dir='ltr'>positum</span> <span class='ocrx_word' id='word_1_580' title='bbox 2667 2055 2825 2117; x_wconf 82' lang='lat' dir='ltr'>scias,</span> <span class='ocrx_word' id='word_1_581' title='bbox 2875 2055 3042 2108; x_wconf 86' lang='lat' dir='ltr'>audi:</span> <span class='ocrx_word' id='word_1_582' title='bbox 3094 2057 3210 2111; x_wconf 78' lang='lat' dir='ltr'>Non</span> <span class='ocrx_word' id='word_1_583' title='bbox 3252 2057 3546 2110; x_wconf 86' lang='lat' dir='ltr'>secundum</span> <span class='ocrx_word' id='word_1_584' title='bbox 3589 2062 3807 2125; x_wconf 71' lang='lat' dir='ltr'>pactum</span> 
     </span>
    </p>
   </div>
   <div class='ocr_carea' id='block_1_78' title="bbox 2112 2143 3805 2213">
    <p class='ocr_par' dir='ltr' id='par_1_78' title="bbox 2112 2143 3805 2213">
     <span class='ocr_line' id='line_1_79' title="bbox 2112 2143 3805 2213; baseline 0 -17"><span class='ocrx_word' id='word_1_585' title='bbox 2112 2144 2256 2211; x_wconf 83' lang='lat' dir='ltr'>quod</span> <span class='ocrx_word' id='word_1_586' title='bbox 2290 2146 2478 2212; x_wconf 83' lang='lat' dir='ltr'>pepigi</span> <span class='ocrx_word' id='word_1_587' title='bbox 2513 2160 2631 2197; x_wconf 89' lang='lat' dir='ltr'>cum</span> <span class='ocrx_word' id='word_1_588' title='bbox 2670 2143 2924 2211; x_wconf 85' lang='lat' dir='ltr'>patribus</span> <span class='ocrx_word' id='word_1_589' title='bbox 2968 2160 3174 2211; x_wconf 88' lang='lat' dir='ltr'>eorum,</span> <span class='ocrx_word' id='word_1_590' title='bbox 3216 2145 3437 2211; x_wconf 80' lang='lat' dir='ltr'>quando</span> <span class='ocrx_word' id='word_1_591' title='bbox 3467 2145 3805 2213; x_wconf 74' lang='lat' dir='ltr'>apprehendi</span> 
     </span>
    </p>
   </div>
   <div class='ocr_carea' id='block_1_79' title="bbox 2112 2232 3806 2303">
    <p class='ocr_par' dir='ltr' id='par_1_79' title="bbox 2112 2232 3806 2303">
     <span class='ocr_line' id='line_1_80' title="bbox 2112 2232 3806 2303; baseline 0 -18"><span class='ocrx_word' id='word_1_592' title='bbox 2112 2248 2330 2285; x_wconf 88' lang='lat' dir='ltr'>manum</span> <span class='ocrx_word' id='word_1_593' title='bbox 2380 2248 2579 2299; x_wconf 89' lang='lat' dir='ltr'>eorum,</span> <span class='ocrx_word' id='word_1_594' title='bbox 2614 2237 2673 2286; x_wconf 85' lang='lat' dir='ltr'>ut</span> <span class='ocrx_word' id='word_1_595' title='bbox 2725 2232 2998 2286; x_wconf 74' lang='lat' dir='ltr'>educerem</span> <span class='ocrx_word' id='word_1_596' title='bbox 3029 2249 3111 2287; x_wconf 86' lang='lat' dir='ltr'>eos</span> <span class='ocrx_word' id='word_1_597' title='bbox 3162 2233 3228 2286; x_wconf 87' lang='lat' dir='ltr'>de</span> <span class='ocrx_word' id='word_1_598' title='bbox 3259 2240 3409 2286; x_wconf 82' lang='lat' dir='ltr'>terra</span> <span class='ocrx_word' id='word_1_599' title='bbox 3456 2237 3706 2303; x_wconf 66' lang='lat' dir='ltr'>Egypti,</span> <span class='ocrx_word' id='word_1_600' title='bbox 3760 2234 3806 2286; x_wconf 83' lang='lat' dir='ltr'>id</span> 
     </span>
    </p>
   </div>
   <div class='ocr_carea' id='block_1_80' title="bbox 2113 2320 3805 2392">
    <p class='ocr_par' dir='ltr' id='par_1_80' title="bbox 2113 2320 3805 2392">
     <span class='ocr_line' id='line_1_81' title="bbox 2113 2320 3805 2392; baseline 0 -19"><span class='ocrx_word' id='word_1_601' title='bbox 2113 2325 2197 2374; x_wconf 90' lang='lat' dir='ltr'>est</span> <span class='ocrx_word' id='word_1_602' title='bbox 2242 2332 2469 2390; x_wconf 85' lang='lat' dir='ltr'>pactum</span> <span class='ocrx_word' id='word_1_603' title='bbox 2523 2320 2683 2391; x_wconf 92' lang='lat' dir='ltr'>legis.</span> <span class='ocrx_word' id='word_1_604' title='bbox 2742 2321 2907 2374; x_wconf 91' lang='lat' dir='ltr'>Vides</span> <span class='ocrx_word' id='word_1_605' title='bbox 2957 2322 3141 2391; x_wconf 86' lang='lat' dir='ltr'>legem</span> <span class='ocrx_word' id='word_1_606' title='bbox 3191 2321 3487 2388; x_wconf 88' lang='lat' dir='ltr'>abolitam,</span> <span class='ocrx_word' id='word_1_607' title='bbox 3536 2328 3593 2375; x_wconf 91' lang='lat' dir='ltr'>et</span> <span class='ocrx_word' id='word_1_608' title='bbox 3647 2324 3805 2392; x_wconf 82' lang='lat' dir='ltr'>quasi</span> 
     </span>
    </p>
   </div>
   <div class='ocr_carea' id='block_1_81' title="bbox 2113 2410 3809 2481">
    <p class='ocr_par' dir='ltr' id='par_1_81' title="bbox 2113 2410 3809 2481">
     <span class='ocr_line' id='line_1_82' title="bbox 2113 2410 3809 2481; baseline -0.001 -19"><span class='ocrx_word' id='word_1_609' title='bbox 2113 2410 2416 2479; x_wconf 86' lang='lat' dir='ltr'>reprobam</span> <span class='ocrx_word' id='word_1_610' title='bbox 2457 2410 2664 2463; x_wconf 89' lang='lat' dir='ltr'>factam</span> <span class='ocrx_word' id='word_1_611' title='bbox 2700 2426 2712 2464; x_wconf 91' lang='lat'>:</span> <span class='ocrx_word' id='word_1_612' title='bbox 2765 2416 2818 2463; x_wconf 86' lang='lat' dir='ltr'>et</span> <span class='ocrx_word' id='word_1_613' title='bbox 2872 2411 3017 2464; x_wconf 88' lang='lat' dir='ltr'>bene</span> <span class='ocrx_word' id='word_1_614' title='bbox 3059 2411 3340 2481; x_wconf 85' lang='lat' dir='ltr'>propheta</span> <span class='ocrx_word' id='word_1_615' title='bbox 3372 2411 3479 2464; x_wconf 90' lang='lat' dir='ltr'>hoc</span> <span class='ocrx_word' id='word_1_616' title='bbox 3512 2417 3643 2479; x_wconf 88' lang='lat' dir='ltr'>post</span> <span class='ocrx_word' id='word_1_617' title='bbox 3683 2419 3809 2463; x_wconf 50' lang='lat' dir='ltr'>tem.</span> 
     </span>
    </p>
   </div>
   <div class='ocr_carea' id='block_1_82' title="bbox 2112 2498 3809 2568">
    <p class='ocr_par' dir='ltr' id='par_1_82' title="bbox 2112 2498 3809 2568">
     <span class='ocr_line' id='line_1_83' title="bbox 2112 2498 3809 2568; baseline -0.001 -17"><span class='ocrx_word' id='word_1_618' title='bbox 2112 2514 2217 2567; x_wconf 91' lang='lat' dir='ltr'>pus</span> <span class='ocrx_word' id='word_1_619' title='bbox 2250 2498 2477 2551; x_wconf 88' lang='lat' dir='ltr'>evenire</span> <span class='ocrx_word' id='word_1_620' title='bbox 2504 2498 2768 2567; x_wconf 73' lang='lat' dir='ltr'>praedixit</span> <span class='ocrx_word' id='word_1_621' title='bbox 2803 2516 2814 2549; x_wconf 93' lang='lat'>:</span> <span class='ocrx_word' id='word_1_622' title='bbox 2854 2498 2990 2568; x_wconf 86' lang='lat' dir='ltr'>quia</span> <span class='ocrx_word' id='word_1_623' title='bbox 3022 2515 3135 2551; x_wconf 90' lang='lat' dir='ltr'>non</span> <span class='ocrx_word' id='word_1_624' title='bbox 3168 2515 3272 2552; x_wconf 93' lang='lat' dir='ltr'>suo</span> <span class='ocrx_word' id='word_1_625' title='bbox 3302 2499 3362 2552; x_wconf 87' lang='lat' dir='ltr'>in</span> <span class='ocrx_word' id='word_1_626' title='bbox 3395 2504 3681 2565; x_wconf 87' lang='lat' dir='ltr'>tempore,</span> <span class='ocrx_word' id='word_1_627' title='bbox 3721 2500 3809 2549; x_wconf 74' lang='lat' dir='ltr'>sed</span> 
     </span>
    </p>
   </div>
   <div class='ocr_carea' id='block_1_83' title="bbox 2112 2586 3805 2657">
    <p class='ocr_par' dir='ltr' id='par_1_83' title="bbox 2112 2586 3805 2657">
     <span class='ocr_line' id='line_1_84' title="bbox 2112 2586 3805 2657; baseline -0.004 -17"><span class='ocrx_word' id='word_1_628' title='bbox 2112 2587 2171 2640; x_wconf 91' lang='lat' dir='ltr'>in</span> <span class='ocrx_word' id='word_1_629' title='bbox 2201 2586 2322 2640; x_wconf 89' lang='lat' dir='ltr'>dies</span> <span class='ocrx_word' id='word_1_630' title='bbox 2351 2592 2619 2640; x_wconf 87' lang='lat' dir='ltr'>venturos</span> <span class='ocrx_word' id='word_1_631' title='bbox 2652 2587 2942 2657; x_wconf 81' lang='lat' dir='ltr'>Evangelii</span> <span class='ocrx_word' id='word_1_632' title='bbox 2973 2592 3382 2640; x_wconf 88' lang='lat' dir='ltr'>testamentum</span> <span class='ocrx_word' id='word_1_633' title='bbox 3418 2588 3670 2641; x_wconf 88' lang='lat' dir='ltr'>dandum</span> <span class='ocrx_word' id='word_1_634' title='bbox 3697 2603 3805 2638; x_wconf 72' lang='lat' dir='ltr'>esse</span> 
     </span>
    </p>
   </div>
   <div class='ocr_carea' id='block_1_84' title="bbox 2116 2674 3805 2746">
    <p class='ocr_par' dir='ltr' id='par_1_84' title="bbox 2116 2674 3805 2746">
     <span class='ocr_line' id='line_1_85' title="bbox 2116 2674 3805 2746; baseline -0.002 -18"><span class='ocrx_word' id='word_1_635' title='bbox 2116 2674 2397 2746; x_wconf 72' lang='lat' dir='ltr'>praevidit.</span> <span class='ocrx_word' id='word_1_636' title='bbox 2443 2676 2592 2729; x_wconf 82' lang='lat' dir='ltr'>Audi</span> <span class='ocrx_word' id='word_1_637' title='bbox 2642 2676 2849 2728; x_wconf 89' lang='lat' dir='ltr'>iterum</span> <span class='ocrx_word' id='word_1_638' title='bbox 2912 2676 3164 2729; x_wconf 79' lang='lat' dir='ltr'>Ezechiel</span> <span class='ocrx_word' id='word_1_639' title='bbox 3201 2690 3212 2701; x_wconf 80' lang='lat'>&#39;</span> <span class='ocrx_word' id='word_1_640' title='bbox 3271 2676 3412 2729; x_wconf 80' lang='lat' dir='ltr'>Dedi</span> <span class='ocrx_word' id='word_1_641' title='bbox 3439 2679 3513 2729; x_wconf 83' lang='lat' dir='ltr'>eis</span> <span class='ocrx_word' id='word_1_642' title='bbox 3544 2680 3805 2743; x_wconf 65' lang='lat' dir='ltr'>praecepta</span> 
     </span>
    </p>
   </div>
   <div class='ocr_carea' id='block_1_85' title="bbox 2112 2765 3802 2833">
    <p class='ocr_par' dir='ltr' id='par_1_85' title="bbox 2112 2765 3802 2833">
     <span class='ocr_line' id='line_1_86' title="bbox 2112 2765 3802 2833; baseline -0.001 -17"><span class='ocrx_word' id='word_1_643' title='bbox 2112 2780 2217 2817; x_wconf 86' lang='lat' dir='ltr'>non</span> <span class='ocrx_word' id='word_1_644' title='bbox 2251 2765 2404 2830; x_wconf 86' lang='lat' dir='ltr'>bona,</span> <span class='ocrx_word' id='word_1_645' title='bbox 2456 2770 2504 2815; x_wconf 86' lang='lat' dir='ltr'>et</span> <span class='ocrx_word' id='word_1_646' title='bbox 2529 2765 2747 2832; x_wconf 80' lang='lat' dir='ltr'>judicia</span> <span class='ocrx_word' id='word_1_647' title='bbox 2774 2767 2831 2818; x_wconf 91' lang='lat' dir='ltr'>in</span> <span class='ocrx_word' id='word_1_648' title='bbox 2861 2766 3058 2833; x_wconf 86' lang='lat' dir='ltr'>quibus</span> <span class='ocrx_word' id='word_1_649' title='bbox 3088 2781 3192 2818; x_wconf 89' lang='lat' dir='ltr'>non</span> <span class='ocrx_word' id='word_1_650' title='bbox 3221 2768 3411 2818; x_wconf 83' lang='lat' dir='ltr'>vivant</span> <span class='ocrx_word' id='word_1_651' title='bbox 3452 2765 3669 2829; x_wconf 77' lang='lat' dir='ltr'>(Ezech.</span> <span class='ocrx_word' id='word_1_652' title='bbox 3720 2779 3802 2824; x_wconf 79' lang='lat' dir='ltr'>xx,</span> 
     </span>
    </p>
   </div>
   <div class='ocr_carea' id='block_1_86' title="bbox 2114 2852 3806 2921">
    <p class='ocr_par' dir='ltr' id='par_1_86' title="bbox 2114 2852 3806 2921">
     <span class='ocr_line' id='line_1_87' title="bbox 2114 2852 3806 2921; baseline -0.001 -18"><span class='ocrx_word' id='word_1_653' title='bbox 2114 2853 2217 2917; x_wconf 72' lang='lat'>‘20).</span> <span class='ocrx_word' id='word_1_654' title='bbox 2268 2852 2439 2905; x_wconf 89' lang='lat' dir='ltr'>Isaias</span> <span class='ocrx_word' id='word_1_655' title='bbox 2483 2858 2676 2905; x_wconf 81' lang='lat' dir='ltr'>autem</span> <span class='ocrx_word' id='word_1_656' title='bbox 2710 2853 2905 2917; x_wconf 87' lang='lat' dir='ltr'>audet,</span> <span class='ocrx_word' id='word_1_657' title='bbox 2954 2858 3010 2907; x_wconf 90' lang='lat' dir='ltr'>et</span> <span class='ocrx_word' id='word_1_658' title='bbox 3046 2853 3227 2908; x_wconf 88' lang='lat' dir='ltr'>dicit:</span> <span class='ocrx_word' id='word_1_659' title='bbox 3266 2853 3491 2918; x_wconf 82' lang='lat' dir='ltr'>Audite,</span> <span class='ocrx_word' id='word_1_660' title='bbox 3536 2854 3806 2921; x_wconf 75' lang='lat' dir='ltr'>principes</span> 
     </span>
    </p>
   </div>
   <div class='ocr_carea' id='block_1_87' title="bbox 2113 2940 3801 3009">
    <p class='ocr_par' dir='ltr' id='par_1_87' title="bbox 2113 2940 3801 3009">
     <span class='ocr_line' id='line_1_88' title="bbox 2113 2940 3801 3009; baseline -0.001 -16"><span class='ocrx_word' id='word_1_661' title='bbox 2113 2940 2485 3006; x_wconf 87' lang='lat' dir='ltr'>Sodomorum,</span> <span class='ocrx_word' id='word_1_662' title='bbox 2534 2944 2794 3009; x_wconf 78' lang='lat' dir='ltr'>percipite</span> <span class='ocrx_word' id='word_1_663' title='bbox 2824 2942 3052 2995; x_wconf 86' lang='lat' dir='ltr'>auribus</span> <span class='ocrx_word' id='word_1_664' title='bbox 3080 2943 3246 3009; x_wconf 82' lang='lat' dir='ltr'>legem</span> <span class='ocrx_word' id='word_1_665' title='bbox 3278 2944 3374 2996; x_wconf 88' lang='lat' dir='ltr'>Dei</span> <span class='ocrx_word' id='word_1_666' title='bbox 3411 2944 3605 3005; x_wconf 81' lang='lat' dir='ltr'>vestri,</span> <span class='ocrx_word' id='word_1_667' title='bbox 3640 2955 3801 3008; x_wconf 79' lang='lat' dir='ltr'>popu-</span> 
     </span>
    </p>
   </div>
   <div class='ocr_carea' id='block_1_88' title="bbox 2115 3029 3799 3095">
    <p class='ocr_par' dir='ltr' id='par_1_88' title="bbox 2115 3029 3799 3095">
     <span class='ocr_line' id='line_1_89' title="bbox 2115 3029 3799 3095; baseline -0.002 -14"><span class='ocrx_word' id='word_1_668' title='bbox 2115 3030 2195 3082; x_wconf 90' lang='lat' dir='ltr'>lus</span> <span class='ocrx_word' id='word_1_669' title='bbox 2249 3029 2573 3083; x_wconf 67' lang='lat' dir='ltr'>Gomorrhz.</span> <span class='ocrx_word' id='word_1_670' title='bbox 2623 3032 2734 3095; x_wconf 85' lang='lat' dir='ltr'>Quo</span> <span class='ocrx_word' id='word_1_671' title='bbox 2792 3030 2930 3083; x_wconf 82' lang='lat' dir='ltr'>mihi</span> <span class='ocrx_word' id='word_1_672' title='bbox 2985 3030 3278 3083; x_wconf 82' lang='lat' dir='ltr'>multitudo</span> <span class='ocrx_word' id='word_1_673' title='bbox 3327 3031 3676 3082; x_wconf 85' lang='lat' dir='ltr'>victimarum</span> <span class='ocrx_word' id='word_1_674' title='bbox 3723 3041 3799 3078; x_wconf 75' lang='lat' dir='ltr'>te-</span> 
     </span>
    </p>
   </div>
   <div class='ocr_carea' id='block_1_89' title="bbox 2113 3117 3803 3179">
    <p class='ocr_par' dir='ltr' id='par_1_89' title="bbox 2113 3117 3803 3179">
     <span class='ocr_line' id='line_1_90' title="bbox 2113 3117 3803 3179; baseline -0.003 -9"><span class='ocrx_word' id='word_1_675' title='bbox 2113 3122 2368 3178; x_wconf 85' lang='lat' dir='ltr'>strarum,</span> <span class='ocrx_word' id='word_1_676' title='bbox 2446 3118 2581 3171; x_wconf 85' lang='lat' dir='ltr'>dicit</span> <span class='ocrx_word' id='word_1_677' title='bbox 2654 3119 2951 3171; x_wconf 82' lang='lat' dir='ltr'>Dominus:</span> <span class='ocrx_word' id='word_1_678' title='bbox 3006 3119 3211 3171; x_wconf 89' lang='lat' dir='ltr'>Plenus</span> <span class='ocrx_word' id='word_1_679' title='bbox 3272 3132 3423 3179; x_wconf 87' lang='lat' dir='ltr'>sum,</span> <span class='ocrx_word' id='word_1_680' title='bbox 3502 3117 3803 3170; x_wconf 76' lang='lat' dir='ltr'>holocausta</span> 
     </span>
    </p>
   </div>
   <div class='ocr_carea' id='block_1_90' title="bbox 2115 3205 3800 3275">
    <p class='ocr_par' dir='ltr' id='par_1_90' title="bbox 2115 3205 3800 3275">
     <span class='ocr_line' id='line_1_91' title="bbox 2115 3205 3800 3275; baseline -0.001 -18"><span class='ocrx_word' id='word_1_681' title='bbox 2115 3208 2365 3269; x_wconf 86' lang='lat' dir='ltr'>arietum,</span> <span class='ocrx_word' id='word_1_682' title='bbox 2408 3212 2457 3259; x_wconf 88' lang='lat' dir='ltr'>et</span> <span class='ocrx_word' id='word_1_683' title='bbox 2504 3207 2723 3274; x_wconf 83' lang='lat' dir='ltr'>adipem</span> <span class='ocrx_word' id='word_1_684' title='bbox 2762 3208 3073 3275; x_wconf 81' lang='lat' dir='ltr'>pinguium,</span> <span class='ocrx_word' id='word_1_685' title='bbox 3120 3208 3443 3272; x_wconf 87' lang='lat' dir='ltr'>sanguinem</span> <span class='ocrx_word' id='word_1_686' title='bbox 3494 3205 3800 3264; x_wconf 84' lang='lat' dir='ltr'>vitulorum,</span> 
     </span>
    </p>
   </div>
   <div class='ocr_carea' id='block_1_91' title="bbox 2114 3295 3803 3365">
    <p class='ocr_par' dir='ltr' id='par_1_91' title="bbox 2114 3295 3803 3365">
     <span class='ocr_line' id='line_1_92' title="bbox 2114 3295 3803 3365; baseline -0.003 -18"><span class='ocrx_word' id='word_1_687' title='bbox 2114 3299 2161 3347; x_wconf 91' lang='lat' dir='ltr'>et</span> <span class='ocrx_word' id='word_1_688' title='bbox 2201 3296 2494 3360; x_wconf 80' lang='lat' dir='ltr'>hircorum,</span> <span class='ocrx_word' id='word_1_689' title='bbox 2534 3301 2584 3348; x_wconf 86' lang='lat' dir='ltr'>et</span> <span class='ocrx_word' id='word_1_690' title='bbox 2630 3310 2893 3361; x_wconf 86' lang='lat' dir='ltr'>agnorum</span> <span class='ocrx_word' id='word_1_691' title='bbox 2932 3296 3104 3349; x_wconf 83' lang='lat' dir='ltr'>noluit</span> <span class='ocrx_word' id='word_1_692' title='bbox 3143 3295 3269 3365; x_wconf 87' lang='lat' dir='ltr'>(Isa.</span> <span class='ocrx_word' id='word_1_693' title='bbox 3320 3312 3357 3360; x_wconf 79' lang='grc' dir='ltr'>ι,</span> <span class='ocrx_word' id='word_1_694' title='bbox 3414 3297 3521 3353; x_wconf 70' lang='grc'><strong>10).</strong></span> <span class='ocrx_word' id='word_1_695' title='bbox 3566 3295 3638 3348; x_wconf 92' lang='lat' dir='ltr'>Ut</span> <span class='ocrx_word' id='word_1_696' title='bbox 3685 3308 3803 3345; x_wconf 90' lang='lat' dir='ltr'>om-</span> 
     </span>
    </p>
   </div>
   <div class='ocr_carea' id='block_1_92' title="bbox 2114 3382 3801 3454">
    <p class='ocr_par' dir='ltr' id='par_1_92' title="bbox 2114 3382 3801 3454">
     <span class='ocr_line' id='line_1_93' title="bbox 2114 3382 3801 3454; baseline -0.002 -19"><span class='ocrx_word' id='word_1_697' title='bbox 2114 3382 2211 3435; x_wconf 89' lang='lat' dir='ltr'>nia</span> <span class='ocrx_word' id='word_1_698' title='bbox 2260 3389 2443 3435; x_wconf 86' lang='lat' dir='ltr'>vestra</span> <span class='ocrx_word' id='word_1_699' title='bbox 2485 3383 2781 3449; x_wconf 87' lang='lat' dir='ltr'>sacriﬁcia,</span> <span class='ocrx_word' id='word_1_700' title='bbox 2824 3384 2883 3437; x_wconf 91' lang='lat' dir='ltr'>in</span> <span class='ocrx_word' id='word_1_701' title='bbox 2943 3400 3058 3454; x_wconf 87' lang='lat' dir='ltr'>qua</span> <span class='ocrx_word' id='word_1_702' title='bbox 3102 3388 3289 3436; x_wconf 86' lang='lat' dir='ltr'>vestra</span> <span class='ocrx_word' id='word_1_703' title='bbox 3346 3383 3638 3436; x_wconf 84' lang='lat' dir='ltr'>conﬁditis</span> <span class='ocrx_word' id='word_1_704' title='bbox 3688 3396 3801 3433; x_wconf 84' lang='lat' dir='ltr'>esse</span> 
     </span>
    </p>
   </div>
   <div class='ocr_carea' id='block_1_93' title="bbox 2116 3471 3796 3542">
    <p class='ocr_par' dir='ltr' id='par_1_93' title="bbox 2116 3471 3796 3542">
     <span class='ocr_line' id='line_1_94' title="bbox 2116 3471 3796 3542; baseline -0.002 -19"><span class='ocrx_word' id='word_1_705' title='bbox 2116 3471 2392 3536; x_wconf 87' lang='lat' dir='ltr'>remedia,</span> <span class='ocrx_word' id='word_1_706' title='bbox 2445 3473 2774 3525; x_wconf 89' lang='lat' dir='ltr'>ostenderet</span> <span class='ocrx_word' id='word_1_707' title='bbox 2825 3473 3094 3542; x_wconf 88' lang='lat' dir='ltr'>reproha.</span> <span class='ocrx_word' id='word_1_708' title='bbox 3161 3472 3318 3526; x_wconf 87' lang='lat' dir='ltr'>Unde</span> <span class='ocrx_word' id='word_1_709' title='bbox 3374 3476 3431 3525; x_wconf 88' lang='lat' dir='ltr'>et</span> <span class='ocrx_word' id='word_1_710' title='bbox 3499 3472 3796 3542; x_wconf 88' lang='lat' dir='ltr'>sequitur:</span> 
     </span>
    </p>
   </div>
   <div class='ocr_carea' id='block_1_94' title="bbox 2119 3558 3799 3626">
    <p class='ocr_par' dir='ltr' id='par_1_94' title="bbox 2119 3558 3799 3626">
     <span class='ocr_line' id='line_1_95' title="bbox 2119 3558 3799 3626; baseline -0.002 -14"><span class='ocrx_word' id='word_1_711' title='bbox 2119 3562 2245 3625; x_wconf 79' lang='lat' dir='ltr'>Quis</span> <span class='ocrx_word' id='word_1_712' title='bbox 2279 3562 2529 3626; x_wconf 74' lang='lat' dir='ltr'>quaesivit</span> <span class='ocrx_word' id='word_1_713' title='bbox 2569 3560 2677 3614; x_wconf 68' lang='lat' dir='ltr'>haec</span> <span class='ocrx_word' id='word_1_714' title='bbox 2714 3560 2782 3616; x_wconf 88' lang='lat' dir='ltr'>de</span> <span class='ocrx_word' id='word_1_715' title='bbox 2816 3561 3069 3614; x_wconf 89' lang='lat' dir='ltr'>manibus</span> <span class='ocrx_word' id='word_1_716' title='bbox 3107 3562 3321 3624; x_wconf 80' lang='lat' dir='ltr'>vestris,</span> <span class='ocrx_word' id='word_1_717' title='bbox 3366 3563 3428 3612; x_wconf 88' lang='lat' dir='ltr'>ut</span> <span class='ocrx_word' id='word_1_718' title='bbox 3458 3558 3799 3612; x_wconf 85' lang='lat' dir='ltr'>ambularetis</span> 
     </span>
    </p>
   </div>
   <div class='ocr_carea' id='block_1_95' title="bbox 2116 3649 3798 3718">
    <p class='ocr_par' dir='ltr' id='par_1_95' title="bbox 2116 3649 3798 3718">
     <span class='ocr_line' id='line_1_96' title="bbox 2116 3649 3798 3718; baseline -0.002 -19"><span class='ocrx_word' id='word_1_719' title='bbox 2116 3649 2175 3699; x_wconf 87' lang='lat' dir='ltr'>in</span> <span class='ocrx_word' id='word_1_720' title='bbox 2218 3650 2377 3701; x_wconf 82' lang='lat' dir='ltr'>atriis</span> <span class='ocrx_word' id='word_1_721' title='bbox 2428 3650 2573 3701; x_wconf 90' lang='lat' dir='ltr'>meis.</span> <span class='ocrx_word' id='word_1_722' title='bbox 2627 3650 2705 3703; x_wconf 83' lang='lat' dir='ltr'>Ne</span> <span class='ocrx_word' id='word_1_723' title='bbox 2746 3650 2990 3718; x_wconf 73' lang='lat' dir='ltr'>offeratis</span> <span class='ocrx_word' id='word_1_724' title='bbox 3034 3650 3182 3702; x_wconf 84' lang='lat' dir='ltr'>ultra</span> <span class='ocrx_word' id='word_1_725' title='bbox 3218 3650 3551 3717; x_wconf 82' lang='lat' dir='ltr'>sacriﬁcium</span> <span class='ocrx_word' id='word_1_726' title='bbox 3599 3650 3798 3714; x_wconf 79' lang='lat' dir='ltr'>frustra</span> 
     </span>
    </p>
   </div>
   <div class='ocr_carea' id='block_1_96' title="bbox 2118 3734 3792 3807">
    <p class='ocr_par' dir='ltr' id='par_1_96' title="bbox 2118 3734 3792 3807">
     <span class='ocr_line' id='line_1_97' title="bbox 2118 3734 3792 3807; baseline -0.001 -19"><span class='ocrx_word' id='word_1_727' title='bbox 2118 3734 2301 3805; x_wconf 86' lang='lat' dir='ltr'>(Ibid,</span> <span class='ocrx_word' id='word_1_728' title='bbox 2358 3740 2442 3802; x_wconf 79' lang='lat' dir='ltr'>I2,</span> <span class='ocrx_word' id='word_1_729' title='bbox 2504 3737 2610 3804; x_wconf 86' lang='grc'>13).</span> <span class='ocrx_word' id='word_1_730' title='bbox 2674 3738 3014 3807; x_wconf 89' lang='lat' dir='ltr'>Diligentius</span> <span class='ocrx_word' id='word_1_731' title='bbox 3071 3737 3297 3791; x_wconf 87' lang='lat' dir='ltr'>intuere</span> <span class='ocrx_word' id='word_1_732' title='bbox 3351 3738 3523 3803; x_wconf 87' lang='lat' dir='ltr'>ultra,</span> <span class='ocrx_word' id='word_1_733' title='bbox 3581 3742 3642 3789; x_wconf 89' lang='lat' dir='ltr'>et</span> <span class='ocrx_word' id='word_1_734' title='bbox 3690 3738 3792 3801; x_wconf 83' lang='lat' dir='ltr'>fru-</span> 
     </span>
    </p>
   </div>
   <div class='ocr_carea' id='block_1_97' title="bbox 2116 3824 3796 3895">
    <p class='ocr_par' dir='ltr' id='par_1_97' title="bbox 2116 3824 3796 3895">
     <span class='ocr_line' id='line_1_98' title="bbox 2116 3824 3796 3895; baseline -0.001 -18"><span class='ocrx_word' id='word_1_735' title='bbox 2116 3829 2251 3877; x_wconf 86' lang='lat' dir='ltr'>stra.</span> <span class='ocrx_word' id='word_1_736' title='bbox 2300 3825 2380 3877; x_wconf 87' lang='lat' dir='ltr'>Ne</span> <span class='ocrx_word' id='word_1_737' title='bbox 2429 3824 2678 3879; x_wconf 73' lang='lat' dir='ltr'>offeratis</span> <span class='ocrx_word' id='word_1_738' title='bbox 2726 3828 2892 3887; x_wconf 86' lang='lat' dir='ltr'>ultra,</span> <span class='ocrx_word' id='word_1_739' title='bbox 2935 3826 2994 3879; x_wconf 91' lang='lat' dir='ltr'>id</span> <span class='ocrx_word' id='word_1_740' title='bbox 3049 3829 3133 3878; x_wconf 88' lang='lat' dir='ltr'>est</span> <span class='ocrx_word' id='word_1_741' title='bbox 3188 3825 3547 3895; x_wconf 88' lang='lat' dir='ltr'>aliquando:</span> <span class='ocrx_word' id='word_1_742' title='bbox 3600 3824 3796 3878; x_wconf 83' lang='lat' dir='ltr'>sacriﬁ-</span> 
     </span>
    </p>
   </div>
   <div class='ocr_carea' id='block_1_98' title="bbox 2117 3904 3797 3983">
    <p class='ocr_par' dir='ltr' id='par_1_98' title="bbox 2117 3904 3797 3983">
     <span class='ocr_line' id='line_1_99' title="bbox 2117 3904 3797 3983; baseline -0.003 -18"><span class='ocrx_word' id='word_1_743' title='bbox 2117 3914 2269 3965; x_wconf 89' lang='lat' dir='ltr'>cium</span> <span class='ocrx_word' id='word_1_744' title='bbox 2298 3912 2534 3977; x_wconf 84' lang='lat' dir='ltr'>frustra,</span> <span class='ocrx_word' id='word_1_745' title='bbox 2560 3911 2615 3965; x_wconf 92' lang='lat' dir='ltr'>id</span> <span class='ocrx_word' id='word_1_746' title='bbox 2635 3918 2739 3980; x_wconf 88' lang='lat' dir='ltr'>est,</span> <span class='ocrx_word' id='word_1_747' title='bbox 2763 3914 2884 3966; x_wconf 86' lang='lat' dir='ltr'>sine</span> <span class='ocrx_word' id='word_1_748' title='bbox 2912 3930 3100 3977; x_wconf 89' lang='lat' dir='ltr'>causa,</span> <span class='ocrx_word' id='word_1_749' title='bbox 3126 3914 3236 3967; x_wconf 90' lang='lat' dir='ltr'>hoc</span> <span class='ocrx_word' id='word_1_750' title='bbox 3263 3919 3365 3977; x_wconf 86' lang='lat' dir='ltr'>est,</span> <span class='ocrx_word' id='word_1_751' title='bbox 3398 3904 3797 3983; x_wconf 68' lang='lat' dir='ltr'>praestamenti.</span> 
     </span>
    </p>
   </div>
   <div class='ocr_carea' id='block_1_99' title="bbox 2117 3999 3801 4071">
    <p class='ocr_par' dir='ltr' id='par_1_99' title="bbox 2117 3999 3801 4071">
     <span class='ocr_line' id='line_1_100' title="bbox 2117 3999 3801 4071; baseline -0.002 -18"><span class='ocrx_word' id='word_1_752' title='bbox 2117 4001 2278 4065; x_wconf 91' lang='lat' dir='ltr'>Quod</span> <span class='ocrx_word' id='word_1_753' title='bbox 2312 4000 2357 4052; x_wconf 89' lang='lat' dir='ltr'>si</span> <span class='ocrx_word' id='word_1_754' title='bbox 2390 4000 2619 4066; x_wconf 82' lang='lat' dir='ltr'>frustra,</span> <span class='ocrx_word' id='word_1_755' title='bbox 2672 4006 2735 4054; x_wconf 91' lang='lat' dir='ltr'>ut</span> <span class='ocrx_word' id='word_1_756' title='bbox 2776 4001 2939 4067; x_wconf 84' lang='lat' dir='ltr'>dixit,</span> <span class='ocrx_word' id='word_1_757' title='bbox 2982 4002 3186 4055; x_wconf 80' lang='lat' dir='ltr'>offerre</span> <span class='ocrx_word' id='word_1_758' title='bbox 3219 4001 3536 4065; x_wconf 77' lang='lat' dir='ltr'>volueritis,</span> <span class='ocrx_word' id='word_1_759' title='bbox 3571 4001 3709 4071; x_wconf 88' lang='lat' dir='ltr'>quid</span> <span class='ocrx_word' id='word_1_760' title='bbox 3741 3999 3801 4050; x_wconf 86' lang='lat' dir='ltr'>sit</span> 
     </span>
    </p>
   </div>
   <div class='ocr_carea' id='block_1_100' title="bbox 2119 4090 3797 4158">
    <p class='ocr_par' dir='ltr' id='par_1_100' title="bbox 2119 4090 3797 4158">
     <span class='ocr_line' id='line_1_101' title="bbox 2119 4090 3797 4158; baseline -0.002 -15"><span class='ocrx_word' id='word_1_761' title='bbox 2119 4095 2297 4158; x_wconf 84' lang='lat' dir='ltr'>lege:</span> <span class='ocrx_word' id='word_1_762' title='bbox 2359 4091 2637 4143; x_wconf 83' lang='lat' dir='ltr'>Incensum</span> <span class='ocrx_word' id='word_1_763' title='bbox 2694 4090 3025 4143; x_wconf 88' lang='lat' dir='ltr'>abominatio</span> <span class='ocrx_word' id='word_1_764' title='bbox 3080 4095 3158 4143; x_wconf 82' lang='lat' dir='ltr'>est</span> <span class='ocrx_word' id='word_1_765' title='bbox 3214 4090 3372 4143; x_wconf 85' lang='lat' dir='ltr'>mihi.</span> <span class='ocrx_word' id='word_1_766' title='bbox 3442 4091 3797 4149; x_wconf 81' lang='lat' dir='ltr'>Neomeniam,</span> 
     </span>
    </p>
   </div>
   <div class='ocr_carea' id='block_1_101' title="bbox 2116 4178 3795 4243">
    <p class='ocr_par' dir='ltr' id='par_1_101' title="bbox 2116 4178 3795 4243">
     <span class='ocr_line' id='line_1_102' title="bbox 2116 4178 3795 4243; baseline -0.004 -10"><span class='ocrx_word' id='word_1_767' title='bbox 2116 4194 2234 4233; x_wconf 90' lang='lat' dir='ltr'>non</span> <span class='ocrx_word' id='word_1_768' title='bbox 2267 4194 2474 4243; x_wconf 88' lang='lat' dir='ltr'>meam,</span> <span class='ocrx_word' id='word_1_769' title='bbox 2513 4179 2610 4231; x_wconf 89' lang='lat' dir='ltr'>sed</span> <span class='ocrx_word' id='word_1_770' title='bbox 2644 4184 2909 4240; x_wconf 83' lang='lat' dir='ltr'>vestram,</span> <span class='ocrx_word' id='word_1_771' title='bbox 2949 4186 2996 4231; x_wconf 77' lang='lat' dir='ltr'>et</span> <span class='ocrx_word' id='word_1_772' title='bbox 3048 4178 3298 4243; x_wconf 85' lang='lat' dir='ltr'>sabbata,</span> <span class='ocrx_word' id='word_1_773' title='bbox 3350 4178 3667 4231; x_wconf 87' lang='lat' dir='ltr'>identidem</span> <span class='ocrx_word' id='word_1_774' title='bbox 3714 4190 3795 4226; x_wconf 85' lang='lat' dir='ltr'>ve-</span> 
     </span>
    </p>
   </div>
   <div class='ocr_carea' id='block_1_102' title="bbox 2117 4252 3795 4333">
    <p class='ocr_par' dir='ltr' id='par_1_102' title="bbox 2117 4252 3795 4333">
     <span class='ocr_line' id='line_1_103' title="bbox 2117 4252 3795 4333; baseline -0.004 -12"><span class='ocrx_word' id='word_1_775' title='bbox 2117 4252 2250 4333; x_wconf 79' lang='lat' dir='ltr'>stra,</span> <span class='ocrx_word' id='word_1_776' title='bbox 2292 4270 2342 4320; x_wconf 87' lang='lat' dir='ltr'>et</span> <span class='ocrx_word' id='word_1_777' title='bbox 2397 4268 2775 4326; x_wconf 82' lang='lat' dir='ltr'>solemnitates,</span> <span class='ocrx_word' id='word_1_778' title='bbox 2826 4267 3092 4319; x_wconf 87' lang='lat' dir='ltr'>similiter</span> <span class='ocrx_word' id='word_1_779' title='bbox 3145 4272 3382 4331; x_wconf 83' lang='lat' dir='ltr'>vestras,</span> <span class='ocrx_word' id='word_1_780' title='bbox 3438 4281 3547 4319; x_wconf 86' lang='lat' dir='ltr'>non</span> <span class='ocrx_word' id='word_1_781' title='bbox 3603 4268 3795 4332; x_wconf 82' lang='lat' dir='ltr'>feram.</span> 
     </span>
    </p>
   </div>
   <div class='ocr_carea' id='block_1_103' title="bbox 2042 4354 3791 4423">
    <p class='ocr_par' dir='ltr' id='par_1_103' title="bbox 2042 4354 3791 4423">
     <span class='ocr_line' id='line_1_104' title="bbox 2042 4354 3791 4423; baseline -0.001 -17"><span class='ocrx_word' id='word_1_782' title='bbox 2042 4354 2086 4406; x_wconf 92' lang='lat' dir='ltr'>D</span> <span class='ocrx_word' id='word_1_783' title='bbox 2117 4355 2342 4420; x_wconf 79' lang='lat' dir='ltr'>Quare?</span> <span class='ocrx_word' id='word_1_784' title='bbox 2380 4354 2524 4418; x_wconf 86' lang='lat' dir='ltr'>Quia</span> <span class='ocrx_word' id='word_1_785' title='bbox 2554 4357 2738 4423; x_wconf 86' lang='lat' dir='ltr'>iniqui</span> <span class='ocrx_word' id='word_1_786' title='bbox 2767 4360 2893 4409; x_wconf 86' lang='lat' dir='ltr'>sunt</span> <span class='ocrx_word' id='word_1_787' title='bbox 2931 4359 3091 4408; x_wconf 66' lang='lat' dir='ltr'>castus</span> <span class='ocrx_word' id='word_1_788' title='bbox 3137 4356 3342 4407; x_wconf 85' lang='lat' dir='ltr'>vestri:</span> <span class='ocrx_word' id='word_1_789' title='bbox 3390 4355 3673 4409; x_wconf 86' lang='lat' dir='ltr'>Kalendas</span> <span class='ocrx_word' id='word_1_790' title='bbox 3720 4367 3791 4404; x_wconf 82' lang='lat' dir='ltr'>ve-</span> 
     </span>
    </p>
   </div>
   <div class='ocr_carea' id='block_1_104' title="bbox 2111 4441 3793 4510">
    <p class='ocr_par' dir='ltr' id='par_1_104' title="bbox 2111 4441 3793 4510">
     <span class='ocr_line' id='line_1_105' title="bbox 2111 4441 3793 4510; baseline -0.005 -13"><span class='ocrx_word' id='word_1_791' title='bbox 2111 4450 2279 4510; x_wconf 83' lang='lat' dir='ltr'>stras,</span> <span class='ocrx_word' id='word_1_792' title='bbox 2324 4449 2375 4495; x_wconf 84' lang='lat' dir='ltr'>et</span> <span class='ocrx_word' id='word_1_793' title='bbox 2422 4444 2787 4496; x_wconf 83' lang='lat' dir='ltr'>solemnitates</span> <span class='ocrx_word' id='word_1_794' title='bbox 2836 4458 2940 4496; x_wconf 89' lang='lat' dir='ltr'>non</span> <span class='ocrx_word' id='word_1_795' title='bbox 2981 4456 3127 4496; x_wconf 84' lang='lat' dir='ltr'>meas</span> <span class='ocrx_word' id='word_1_796' title='bbox 3176 4441 3347 4495; x_wconf 88' lang='lat' dir='ltr'>odivit</span> <span class='ocrx_word' id='word_1_797' title='bbox 3389 4444 3580 4495; x_wconf 87' lang='lat' dir='ltr'>anima</span> <span class='ocrx_word' id='word_1_798' title='bbox 3634 4456 3742 4495; x_wconf 86' lang='lat' dir='ltr'>mea</span> <span class='ocrx_word' id='word_1_799' title='bbox 3784 4452 3793 4489; x_wconf 88' lang='lat'>;</span> 
     </span>
    </p>
   </div>
   <div class='ocr_carea' id='block_1_105' title="bbox 2114 4531 3795 4599">
    <p class='ocr_par' dir='ltr' id='par_1_105' title="bbox 2114 4531 3795 4599">
     <span class='ocr_line' id='line_1_106' title="bbox 2114 4531 3795 4599; baseline -0.005 -14"><span class='ocrx_word' id='word_1_800' title='bbox 2114 4535 2275 4599; x_wconf 60' lang='lat' dir='ltr'>facta</span> <span class='ocrx_word' id='word_1_801' title='bbox 2304 4538 2429 4585; x_wconf 85' lang='lat' dir='ltr'>sunt</span> <span class='ocrx_word' id='word_1_802' title='bbox 2472 4531 2608 4584; x_wconf 88' lang='lat' dir='ltr'>mihi</span> <span class='ocrx_word' id='word_1_803' title='bbox 2637 4532 2910 4586; x_wconf 74' lang='lat' dir='ltr'>molestae:</span> <span class='ocrx_word' id='word_1_804' title='bbox 2964 4531 3210 4583; x_wconf 86' lang='lat' dir='ltr'>laboravi</span> <span class='ocrx_word' id='word_1_805' title='bbox 3239 4533 3533 4584; x_wconf 87' lang='lat' dir='ltr'>sustinens.</span> <span class='ocrx_word' id='word_1_806' title='bbox 3582 4532 3650 4584; x_wconf 83' lang='lat' dir='ltr'>Et</span> <span class='ocrx_word' id='word_1_807' title='bbox 3694 4542 3795 4582; x_wconf 87' lang='lat' dir='ltr'>cum</span> 
     </span>
    </p>
   </div>
   <div class='ocr_carea' id='block_1_106' title="bbox 2115 4618 3794 4682">
    <p class='ocr_par' dir='ltr' id='par_1_106' title="bbox 2115 4618 3794 4682">
     <span class='ocr_line' id='line_1_107' title="bbox 2115 4618 3794 4682; baseline -0.004 -8"><span class='ocrx_word' id='word_1_808' title='bbox 2115 4618 2467 4673; x_wconf 68' lang='lat' dir='ltr'>extenderitis</span> <span class='ocrx_word' id='word_1_809' title='bbox 2521 4619 2697 4672; x_wconf 89' lang='lat' dir='ltr'>oculos</span> <span class='ocrx_word' id='word_1_810' title='bbox 2723 4625 2945 4682; x_wconf 86' lang='lat' dir='ltr'>vestros,</span> <span class='ocrx_word' id='word_1_811' title='bbox 2986 4623 3231 4671; x_wconf 86' lang='lat' dir='ltr'>avertam</span> <span class='ocrx_word' id='word_1_812' title='bbox 3261 4620 3438 4672; x_wconf 88' lang='lat' dir='ltr'>oculos</span> <span class='ocrx_word' id='word_1_813' title='bbox 3472 4634 3615 4671; x_wconf 88' lang='lat' dir='ltr'>meos</span> <span class='ocrx_word' id='word_1_814' title='bbox 3646 4635 3678 4670; x_wconf 87' lang='lat' dir='ltr'>a</span> <span class='ocrx_word' id='word_1_815' title='bbox 3711 4630 3794 4668; x_wconf 76' lang='lat' dir='ltr'>eo—</span> 
     </span>
    </p>
   </div>
   <div class='ocr_carea' id='block_1_107' title="bbox 2117 4706 3790 4775">
    <p class='ocr_par' dir='ltr' id='par_1_107' title="bbox 2117 4706 3790 4775">
     <span class='ocr_line' id='line_1_108' title="bbox 2117 4706 3790 4775; baseline -0.004 -14"><span class='ocrx_word' id='word_1_816' title='bbox 2117 4708 2227 4775; x_wconf 87' lang='lat' dir='ltr'>bis;</span> <span class='ocrx_word' id='word_1_817' title='bbox 2276 4712 2326 4761; x_wconf 86' lang='lat' dir='ltr'>et</span> <span class='ocrx_word' id='word_1_818' title='bbox 2377 4722 2497 4760; x_wconf 89' lang='lat' dir='ltr'>cum</span> <span class='ocrx_word' id='word_1_819' title='bbox 2527 4707 3023 4774; x_wconf 84' lang='lat' dir='ltr'>multiplicaveritis</span> <span class='ocrx_word' id='word_1_820' title='bbox 3062 4709 3380 4772; x_wconf 86' lang='lat' dir='ltr'>orationem,</span> <span class='ocrx_word' id='word_1_821' title='bbox 3428 4722 3534 4760; x_wconf 88' lang='lat' dir='ltr'>non</span> <span class='ocrx_word' id='word_1_822' title='bbox 3584 4706 3790 4759; x_wconf 82' lang='lat' dir='ltr'>audiam</span> 
     </span>
    </p>
   </div>
   <div class='ocr_carea' id='block_1_108' title="bbox 2117 4788 3795 4866">
    <p class='ocr_par' dir='ltr' id='par_1_108' title="bbox 2117 4788 3795 4866">
     <span class='ocr_line' id='line_1_109' title="bbox 2117 4788 3795 4866; baseline -0.007 -17"><span class='ocrx_word' id='word_1_823' title='bbox 2117 4795 2309 4866; x_wconf 86' lang='lat' dir='ltr'>(Ibid.,</span> <span class='ocrx_word' id='word_1_824' title='bbox 2361 4796 2572 4859; x_wconf 84' lang='grc'><strong>13-15).</strong></span> <span class='ocrx_word' id='word_1_825' title='bbox 2625 4793 2788 4846; x_wconf 87' lang='lat' dir='ltr'>Vides</span> <span class='ocrx_word' id='word_1_826' title='bbox 2830 4809 2996 4845; x_wconf 88' lang='lat' dir='ltr'>aures</span> <span class='ocrx_word' id='word_1_827' title='bbox 3047 4794 3165 4861; x_wconf 89' lang='lat' dir='ltr'>ejus</span> <span class='ocrx_word' id='word_1_828' title='bbox 3213 4792 3571 4845; x_wconf 89' lang='lat' dir='ltr'>orationibus</span> <span class='ocrx_word' id='word_1_829' title='bbox 3617 4788 3795 4845; x_wconf 81' lang='lat' dir='ltr'>vestris</span> 
     </span>
    </p>
   </div>
   <div class='ocr_carea' id='block_1_109' title="bbox 2119 4879 3793 4950">
    <p class='ocr_par' dir='ltr' id='par_1_109' title="bbox 2119 4879 3793 4950">
     <span class='ocr_line' id='line_1_110' title="bbox 2119 4879 3793 4950; baseline -0.007 -12"><span class='ocrx_word' id='word_1_830' title='bbox 2119 4885 2458 4938; x_wconf 89' lang='lat' dir='ltr'>obturatas:</span> <span class='ocrx_word' id='word_1_831' title='bbox 2511 4887 2567 4935; x_wconf 88' lang='lat' dir='ltr'>et</span> <span class='ocrx_word' id='word_1_832' title='bbox 2613 4886 2675 4934; x_wconf 89' lang='lat' dir='ltr'>tu</span> <span class='ocrx_word' id='word_1_833' title='bbox 2736 4880 3189 4950; x_wconf 87' lang='lat' dir='ltr'>redemptionem</span> <span class='ocrx_word' id='word_1_834' title='bbox 3248 4879 3581 4950; x_wconf 82' lang='lat' dir='ltr'>exspectas?</span> <span class='ocrx_word' id='word_1_835' title='bbox 3630 4880 3793 4943; x_wconf 85' lang='lat' dir='ltr'>Quare</span> 
     </span>
    </p>
   </div>
   <div class='ocr_carea' id='block_1_110' title="bbox 2119 4966 3791 5035">
    <p class='ocr_par' dir='ltr' id='par_1_110' title="bbox 2119 4966 3791 5035">
     <span class='ocr_line' id='line_1_111' title="bbox 2119 4966 3791 5035; baseline -0.008 -9"><span class='ocrx_word' id='word_1_836' title='bbox 2119 4973 2462 5026; x_wconf 87' lang='lat' dir='ltr'>obturatas:</span> <span class='ocrx_word' id='word_1_837' title='bbox 2514 4968 2659 5033; x_wconf 87' lang='lat' dir='ltr'>Quia</span> <span class='ocrx_word' id='word_1_838' title='bbox 2705 4983 2897 5022; x_wconf 88' lang='lat' dir='ltr'>manus</span> <span class='ocrx_word' id='word_1_839' title='bbox 2942 4973 3131 5021; x_wconf 69' lang='lat' dir='ltr'>vestrae</span> <span class='ocrx_word' id='word_1_840' title='bbox 3177 4968 3445 5033; x_wconf 87' lang='lat' dir='ltr'>sanguine</span> <span class='ocrx_word' id='word_1_841' title='bbox 3474 4969 3645 5035; x_wconf 68' lang='lat' dir='ltr'>plena:</span> <span class='ocrx_word' id='word_1_842' title='bbox 3685 4966 3791 5019; x_wconf 80' lang='lat' dir='ltr'>sunt</span> 
     </span>
    </p>
   </div>
   <div class='ocr_carea' id='block_1_111' title="bbox 2119 5055 3793 5132">
    <p class='ocr_par' dir='ltr' id='par_1_111' title="bbox 2119 5055 3793 5132">
     <span class='ocr_line' id='line_1_112' title="bbox 2119 5055 3793 5132; baseline -0.007 -18"><span class='ocrx_word' id='word_1_843' title='bbox 2119 5060 2308 5132; x_wconf 88' lang='lat' dir='ltr'>(Ibid).</span> <span class='ocrx_word' id='word_1_844' title='bbox 2362 5058 2484 5122; x_wconf 93' lang='lat' dir='ltr'>Quo</span> <span class='ocrx_word' id='word_1_845' title='bbox 2528 5055 2847 5127; x_wconf 84' lang='lat' dir='ltr'>sanguine?</span> <span class='ocrx_word' id='word_1_846' title='bbox 2880 5056 2977 5109; x_wconf 91' lang='lat' dir='ltr'>illo</span> <span class='ocrx_word' id='word_1_847' title='bbox 3009 5072 3217 5124; x_wconf 88' lang='lat' dir='ltr'>nempe</span> <span class='ocrx_word' id='word_1_848' title='bbox 3252 5071 3365 5125; x_wconf 92' lang='lat' dir='ltr'>quo</span> <span class='ocrx_word' id='word_1_849' title='bbox 3395 5072 3491 5108; x_wconf 87' lang='lat' dir='ltr'>vos</span> <span class='ocrx_word' id='word_1_850' title='bbox 3535 5055 3645 5124; x_wconf 87' lang='lat' dir='ltr'>ipsi</span> <span class='ocrx_word' id='word_1_851' title='bbox 3677 5068 3793 5105; x_wconf 81' lang='lat' dir='ltr'>cou-</span> 
     </span>
    </p>
   </div>
   <div class='ocr_carea' id='block_1_112' title="bbox 2120 5143 3789 5213">
    <p class='ocr_par' dir='ltr' id='par_1_112' title="bbox 2120 5143 3789 5213">
     <span class='ocr_line' id='line_1_113' title="bbox 2120 5143 3789 5213; baseline -0.006 -11"><span class='ocrx_word' id='word_1_852' title='bbox 2120 5146 2450 5202; x_wconf 85' lang='lat' dir='ltr'>demnatis:</span> <span class='ocrx_word' id='word_1_853' title='bbox 2504 5147 2740 5213; x_wconf 85' lang='lat' dir='ltr'>Sanguis</span> <span class='ocrx_word' id='word_1_854' title='bbox 2796 5144 2963 5213; x_wconf 80' lang='lat' dir='ltr'>hujus</span> <span class='ocrx_word' id='word_1_855' title='bbox 3009 5159 3171 5213; x_wconf 86' lang='lat' dir='ltr'>super</span> <span class='ocrx_word' id='word_1_856' title='bbox 3215 5158 3311 5197; x_wconf 87' lang='lat' dir='ltr'>nos</span> <span class='ocrx_word' id='word_1_857' title='bbox 3359 5148 3410 5197; x_wconf 85' lang='lat' dir='ltr'>et</span> <span class='ocrx_word' id='word_1_858' title='bbox 3461 5158 3626 5212; x_wconf 81' lang='lat' dir='ltr'>super</span> <span class='ocrx_word' id='word_1_859' title='bbox 3673 5143 3789 5211; x_wconf 77' lang='lat' dir='ltr'>ﬁlios</span> 
     </span>
    </p>
   </div>
   <div class='ocr_carea' id='block_1_113' title="bbox 2188 5287 3788 5353">
    <p class='ocr_par' dir='ltr' id='par_1_113' title="bbox 2188 5287 3788 5353">
     <span class='ocr_line' id='line_1_114' title="bbox 2188 5287 3788 5353; baseline -0.005 -8"><span class='ocrx_word' id='word_1_860' title='bbox 2188 5304 2209 5329; x_wconf 76' lang='grc' dir='ltr'><em>ε</em></span> <span class='ocrx_word' id='word_1_861' title='bbox 2241 5293 2479 5353; x_wconf 83' lang='lat' dir='ltr'>Vulgata</span> <span class='ocrx_word' id='word_1_862' title='bbox 2512 5306 2526 5344; x_wconf 89' lang='lat'>:</span> <span class='ocrx_word' id='word_1_863' title='bbox 2570 5290 2755 5344; x_wconf 88' lang='lat' dir='ltr'>domui</span> <span class='ocrx_word' id='word_1_864' title='bbox 2787 5290 2955 5343; x_wconf 86' lang='lat' dir='ltr'>Israel</span> <span class='ocrx_word' id='word_1_865' title='bbox 2983 5294 3033 5342; x_wconf 79' lang='lat' dir='ltr'>et</span> <span class='ocrx_word' id='word_1_866' title='bbox 3067 5290 3251 5343; x_wconf 87' lang='lat' dir='ltr'>domui</span> <span class='ocrx_word' id='word_1_867' title='bbox 3290 5288 3452 5341; x_wconf 88' lang='lat' dir='ltr'>Juda</span> <span class='ocrx_word' id='word_1_868' title='bbox 3498 5287 3673 5353; x_wconf 66' lang='lat' dir='ltr'>fazdus</span> <span class='ocrx_word' id='word_1_869' title='bbox 3719 5298 3788 5337; x_wconf 82' lang='lat' dir='ltr'>no-</span> 
     </span>
    </p>
   </div>
   <div class='ocr_carea' id='block_1_114' title="bbox 2112 5352 3787 5431">
    <p class='ocr_par' dir='ltr' id='par_1_114' title="bbox 2112 5352 3787 5431">
     <span class='ocr_line' id='line_1_115' title="bbox 2112 5352 3787 5431; baseline -0.007 -14"><span class='ocrx_word' id='word_1_870' title='bbox 2112 5379 2259 5418; x_wconf 86' lang='lat' dir='ltr'>vum.</span> <span class='ocrx_word' id='word_1_871' title='bbox 2328 5352 2529 5416; x_wconf 47' lang='lat' dir='ltr'>Nvoster</span> <span class='ocrx_word' id='word_1_872' title='bbox 2588 5377 2815 5431; x_wconf 92' lang='lat' dir='ltr'>quoque</span> <span class='ocrx_word' id='word_1_873' title='bbox 2872 5361 3043 5414; x_wconf 85' lang='lat' dir='ltr'>Israel</span> <span class='ocrx_word' id='word_1_874' title='bbox 3092 5360 3320 5431; x_wconf 86' lang='lat' dir='ltr'>scripsit</span> <span class='ocrx_word' id='word_1_875' title='bbox 3379 5352 3613 5430; x_wconf 66' lang='lat' dir='ltr'>(praeter</span> <span class='ocrx_word' id='word_1_876' title='bbox 3649 5352 3787 5418; x_wconf 82' lang='lat' dir='ltr'>Juda)</span> 
     </span>
    </p>
   </div>
   <div class='ocr_carea' id='block_1_115' title="bbox 2118 5430 3243 5488">
    <p class='ocr_par' dir='ltr' id='par_1_115' title="bbox 2118 5430 3243 5488">
     <span class='ocr_line' id='line_1_116' title="bbox 2118 5430 3243 5488; baseline -0.004 0"><span class='ocrx_word' id='word_1_877' title='bbox 2118 5450 2246 5488; x_wconf 87' lang='lat' dir='ltr'>cum</span> <span class='ocrx_word' id='word_1_878' title='bbox 2280 5433 2473 5487; x_wconf 86' lang='lat' dir='ltr'>statim</span> <span class='ocrx_word' id='word_1_879' title='bbox 2503 5430 2803 5487; x_wconf 30' lang='lat' dir='ltr'>duabus’id</span> <span class='ocrx_word' id='word_1_880' title='bbox 2833 5430 3243 5484; x_wconf 89' lang='lat' dir='ltr'>accommodat.</span> 
     </span>
    </p>
   </div>
  </div>
