3860 6262
27 367 128 417 509

1582 355 1943 413 ΕΡΙΒΤΟΙΑΕ
1957 395 1970 410 .

3429 354 3531 406 litt)

29 502 244 551 nostros
297 496 519 567 (uana
566 511 734 561 xxvii,
799 495 911 565 25).
968 495 1112 549 Item
1163 494 1322 564 ipse:
1381 494 1726 561 Confunden.
1762 492 1809 545 Α
1838 495 1970 556 quia
2001 507 2121 544 cum
2141 491 2538 559 jejunaverint,
2582 505 2687 542 non
2718 489 3017 543 exaudiam
3046 504 3196 543 voces
3244 505 3447 549 eorum,
3482 491 3535 540 et

30 588 120 639 tur
147 584 220 638 ab
252 585 440 646 idolis,
481 584 679 650 quibus
708 586 1183 653 sacriﬁcaverunt:
1213 586 1263 635 et
1293 583 1612 636 erubescetis
1640 596 1733 636 su-

25 690 124 743 per
165 673 368 735 hortis,
405 688 538 739 quos
580 674 867 740 elegeritis,
901 687 1021 725 cum
1049 673 1269 738 fueritis
1315 672 1461 724 velut
1507 685 1736 736 quercus

32 762 400 830 deﬂuentibus
434 763 604 828 foliis,
637 765 689 814 et
708 761 856 813 velut
883 760 1074 813 hortus
1104 759 1307 825 absque
1336 775 1500 824 aqua.
1534 761 1605 812 Et
1635 762 1737 811 erit

32 850 308 916 fortitudo
354 853 537 903 vestra
579 854 641 903 ut
686 849 885 916 favilla
924 852 1155 917 stuppae,
1205 852 1257 901 et
1315 863 1452 917 opus
1497 851 1736 901 vestrum

33 941 193 1003 quasi
230 940 480 991 scintilla
505 955 525 991 :
569 943 621 992 et
660 937 1016 991 succendetur
1042 936 1356 1001 utrumque,
1402 940 1455 989 et
1491 952 1599 990 non
1635 938 1738 988 erit

35 1030 127 1092 qui
165 1028 493 1094 exstinguat
519 1026 651 1093 (Isa.
681 1041 719 1091 ι,
766 1023 986 1091 29-31).
1035 1024 1303 1089 Adverte,
1332 1040 1365 1077 ο
1395 1024 1529 1077 vino
1576 1023 1735 1076 furo-

36 1115 110 1168 ris
165 1114 271 1167 Dei
332 1114 648 1184 crapulate,
701 1128 879 1183 opera
933 1117 1119 1167 vestra
1176 1112 1409 1166 flamma
1470 1111 1734 1176 existere,

36 1220 162 1274 quae
210 1202 672 1268 devorationem,
713 1218 831 1256 non
872 1200 1343 1271 propitiationem
1378 1200 1538 1254 vobis
1585 1199 1739 1253 exhi-

37 1293 148 1345 bet.
194 1290 370 1347 Certe
400 1291 720 1358 considero,
753 1291 889 1362 quia
914 1290 1099 1358 magis
1138 1289 1564 1343 succendemini
1596 1304 1739 1359 ope-

37 1381 192 1436 ribus
243 1380 472 1446 vestris,
506 1396 680 1451 quam
712 1379 948 1451 aliquod
978 1379 1472 1434 demolumentum
1517 1378 1738 1449 adjuto-

40 1470 107 1524 rii
137 1470 449 1540 acquiritis
474 1469 656 1524 vobis.

105 1561 194 1612 20.
232 1559 305 1612 Et
335 1574 466 1612 cum
498 1557 801 1628 propheta,
832 1557 951 1611 imo
977 1558 1126 1611 Deus
1155 1572 1259 1627 per
1286 1555 1630 1626 prophetam
1662 1553 1742 1608 di-

44 1652 143 1702 est:
176 1647 287 1712 Qui
312 1651 633 1716 exstinguat
664 1662 773 1701 non
798 1650 920 1707 erit,
950 1645 1077 1717 quis
1107 1660 1250 1715 rogo
1277 1650 1392 1699 tam
1412 1660 1607 1698 vecors
1635 1650 1738 1709 est,

44 1735 138 1807 qui
179 1735 673 1806 exstinguendum
721 1739 884 1805 putet
922 1734 1073 1806 quod
1124 1734 1396 1788 Dominus
1444 1734 1740 1787 incensum

47 1840 155 1878 non
189 1824 541 1877 exstinctum
573 1822 835 1894 profert?
868 1823 980 1877 Nec
1010 1821 1164 1876 enim
1200 1822 1363 1887 dixit,
1401 1821 1501 1893 qui
1529 1820 1740 1875 exstin-

47 1917 177 1983 guat
209 1928 330 1966 non
375 1918 479 1979 est,
529 1911 629 1966 sed
680 1928 790 1966 non
835 1914 959 1965 erit.
1009 1912 1284 1966 Futurum
1330 1915 1577 1981 tempus,
1627 1927 1743 1965 non

47 2016 299 2072 praesens
328 2006 560 2070 tempus
590 2000 803 2071 posuit,
849 2006 916 2054 ut
956 2000 1309 2070 sempiterno
1341 2014 1437 2052 vos
1475 1999 1743 2053 incendio

50 2088 437 2159 depascendos
465 2088 740 2143 ﬁrmaret.
778 2090 920 2143 Item
949 2089 1225 2143 Jeremias
1254 2093 1558 2158 postquam
1591 2086 1746 2142 dixe-

54 2184 135 2231 rat
166 2193 180 2231 :
214 2179 590 2232 Przvaricata
631 2181 710 2231 est
742 2179 801 2231 in
828 2193 912 2231 me
953 2178 1144 2232 domus
1190 2177 1355 2238 Iuda,
1410 2180 1745 2245 negaverunt

54 2277 146 2323 me,
179 2266 232 2315 et
260 2261 527 2315 dixerunt
548 2278 567 2314 :
618 2262 737 2317 Non
767 2264 846 2314 est
877 2262 1010 2330 ipse,
1038 2275 1210 2325 neque
1239 2263 1416 2313 veniet
1444 2274 1610 2329 super
1649 2274 1745 2313 nos

56 2351 246 2404 malum
273 2350 549 2418 gladium,
584 2354 637 2404 et
681 2351 882 2417 famem
908 2365 1018 2403 non
1048 2348 1349 2403 videbimus
1383 2347 1519 2418 (Jer.
1568 2364 1621 2416 ν,
1662 2352 1744 2416 11,

60 2442 161 2507 t2),
207 2438 474 2492 addidit:
520 2440 647 2492 Haec
689 2454 814 2506 ergo
854 2441 1097 2492 evenient
1141 2439 1274 2491 illis.
1311 2439 1437 2491 Haec
1480 2436 1614 2490 dicit
1646 2440 1744 2491 Do—

54 2531 225 2581 minus
255 2530 632 2581 exercituum:
661 2526 803 2591 Quia
832 2528 996 2581 locuti
1027 2529 1158 2579 estis
1186 2526 1408 2579 verbum
1437 2526 1607 2587 istud,
1636 2542 1749 2579 ecce

59 2632 143 2682 ego
172 2616 239 2669 do
280 2615 450 2669 verba
490 2630 612 2668 mea
639 2619 699 2668 in
727 2630 819 2669 ore
853 2620 945 2669 tuo
976 2617 1176 2682 ignem,
1210 2618 1260 2667 et
1284 2614 1553 2683 populum
1583 2618 1749 2668 istum

60 2705 217 2770 ligna,
274 2708 329 2757 et
385 2704 601 2758 vorabit
647 2719 733 2758 eos
784 2703 973 2772 (Ibid,
1035 2705 1122 2768 i3,
1164 2702 1268 2770 14).
1323 2702 1509 2764 Vides,
1553 2703 1747 2770 stulte,

60 2795 185 2862 quia
206 2794 384 2847 verba
403 2791 635 2847 Domini
657 2808 773 2847 non
796 2797 929 2846 sunt
947 2800 972 2826 ι
998 2791 1162 2846 vobis
1181 2790 1578 2845 fulcimentum
1597 2792 1748 2844 salu-

62 2883 144 2947 tis,
172 2882 267 2936 sed
291 2881 723 2936 consummatio
745 2880 991 2935 ﬂammae
1012 2880 1301 2935 vastantis.
1333 2879 1445 2935 Sed
1462 2886 1521 2934 et
1548 2895 1748 2933 conse-

65 2970 308 3041 quentia,
339 2970 540 3039 impie,
563 2969 873 3040 diligenter
901 2969 1154 3037 adverte,
1179 2975 1238 3023 et
1264 2975 1320 3024 te
1343 2968 1596 3040 undique
1617 2983 1750 3023 con-

1782 1789 1822 1843 Β

1842 584 1889 634 si
1913 580 2209 634 obtulerint
2235 579 2695 633 holocaustomata
2723 583 2775 631 et
2802 582 3069 639 victimas,
3104 594 3211 632 non
3237 581 3535 647 suscipiam

1844 683 1937 731 ea;
1979 683 2099 721 cum
2140 666 2344 735 gladio,
2391 670 2441 719 et
2475 667 2638 732 fame,
2690 670 2741 719 et
2766 670 2919 734 peste
2950 681 3043 733 ego
3092 681 3405 720 consumam
3448 680 3535 718 eos

1845 758 1976 827 (Jer.
2031 757 2116 821 14,
2151 757 2255 823 11).
2300 754 2465 808 Vides
2494 753 2848 823 prohibitum
2879 770 2911 807 a
2958 754 3199 808 Domino
3231 753 3533 825 prophetis

1845 844 1961 897 suis
1990 859 2095 914 pro
2136 843 2291 897 vobis
2319 841 2639 896 orationem
2679 843 2885 895 levare.
2922 841 3215 911 Conspicis
3246 841 3537 896 orationes

1844 937 2059 987 vestras
2099 936 2155 986 et
2202 931 2695 986 holocaustomata
2724 930 2971 1000 reproba
3012 945 3154 983 esse.
3192 930 3365 984 Audis
3407 945 3539 983 con-

1845 1025 2196 1075 summatum
2239 1018 2612 1074 Israeliticum
2662 1019 2942 1089 pOpulum
2988 1018 3201 1088 gladio,
3249 1022 3429 1088 peste,
3484 1020 3540 1070 et

1843 1109 2030 1164 fame:
2063 1114 2120 1163 et
2149 1125 2262 1180 qua
2291 1108 2480 1162 fronte
2510 1107 2990 1161 restaurationem
3012 1111 3144 1176 post
3171 1121 3539 1159 consumma-

1844 1198 2060 1253 tionem
2081 1195 2411 1268 exspectas?
2442 1197 2751 1267 Nunquam
2789 1195 2946 1249 enim
2979 1194 3135 1267 quod
3168 1198 3542 1248 consumatur

1846 1292 2213 1342 restaurator.
2247 1284 2625 1356 Conquereris
2654 1284 2916 1350 forsitan,
2950 1299 3129 1355 quare
3169 1283 3250 1337 ita
3270 1298 3538 1337 consum-

1846 1375 2059 1429 maris?
2091 1374 2215 1428 Non
2246 1390 2356 1435 me,
2390 1374 2489 1427 sed
2514 1379 2703 1443 ipsum
2730 1378 2917 1426 vatem
2951 1373 3204 1426 ausculta
3240 1388 3253 1425 :
3290 1371 3447 1436 Quod
3495 1374 3544 1425 si

1849 1465 2055 1518 dixeris
2083 1467 2139 1516 in
2170 1463 2328 1516 corde
2379 1467 2505 1515 tuo:
2540 1462 2719 1526 Quare
2756 1465 3022 1515 venerunt
3049 1461 3184 1513 mihi
3225 1460 3381 1514 hac?
3401 1475 3540 1529 pro-

1842 1556 1970 1622 pter
2014 1551 2419 1605 multitudinem
2452 1553 2764 1614 iniquitatis
2810 1553 2914 1603 tuaz
2940 1550 3180 1602 revelata
3220 1552 3351 1601 sunt
3385 1562 3544 1601 vere-

1849 1641 2115 1695 cundiora
2166 1644 2279 1706 tua,
2330 1640 2555 1708 polluta:
2586 1642 2716 1691 sunt
2739 1639 2947 1707 planta
2990 1642 3095 1692 tua:
3122 1638 3253 1706 (Jer.
3285 1651 3401 1699 xui,
3423 1636 3539 1706 22).

1851 1730 1918 1783 Et
1964 1732 2030 1783 ut
2067 1734 2406 1799 perpetuam
2451 1727 2881 1798 genuinamque
2930 1730 3112 1791 tuam,
3161 1740 3194 1777 ο
3233 1724 3542 1787 insensate,

1849 1816 2167 1871 vecordiam
2200 1816 2534 1880 afﬁrmaret,
2569 1814 2894 1884 parabolice
2926 1813 3195 1884 deinceps
3225 1810 3540 1883 expressit:

1851 1907 1910 1961 Si
1941 1909 2155 1959 mutare
2177 1908 2358 1975 potest
2403 1903 2650 1972 Ethiops
2682 1903 2879 1971 pellem
2910 1912 2951 1965 ο,
2996 1917 3089 1955 ros
3122 1904 3375 1970 poteritis
3418 1900 3547 1953 bene

1851 1997 2048 2062 facere,
2098 2008 2221 2047 cum
2258 1992 2561 2046 didiceritis
2604 1992 2746 2045 male
2792 1990 2925 2061 (Jcr.
2967 2006 3086 2056 xm,
3136 1993 3249 2058 23).
3304 1988 3459 2042 Unde
3499 1986 3547 2040 si

1851 2087 2012 2155 potes
2042 2081 2350 2152 aliquando
2369 2080 2696 2150 Ethiopem
2724 2079 3027 2133 ostendere
3054 2078 3269 2139 album,
3302 2084 3399 2131 aut
3432 2091 3546 2129 non

1852 2172 2168 2227 variantem
2225 2170 2517 2224 coloribus
2573 2169 2814 2239 pardus;
2871 2166 3091 2238 poteris
3149 2173 3207 2221 et
3266 2172 3328 2221 tu
3389 2164 3547 2236 quod

1853 2265 2144 2331 exspectas
2182 2256 2595 2328 redemptionis
2633 2255 2868 2327 adispici
2916 2257 3153 2310 bonum.
3203 2253 3365 2319 Quod
3412 2252 3549 2324 quia

1852 2347 2206 2419 impossibile
2252 2346 2422 2413 nosti,
2474 2350 2529 2400 te
2586 2350 2933 2416 perpetuum
2975 2345 3095 2415 jam
3146 2343 3361 2413 perisse
3410 2357 3547 2394 con-

1854 2452 2064 2508 gruum
2096 2441 2182 2490 est
2217 2451 2334 2489 non
2363 2440 2567 2504 sponte
2600 2433 2787 2488 fateri.
2825 2432 3099 2502 Sequitur
3130 2448 3144 2487 :
3182 2434 3254 2486 Et
3295 2431 3545 2485 dissemi-

1855 2526 1993 2579 nabo
2023 2540 2110 2579 eos
2144 2528 2303 2590 quasi
2322 2524 2602 2593 stipulam,
2639 2538 2757 2588 que
2780 2526 2937 2576 vento
2968 2525 3224 2591 raptatur
3252 2524 3310 2574 in
3340 2519 3548 2573 deserto

1858 2614 2004 2685 (Ibid
2031 2654 2049 2675 ,
2094 2613 2204 2683 2i).
2260 2614 2399 2666 Cum
2438 2613 2582 2666 Deus
2634 2611 2990 2675 disseminet,
3024 2608 3153 2680 quis
3186 2612 3271 2661 est
3301 2606 3404 2660 iste
3448 2604 3549 2675 qui

1856 2701 2180 2772 colligendo
2230 2717 2326 2754 vos
2364 2702 2707 2770 congreget?
2758 2698 2991 2752 Addidit
3030 2713 3045 2751 :
3086 2698 3213 2751 Haec
3259 2710 3377 2750 sors
3430 2698 3545 2753 tua,

1851 2806 2094 2861 parsque
2160 2804 2427 2843 mensurae
2488 2792 2612 2850 tua,
2692 2788 2826 2841 dicit
2874 2790 3137 2841 Dominus
3194 2783 3379 2853 (Ibid,
3434 2782 3546 2850 25).

1858 2878 2035 2933 Audis
2066 2883 2277 2931 sortem
2328 2881 2507 2943 tuam,
2541 2881 2599 2929 et
2629 2876 2806 2946 partis
2831 2880 2945 2928 tua:
2978 2888 3325 2936 mensuram,
3372 2869 3549 2923 disse-

1860 2966 2276 3022 minationem?
2301 2965 2414 3021 Cur
2442 2981 2560 3019 non
2585 2964 2760 3035 pudet
2779 2969 2855 3030 te,
2887 2961 3396 3034 congregationem
3421 2973 3551 3028 quae

66 3060 267 3112 fessum
300 3059 449 3113 dole.
494 3058 638 3113 Nam
671 3063 802 3129 post
845 3058 1026 3112 multa
1053 3074 1183 3129 quas
1215 3063 1271 3113 te
1297 3056 1541 3111 viriliter
1584 3061 1748 3111 trun-
1789 3088 1829 3142 ρ
1864 3056 2112 3110 aliorum
2161 3060 2248 3109 est
2297 3055 2591 3124 requirere
2638 3053 2892 3106 sortem?
2938 3051 3046 3106 Sed
3099 3055 3156 3104 et
3207 3047 3344 3103 alibi
3396 3046 3552 3101 idem

69 3151 202 3212 cant,
232 3146 459 3201 addidit
487 3147 663 3200 etiam
694 3147 848 3201 huic:
876 3149 1085 3213 Deiecit
1117 3150 1506 3215 sufﬂatorium,
1538 3150 1596 3199 in
1626 3150 1752 3213 igne

68 3242 432 3305 consumptum
462 3240 543 3289 est
567 3236 874 3304 plumbum,
908 3237 1127 3301 frustra
1156 3237 1409 3304 con/lavit
1437 3236 1700 3302 conﬂator
1731 3250 1750 3287 :

70 3325 263 3377 ntulitia
300 3328 440 3377 enim
470 3339 657 3378 eorum
684 3340 793 3378 non
831 3328 911 3377 est
946 3327 1303 3391 consumpta;
1348 3328 1635 3390 argentum
1663 3338 1748 3375 re-

69 3411 285 3479 probum
324 3415 509 3465 uocate
547 3426 653 3471 eos,
715 3414 848 3475 quia
892 3413 1152 3464 Dominus
1195 3409 1430 3478 projecit
1485 3425 1569 3463 eos
1617 3410 1750 3477 (Jer.

72 3514 136 3563 v1,
170 3502 258 3561 29,
313 3501 422 3570 30).
474 3499 771 3569 Iutelligis,
819 3499 1017 3565 miser,
1050 3498 1185 3568 quia
1230 3499 1351 3552 haec
1401 3497 1651 3563 afﬂictio,
1699 3502 1757 3551 et

73 3587 359 3657 captivitas
408 3587 600 3641 minor
647 3594 732 3640 est
784 3601 962 3657 quam
1019 3586 1297 3656 iniquitas
1341 3584 1565 3640 vestra?
1622 3586 1755 3639 Ecce

75 3674 267 3729 frustra
310 3675 369 3729 in
401 3674 536 3744 igne
573 3674 712 3729 dicit
739 3674 948 3728 missos
984 3691 1085 3728 vos
1115 3690 1236 3728 esse
1284 3674 1586 3745 propheta,
1621 3674 1760 3744 quia

79 3763 340 3817 malitiam
369 3767 616 3816 vestram
646 3778 752 3832 per
783 3763 890 3817 hoc
916 3778 1030 3816 non
1053 3761 1196 3816 vidit
1220 3778 1342 3815 esse
1373 3762 1752 3832 purgaudam.

81 3851 133 3904 ist
157 3853 363 3906 iterum
388 3857 521 3922 post
540 3852 739 3918 multa,
775 3868 902 3922 qua:
927 3857 983 3905 te
1015 3856 1256 3922 tuosque
1281 3851 1457 3905 libere
1475 3852 1754 3921 plectunt,

81 3940 231 3995 etiam
266 3943 395 3996 hinc
436 3942 632 3996 intulit
663 3958 853 3994 sermo
881 3941 1147 3995 divinus:
1184 3943 1263 3995 Tu
1297 3957 1421 4009 ergo
1452 3942 1563 3995 noli
1600 3957 1758 3995 orare

77 4046 165 4097 pro
187 4032 393 4100 populo
421 4031 539 4091 hoc,
587 4045 684 4083 nec
711 4045 959 4083 assumas
985 4046 1089 4099 pro
1121 4034 1198 4083 eis
1225 4030 1441 4083 tandem
1475 4033 1525 4083 et
1553 4033 1757 4083 oratio-

82 4132 201 4179 nem,
238 4135 339 4173 nec
379 4119 615 4173 obsistas
658 4118 811 4180 mihi,
859 4122 992 4183 quia
1039 4134 1148 4171 non
1188 4118 1480 4171 ewaudiam
1526 4121 1576 4171 te
1620 4116 1753 4187 (.Ier.

80 4220 142 4271 ιι,
175 4206 271 4273 14).

139 4297 218 4350 2t.
250 4292 511 4359 Qualiter
539 4294 695 4348 enim
724 4292 1122 4348 liberationem
1153 4299 1466 4363 exspectas,
1495 4309 1528 4348 o
1555 4293 1753 4360 inscie,

1860 3144 2142 3217 propheta
2167 3143 2313 3197 dixit
2344 3158 2357 3196 :
2394 3143 2455 3198 Si
2498 3146 2710 3196 steterit
2742 3143 2970 3209 Moyses,
3022 3145 3073 3194 et
3125 3138 3345 3195 Samuel
3372 3150 3553 3190 coram

1860 3251 1960 3291 me.
1992 3250 2101 3288 non
2129 3237 2210 3288 est
2235 3236 2421 3286 anima
2440 3246 2558 3285 mea
2585 3231 2660 3285 ad
2688 3231 2952 3300 populum
2978 3231 3143 3283 istum
3174 3226 3304 3296 (Jer.
3337 3241 3426 3291 xv,
3477 3226 3549 3291 1).

1860 3326 2168 3394 Postquam
2209 3321 2516 3376 Jeremiam
2565 3335 2671 3389 pro
2710 3318 2867 3373 vobis
2913 3333 3079 3372 orare
3120 3314 3437 3387 prohibuit,
3481 3327 3553 3366 ne

1860 3400 1994 3467 eum
2026 3412 2213 3465 solum
2260 3410 2423 3481 quasi
2470 3409 2802 3479 despectum
2845 3407 2905 3461 in
2935 3406 3207 3477 suifragio
3263 3404 3549 3467 redderet,

1863 3516 1994 3554 mox
2026 3499 2082 3553 ei
2110 3497 2290 3552 socios
2312 3496 2527 3567 junxit,
2561 3511 2668 3567 per
2696 3510 2944 3566 quorum
2987 3491 3466 3548 memorationem
3499 3495 3557 3543 et

1861 3589 2092 3644 ruinam
2138 3591 2385 3641 vestram
2433 3586 2807 3650 demonstrat,
2843 3588 3182 3653 perpetuam
3214 3578 3552 3650 designavit,

1862 3683 1916 3733 et
1950 3675 2315 3730 insolubilem
2344 3679 2561 3729 reatum
2591 3671 2850 3726 criminis
2874 3671 3045 3725 vestri
3079 3670 3364 3741 probavit.
3412 3670 3553 3723 Eze-

1863 3764 2033 3819 chieli
2075 3778 2262 3817 sermo
2314 3761 2541 3816 divinus
2586 3760 2793 3813 clamat
2821 3763 2879 3812 et
2923 3758 3106 3812 dicit:
3152 3758 3258 3811 Fili
3297 3756 3551 3819 hominis,

1861 3868 2019 3907 versa
2068 3855 2148 3905 est
2192 3851 2327 3904 mihi
2368 3850 2558 3904 domus
2609 3848 2782 3902 Israel
2822 3852 2881 3901 in
2927 3850 3176 3901 scoriam.
3223 3845 3414 3900 Omnes
3462 3844 3556 3896 isti

1861 3947 2140 4002 stannum,
2189 3939 2495 4008 plumbum,
2557 3940 2608 3990 et
2661 3938 2871 4003 ferrum
2927 3939 2986 3988 in
3023 3934 3261 3988 medium
3315 3935 3556 3999 fornacis

1862 4034 2039 4085 scoria
2069 4032 2285 4097 argenti
2314 4029 2451 4094 facti
2474 4029 2606 4080 sunt
2625 4042 2643 4079 :
2670 4028 2963 4094 propterea
2990 4023 3099 4077 haec
3131 4023 3264 4076 dicit
3291 4024 3555 4076 Dominus

1862 4123 2039 4174 Deus:
2093 4120 2166 4172 Eo
2198 4117 2345 4182 quod
2370 4119 2512 4169 versi
2555 4116 2682 4169 estis
2715 4128 2893 4167 omnes
2925 4116 2985 4166 in
3030 4116 3280 4172 scoriam,
3312 4114 3562 4180 propter-

1864 4224 1928 4261 ca
1974 4222 2086 4260 ecce
2139 4222 2232 4273 ego
2279 4204 2612 4272 congregabo
2659 4216 2752 4257 vos
2796 4205 2853 4255 in
2882 4201 3057 4254 medio
3092 4201 3392 4254 Jerusalem
3434 4215 3558 4251 con-

1862 4299 2177 4363 gregatione
2205 4296 2439 4360 argenti,
2490 4295 2543 4345 et
2580 4293 2736 4359 ferri,
2770 4296 2821 4344 et
2866 4293 3073 4347 stanni,
3120 4293 3172 4343 et
3216 4288 3452 4358 plumbi,
3502 4291 3559 4339 in

85 4398 193 4437 cum
237 4384 353 4439 ista
382 4383 563 4455 legis?
593 4398 698 4437 cur
730 4387 793 4437 ut
841 4382 984 4453 lapis
1014 4382 1193 4437 durus
1224 4381 1563 4448 consistens,
1603 4397 1757 4436 nun-
1797 4383 1842 4437 D
1865 4384 2104 4437 medium
2152 4383 2430 4448 fornacis;
2471 4384 2524 4434 et
2550 4379 2872 4434 succendam
2903 4394 3018 4432 eam
3050 4379 3166 4444 igni
3194 4377 3270 4431 ad
3302 4379 3562 4430 constan-

87 4486 231 4540 qnam
261 4471 586 4526 mollescis?
624 4472 793 4527 Vides
826 4472 961 4543 quia
990 4472 1355 4542 omnipotens
1395 4471 1565 4539 Deus,
1599 4470 1763 4541 cujus

89 4557 267 4613 dixisse
300 4559 505 4614 fecisse
536 4563 641 4627 est,
674 4558 734 4612 in
766 4559 1086 4613 vastatione
1111 4563 1298 4612 vestra
1327 4562 1413 4612 est
1452 4557 1715 4628 protinus
1744 4572 1759 4611 :

88 4652 134 4699 et
176 4653 233 4702 tu
305 4648 768 4719 redemptionem
843 4651 1168 4718 exspectare
1218 4652 1272 4702 te
1329 4647 1556 4714 asseris,
1627 4663 1761 4701 cum

90 4736 406 4807 prophetam
456 4736 817 4807 prohibitum
860 4736 930 4791 ab
961 4735 1218 4790 oratione
1257 4751 1378 4790 esse
1427 4735 1762 4806 cognoscis?

91 4824 202 4878 Ecce
223 4825 540 4895 prophetas
569 4824 869 4895 prohibuit
888 4841 993 4895 pro
1024 4824 1178 4879 vobis
1199 4824 1521 4878 orationem
1548 4823 1758 4889 levare;

91 4912 311 4966 nubibus
357 4913 541 4967 vetuit
579 4911 829 4966 imbrem
877 4912 1040 4967 vobis
1086 4911 1290 4983 gratias
1338 4928 1550 4966 rorare.
1605 4913 1762 4967 Unde

92 5013 204 5069 ergo
230 4999 393 5054 vobis
417 5016 566 5053 vano
595 4999 950 5069 pollicemini
980 5000 1174 5053 venire
1214 5000 1478 5061 salutem,
1508 5014 1637 5053 cum
1681 5004 1767 5053 tot

94 5091 326 5161 exempla
355 5089 687 5160 perducunt
706 5088 775 5142 ad
799 5090 1080 5143 mortem?
1108 5087 1340 5143 Addidit
1365 5088 1535 5142 etiam
1558 5104 1572 5141 :
1604 5088 1763 5152 Quod

95 5176 132 5228 si
163 5179 424 5241 oraveris,
471 5194 582 5232 non
638 5177 932 5231 emandiam
974 5181 1041 5231 te.
1088 5176 1196 5241 Qui
1237 5176 1526 5231 orationes
1571 5182 1765 5230 vatum

95 5278 248 5320 cassos
298 5284 403 5339 pro
457 5265 878 5320 restauratione
925 5270 1108 5320 vestra
1144 5265 1425 5336 prwdixit,
1468 5269 1681 5318 vestras
1717 5266 1762 5325 Β,

98 5352 265 5424 utique
302 5360 822 5425 transgressornm,
856 5369 961 5423 pro
1001 5368 1214 5425 magno
1246 5351 1497 5407 videbit?
1530 5353 1595 5406 Et
1624 5350 1769 5404 dixit

100 5439 341 5497 Dominus
365 5442 438 5497 ad
466 5458 562 5496 me
586 5457 599 5496 :
632 5442 759 5498 Noli
778 5457 936 5496 orare
956 5457 1063 5512 pro
1086 5443 1291 5511 populo
1317 5445 1421 5496 isto
1452 5444 1507 5494 in
1542 5440 1758 5497 bonum.

152 5579 173 5608 ι
197 5568 313 5626 Με..
345 5571 446 5622 est.

156 5638 177 5678 ι’
206 5640 442 5701 Vestras,
471 5636 531 5692 id
563 5639 648 5691 est
675 5635 985 5691 orationes.

1870 4472 2021 4525 dum.
2052 4472 2142 4526 Sic
2181 4470 2515 4538 congregabo
2544 4483 2637 4522 vos
2675 4471 2733 4521 in
2756 4469 2949 4534 furore
2978 4482 3112 4527 meo,
3146 4469 3198 4519 et
3224 4470 3283 4519 in
3311 4470 3398 4518 ira
3417 4479 3559 4525 mea,

1869 4564 1921 4614 et
1980 4562 2331 4624 requiescam,
2382 4562 2433 4611 et
2474 4556 2713 4624 conﬂabo
2761 4570 2855 4608 vos
2908 4554 3121 4624 (Ezech.
3177 4569 3312 4617 xm,
3359 4554 3561 4618 l8-20).

1872 4647 2034 4701 Vides
2068 4647 2246 4700 Deum
2273 4644 2531 4716 requiem
2558 4642 2667 4697 sibi
2697 4657 2818 4697 esse
2844 4641 3129 4694 dicentem
3161 4640 3564 4695 conﬁctionem

1871 4741 2135 4789 vestram.
2173 4736 2238 4788 Et
2267 4732 2526 4788 addidit:
2550 4733 2622 4785 Et
2645 4733 2823 4784 scietis
2851 4731 2983 4794 quia
3004 4744 3099 4795 ego
3126 4731 3411 4795 Dominus,
3444 4743 3563 4783 cum

1870 4823 2156 4893 eﬂ’uderim
2217 4822 2649 4888 indignationem
2711 4830 2885 4869 meam
2962 4828 3130 4883 super
3192 4830 3285 4868 vos
3372 4813 3560 4885 (Ibid,

1869 4916 1981 4979 22).

1939 5002 2028 5054 22.
2084 4998 2153 5051 Et
2198 5000 2261 5050 ut
2307 4992 2629 5050 evidentius
2666 4989 3013 5055 ostenderet,
3070 4989 3294 5042 nullum
3347 5005 3414 5044 ex
3461 4989 3567 5043 hac

1872 5086 2028 5141 vobis
2074 5083 2415 5155 probatione
2462 5078 2689 5134 evenire
2720 5076 3061 5146 profectum,
3095 5081 3225 5146 post
3264 5092 3442 5147 parva
3483 5077 3565 5130 sic

1871 5174 2092 5230 addidit
2153 5171 2366 5243 (Ezech.
2420 5183 2565 5232 XXIV,
2599 5166 2790 5232 9-14):
2834 5166 2925 5221 πε
2950 5167 3164 5219 civitati
3208 5171 3562 5235 sanguinum,

1871 5264 2028 5331 cujus
2057 5277 2151 5328 ego
2178 5260 2442 5327 grandem
2469 5258 2612 5322 facio
2640 5266 2840 5321 pyram
2870 5268 2882 5304 :
2915 5267 3209 5318 congerens
3240 5269 3328 5307 eos
3357 5256 3562 5320 absque

1870 5353 1995 5415 igne
2037 5344 2377 5404 succendam,
2409 5341 2790 5395 consumentur
2818 5352 3028 5397 carnes,
3070 5344 3121 5393 et
3147 5346 3412 5406 coquetur
3439 5345 3567 5396 uni-

1871 5450 2027 5490 versa
2053 5435 2384 5499 compositio,
2432 5433 2483 5481 et
2527 5441 2648 5480 ossa
2677 5424 2796 5491 ejus
2837 5425 3132 5481 tabescent.
3166 5430 3310 5484 Pone
3354 5445 3568 5496 quoque

1942 5566 1964 5591 ο
1998 5554 2188 5609 Adde;
2237 5558 2337 5607 aut
2377 5550 2588 5622 pardus
2634 5550 2927 5601 varietates
2968 5564 3120 5622 suas,
3156 5556 3220 5604 ut
3252 5550 3468 5621 legitur
3505 5552 3567 5607 in

1873 5625 2170 5699 propheta,
2203 5630 2261 5678 et
2286 5618 2596 5678 ostendunt
2618 5618 3032 5686 consequentia
3060 5622 3266 5675 textus.
