3860 6262
282 315 373 365 511
1633 309 1806 362 ALVA

2264 306 2429 361 NSIS.
3692 312 3745 361 Iil
3762 323 3783 362 2

278 466 395 502 eam
441 464 603 516 super
640 462 853 515 prunas
891 461 1138 506 vacuam,
1187 449 1246 498 ut
1294 446 1583 511 incalescat
1627 450 1679 498 et
1723 446 1966 515 liqueﬁat
2005 445 2051 497 A
2080 443 2333 514 signaret
2365 444 2666 514 propheta,
2692 444 3104 514 interrogando
3129 444 3440 515 cognovit:
3472 448 3785 511 Usquequo,

277 552 347 591 aes
372 537 508 604 ejus,
533 539 583 589 et
613 537 874 602 confletur
900 538 959 587 in
989 533 1162 587 medio
1191 533 1309 601 ejus
1332 536 1805 599 inquinamentum
1827 534 1964 602 ejus,

277 628 734 689 consumaturque
782 622 977 689 rubigo
1031 622 1169 690 ejus.
1213 623 1334 676 Mox
1383 622 1492 676 sibi
1530 622 1824 692 respondit
1858 638 1970 676 ser—

275 729 369 767 mo
409 712 671 767 divinus:
708 712 878 765 Multo
917 711 1101 764 labore
1146 710 1407 763 sudatum
1450 714 1547 773 est,
1590 714 1639 764 et
1668 727 1774 764 non
1802 714 1971 763 exivit

277 802 343 856 de
384 816 447 855 ea
474 804 646 855 nimia
672 801 866 867 rubigo
911 800 1050 868 ejus,
1085 815 1257 865 neque
1280 815 1383 868 per
1410 803 1587 866 ignem
1618 799 1970 852 immunditia

281 896 377 946 tua
436 890 801 950 exsecrabilis,
861 893 992 954 quia
1046 889 1312 942 mundare
1369 892 1418 942 te
1464 890 1630 949 volui,
1679 892 1729 941 et
1769 904 1876 942 non
1916 903 1969 941 es

174 988 180 993 '
279 980 589 1040 mundata;
627 978 723 1032 sed
769 994 864 1031 nec
913 977 1285 1037 mundaberis,
1342 977 1507 1030 donec
1554 981 1825 1041 quiescere
1879 978 1970 1043 fa-

277 1071 415 1122 ciam
471 1066 904 1134 indignationem.
962 1081 1135 1119 meam
1184 1069 1239 1118 in
1293 1069 1360 1118 te.
1408 1065 1469 1117 Et
1519 1069 1579 1117 ut
1622 1064 1703 1118 ibi
1749 1064 1971 1119 aditum

279 1155 596 1226 respirandi
628 1170 744 1208 non
770 1155 950 1219 daret,
983 1157 1097 1221 Ego
1124 1157 1403 1214 Dominus,
1436 1153 1530 1215 ait,
1567 1154 1777 1207 locutus
1806 1169 1926 1207 sum
1952 1171 1970 1207 :

291 1246 444 1305 Veni,
472 1247 524 1296 et
552 1244 794 1310 faciam:
840 1259 947 1296 non
983 1246 1275 1307 transeam,
1308 1258 1400 1295 nec
1423 1257 1670 1310 parcam,
1708 1257 1802 1295 nec
1840 1242 1970 1310 pla-

280 1333 484 1387 cabor:
524 1332 696 1400 juccta
736 1335 855 1385 vias
903 1336 1045 1392 tuas,
1094 1336 1144 1384 et
1177 1330 1349 1398 jumta
1393 1330 1803 1383 adinventiones
1849 1334 1972 1383 tuas

263 1421 526 1491 judicabo
560 1425 627 1482 te,
687 1420 820 1473 dicit
872 1422 1135 1473 Dominus
1201 1422 1362 1473 Deus.
1422 1420 1571 1472 Deus
1624 1418 1781 1484 dicit,
1848 1418 1971 1471 Non

280 1508 565 1578 placabor,
617 1524 720 1561 nec
761 1523 1032 1577 parcam:
1085 1512 1142 1561 et
1171 1512 1230 1560 tu
1279 1522 1412 1560 cum
1457 1505 1788 1559 mendacem
1828 1505 1973 1558 asti-

282 1612 402 1650 mas
432 1597 590 1650 esse?
622 1596 822 1651 Adhuc
864 1597 1110 1665 amplius
1149 1594 1398 1649 astimas
1429 1593 1585 1648 esse?
1617 1594 1817 1647 Adhuc
1847 1610 1969 1647 am-

278 1686 430 1756 plius
458 1703 645 1741 sermo
678 1686 902 1740 divinus
940 1684 1440 1739 insensibilitatem
1466 1689 1706 1737 vestram
1736 1683 1928 1737 dicens
1953 1699 1966 1737 :

281 1777 539 1843 Cognovit
568 1776 659 1829 bos
684 1790 1045 1845 possessorem
1078 1790 1257 1835 suum,
1291 1778 1343 1828 et
1384 1777 1573 1827 asinus
1594 1788 1835 1842 praesepe
1867 1772 1969 1826 do-

277 1868 415 1917 mini
455 1868 561 1924 sui,
612 1864 786 1917 Israel
828 1878 912 1915 me
947 1878 1054 1915 non
1101 1866 1364 1927 cognovit.
1416 1863 1657 1929 Populus
1686 1876 1836 1914 meus
1886 1876 1970 1914 me

279 1968 387 2006 non
424 1954 683 2020 intelligit
733 1953 864 2020 (Isa.
918 1967 956 2016 ι,
989 1950 1064 2020 3).
1103 1950 1267 2004 Vides
1299 1950 1468 2004 boves
1504 1954 1559 2002 et
1605 1950 1793 2003 asinos
1842 1954 1968 2002 tuos

276 2039 382 2093 tibi
415 2040 769 2109 antepositos
817 2055 955 2093 esse.
1009 2038 1158 2092 Audi
1190 2038 1393 2091 iterum
1434 2037 1740 2092 Jeremiam
1777 2053 1789 2091 :
1843 2039 1967 2091 Mil-

277 2145 376 2182 vus
409 2132 466 2182 in
512 2130 637 2182 calo
665 2132 913 2195 cognovit
957 2132 1165 2197 tempus
1209 2143 1404 2190 suum;
1449 2131 1655 2192 turtur,
1704 2127 1964 2188 hirundo,

277 2222 328 2270 et
371 2222 577 2271 ciconia
623 2216 997 2270 custodierunt
1031 2220 1239 2283 tempus
1269 2215 1537 2269 adventus
1564 2218 1651 2267 sui
1684 2231 1697 2268 :
1727 2215 1968 2284 populus

275 2310 456 2360 autem
486 2321 636 2359 meus
668 2321 775 2359 non
817 2308 1065 2372 cognovit
1098 2304 1374 2372 judicium
1417 2307 1652 2357 Domini.
1695 2302 1967 2367 Quomodo

275 2395 539 2448 dicimus:
582 2395 862 2462 Sapientes
918 2408 1015 2447 nos
1062 2408 1268 2453 sumus,
1308 2397 1357 2445 et
1400 2394 1487 2446 lea:
1528 2394 1744 2446 Domini
1786 2391 1969 2445 nobis-

274 2499 393 2537 cum
424 2486 546 2538 est?
584 2485 715 2537 Vere
744 2481 1081 2536 mendacium
1112 2485 1368 2550 operatus
1399 2484 1478 2536 est
1513 2481 1690 2548 stylus
1732 2480 1969 2534 mendas:

276 2572 590 2627 Scribarum
621 2570 752 2641 (Jer.
790 2574 997 2636 vui,.7,
1033 2572 1106 2637 8).

344 2662 432 2715 23.
481 2659 761 2726 Advertis,
808 2674 840 2712 o
879 2658 1108 2713 amule.
1141 2658 1245 2712 tibi
1284 2659 1456 2712 etiam
1491 2657 1652 2712 alites
1696 2657 1755 2712 iu
1791 2657 1968 2710 scien-

274 2749 352 2803 tia
387 2764 509 2802 esse
550 2747 910 2819 intelligendi
945 2747 1240 2817 prafertas
1271 2763 1285 2801 :
1336 2752 1393 2801 et
1422 2753 1481 2801 tu
1520 2746 1665 2801 mihi
1704 2746 1966 2801 doctores

271 2853 335 2891 ex
366 2836 506 2907 ipsis
535 2836 823 2907 producis,
857 2851 1107 2907 quorum
1139 2837 1347 2906 stylum
1381 2835 1715 2890 mendacem
1750 2835 1965 2905 ubique

272 2925 516 2995 legendo
552 2924 813 2978 invenis?
843 2940 989 2995 quos
1014 2924 1187 2978 etiam
1226 2940 1343 2977 non
1371 2923 1629 2978 videntes
1675 2940 1965 2994 cacosque

2078 534 2344 586 Domine?
2389 533 2460 585 Et
2506 532 2683 586 divit:
2724 535 2901 587 Donec
2930 534 3243 587 desolentur
3285 538 3534 588 civitates
3588 534 3787 599 absque

2078 620 2403 682 habitatore,
2446 625 2497 674 et
2541 621 2895 675 domusssine
2934 621 3164 683 homine,
3216 626 3267 675 et
3317 626 3467 675 terra
3499 623 3787 687 relinqua-

2082 713 2172 762 tur
2210 709 2423 763 deserta
2473 710 2657 776 (Ibid,
2714 712 2817 774 11).
2850 711 3016 764 Vides
3043 710 3360 764 cacitatem
3393 715 3560 764 tuam
3603 726 3782 780 usque

2079 797 2151 851 ad
2197 797 2372 851 ﬁnem
2419 797 2621 853 mundi
2652 814 2776 852 esse
2823 798 3178 869 pradictam.
3211 799 3280 852 Et
3320 813 3428 870 per
3472 798 3785 853 Jeremiam

2080 886 2243 941 dicit:
2278 889 2411 941 Ecce
2448 903 2542 953 ego
2570 887 2708 941 dabo
2730 888 3000 956 populum
3030 891 3195 941 istum
3224 891 3281 941 in
3301 891 3521 949 ruinas,
3549 892 3605 941 et
3634 894 3787 940 ruent

2078 980 2137 1028 in
2182 980 2257 1029 eis
2325 980 2510 1045 patres
2557 980 2607 1029 et
2644 978 2764 1046 ﬁlii,
2812 978 2976 1029 simul
3021 981 3233 1030 vicinus
3280 980 3332 1029 et
3370 981 3703 1046 proximus,
3745 984 3787 1029 et
3834 976 3835 1046 ἦ

2072 1067 2334 1134 peribunt
2363 1066 2491 1136 (Jer.
2520 1081 2595 1132 vr,
2628 1065 2739 1135 2t).
2785 1067 2847 1120 Et
2880 1082 2894 1119 :
2947 1063 3143 1122 Cibabo
3188 1081 3272 1120 eos
3305 1066 3683 1125 absinthium,
3744 1074 3785 1119 et

2072 1159 2267 1223 potum
2298 1155 2439 1209 dabo
2472 1158 2549 1208 eis
2570 1170 2769 1221 aquam
2807 1156 2954 1221 fellis
2975 1172 2995 1217 ;
3025 1160 3075 1208 et
3101 1154 3416 1223 dispergam
3444 1170 3537 1207 eos
3564 1159 3633 1207 in
3662 1170 3786 1221 gen-

2082 1243 2225 1298 tibus
2272 1259 2409 1309 quas
2456 1260 2565 1297 non
2606 1249 2872 1297 noverunt
2920 1248 3044 1312 ipsi,
3092 1259 3186 1298 nec
3227 1248 3419 1312 patres
3458 1258 3698 1301 eorum;
3744 1249 3786 1294 et

2078 1337 2293 1386 mittam
2322 1336 2447 1400 post
2479 1348 2564 1386 eos
2593 1334 2859 1399 gladium,
2897 1333 3062 1385 donec
3099 1336 3493 1385 consumantur
3525 1333 3672 1397 (Jer.
3719 1347 3784 1396 is,

2085 1425 2168 1489 l5,
2232 1424 2341 1490 15).
2376 1422 2942 1477 Consummationem
2998 1419 3181 1486 audis,
3212 1425 3271 1473 et
3316 1419 3785 1490 redemptionem

2081 1510 2413 1581 exspectas?
2438 1510 2605 1564 Vides
2635 1509 2772 1580 quia
2790 1508 2988 1563 cecidit
3009 1509 3172 1579 virgo
3192 1508 3312 1562 ﬁlia
3334 1507 3494 1575 Sion,
3523 1524 3653 1562 non
3687 1509 3784 1560 ad-

2074 1597 2238 1668 jiciet
2266 1603 2327 1652 ut
2360 1603 2638 1669 resurgat.
2666 1598 3000 1662 Quomodo?
3021 1597 3158 1667 quia
3179 1612 3295 1651 non
3316 1601 3402 1650 est
3422 1595 3526 1667 qui
3550 1597 3783 1650 suscitet

2080 1702 2227 1742 eam.
2260 1686 2517 1741 Avolavit
2546 1686 2702 1740 enim
2725 1686 2793 1740 ab
2816 1686 2898 1740 eis
2921 1685 3021 1757 qui
3041 1685 3243 1739 solitus
3260 1690 3383 1739 erat
3411 1700 3510 1740 eos
3530 1684 3779 1756 erigere.

2010 1743 2050 1797 Β
2077 1776 2356 1831 Addidit:
2415 1776 2571 1841 Quod
2616 1780 2664 1829 si
2710 1743 2955 1829 dixerint
2999 1775 3074 1829 ad
3105 1780 3191 1828 te:
3241 1773 3357 1839 Quo
3391 1743 3780 1842 ρθνείιίεῦηινςι

2079 1866 2220 1919 dices
2253 1864 2327 1917 ad
2367 1878 2487 1918 eos:
2535 1862 2634 1928 Qvi
2667 1863 2741 1917 ad
2787 1867 3029 1923 mortem,
3071 1862 3147 1915 ad
3172 1866 3434 1923 mortem;
3481 1866 3535 1914 et
3568 1866 3673 1927 qui
3714 1863 3779 1913 ad

2077 1953 2295 2019 famem,
2339 1955 2413 2006 ad
2441 1955 2677 2020 famem;
2709 1958 2759 2007 et
2795 1957 2889 2018 qui
2919 1952 2995 2006 ad
3024 1955 3417 2021 captivitatem,
3450 1952 3530 2004 ad
3552 1955 3782 2020 captivi-

2079 2046 2280 2095 tatem:
2336 2045 2387 2095 et
2427 2042 2659 2095 visitabo
2704 2057 2868 2110 super
2922 2056 3007 2095 eos
3062 2044 3302 2105 quatuor
3347 2045 3575 2109 species,
3652 2040 3779 2092 dicit

2076 2132 2376 2184 Dominus:
2425 2130 2680 2184 Gladium
2724 2131 2798 2183 ad
2830 2134 3164 2190 occisionem,
3214 2133 3266 2183 et
3316 2144 3478 2182 canes
3517 2128 3596 2181 ad
3644 2129 3777 2181 lace-

2076 2218 2333 2279 randum,
2366 2223 2418 2272 et
2452 2234 2575 2272 aves
2604 2217 2720 2272 cali
2760 2219 2834 2272 ad
2871 2217 3318 2288 disperdcndum,
3353 2220 3405 2271 et
3435 2217 3647 2271 bestias
3679 2222 3779 2270 ter-

2078 2322 2151 2360 ra
2198 2307 2273 2361 ad
2329 2307 2698 2361 devorandum
2758 2308 2885 2374 (Jer.
2930 2321 3017 2368 xv,
3077 2309 3133 2373 2,
3190 2308 3260 2364 3).
3319 2304 3457 2370 Qua
3500 2305 3707 2359 omnia
3752 2322 3780 2356 ει

2076 2399 2336 2465 tempore
2390 2394 2719 2464 Vespasiani
2759 2400 2815 2450 et
2865 2395 2974 2449 Titi
3020 2395 3080 2449 in
3128 2392 3289 2448 vobis
3331 2395 3639 2464 hucusque
3683 2409 3780 2462 per
3834 2412 3835 2415 η

2077 2499 2290 2553 genera
2360 2487 2784 2537 tormentorum
2844 2484 2931 2537 vel
2981 2482 3374 2553 captivitatum
3433 2481 3777 2552 implentur.

2078 2572 2332 2640 Congere
2354 2570 2400 2624 si
2445 2570 2601 2624 vides
2632 2571 2779 2625 hanc
2808 2570 3196 2641 captivitatem
3227 2585 3358 2624 cum
3389 2569 3544 2635 aliis,
3594 2575 3653 2624 et
3700 2569 3778 2621 vi—

2077 2660 2237 2716 debis
2285 2665 2501 2730 quanto
2536 2676 2823 2714 annorum
2854 2675 3095 2714 numero
3134 2659 3263 2714 illas
3294 2658 3416 2713 hac
3446 2657 3580 2712 dira
3618 2660 3778 2712 vasti-

2075 2753 2161 2803 tas
2188 2748 2381 2802 vincit.

2145 2840 2235 2893 24.
2278 2837 2435 2892 Unde
2462 2837 2697 2893 obsecro
2729 2844 2786 2893 te
2828 2842 2893 2892 ut
2923 2853 3037 2892 non
3063 2843 3119 2892 te
3147 2837 3345 2908 pigeat
3372 2836 3520 2890 mihi
3570 2835 3773 2890 rescri-

2074 2926 2230 2992 bere,
2265 2943 2395 2997 qua
2416 2926 2717 2980 manifesta
2736 2926 2951 2980 exstitit
2978 2926 3165 2996 culpa,
3200 2941 3328 2996 qua
3358 2939 3479 2978 non
3504 2923 3774 2994 expiatur

273 3030 377 3084 per
414 3014 617 3067 Isaiam
650 3030 770 3067 esse
799 3030 913 3067 non
948 3012 1171 3067 nescis?
1204 3012 1310 3068 Sed
1340 3018 1483 3083 puto
1514 3013 1664 3083 quod
1701 3012 1823 3083 ipsa
1856 3028 1963 3066 ca-
2005 3041 2045 3096 ρ
2074 3031 2179 3085 per
2212 3021 2469 3085 tempora
2520 3020 2693 3069 tanta.
2741 3016 2882 3069 Nam
2930 3030 3128 3069 omnes
3159 3021 3356 3069 vestra
3386 3013 3768 3084 captivitates,

272 3101 429 3166 citas,
463 3118 592 3173 qua
610 3102 691 3156 ibi
720 3101 995 3173 pradicta
1020 3106 1122 3168 est,
1156 3103 1454 3156 oculorum
1484 3108 1718 3155 tuorum
1748 3101 1967 3155 lumina

273 3189 519 3261 caligine
551 3189 697 3262 tegit
727 3209 741 3245 :
794 3195 852 3245 et
878 3190 1015 3245 inde
1044 3206 1228 3245 cacus
1256 3190 1483 3245 animus
1508 3189 1823 3244 cacitatem
1858 3188 1965 3243 sibi

272 3280 461 3336 inesse
515 3295 630 3335 non
681 3279 879 3350 gemit.
943 3281 1086 3334 Nam
1143 3278 1420 3333 Dominus
1476 3278 1733 3346 sabaoth,
1791 3294 1963 3349 quem

271 3368 555 3439 Seraphin
599 3367 754 3423 trina
800 3368 1247 3424 sanctiﬁcatione
1279 3368 1513 3422 laudare
1552 3383 1670 3422 non
1721 3372 1962 3435 cessant,

272 3463 576 3530 postquam
620 3458 864 3513 carbone
896 3458 1046 3513 labia
1091 3460 1383 3529 propheta
1423 3457 1699 3512 mundare
1748 3456 1965 3527 forcipe

266 3545 458 3618 jussit,
488 3546 681 3601 taliter
705 3547 1006 3617 propheta
1042 3546 1185 3601 dixit
1218 3547 1374 3617 (Isa.,
1407 3545 1549 3616 8-10)
1581 3562 1593 3599 :
1643 3546 1808 3611 Quem
1836 3548 1961 3599 mit-

274 3640 403 3699 tam,
436 3640 487 3691 ct
517 3640 641 3703 quis
667 3636 769 3690 ibit
796 3637 950 3691 nobis
968 3638 998 3690 ?
1020 3634 1111 3689 cui
1128 3634 1407 3705 propheta
1423 3634 1542 3703 jam
1567 3634 1875 3688 mundatus
1895 3650 1963 3688 ex

273 3724 590 3796 pollutione
622 3724 1007 3779 habitantium
1040 3723 1119 3777 ait
1150 3740 1163 3778 :
1213 3726 1345 3777 Ecce
1375 3740 1489 3791 ego,
1538 3726 1692 3776 mitte
1720 3739 1821 3776 me.
1859 3722 1962 3777 Cui

272 3812 465 3867 statim
508 3812 715 3867 Trinus
761 3812 1037 3867 Dominus
1084 3812 1208 3866 ait:
1262 3811 1411 3866 Vade
1453 3815 1504 3864 et
1569 3811 1712 3864 diees
1757 3811 1963 3880 populo

273 3902 398 3956 huic
426 3919 445 3956 :
484 3902 693 3956 Audite
729 3902 1031 3963 audientes,
1067 3906 1117 3955 et
1146 3902 1311 3955 nolite
1338 3902 1676 3968 intelligere;
1708 3904 1758 3953 et
1786 3899 1963 3954 videte

271 3994 549 4052 visionem,
604 3995 656 4044 et
716 3992 882 4045 nolite
936 4006 1267 4057 cognoscere.
1340 3991 1565 4043 Emcaca
1621 4004 1712 4042 cor
1768 3989 1963 4057 populi

271 4078 457 4146 hujus,
509 4083 559 4132 et
606 4094 766 4132 aures
809 4079 928 4147 ejus
969 4094 1232 4147 aggrava,
1275 4082 1326 4131 et
1363 4078 1543 4131 oculos
1587 4077 1706 4144 ejus
1748 4076 1959 4139 claude,

273 4183 339 4220 ne
383 4168 525 4232 forte
574 4167 798 4220 videant
843 4167 1012 4219 oculis
1056 4170 1190 4225 suis,
1239 4169 1291 4218 et
1332 4166 1561 4219 auribus
1607 4166 1862 4224 audiant,
1912 4168 1964 4217 et

274 4253 434 4307 corde
470 4268 567 4307 suo
606 4254 935 4320 intelligant,
990 4258 1041 4307 et
1086 4258 1490 4315 convertantur,
1532 4258 1583 4308 et
1624 4268 1809 4308 sanem
1853 4268 1961 4310 eos.

2075 3109 2132 3157 et
2164 3102 2564 3174 dispersiones,
2597 3108 2653 3157 et
2683 3104 2986 3157 servitutes
3012 3117 3115 3173 per
3141 3118 3319 3174 regna
3357 3102 3591 3156 diversa
3641 3105 3772 3155 nota

2076 3198 2227 3259 sunt,
2261 3199 2318 3247 et
2346 3196 2490 3247 teste
2529 3192 2635 3246 sub
2664 3192 2785 3246 sole
2821 3208 2936 3246 non
2966 3192 3258 3262 indigent;
3295 3191 3435 3262 quin
3490 3190 3674 3245 etiam
3719 3194 3769 3243 et

2075 3285 2385 3351 antequam
2433 3282 2637 3336 ﬁerent
2682 3280 2983 3352 pratiuitis
3025 3280 3380 3350 temporibus
3422 3280 3626 3334 divino
3667 3295 3773 3333 ser-

2075 3385 2246 3423 mone
2285 3369 2463 3424 al'ﬁxa
2498 3375 2632 3423 sunt
2663 3386 2675 3423 :
2725 3369 2805 3423 ita
2837 3373 2901 3423 ut
2929 3369 3174 3439 amplius
3209 3385 3321 3422 non
3353 3368 3631 3423 existeret
3658 3384 3767 3422 ser-

2075 3458 2245 3527 vitus,
2298 3474 2472 3529 quam
2517 3458 2673 3529 quod
2713 3457 2888 3511 servis
2938 3459 3056 3511 suis
3085 3472 3271 3511 sermo
3304 3456 3604 3510 indicabat
3633 3456 3764 3511 divi-

2075 3562 2203 3600 nus.
2252 3547 2381 3601 Sola
2429 3547 2549 3601 hac
2577 3545 2875 3616 captivitas
2919 3546 3136 3617 absque
3172 3544 3420 3599 termino
3465 3544 3760 3607 indicitur,

2074 3640 2133 3690 et
2182 3636 2413 3706 quantis
2467 3635 2651 3701 annis,
2713 3634 3039 3706 quibusque
3088 3633 3445 3704 temporibus
3488 3634 3769 3687 relevetur

2073 3725 2344 3780 nescitur.
2396 3725 2554 3778 Nota
2586 3723 2739 3777 enim
2784 3723 2967 3793 culpa
3012 3722 3127 3777 ﬁne
3164 3722 3494 3776 habuerunt
3531 3720 3767 3792 ﬂagelli.

2074 3816 2205 3868 Hac
2237 3814 2355 3867 sola
2413 3829 2525 3866 non
2570 3811 2910 3882 specialiter,
2945 3811 3040 3865 sed
3073 3810 3423 3880 generaliter
3450 3814 3515 3864 ut
3561 3810 3765 3873 dicitis,

2075 3909 2231 3969 nota,
2268 3918 2369 3973 per
2404 3901 2609 3956 sacula
2639 3900 2897 3955 tenditur
2925 3906 3061 3954 tota.
3097 3899 3258 3963 Quod
3286 3899 3333 3952 si
3363 3906 3593 3969 tempus
3628 3915 3769 3970 pra-

2072 3991 2302 4047 ﬁnitum
2346 3989 2686 4050 ostenderis,
2737 3990 2950 4044 victum
2983 4004 3075 4042 me
3105 3989 3284 4043 fatear
3312 4003 3454 4040 esse.
3486 3986 3641 4057 Opto
3693 3991 3768 4039 tc-

2071 4096 2225 4147 cum,
2278 4080 2325 4133 si
2373 4078 2512 4133 velis
2541 4078 2856 4144 Christum,
2889 4092 3087 4147 pacem
3138 4075 3349 4129 habere
3382 4090 3396 4128 :
3438 4073 3486 4126 si
3518 4089 3690 4127 secus
3717 4071 3768 4124 id

2072 4169 2267 4226 animo
2316 4172 2540 4231 tractas,
2594 4166 2830 4220 demens
2862 4165 3075 4232 existis,
3119 4168 3177 4217 et
3207 4179 3411 4235 nugas,
3443 4162 3546 4234 qui
3590 4161 3764 4216 ﬁnem

2073 4258 2323 4315 termino
2368 4256 2617 4326 pessimo
2648 4254 2886 4320 claudis,
2914 4269 3017 4307 nec
3045 4252 3222 4307 tantis
3249 4256 3308 4306 et
3336 4251 3548 4305 talibus
3589 4250 3767 4304 durus

275 4340 318 4395 0
364 4356 541 4411 quam
587 4346 846 4413 apertam
875 4346 1129 4396 Sanctam
1161 4346 1217 4396 et
1245 4341 1597 4396 ineffabilem
1625 4341 1963 4396 Trinitatem
2002 4365 2047 4418 1)
2073 4346 2376 4404 mullescis.
2430 4344 2661 4416 Aperiat
2693 4344 2793 4398 tibi
2827 4345 2976 4399 Deus
3004 4342 3199 4397 oculos
3237 4340 3446 4406 cordis,
3488 4339 3591 4411 qui
3621 4353 3765 4393 sem-

274 4428 367 4484 hic
396 4445 598 4484 sensus
637 4429 1011 4493 demonstrat,
1063 4430 1167 4484 etsi
1198 4446 1311 4484 non
1358 4445 1416 4483 se
1448 4430 1595 4485 ultro
1630 4431 1964 4486 offerentem

274 4518 536 4573 sensibus
574 4516 796 4573 cacitas
836 4518 1112 4588 pradicta
1154 4519 1475 4573 obsisteret.
1518 4519 1815 4590 Intelligis,
1867 4535 1965 4573 ve-

274 4606 489 4662 cordia
530 4607 731 4675 fomes,
781 4605 917 4678 quia
975 4606 1345 4677 omnipotens
1395 4608 1668 4662 Dominus
1726 4606 1967 4662 sabaoth

275 4694 709 4749 conversionem
739 4698 986 4748 vestram
1019 4694 1184 4765 quasi
1229 4695 1519 4767 quoddam
1569 4695 1784 4749 facinus
1824 4695 1965 4763 odit,

275 4789 333 4838 et
380 4784 705 4839 occasiones
764 4783 1132 4838 convertendi
1182 4783 1344 4839 vobis
1401 4800 1516 4839 non
1566 4784 1806 4854 prabet,
1868 4783 1967 4839 sed

274 4871 458 4927 tollit?
490 4872 627 4926 Vide
676 4871 812 4942 quid
849 4871 1002 4926 dicat
1034 4888 1047 4925 :
1094 4873 1172 4928 Ne
1198 4875 1341 4940 forte
1380 4872 1603 4926 videant
1630 4874 1799 4927 oculis
1828 4875 1961 4927 suis.

277 4959 344 5013 Et
387 4975 519 5014 cum
570 4960 716 5014 Deus
766 4960 1203 5015 conversionem
1260 4965 1505 5015 vestram
1554 4976 1967 5033 usquequaque

278 5062 394 5101 non
438 5048 657 5119 cupiat;
708 5048 841 5120 quis
881 5047 1164 5119 insipiens
1211 5055 1315 5119 est,
1363 5050 1464 5123 qui
1511 5066 1609 5105 vos
1657 5050 1967 5119 aliquando

278 5137 688 5192 convertendos
749 5137 1067 5208 pradicet?
1117 5140 1349 5195 Poteras
1396 5140 1548 5194 enim
1611 5139 1756 5193 hanc
1809 5139 1973 5193 visio-

278 5240 413 5279 nem
463 5224 622 5280 Isaia
653 5227 1006 5298 conspicere,
1058 5234 1117 5284 et
1145 5229 1315 5285 corde
1357 5244 1715 5299 cognoscere,
1767 5233 1824 5283 et
1852 5227 1971 5284 Tri-

280 5312 519 5367 nitatem
570 5313 720 5369 trina
778 5315 1223 5372 sanctiﬁcatione
1276 5317 1577 5387 repetitam
1626 5317 1880 5384 credere,
1924 5315 1971 5370 si

279 5417 470 5457 sermo
501 5400 729 5458 divinus
758 5419 874 5459 non
904 5405 1118 5462 diceret
1147 5422 1160 5461 :
1192 5408 1418 5461 Excaca
1440 5422 1531 5460 cor
1548 5408 1747 5476 populi
1777 5406 1966 5475 hujus,

279 5495 336 5543 et
359 5506 458 5546 cor
487 5491 714 5561 indura,
748 5498 805 5548 et
848 5498 912 5547 ut
943 5495 1123 5565 ipsam
1156 5494 1467 5550 cacitatem
1499 5500 1840 5566 perpetuam
1870 5495 1966 5549 de-

352 5624 377 5650 ⁸
408 5617 602 5673 Bucol.
635 5619 836 5689 Ecloga
865 5636 979 5687 vui,
1011 5635 1155 5674 vers.
1196 5621 1312 5674 108.

2073 4453 2179 4510 per
2210 4440 2413 4508 regnat
2442 4434 2501 4488 in
2534 4433 2757 4488 saculis
2783 4431 3047 4487 inﬁnitis.
3079 4435 3282 4486 Amen.

2858 4557 2990 4612 XIX.

2185 4679 2326 4721 ITBII
2373 4679 2626 4720 EPISTOLA
2660 4678 3129 4719 TRANSGRESSORIS
3165 4677 3373 4717 ALVARO
3415 4674 3669 4715 DIBECTA.

2148 4788 2232 4844 0b
2264 4787 2536 4843 meritum
2566 4792 2798 4842 aterna
2829 4786 3225 4842 retributionis
3252 4784 3453 4841 devovi
3482 4799 3576 4838 me
3607 4785 3766 4838 sedu-

2079 4880 2197 4933 lum
2242 4878 2303 4933 in
2333 4879 2458 4950 lege
2491 4876 2722 4931 Domini
2751 4876 3080 4931 consistere.
3122 4874 3369 4945 Ideoque
3416 4872 3766 4944 superstitio-

2078 4983 2206 5022 sum
2247 4965 2384 5021 duxi
2413 4973 2755 5021 cunctorum
2795 4979 3000 5020 canum
3035 4963 3368 5034 rapidorum
3421 4961 3766 5032 respondere

2076 5055 2399 5111 latratibus.
2449 5054 2665 5109 Tamen
2715 5054 2761 5108 si
2807 5054 2869 5108 in
2910 5059 2964 5107 te
3010 5052 3268 5106 fomitem
3316 5051 3629 5122 quemdam
3675 5048 3768 5104 ubi

2078 5143 2364 5215 igniculus
2402 5141 2540 5197 ﬁdei
2570 5141 2802 5197 accendi
2841 5145 3033 5213 posset
3079 5139 3556 5206 considerassem,
3607 5138 3763 5193 forsi-

2078 5239 2178 5286 tan
2208 5231 2312 5286 tibi
2342 5232 2430 5286 vel
2466 5230 2684 5303 aliquid
2733 5229 3126 5295 rescriberem,
3174 5228 3331 5284 unde
3361 5228 3511 5283 bene
3561 5243 3738 5299 coguo

2078 5336 2283 5384 sceres,
2333 5319 2489 5392 quod
2543 5323 2600 5374 et
2655 5324 2715 5374 tu
2775 5318 2875 5390 qui
2926 5318 3266 5389 compilator
3317 5333 3399 5381 es,
3458 5320 3518 5371 et
3565 5316 3651 5371 illi
3706 5314 3763 5370 de

2078 5426 2326 5482 quorum
2373 5409 2535 5464 libris
2578 5409 2700 5463 hac
2746 5407 3015 5476 traxistis,
3065 5406 3287 5463 erratis.
3345 5407 3457 5462 Pro
3510 5406 3620 5461 hac
3675 5411 3760 5461 tua

2080 5498 2318 5554 Kartula
2346 5497 2650 5568 falsiloqua
2678 5512 2981 5567 possumus
3009 5497 3148 5552 illud
3185 5494 3403 5565 Virgilii
3431 5495 3626 5550 dicere
3653 5506 3695 5549 ³.
