  <div class='ocr_page' id='page_1' title='image "/cluster/home/n/w/nwhite01/storage/ocr_20150623/121/uva.x000827051/266.png"; bbox 0 0 3860 6262; ppageno 0'>
   <div class='ocr_carea' id='block_1_1' title="bbox 44 298 127 344">
    <p class='ocr_par' dir='ltr' id='par_1_1' title="bbox 44 298 127 344">
     <span class='ocr_line' id='line_1_1' title="bbox 44 298 127 344; baseline 0 -3"><span class='ocrx_word' id='word_1_1' title='bbox 44 298 127 344; x_wconf 65' lang='grc' dir='ltr'>Ἠἱί</span> 
     </span>
    </p>
   </div>
   <div class='ocr_carea' id='block_1_2' title="bbox 146 426 1667 488">
    <p class='ocr_par' dir='ltr' id='par_1_2' title="bbox 146 426 1667 488">
     <span class='ocr_line' id='line_1_2' title="bbox 146 426 1667 488; baseline 0.001 -13"><span class='ocrx_word' id='word_1_2' title='bbox 146 427 461 475; x_wconf 78' lang='lat' dir='ltr'>Credimus?</span> <span class='ocrx_word' id='word_1_3' title='bbox 491 440 554 473; x_wconf 85' lang='lat' dir='ltr'>an</span> <span class='ocrx_word' id='word_1_4' title='bbox 589 426 677 488; x_wconf 86' lang='lat' dir='ltr'>qui</span> <span class='ocrx_word' id='word_1_5' title='bbox 704 429 904 484; x_wconf 81' lang='lat' dir='ltr'>ainant,</span> <span class='ocrx_word' id='word_1_6' title='bbox 938 426 1034 487; x_wconf 83' lang='lat' dir='ltr'>ipsi</span> <span class='ocrx_word' id='word_1_7' title='bbox 1063 426 1161 473; x_wconf 83' lang='lat' dir='ltr'>sibi</span> <span class='ocrx_word' id='word_1_8' title='bbox 1192 427 1397 475; x_wconf 88' lang='lat' dir='ltr'>somnia</span> <span class='ocrx_word' id='word_1_9' title='bbox 1428 427 1667 488; x_wconf 80' lang='lat' dir='ltr'>tingunt?</span> 
     </span>
    </p>
   </div>
   <div class='ocr_carea' id='block_1_3' title="bbox 43 526 355 579">
    <p class='ocr_par' dir='ltr' id='par_1_3' title="bbox 43 526 355 579">
     <span class='ocr_line' id='line_1_3' title="bbox 43 526 355 579; baseline -0.006 0"><span class='ocrx_word' id='word_1_10' title='bbox 43 529 91 579; x_wconf 82' lang='lat' dir='ltr'>Et</span> <span class='ocrx_word' id='word_1_11' title='bbox 121 526 253 578; x_wconf 78' lang='lat' dir='ltr'>alibi</span> <span class='ocrx_word' id='word_1_12' title='bbox 283 534 307 557; x_wconf 76' lang='grc'>³</span> <span class='ocrx_word' id='word_1_13' title='bbox 344 541 355 577; x_wconf 87' lang='lat'><strong>:</strong></span> 
     </span>
    </p>
   </div>
   <div class='ocr_carea' id='block_1_4' title="bbox 143 628 1577 687">
    <p class='ocr_par' dir='ltr' id='par_1_4' title="bbox 143 628 1577 687">
     <span class='ocr_line' id='line_1_4' title="bbox 143 628 1577 687; baseline 0 -10"><span class='ocrx_word' id='word_1_14' title='bbox 143 630 241 687; x_wconf 86' lang='lat' dir='ltr'>Qui</span> <span class='ocrx_word' id='word_1_15' title='bbox 272 630 488 677; x_wconf 87' lang='lat' dir='ltr'>Barium</span> <span class='ocrx_word' id='word_1_16' title='bbox 522 642 630 677; x_wconf 90' lang='lat' dir='ltr'>non</span> <span class='ocrx_word' id='word_1_17' title='bbox 660 628 789 687; x_wconf 89' lang='lat' dir='ltr'>odit,</span> <span class='ocrx_word' id='word_1_18' title='bbox 824 632 962 676; x_wconf 85' lang='lat' dir='ltr'>amet</span> <span class='ocrx_word' id='word_1_19' title='bbox 986 632 1074 676; x_wconf 82' lang='lat' dir='ltr'>tua</span> <span class='ocrx_word' id='word_1_20' title='bbox 1106 630 1359 687; x_wconf 77' lang='lat' dir='ltr'>carmina,</span> <span class='ocrx_word' id='word_1_21' title='bbox 1394 630 1577 687; x_wconf 71' lang='lat' dir='ltr'>vai;</span> 
     </span>
    </p>
   </div>
   <div class='ocr_carea' id='block_1_5' title="bbox 142 707 1474 771">
    <p class='ocr_par' dir='ltr' id='par_1_5' title="bbox 142 707 1474 771">
     <span class='ocr_line' id='line_1_5' title="bbox 142 707 1474 771; baseline -0.002 -14"><span class='ocrx_word' id='word_1_22' title='bbox 142 711 311 771; x_wconf 78' lang='lat' dir='ltr'>Atque</span> <span class='ocrx_word' id='word_1_23' title='bbox 343 709 483 757; x_wconf 88' lang='lat' dir='ltr'>idem</span> <span class='ocrx_word' id='word_1_24' title='bbox 505 708 693 771; x_wconf 78' lang='lat' dir='ltr'>jungat</span> <span class='ocrx_word' id='word_1_25' title='bbox 719 708 920 770; x_wconf 82' lang='lat' dir='ltr'>vulpes,</span> <span class='ocrx_word' id='word_1_26' title='bbox 948 711 1000 755; x_wconf 91' lang='lat' dir='ltr'>et</span> <span class='ocrx_word' id='word_1_27' title='bbox 1025 707 1257 770; x_wconf 79' lang='lat' dir='ltr'>mulgeat</span> <span class='ocrx_word' id='word_1_28' title='bbox 1282 708 1474 756; x_wconf 87' lang='lat' dir='ltr'>hircos.</span> 
     </span>
    </p>
   </div>
   <div class='ocr_carea' id='block_1_6' title="bbox 43 806 1723 876">
    <p class='ocr_par' dir='ltr' id='par_1_6' title="bbox 43 806 1723 876">
     <span class='ocr_line' id='line_1_6' title="bbox 43 806 1723 876; baseline -0.001 -15"><span class='ocrx_word' id='word_1_29' title='bbox 43 810 168 861; x_wconf 77' lang='lat' dir='ltr'>Deus</span> <span class='ocrx_word' id='word_1_30' title='bbox 200 807 591 876; x_wconf 88' lang='lat' dir='ltr'>omnipotens,</span> <span class='ocrx_word' id='word_1_31' title='bbox 638 812 857 859; x_wconf 82' lang='lat' dir='ltr'>creator</span> <span class='ocrx_word' id='word_1_32' title='bbox 887 806 1013 859; x_wconf 64' lang='lat' dir='ltr'>caeli</span> <span class='ocrx_word' id='word_1_33' title='bbox 1043 811 1098 858; x_wconf 91' lang='lat' dir='ltr'>et</span> <span class='ocrx_word' id='word_1_34' title='bbox 1128 811 1315 867; x_wconf 72' lang='lat' dir='ltr'>terrae,</span> <span class='ocrx_word' id='word_1_35' title='bbox 1350 808 1478 875; x_wconf 87' lang='lat' dir='ltr'>pius</span> <span class='ocrx_word' id='word_1_36' title='bbox 1510 812 1564 859; x_wconf 92' lang='lat' dir='ltr'>et</span> <span class='ocrx_word' id='word_1_37' title='bbox 1598 809 1723 875; x_wconf 87' lang='lat' dir='ltr'>glo-</span> 
     </span>
    </p>
   </div>
   <div class='ocr_carea' id='block_1_7' title="bbox 43 894 1724 965">
    <p class='ocr_par' dir='ltr' id='par_1_7' title="bbox 43 894 1724 965">
     <span class='ocr_line' id='line_1_7' title="bbox 43 894 1724 965; baseline -0.002 -15"><span class='ocrx_word' id='word_1_38' title='bbox 43 898 204 950; x_wconf 84' lang='lat' dir='ltr'>riosns</span> <span class='ocrx_word' id='word_1_39' title='bbox 248 896 424 959; x_wconf 89' lang='lat' dir='ltr'>Deus,</span> <span class='ocrx_word' id='word_1_40' title='bbox 472 896 563 948; x_wconf 89' lang='lat' dir='ltr'>cui</span> <span class='ocrx_word' id='word_1_41' title='bbox 594 901 651 948; x_wconf 88' lang='lat' dir='ltr'>tu</span> <span class='ocrx_word' id='word_1_42' title='bbox 687 894 1062 965; x_wconf 84' lang='lat' dir='ltr'>exprobrasti,</span> <span class='ocrx_word' id='word_1_43' title='bbox 1099 895 1194 947; x_wconf 89' lang='lat' dir='ltr'>ille</span> <span class='ocrx_word' id='word_1_44' title='bbox 1226 894 1297 948; x_wconf 88' lang='lat' dir='ltr'>sit</span> <span class='ocrx_word' id='word_1_45' title='bbox 1329 896 1479 947; x_wconf 89' lang='lat' dir='ltr'>ultor</span> <span class='ocrx_word' id='word_1_46' title='bbox 1508 900 1562 948; x_wconf 91' lang='lat' dir='ltr'>et</span> <span class='ocrx_word' id='word_1_47' title='bbox 1592 895 1724 948; x_wconf 82' lang='lat' dir='ltr'>vin-</span> 
     </span>
    </p>
   </div>
   <div class='ocr_carea' id='block_1_8' title="bbox 44 983 1715 1054">
    <p class='ocr_par' dir='ltr' id='par_1_8' title="bbox 44 983 1715 1054">
     <span class='ocr_line' id='line_1_8' title="bbox 44 983 1715 1054; baseline 0.001 -16"><span class='ocrx_word' id='word_1_48' title='bbox 44 986 127 1038; x_wconf 77' lang='lat' dir='ltr'>iex</span> <span class='ocrx_word' id='word_1_49' title='bbox 158 1000 321 1037; x_wconf 84' lang='lat' dir='ltr'>exeo</span> <span class='ocrx_word' id='word_1_50' title='bbox 354 983 753 1054; x_wconf 86' lang='lat' dir='ltr'>quodineum</span> <span class='ocrx_word' id='word_1_51' title='bbox 783 983 1715 1040; x_wconf 81' lang='lat' dir='ltr'>dixisti.....................</span> 
     </span>
    </p>
   </div>
   <div class='ocr_carea' id='block_1_9' title="bbox 100 1220 1650 1273">
    <p class='ocr_par' dir='ltr' id='par_1_9' title="bbox 100 1220 1650 1273">
     <span class='ocr_line' id='line_1_9' title="bbox 100 1220 1650 1273; baseline -0.003 -12"><span class='ocrx_word' id='word_1_52' title='bbox 100 1224 213 1261; x_wconf 66' lang='grc' dir='ltr'>ΠΕΜ</span> <span class='ocrx_word' id='word_1_53' title='bbox 261 1222 649 1261; x_wconf 74' lang='lat' dir='ltr'>RECIPROCATIO</span> <span class='ocrx_word' id='word_1_54' title='bbox 696 1222 910 1273; x_wconf 73' lang='lat' dir='ltr'>ALVARI,</span> <span class='ocrx_word' id='word_1_55' title='bbox 951 1220 1372 1259; x_wconf 78' lang='lat' dir='ltr'>TRANSGRESSORI</span> <span class='ocrx_word' id='word_1_56' title='bbox 1412 1221 1650 1258; x_wconf 72' lang='lat' dir='ltr'>DIRECTA.</span> 
     </span>
    </p>
   </div>
   <div class='ocr_carea' id='block_1_10' title="bbox 102 1311 1724 1383">
    <p class='ocr_par' dir='ltr' id='par_1_10' title="bbox 102 1311 1724 1383">
     <span class='ocr_line' id='line_1_10' title="bbox 102 1311 1724 1383; baseline -0.001 -18"><span class='ocrx_word' id='word_1_57' title='bbox 102 1315 228 1376; x_wconf 81' lang='lat' dir='ltr'>Quae</span> <span class='ocrx_word' id='word_1_58' title='bbox 264 1314 449 1383; x_wconf 77' lang='lat' dir='ltr'>stylus</span> <span class='ocrx_word' id='word_1_59' title='bbox 480 1318 594 1366; x_wconf 62' lang='lat' dir='ltr'>tua:</span> <span class='ocrx_word' id='word_1_60' title='bbox 627 1313 1047 1383; x_wconf 87' lang='lat' dir='ltr'>prosecutionis</span> <span class='ocrx_word' id='word_1_61' title='bbox 1075 1312 1288 1377; x_wconf 85' lang='lat' dir='ltr'>elicuit,</span> <span class='ocrx_word' id='word_1_62' title='bbox 1318 1311 1565 1383; x_wconf 80' lang='lat' dir='ltr'>impigre</span> <span class='ocrx_word' id='word_1_63' title='bbox 1596 1327 1724 1365; x_wconf 88' lang='lat' dir='ltr'>ocu-</span> 
     </span>
    </p>
   </div>
   <div class='ocr_carea' id='block_1_11' title="bbox 45 1401 1728 1473">
    <p class='ocr_par' dir='ltr' id='par_1_11' title="bbox 45 1401 1728 1473">
     <span class='ocr_line' id='line_1_11' title="bbox 45 1401 1728 1473; baseline -0.001 -19"><span class='ocrx_word' id='word_1_64' title='bbox 45 1403 119 1454; x_wconf 86' lang='lat' dir='ltr'>lus</span> <span class='ocrx_word' id='word_1_65' title='bbox 146 1403 545 1472; x_wconf 67' lang='lat' dir='ltr'>prmcucurrit,</span> <span class='ocrx_word' id='word_1_66' title='bbox 581 1408 639 1456; x_wconf 92' lang='lat' dir='ltr'>et</span> <span class='ocrx_word' id='word_1_67' title='bbox 666 1408 722 1455; x_wconf 90' lang='lat' dir='ltr'>te</span> <span class='ocrx_word' id='word_1_68' title='bbox 768 1402 1039 1456; x_wconf 81' lang='lat' dir='ltr'>vitantem</span> <span class='ocrx_word' id='word_1_69' title='bbox 1085 1402 1405 1473; x_wconf 88' lang='lat' dir='ltr'>periculum</span> <span class='ocrx_word' id='word_1_70' title='bbox 1439 1401 1728 1471; x_wconf 86' lang='lat' dir='ltr'>sapienter</span> 
     </span>
    </p>
   </div>
   <div class='ocr_carea' id='block_1_12' title="bbox 46 1490 1722 1561">
    <p class='ocr_par' dir='ltr' id='par_1_12' title="bbox 46 1490 1722 1561">
     <span class='ocr_line' id='line_1_12' title="bbox 46 1490 1722 1561; baseline -0.001 -18"><span class='ocrx_word' id='word_1_71' title='bbox 46 1491 273 1543; x_wconf 87' lang='lat' dir='ltr'>miravit.</span> <span class='ocrx_word' id='word_1_72' title='bbox 315 1491 529 1544; x_wconf 85' lang='lat' dir='ltr'>Verum</span> <span class='ocrx_word' id='word_1_73' title='bbox 572 1491 709 1561; x_wconf 84' lang='lat' dir='ltr'>quia</span> <span class='ocrx_word' id='word_1_74' title='bbox 756 1491 1010 1561; x_wconf 83' lang='lat' dir='ltr'>prudens</span> <span class='ocrx_word' id='word_1_75' title='bbox 1059 1497 1179 1544; x_wconf 90' lang='lat' dir='ltr'>arte</span> <span class='ocrx_word' id='word_1_76' title='bbox 1223 1490 1506 1544; x_wconf 89' lang='lat' dir='ltr'>rhetorica</span> <span class='ocrx_word' id='word_1_77' title='bbox 1554 1490 1722 1553; x_wconf 89' lang='lat' dir='ltr'>ludis,</span> 
     </span>
    </p>
   </div>
   <div class='ocr_carea' id='block_1_13' title="bbox 46 1578 1725 1651">
    <p class='ocr_par' dir='ltr' id='par_1_13' title="bbox 46 1578 1725 1651">
     <span class='ocr_line' id='line_1_13' title="bbox 46 1578 1725 1651; baseline 0 -21"><span class='ocrx_word' id='word_1_78' title='bbox 46 1588 89 1631; x_wconf 78' lang='lat' dir='ltr'>et</span> <span class='ocrx_word' id='word_1_79' title='bbox 126 1578 424 1649; x_wconf 85' lang='lat' dir='ltr'>pisoniano</span> <span class='ocrx_word' id='word_1_80' title='bbox 464 1580 604 1633; x_wconf 89' lang='lat' dir='ltr'>vitio</span> <span class='ocrx_word' id='word_1_81' title='bbox 654 1580 789 1633; x_wconf 91' lang='lat' dir='ltr'>dum</span> <span class='ocrx_word' id='word_1_82' title='bbox 841 1581 1074 1651; x_wconf 84' lang='lat' dir='ltr'>loquere</span> <span class='ocrx_word' id='word_1_83' title='bbox 1118 1580 1321 1645; x_wconf 88' lang='lat' dir='ltr'>nescis,</span> <span class='ocrx_word' id='word_1_84' title='bbox 1374 1584 1559 1633; x_wconf 86' lang='lat' dir='ltr'>tacere</span> <span class='ocrx_word' id='word_1_85' title='bbox 1610 1594 1725 1631; x_wconf 91' lang='lat' dir='ltr'>non</span> 
     </span>
    </p>
   </div>
   <div class='ocr_carea' id='block_1_14' title="bbox 47 1668 1727 1739">
    <p class='ocr_par' dir='ltr' id='par_1_14' title="bbox 47 1668 1727 1739">
     <span class='ocr_line' id='line_1_14' title="bbox 47 1668 1727 1739; baseline 0.001 -21"><span class='ocrx_word' id='word_1_86' title='bbox 47 1671 197 1733; x_wconf 84' lang='lat' dir='ltr'>vales,</span> <span class='ocrx_word' id='word_1_87' title='bbox 223 1673 418 1738; x_wconf 87' lang='lat' dir='ltr'>atque,</span> <span class='ocrx_word' id='word_1_88' title='bbox 452 1674 514 1721; x_wconf 91' lang='lat' dir='ltr'>ut</span> <span class='ocrx_word' id='word_1_89' title='bbox 534 1669 741 1722; x_wconf 68' lang='lat' dir='ltr'>fabula:</span> <span class='ocrx_word' id='word_1_90' title='bbox 764 1668 973 1733; x_wconf 88' lang='lat' dir='ltr'>ferunt,</span> <span class='ocrx_word' id='word_1_91' title='bbox 996 1669 1195 1739; x_wconf 88' lang='lat' dir='ltr'>lupum</span> <span class='ocrx_word' id='word_1_92' title='bbox 1218 1668 1453 1721; x_wconf 84' lang='lat' dir='ltr'>auribus</span> <span class='ocrx_word' id='word_1_93' title='bbox 1477 1669 1727 1721; x_wconf 89' lang='lat' dir='ltr'>retinens</span> 
     </span>
    </p>
   </div>
   <div class='ocr_carea' id='block_1_15' title="bbox 44 1756 1727 1827">
    <p class='ocr_par' dir='ltr' id='par_1_15' title="bbox 44 1756 1727 1827">
     <span class='ocr_line' id='line_1_15' title="bbox 44 1756 1727 1827; baseline 0 -19"><span class='ocrx_word' id='word_1_94' title='bbox 44 1772 129 1808; x_wconf 87' lang='lat' dir='ltr'>nec</span> <span class='ocrx_word' id='word_1_95' title='bbox 161 1763 356 1809; x_wconf 87' lang='lat' dir='ltr'>tenere</span> <span class='ocrx_word' id='word_1_96' title='bbox 391 1763 575 1827; x_wconf 82' lang='lat' dir='ltr'>potes,</span> <span class='ocrx_word' id='word_1_97' title='bbox 610 1773 713 1811; x_wconf 91' lang='lat' dir='ltr'>nec</span> <span class='ocrx_word' id='word_1_98' title='bbox 754 1757 908 1810; x_wconf 90' lang='lat' dir='ltr'>vales</span> <span class='ocrx_word' id='word_1_99' title='bbox 942 1757 1249 1823; x_wconf 87' lang='lat' dir='ltr'>dimittere,</span> <span class='ocrx_word' id='word_1_100' title='bbox 1285 1756 1414 1809; x_wconf 91' lang='lat' dir='ltr'>ideo</span> <span class='ocrx_word' id='word_1_101' title='bbox 1446 1756 1548 1809; x_wconf 87' lang='lat' dir='ltr'>tibi</span> <span class='ocrx_word' id='word_1_102' title='bbox 1597 1762 1727 1826; x_wconf 86' lang='lat' dir='ltr'>apte</span> 
     </span>
    </p>
   </div>
   <div class='ocr_carea' id='block_1_16' title="bbox 46 1847 422 1914">
    <p class='ocr_par' dir='ltr' id='par_1_16' title="bbox 46 1847 422 1914">
     <span class='ocr_line' id='line_1_16' title="bbox 46 1847 422 1914; baseline 0.011 -18"><span class='ocrx_word' id='word_1_103' title='bbox 46 1847 176 1898; x_wconf 87' lang='lat' dir='ltr'>canit</span> <span class='ocrx_word' id='word_1_104' title='bbox 204 1850 371 1914; x_wconf 89' lang='lat' dir='ltr'>poeta</span> <span class='ocrx_word' id='word_1_105' title='bbox 409 1863 422 1900; x_wconf 95' lang='lat'>:</span> 
     </span>
    </p>
   </div>
   <div class='ocr_carea' id='block_1_17' title="bbox 104 1970 761 2039">
    <p class='ocr_par' dir='ltr' id='par_1_17' title="bbox 104 1970 761 2039">
     <span class='ocr_line' id='line_1_17' title="bbox 104 1970 761 2039; baseline 0.002 -18"><span class='ocrx_word' id='word_1_106' title='bbox 104 1980 123 2001; x_wconf 73' lang='grc'>³</span> <span class='ocrx_word' id='word_1_107' title='bbox 154 1970 353 2039; x_wconf 83' lang='lat' dir='ltr'>Ecloga</span> <span class='ocrx_word' id='word_1_108' title='bbox 384 1986 466 2033; x_wconf 88' lang='lat' dir='ltr'>iu,</span> <span class='ocrx_word' id='word_1_109' title='bbox 493 1985 636 2022; x_wconf 80' lang='lat' dir='ltr'>vers.</span> <span class='ocrx_word' id='word_1_110' title='bbox 673 1971 761 2022; x_wconf 88' lang='grc'>90.</span> 
     </span>
    </p>
   </div>
   <div class='ocr_carea' id='block_1_18' title="bbox 1363 291 2189 351">
    <p class='ocr_par' dir='ltr' id='par_1_18' title="bbox 1363 291 2189 351">
     <span class='ocr_line' id='line_1_18' title="bbox 1363 291 2189 351; baseline 0.004 -8"><span class='ocrx_word' id='word_1_111' title='bbox 1363 291 1736 347; x_wconf 73' lang='lat' dir='ltr'>INDICUI.US</span> <span class='ocrx_word' id='word_1_112' title='bbox 1780 294 2189 351; x_wconf 77' lang='lat' dir='ltr'>LUMINOSUS.</span> 
     </span>
    </p>
   </div>
   <div class='ocr_carea' id='block_1_19' title="bbox 1765 434 1810 484">
    <p class='ocr_par' dir='ltr' id='par_1_19' title="bbox 1765 434 1810 484">
     <span class='ocr_line' id='line_1_19' title="bbox 1765 434 1810 484; baseline 0 0"><span class='ocrx_word' id='word_1_113' title='bbox 1765 434 1810 484; x_wconf 76' lang='grc' dir='ltr'><strong>Α</strong></span> 
     </span>
    </p>
   </div>
   <div class='ocr_carea' id='block_1_20' title="bbox 1969 431 3373 497">
    <p class='ocr_par' dir='ltr' id='par_1_20' title="bbox 1969 431 3373 497">
     <span class='ocr_line' id='line_1_20' title="bbox 1969 431 3373 497; baseline 0.003 -20"><span class='ocrx_word' id='word_1_114' title='bbox 1969 431 2119 487; x_wconf 87' lang='lat' dir='ltr'>Quod</span> <span class='ocrx_word' id='word_1_115' title='bbox 2152 435 2298 492; x_wconf 84' lang='lat' dir='ltr'>potes</span> <span class='ocrx_word' id='word_1_116' title='bbox 2327 431 2377 478; x_wconf 90' lang='lat' dir='ltr'>id</span> <span class='ocrx_word' id='word_1_117' title='bbox 2411 435 2574 489; x_wconf 84' lang='lat' dir='ltr'>tenta,</span> <span class='ocrx_word' id='word_1_118' title='bbox 2601 433 2771 493; x_wconf 85' lang='lat' dir='ltr'>operis</span> <span class='ocrx_word' id='word_1_119' title='bbox 2804 445 2869 481; x_wconf 88' lang='lat' dir='ltr'>ne</span> <span class='ocrx_word' id='word_1_120' title='bbox 2897 433 3128 495; x_wconf 90' lang='lat' dir='ltr'>pondere</span> <span class='ocrx_word' id='word_1_121' title='bbox 3162 447 3373 497; x_wconf 85' lang='lat' dir='ltr'>pressus</span> 
     </span>
    </p>
   </div>
   <div class='ocr_carea' id='block_1_21' title="bbox 1968 510 3295 577">
    <p class='ocr_par' dir='ltr' id='par_1_21' title="bbox 1968 510 3295 577">
     <span class='ocr_line' id='line_1_21' title="bbox 1968 510 3295 577; baseline 0.004 -21"><span class='ocrx_word' id='word_1_122' title='bbox 1968 510 2247 558; x_wconf 88' lang='lat' dir='ltr'>lncumbat</span> <span class='ocrx_word' id='word_1_123' title='bbox 2276 510 2441 577; x_wconf 76' lang='lat' dir='ltr'>labor,</span> <span class='ocrx_word' id='word_1_124' title='bbox 2472 515 2523 559; x_wconf 91' lang='lat' dir='ltr'>et</span> <span class='ocrx_word' id='word_1_125' title='bbox 2551 510 2745 560; x_wconf 78' lang='lat' dir='ltr'>frustra</span> <span class='ocrx_word' id='word_1_126' title='bbox 2775 516 2973 561; x_wconf 84' lang='lat' dir='ltr'>tentata</span> <span class='ocrx_word' id='word_1_127' title='bbox 3006 514 3295 576; x_wconf 87' lang='lat' dir='ltr'>relinquas.</span> 
     </span>
    </p>
   </div>
   <div class='ocr_carea' id='block_1_22' title="bbox 1910 609 3521 683">
    <p class='ocr_par' dir='ltr' id='par_1_22' title="bbox 1910 609 3521 683">
     <span class='ocr_line' id='line_1_22' title="bbox 1910 609 3521 683; baseline 0.002 -20"><span class='ocrx_word' id='word_1_128' title='bbox 1910 609 2017 663; x_wconf 91' lang='lat' dir='ltr'>Sed</span> <span class='ocrx_word' id='word_1_129' title='bbox 2050 615 2112 662; x_wconf 92' lang='lat' dir='ltr'>ut</span> <span class='ocrx_word' id='word_1_130' title='bbox 2142 625 2234 663; x_wconf 90' lang='lat' dir='ltr'>me</span> <span class='ocrx_word' id='word_1_131' title='bbox 2277 609 2377 680; x_wconf 86' lang='lat' dir='ltr'>qui</span> <span class='ocrx_word' id='word_1_132' title='bbox 2411 610 2517 662; x_wconf 90' lang='lat' dir='ltr'>sim</span> <span class='ocrx_word' id='word_1_133' title='bbox 2550 610 2671 681; x_wconf 90' lang='lat' dir='ltr'>ipse</span> <span class='ocrx_word' id='word_1_134' title='bbox 2709 627 3031 681; x_wconf 82' lang='lat' dir='ltr'>cognoscas.</span> <span class='ocrx_word' id='word_1_135' title='bbox 3070 618 3123 666; x_wconf 91' lang='lat' dir='ltr'>et</span> <span class='ocrx_word' id='word_1_136' title='bbox 3158 614 3407 683; x_wconf 84' lang='lat' dir='ltr'>amplius</span> <span class='ocrx_word' id='word_1_137' title='bbox 3439 618 3521 666; x_wconf 90' lang='lat' dir='ltr'>ta-</span> 
     </span>
    </p>
   </div>
   <div class='ocr_carea' id='block_1_23' title="bbox 1838 698 2885 769">
    <p class='ocr_par' dir='ltr' id='par_1_23' title="bbox 1838 698 2885 769">
     <span class='ocr_line' id='line_1_23' title="bbox 1838 698 2885 769; baseline 0.002 -18"><span class='ocrx_word' id='word_1_138' title='bbox 1838 698 2019 751; x_wconf 89' lang='lat' dir='ltr'>cendo</span> <span class='ocrx_word' id='word_1_139' title='bbox 2051 698 2284 763; x_wconf 83' lang='lat' dir='ltr'>devites,</span> <span class='ocrx_word' id='word_1_140' title='bbox 2315 698 2616 769; x_wconf 79' lang='lat' dir='ltr'>Virgilium</span> <span class='ocrx_word' id='word_1_141' title='bbox 2648 700 2783 753; x_wconf 91' lang='lat' dir='ltr'>audi</span> <span class='ocrx_word' id='word_1_142' title='bbox 2813 702 2837 742; x_wconf 72' lang='grc' dir='ltr'>δ</span> <span class='ocrx_word' id='word_1_143' title='bbox 2873 717 2885 753; x_wconf 92' lang='lat'>:</span> 
     </span>
    </p>
   </div>
   <div class='ocr_carea' id='block_1_24' title="bbox 1957 804 3245 854">
    <p class='ocr_par' dir='ltr' id='par_1_24' title="bbox 1957 804 3245 854">
     <span class='ocr_line' id='line_1_24' title="bbox 1957 804 3245 854; baseline 0.002 -3"><span class='ocrx_word' id='word_1_144' title='bbox 1957 805 2176 852; x_wconf 82' lang='lat' dir='ltr'>Mortem</span> <span class='ocrx_word' id='word_1_145' title='bbox 2207 808 2557 853; x_wconf 86' lang='lat' dir='ltr'>contemnunt</span> <span class='ocrx_word' id='word_1_146' title='bbox 2586 804 2798 853; x_wconf 88' lang='lat' dir='ltr'>laudato</span> <span class='ocrx_word' id='word_1_147' title='bbox 2830 805 3045 854; x_wconf 84' lang='lat' dir='ltr'>vulnere</span> <span class='ocrx_word' id='word_1_148' title='bbox 3076 806 3245 854; x_wconf 88' lang='lat' dir='ltr'>Getes.</span> 
     </span>
    </p>
   </div>
   <div class='ocr_carea' id='block_1_25' title="bbox 1909 902 2443 956">
    <p class='ocr_par' dir='ltr' id='par_1_25' title="bbox 1909 902 2443 956">
     <span class='ocr_line' id='line_1_25' title="bbox 1909 902 2443 956; baseline 0.002 -1"><span class='ocrx_word' id='word_1_149' title='bbox 1909 902 2136 955; x_wconf 85' lang='lat' dir='ltr'>Necnon</span> <span class='ocrx_word' id='word_1_150' title='bbox 2168 908 2223 955; x_wconf 90' lang='lat' dir='ltr'>et</span> <span class='ocrx_word' id='word_1_151' title='bbox 2252 902 2392 956; x_wconf 91' lang='lat' dir='ltr'>illud</span> <span class='ocrx_word' id='word_1_152' title='bbox 2431 920 2443 956; x_wconf 92' lang='lat'>:</span> 
     </span>
    </p>
   </div>
   <div class='ocr_carea' id='block_1_26' title="bbox 1958 1008 2855 1071">
    <p class='ocr_par' dir='ltr' id='par_1_26' title="bbox 1958 1008 2855 1071">
     <span class='ocr_line' id='line_1_26' title="bbox 1958 1008 2855 1071; baseline -0.001 -17"><span class='ocrx_word' id='word_1_153' title='bbox 1958 1009 2125 1065; x_wconf 86' lang='lat' dir='ltr'>Getes,</span> <span class='ocrx_word' id='word_1_154' title='bbox 2158 1010 2343 1070; x_wconf 75' lang='lat' dir='ltr'>inquit,</span> <span class='ocrx_word' id='word_1_155' title='bbox 2375 1022 2479 1070; x_wconf 85' lang='lat' dir='ltr'>quo</span> <span class='ocrx_word' id='word_1_156' title='bbox 2513 1008 2679 1071; x_wconf 87' lang='lat' dir='ltr'>pergit</span> <span class='ocrx_word' id='word_1_157' title='bbox 2704 1022 2855 1071; x_wconf 89' lang='lat' dir='ltr'>equo.</span> 
     </span>
    </p>
   </div>
   <div class='ocr_carea' id='block_1_27' title="bbox 1907 1106 2780 1175">
    <p class='ocr_par' dir='ltr' id='par_1_27' title="bbox 1907 1106 2780 1175">
     <span class='ocr_line' id='line_1_27' title="bbox 1907 1106 2780 1175; baseline 0 -16"><span class='ocrx_word' id='word_1_158' title='bbox 1907 1106 2063 1159; x_wconf 88' lang='lat' dir='ltr'>Unde</span> <span class='ocrx_word' id='word_1_159' title='bbox 2092 1110 2148 1158; x_wconf 90' lang='lat' dir='ltr'>et</span> <span class='ocrx_word' id='word_1_160' title='bbox 2172 1106 2309 1159; x_wconf 89' lang='lat' dir='ltr'>illud</span> <span class='ocrx_word' id='word_1_161' title='bbox 2341 1110 2524 1159; x_wconf 82' lang='lat' dir='ltr'>exstat</span> <span class='ocrx_word' id='word_1_162' title='bbox 2548 1112 2733 1175; x_wconf 65' lang='lat' dir='ltr'>poetae.</span> <span class='ocrx_word' id='word_1_163' title='bbox 2769 1123 2780 1159; x_wconf 92' lang='lat'>:</span> 
     </span>
    </p>
   </div>
   <div class='ocr_carea' id='block_1_28' title="bbox 1960 1211 3163 1274">
    <p class='ocr_par' dir='ltr' id='par_1_28' title="bbox 1960 1211 3163 1274">
     <span class='ocr_line' id='line_1_28' title="bbox 1960 1211 3163 1274; baseline 0 -15"><span class='ocrx_word' id='word_1_164' title='bbox 1960 1212 2093 1259; x_wconf 87' lang='lat' dir='ltr'>Hinc</span> <span class='ocrx_word' id='word_1_165' title='bbox 2124 1211 2294 1259; x_wconf 82' lang='lat' dir='ltr'>Dacus</span> <span class='ocrx_word' id='word_1_166' title='bbox 2318 1216 2538 1274; x_wconf 88' lang='lat' dir='ltr'>premat,</span> <span class='ocrx_word' id='word_1_167' title='bbox 2572 1212 2693 1260; x_wconf 88' lang='lat' dir='ltr'>inde</span> <span class='ocrx_word' id='word_1_168' title='bbox 2724 1214 2874 1260; x_wconf 83' lang='lat' dir='ltr'>Getes</span> <span class='ocrx_word' id='word_1_169' title='bbox 2904 1216 3163 1260; x_wconf 82' lang='lat' dir='ltr'>occurrat.</span> 
     </span>
    </p>
   </div>
   <div class='ocr_carea' id='block_1_29' title="bbox 1905 1309 3528 1379">
    <p class='ocr_par' dir='ltr' id='par_1_29' title="bbox 1905 1309 3528 1379">
     <span class='ocr_line' id='line_1_29' title="bbox 1905 1309 3528 1379; baseline 0.001 -18"><span class='ocrx_word' id='word_1_170' title='bbox 1905 1310 2021 1378; x_wconf 87' lang='lat' dir='ltr'>Ego</span> <span class='ocrx_word' id='word_1_171' title='bbox 2053 1324 2203 1373; x_wconf 89' lang='lat' dir='ltr'>sum,</span> <span class='ocrx_word' id='word_1_172' title='bbox 2237 1324 2343 1378; x_wconf 90' lang='lat' dir='ltr'>ego</span> <span class='ocrx_word' id='word_1_173' title='bbox 2370 1325 2518 1377; x_wconf 90' lang='lat' dir='ltr'>sum,</span> <span class='ocrx_word' id='word_1_174' title='bbox 2547 1325 2718 1379; x_wconf 87' lang='lat' dir='ltr'>quem</span> <span class='ocrx_word' id='word_1_175' title='bbox 2742 1310 3064 1363; x_wconf 80' lang='lat' dir='ltr'>Alexander</span> <span class='ocrx_word' id='word_1_176' title='bbox 3085 1309 3380 1363; x_wconf 89' lang='lat' dir='ltr'>vitandum</span> <span class='ocrx_word' id='word_1_177' title='bbox 3402 1326 3528 1379; x_wconf 89' lang='lat' dir='ltr'>pro-</span> 
     </span>
    </p>
   </div>
   <div class='ocr_carea' id='block_1_30' title="bbox 1836 1398 3526 1468">
    <p class='ocr_par' dir='ltr' id='par_1_30' title="bbox 1836 1398 3526 1468">
     <span class='ocr_line' id='line_1_30' title="bbox 1836 1398 3526 1468; baseline 0.001 -17"><span class='ocrx_word' id='word_1_178' title='bbox 1836 1398 2138 1465; x_wconf 88' lang='lat' dir='ltr'>nuntiavit,</span> <span class='ocrx_word' id='word_1_179' title='bbox 2181 1398 2429 1468; x_wconf 81' lang='lat' dir='ltr'>Pyrrhus</span> <span class='ocrx_word' id='word_1_180' title='bbox 2474 1399 2793 1468; x_wconf 89' lang='lat' dir='ltr'>pertimuit,</span> <span class='ocrx_word' id='word_1_181' title='bbox 2847 1400 3031 1452; x_wconf 71' lang='lat' dir='ltr'>Czesar</span> <span class='ocrx_word' id='word_1_182' title='bbox 3076 1398 3390 1455; x_wconf 85' lang='lat' dir='ltr'>exhorruit.</span> <span class='ocrx_word' id='word_1_183' title='bbox 3450 1400 3526 1452; x_wconf 90' lang='lat' dir='ltr'>De</span> 
     </span>
    </p>
   </div>
   <div class='ocr_carea' id='block_1_31' title="bbox 1837 1487 3524 1557">
    <p class='ocr_par' dir='ltr' id='par_1_31' title="bbox 1837 1487 3524 1557">
     <span class='ocr_line' id='line_1_31' title="bbox 1837 1487 3524 1557; baseline 0 -16"><span class='ocrx_word' id='word_1_184' title='bbox 1837 1487 2001 1541; x_wconf 87' lang='lat' dir='ltr'>nobis</span> <span class='ocrx_word' id='word_1_185' title='bbox 2044 1503 2273 1557; x_wconf 88' lang='lat' dir='ltr'>quoque</span> <span class='ocrx_word' id='word_1_186' title='bbox 2321 1493 2377 1540; x_wconf 89' lang='lat' dir='ltr'>et</span> <span class='ocrx_word' id='word_1_187' title='bbox 2420 1492 2614 1540; x_wconf 90' lang='lat' dir='ltr'>noster</span> <span class='ocrx_word' id='word_1_188' title='bbox 2656 1488 3037 1557; x_wconf 79' lang='lat' dir='ltr'>Hieronymus</span> <span class='ocrx_word' id='word_1_189' title='bbox 3086 1488 3225 1541; x_wconf 84' lang='lat' dir='ltr'>dicit</span> <span class='ocrx_word' id='word_1_190' title='bbox 3274 1505 3286 1541; x_wconf 89' lang='lat'><strong>:</strong></span> <span class='ocrx_word' id='word_1_191' title='bbox 3337 1488 3524 1541; x_wconf 87' lang='lat' dir='ltr'>Cornu</span> 
     </span>
    </p>
   </div>
   <div class='ocr_carea' id='block_1_32' title="bbox 1836 1576 3529 1645">
    <p class='ocr_par' dir='ltr' id='par_1_32' title="bbox 1836 1576 3529 1645">
     <span class='ocr_line' id='line_1_32' title="bbox 1836 1576 3529 1645; baseline 0 -16"><span class='ocrx_word' id='word_1_192' title='bbox 1836 1576 2009 1629; x_wconf 86' lang='lat' dir='ltr'>habet</span> <span class='ocrx_word' id='word_1_193' title='bbox 2039 1576 2097 1629; x_wconf 91' lang='lat' dir='ltr'>in</span> <span class='ocrx_word' id='word_1_194' title='bbox 2142 1576 2347 1641; x_wconf 86' lang='lat' dir='ltr'>fronte,</span> <span class='ocrx_word' id='word_1_195' title='bbox 2382 1576 2551 1645; x_wconf 88' lang='lat' dir='ltr'>longe</span> <span class='ocrx_word' id='word_1_196' title='bbox 2583 1578 2735 1643; x_wconf 79' lang='lat' dir='ltr'>fuge.</span> <span class='ocrx_word' id='word_1_197' title='bbox 2773 1578 2837 1629; x_wconf 87' lang='lat' dir='ltr'>Et</span> <span class='ocrx_word' id='word_1_198' title='bbox 2866 1577 2996 1629; x_wconf 91' lang='lat' dir='ltr'>ideo</span> <span class='ocrx_word' id='word_1_199' title='bbox 3028 1577 3145 1629; x_wconf 91' lang='lat' dir='ltr'>noli</span> <span class='ocrx_word' id='word_1_200' title='bbox 3176 1592 3343 1629; x_wconf 88' lang='lat' dir='ltr'>canes</span> <span class='ocrx_word' id='word_1_201' title='bbox 3373 1576 3529 1629; x_wconf 88' lang='lat' dir='ltr'>rabi-</span> 
     </span>
    </p>
   </div>
   <div class='ocr_carea' id='block_1_33' title="bbox 1840 1663 3524 1733">
    <p class='ocr_par' dir='ltr' id='par_1_33' title="bbox 1840 1663 3524 1733">
     <span class='ocr_line' id='line_1_33' title="bbox 1840 1663 3524 1733; baseline -0.001 -15"><span class='ocrx_word' id='word_1_202' title='bbox 1840 1668 1939 1719; x_wconf 89' lang='lat' dir='ltr'>dos</span> <span class='ocrx_word' id='word_1_203' title='bbox 1985 1665 2193 1729; x_wconf 88' lang='lat' dir='ltr'>dicere,</span> <span class='ocrx_word' id='word_1_204' title='bbox 2241 1665 2339 1717; x_wconf 90' lang='lat' dir='ltr'>sed</span> <span class='ocrx_word' id='word_1_205' title='bbox 2386 1670 2439 1716; x_wconf 89' lang='lat' dir='ltr'>te</span> <span class='ocrx_word' id='word_1_206' title='bbox 2490 1665 2760 1733; x_wconf 78' lang='lat' dir='ltr'>vulpeum</span> <span class='ocrx_word' id='word_1_207' title='bbox 2812 1663 3177 1733; x_wconf 83' lang='lat' dir='ltr'>gannientem</span> <span class='ocrx_word' id='word_1_208' title='bbox 3218 1680 3524 1733; x_wconf 89' lang='lat' dir='ltr'>cognosce;</span> 
     </span>
    </p>
   </div>
   <div class='ocr_carea' id='block_1_34' title="bbox 1837 1752 3525 1823">
    <p class='ocr_par' dir='ltr' id='par_1_34' title="bbox 1837 1752 3525 1823">
     <span class='ocr_line' id='line_1_34' title="bbox 1837 1752 3525 1823; baseline 0 -17"><span class='ocrx_word' id='word_1_209' title='bbox 1837 1769 2025 1823; x_wconf 90' lang='lat' dir='ltr'>neque</span> <span class='ocrx_word' id='word_1_210' title='bbox 2057 1770 2147 1806; x_wconf 91' lang='lat' dir='ltr'>me</span> <span class='ocrx_word' id='word_1_211' title='bbox 2179 1752 2612 1822; x_wconf 90' lang='lat' dir='ltr'>compilatorem</span> <span class='ocrx_word' id='word_1_212' title='bbox 2666 1757 2945 1815; x_wconf 78' lang='lat' dir='ltr'>veterum,</span> <span class='ocrx_word' id='word_1_213' title='bbox 2991 1752 3144 1822; x_wconf 90' lang='lat' dir='ltr'>quod</span> <span class='ocrx_word' id='word_1_214' title='bbox 3186 1768 3525 1821; x_wconf 87' lang='lat' dir='ltr'>magnarum</span> 
     </span>
    </p>
   </div>
   <div class='ocr_carea' id='block_1_35' title="bbox 1828 1842 2441 1907">
    <p class='ocr_par' dir='ltr' id='par_1_35' title="bbox 1828 1842 2441 1907">
     <span class='ocr_line' id='line_1_35' title="bbox 1828 1842 2441 1907; baseline 0 -12"><span class='ocrx_word' id='word_1_215' title='bbox 1828 1847 1912 1895; x_wconf 91' lang='lat' dir='ltr'>est</span> <span class='ocrx_word' id='word_1_216' title='bbox 1935 1842 2166 1907; x_wconf 88' lang='lat' dir='ltr'>virium,</span> <span class='ocrx_word' id='word_1_217' title='bbox 2202 1857 2441 1895; x_wconf 85' lang='lat' dir='ltr'>asseras.</span> 
     </span>
    </p>
   </div>
   <div class='ocr_carea' id='block_1_36' title="bbox 1892 1964 3082 2034">
    <p class='ocr_par' dir='ltr' id='par_1_36' title="bbox 1892 1964 3082 2034">
     <span class='ocr_line' id='line_1_36' title="bbox 1892 1964 3082 2034; baseline -0.001 -16"><span class='ocrx_word' id='word_1_218' title='bbox 1892 1968 1916 2007; x_wconf 73' lang='grc' dir='ltr'>ι)</span> <span class='ocrx_word' id='word_1_219' title='bbox 1951 1966 2109 2019; x_wconf 82' lang='lat' dir='ltr'>False</span> <span class='ocrx_word' id='word_1_220' title='bbox 2141 1965 2477 2019; x_wconf 87' lang='lat' dir='ltr'>tribuuntur</span> <span class='ocrx_word' id='word_1_221' title='bbox 2506 1965 2563 2017; x_wconf 91' lang='lat' dir='ltr'>hi</span> <span class='ocrx_word' id='word_1_222' title='bbox 2598 1982 2791 2019; x_wconf 88' lang='lat' dir='ltr'>versus</span> <span class='ocrx_word' id='word_1_223' title='bbox 2826 1964 3082 2034; x_wconf 84' lang='lat' dir='ltr'>Virgilio.</span> 
     </span>
    </p>
   </div>
   <div class='ocr_carea' id='block_1_37' title="bbox 870 2154 2681 2272">
    <p class='ocr_par' dir='ltr' id='par_1_37' title="bbox 870 2154 2681 2272">
     <span class='ocr_line' id='line_1_37' title="bbox 870 2154 2681 2272; baseline -0.001 -2"><span class='ocrx_word' id='word_1_224' title='bbox 870 2161 1642 2272; x_wconf 83' lang='lat' dir='ltr'>INDICULUS</span> <span class='ocrx_word' id='word_1_225' title='bbox 1734 2160 2564 2269; x_wconf 83' lang='lat' dir='ltr'>LUMINOSUS</span> <span class='ocrx_word' id='word_1_226' title='bbox 2617 2154 2681 2269; x_wconf 73' lang='grc'>³.</span> 
     </span>
    </p>
   </div>
   <div class='ocr_carea' id='block_1_38' title="bbox 111 2432 3523 2503">
    <p class='ocr_par' dir='ltr' id='par_1_38' title="bbox 111 2432 3523 2503">
     <span class='ocr_line' id='line_1_38' title="bbox 111 2432 3523 2503; baseline 0 -20"><span class='ocrx_word' id='word_1_227' title='bbox 111 2435 165 2485; x_wconf 87' lang='lat' dir='ltr'>In</span> <span class='ocrx_word' id='word_1_228' title='bbox 195 2432 526 2486; x_wconf 83' lang='lat' dir='ltr'>defensione</span> <span class='ocrx_word' id='word_1_229' title='bbox 558 2449 852 2486; x_wconf 91' lang='lat' dir='ltr'>servorum</span> <span class='ocrx_word' id='word_1_230' title='bbox 884 2438 1138 2497; x_wconf 90' lang='lat' dir='ltr'>tuorum,</span> <span class='ocrx_word' id='word_1_231' title='bbox 1175 2433 1439 2497; x_wconf 90' lang='lat' dir='ltr'>Domine,</span> <span class='ocrx_word' id='word_1_232' title='bbox 1472 2448 1588 2485; x_wconf 92' lang='lat' dir='ltr'>non</span> <span class='ocrx_word' id='word_1_233' title='bbox 1620 2432 1721 2485; x_wconf 89' lang='lat' dir='ltr'>hu-</span> <span class='ocrx_word' id='word_1_234' title='bbox 1761 2433 1800 2484; x_wconf 88' lang='grc' dir='ltr'><strong>Β</strong></span> <span class='ocrx_word' id='word_1_235' title='bbox 1833 2435 1984 2495; x_wconf 83' lang='lat' dir='ltr'>meis,</span> <span class='ocrx_word' id='word_1_236' title='bbox 2039 2438 2094 2485; x_wconf 90' lang='lat' dir='ltr'>et</span> <span class='ocrx_word' id='word_1_237' title='bbox 2151 2432 2277 2487; x_wconf 88' lang='lat' dir='ltr'>doce</span> <span class='ocrx_word' id='word_1_238' title='bbox 2331 2450 2413 2487; x_wconf 87' lang='lat' dir='ltr'>me</span> <span class='ocrx_word' id='word_1_239' title='bbox 2458 2436 2875 2503; x_wconf 79' lang='lat' dir='ltr'>justiﬁcationes</span> <span class='ocrx_word' id='word_1_240' title='bbox 2928 2437 3048 2485; x_wconf 89' lang='lat' dir='ltr'>tuas</span> <span class='ocrx_word' id='word_1_241' title='bbox 3106 2432 3273 2500; x_wconf 83' lang='lat' dir='ltr'>(Psal.</span> <span class='ocrx_word' id='word_1_242' title='bbox 3337 2448 3523 2497; x_wconf 83' lang='lat' dir='ltr'>cxvni,</span> 
     </span>
    </p>
   </div>
   <div class='ocr_carea' id='block_1_39' title="bbox 55 2520 1723 2591">
    <p class='ocr_par' dir='ltr' id='par_1_39' title="bbox 55 2520 1723 2591">
     <span class='ocr_line' id='line_1_39' title="bbox 55 2520 1723 2591; baseline 0.001 -19"><span class='ocrx_word' id='word_1_243' title='bbox 55 2536 198 2573; x_wconf 87' lang='lat' dir='ltr'>mano</span> <span class='ocrx_word' id='word_1_244' title='bbox 246 2520 407 2574; x_wconf 89' lang='lat' dir='ltr'>tenui</span> <span class='ocrx_word' id='word_1_245' title='bbox 456 2521 749 2575; x_wconf 84' lang='lat' dir='ltr'>conﬁdens</span> <span class='ocrx_word' id='word_1_246' title='bbox 806 2522 1059 2585; x_wconf 87' lang='lat' dir='ltr'>arbitrio,</span> <span class='ocrx_word' id='word_1_247' title='bbox 1118 2521 1428 2591; x_wconf 85' lang='lat' dir='ltr'>subtilique</span> <span class='ocrx_word' id='word_1_248' title='bbox 1489 2520 1723 2590; x_wconf 90' lang='lat' dir='ltr'>proprio</span> 
     </span>
    </p>
   </div>
   <div class='ocr_carea' id='block_1_40' title="bbox 58 2609 1722 2680">
    <p class='ocr_par' dir='ltr' id='par_1_40' title="bbox 58 2609 1722 2680">
     <span class='ocr_line' id='line_1_40' title="bbox 58 2609 1722 2680; baseline 0.001 -20"><span class='ocrx_word' id='word_1_249' title='bbox 58 2609 188 2661; x_wconf 86' lang='lat' dir='ltr'>nisus</span> <span class='ocrx_word' id='word_1_250' title='bbox 232 2609 477 2679; x_wconf 79' lang='lat' dir='ltr'>refugio,</span> <span class='ocrx_word' id='word_1_251' title='bbox 520 2611 613 2663; x_wconf 89' lang='lat' dir='ltr'>sed</span> <span class='ocrx_word' id='word_1_252' title='bbox 661 2626 849 2680; x_wconf 92' lang='lat' dir='ltr'>neque</span> <span class='ocrx_word' id='word_1_253' title='bbox 895 2609 1095 2679; x_wconf 89' lang='lat' dir='ltr'>iniquo</span> <span class='ocrx_word' id='word_1_254' title='bbox 1143 2611 1392 2663; x_wconf 88' lang='lat' dir='ltr'>elevatus</span> <span class='ocrx_word' id='word_1_255' title='bbox 1441 2610 1722 2679; x_wconf 67' lang='lat' dir='ltr'>superbiae</span> 
     </span>
    </p>
   </div>
   <div class='ocr_carea' id='block_1_41' title="bbox 55 2697 1722 2767">
    <p class='ocr_par' dir='ltr' id='par_1_41' title="bbox 55 2697 1722 2767">
     <span class='ocr_line' id='line_1_41' title="bbox 55 2697 1722 2767; baseline 0.002 -20"><span class='ocrx_word' id='word_1_256' title='bbox 55 2698 216 2765; x_wconf 66' lang='lat' dir='ltr'>typho,</span> <span class='ocrx_word' id='word_1_257' title='bbox 263 2704 363 2750; x_wconf 89' lang='lat' dir='ltr'>aut</span> <span class='ocrx_word' id='word_1_258' title='bbox 402 2698 638 2751; x_wconf 85' lang='lat' dir='ltr'>inﬂatus</span> <span class='ocrx_word' id='word_1_259' title='bbox 680 2698 912 2752; x_wconf 63' lang='lat' dir='ltr'>invidia!</span> <span class='ocrx_word' id='word_1_260' title='bbox 964 2700 1106 2763; x_wconf 88' lang='lat' dir='ltr'>zelo,</span> <span class='ocrx_word' id='word_1_261' title='bbox 1159 2698 1255 2751; x_wconf 87' lang='lat' dir='ltr'>sed</span> <span class='ocrx_word' id='word_1_262' title='bbox 1298 2704 1410 2751; x_wconf 70' lang='lat' dir='ltr'>tua:</span> <span class='ocrx_word' id='word_1_263' title='bbox 1458 2697 1722 2767; x_wconf 70' lang='lat' dir='ltr'>gratuita:</span> 
     </span>
    </p>
   </div>
   <div class='ocr_carea' id='block_1_42' title="bbox 57 2785 1720 2856">
    <p class='ocr_par' dir='ltr' id='par_1_42' title="bbox 57 2785 1720 2856">
     <span class='ocr_line' id='line_1_42' title="bbox 57 2785 1720 2856; baseline 0.001 -19"><span class='ocrx_word' id='word_1_264' title='bbox 57 2785 409 2839; x_wconf 87' lang='lat' dir='ltr'>miserationis</span> <span class='ocrx_word' id='word_1_265' title='bbox 472 2787 650 2841; x_wconf 85' lang='lat' dir='ltr'>fretus</span> <span class='ocrx_word' id='word_1_266' title='bbox 708 2788 941 2853; x_wconf 83' lang='lat' dir='ltr'>auxilio,</span> <span class='ocrx_word' id='word_1_267' title='bbox 1006 2792 1217 2856; x_wconf 90' lang='lat' dir='ltr'>tuoque</span> <span class='ocrx_word' id='word_1_268' title='bbox 1274 2787 1720 2839; x_wconf 89' lang='lat' dir='ltr'>clementissimo</span> 
     </span>
    </p>
   </div>
   <div class='ocr_carea' id='block_1_43' title="bbox 58 2872 1719 2945">
    <p class='ocr_par' dir='ltr' id='par_1_43' title="bbox 58 2872 1719 2945">
     <span class='ocr_line' id='line_1_43' title="bbox 58 2872 1719 2945; baseline 0.003 -22"><span class='ocrx_word' id='word_1_269' title='bbox 58 2872 176 2925; x_wconf 76' lang='lat' dir='ltr'>ﬁdus</span> <span class='ocrx_word' id='word_1_270' title='bbox 198 2875 574 2929; x_wconf 85' lang='lat' dir='ltr'>invictissime</span> <span class='ocrx_word' id='word_1_271' title='bbox 607 2875 859 2939; x_wconf 86' lang='lat' dir='ltr'>brachio,</span> <span class='ocrx_word' id='word_1_272' title='bbox 891 2876 996 2929; x_wconf 85' lang='lat' dir='ltr'>tibi</span> <span class='ocrx_word' id='word_1_273' title='bbox 1028 2875 1089 2928; x_wconf 92' lang='lat' dir='ltr'>in</span> <span class='ocrx_word' id='word_1_274' title='bbox 1126 2874 1411 2945; x_wconf 90' lang='lat' dir='ltr'>principio</span> <span class='ocrx_word' id='word_1_275' title='bbox 1447 2876 1561 2928; x_wconf 93' lang='lat' dir='ltr'>Deo</span> <span class='ocrx_word' id='word_1_276' title='bbox 1591 2891 1719 2928; x_wconf 90' lang='lat' dir='ltr'>meo</span> 
     </span>
    </p>
   </div>
   <div class='ocr_carea' id='block_1_44' title="bbox 60 2963 1720 3033">
    <p class='ocr_par' dir='ltr' id='par_1_44' title="bbox 60 2963 1720 3033">
     <span class='ocr_line' id='line_1_44' title="bbox 60 2963 1720 3033; baseline 0.002 -21"><span class='ocrx_word' id='word_1_277' title='bbox 60 2966 103 3012; x_wconf 87' lang='lat' dir='ltr'>et</span> <span class='ocrx_word' id='word_1_278' title='bbox 124 2963 239 3016; x_wconf 81' lang='lat' dir='ltr'>lesu</span> <span class='ocrx_word' id='word_1_279' title='bbox 272 2963 500 3017; x_wconf 88' lang='lat' dir='ltr'>Christo</span> <span class='ocrx_word' id='word_1_280' title='bbox 540 2980 731 3018; x_wconf 87' lang='lat' dir='ltr'>rerum</span> <span class='ocrx_word' id='word_1_281' title='bbox 768 2964 1026 3017; x_wconf 88' lang='lat' dir='ltr'>omnium</span> <span class='ocrx_word' id='word_1_282' title='bbox 1059 2963 1320 3029; x_wconf 90' lang='lat' dir='ltr'>Domino,</span> <span class='ocrx_word' id='word_1_283' title='bbox 1357 2963 1581 3033; x_wconf 88' lang='lat' dir='ltr'>assigno</span> <span class='ocrx_word' id='word_1_284' title='bbox 1614 2963 1720 3016; x_wconf 90' lang='lat' dir='ltr'>mi-</span> 
     </span>
    </p>
   </div>
   <div class='ocr_carea' id='block_1_45' title="bbox 58 3050 1719 3122">
    <p class='ocr_par' dir='ltr' id='par_1_45' title="bbox 58 3050 1719 3122">
     <span class='ocr_line' id='line_1_45' title="bbox 58 3050 1719 3122; baseline 0.002 -22"><span class='ocrx_word' id='word_1_285' title='bbox 58 3065 131 3101; x_wconf 85' lang='lat' dir='ltr'>ser</span> <span class='ocrx_word' id='word_1_286' title='bbox 155 3066 309 3105; x_wconf 88' lang='lat' dir='ltr'>omne</span> <span class='ocrx_word' id='word_1_287' title='bbox 342 3052 565 3104; x_wconf 88' lang='lat' dir='ltr'>bonum</span> <span class='ocrx_word' id='word_1_288' title='bbox 601 3052 753 3122; x_wconf 91' lang='lat' dir='ltr'>quod</span> <span class='ocrx_word' id='word_1_289' title='bbox 786 3053 966 3122; x_wconf 89' lang='lat' dir='ltr'>sapio,</span> <span class='ocrx_word' id='word_1_290' title='bbox 1007 3056 1062 3104; x_wconf 88' lang='lat' dir='ltr'>te</span> <span class='ocrx_word' id='word_1_291' title='bbox 1102 3051 1162 3103; x_wconf 89' lang='lat' dir='ltr'>in</span> <span class='ocrx_word' id='word_1_292' title='bbox 1215 3050 1377 3104; x_wconf 90' lang='lat' dir='ltr'>initio</span> <span class='ocrx_word' id='word_1_293' title='bbox 1426 3051 1719 3115; x_wconf 89' lang='lat' dir='ltr'>invocans,</span> 
     </span>
    </p>
   </div>
   <div class='ocr_carea' id='block_1_46' title="bbox 60 3139 1718 3210">
    <p class='ocr_par' dir='ltr' id='par_1_46' title="bbox 60 3139 1718 3210">
     <span class='ocr_line' id='line_1_46' title="bbox 60 3139 1718 3210; baseline 0.003 -23"><span class='ocrx_word' id='word_1_294' title='bbox 60 3143 100 3188; x_wconf 86' lang='lat' dir='ltr'>te</span> <span class='ocrx_word' id='word_1_295' title='bbox 127 3153 214 3207; x_wconf 88' lang='lat' dir='ltr'>per</span> <span class='ocrx_word' id='word_1_296' title='bbox 242 3144 424 3193; x_wconf 89' lang='lat' dir='ltr'>totum</span> <span class='ocrx_word' id='word_1_297' title='bbox 460 3144 677 3193; x_wconf 85' lang='lat' dir='ltr'>textum</span> <span class='ocrx_word' id='word_1_298' title='bbox 728 3140 1064 3210; x_wconf 85' lang='lat' dir='ltr'>implorans,</span> <span class='ocrx_word' id='word_1_299' title='bbox 1116 3144 1169 3193; x_wconf 89' lang='lat' dir='ltr'>te</span> <span class='ocrx_word' id='word_1_300' title='bbox 1221 3156 1400 3209; x_wconf 90' lang='lat' dir='ltr'>usque</span> <span class='ocrx_word' id='word_1_301' title='bbox 1445 3139 1501 3192; x_wconf 92' lang='lat' dir='ltr'>in</span> <span class='ocrx_word' id='word_1_302' title='bbox 1545 3140 1718 3192; x_wconf 84' lang='lat' dir='ltr'>linem</span> 
     </span>
    </p>
   </div>
   <div class='ocr_carea' id='block_1_47' title="bbox 62 3224 1724 3298">
    <p class='ocr_par' dir='ltr' id='par_1_47' title="bbox 62 3224 1724 3298">
     <span class='ocr_line' id='line_1_47' title="bbox 62 3224 1724 3298; baseline 0.003 -23"><span class='ocrx_word' id='word_1_303' title='bbox 62 3224 166 3277; x_wconf 85' lang='lat' dir='ltr'>libri</span> <span class='ocrx_word' id='word_1_304' title='bbox 209 3228 347 3279; x_wconf 86' lang='lat' dir='ltr'>ﬂexo</span> <span class='ocrx_word' id='word_1_305' title='bbox 401 3228 593 3280; x_wconf 89' lang='lat' dir='ltr'>cordis</span> <span class='ocrx_word' id='word_1_306' title='bbox 636 3228 850 3298; x_wconf 90' lang='lat' dir='ltr'>poplite</span> <span class='ocrx_word' id='word_1_307' title='bbox 889 3244 1122 3298; x_wconf 86' lang='lat' dir='ltr'>rogans,</span> <span class='ocrx_word' id='word_1_308' title='bbox 1154 3244 1325 3297; x_wconf 86' lang='lat' dir='ltr'>quem</span> <span class='ocrx_word' id='word_1_309' title='bbox 1357 3228 1553 3281; x_wconf 91' lang='lat' dir='ltr'>lumen</span> <span class='ocrx_word' id='word_1_310' title='bbox 1597 3244 1724 3280; x_wconf 88' lang='lat' dir='ltr'>om-</span> 
     </span>
    </p>
   </div>
   <div class='ocr_carea' id='block_1_48' title="bbox 62 3312 1721 3386">
    <p class='ocr_par' dir='ltr' id='par_1_48' title="bbox 62 3312 1721 3386">
     <span class='ocr_line' id='line_1_48' title="bbox 62 3312 1721 3386; baseline 0.003 -22"><span class='ocrx_word' id='word_1_311' title='bbox 62 3312 191 3366; x_wconf 89' lang='lat' dir='ltr'>nium</span> <span class='ocrx_word' id='word_1_312' title='bbox 229 3315 393 3369; x_wconf 89' lang='lat' dir='ltr'>credo</span> <span class='ocrx_word' id='word_1_313' title='bbox 426 3314 680 3369; x_wconf 84' lang='lat' dir='ltr'>ﬁrmitur</span> <span class='ocrx_word' id='word_1_314' title='bbox 723 3316 1084 3382; x_wconf 73' lang='lat' dir='ltr'>saeculorum,</span> <span class='ocrx_word' id='word_1_315' title='bbox 1118 3333 1149 3369; x_wconf 90' lang='lat' dir='ltr'>a</span> <span class='ocrx_word' id='word_1_316' title='bbox 1193 3332 1308 3386; x_wconf 92' lang='lat' dir='ltr'>quo</span> <span class='ocrx_word' id='word_1_317' title='bbox 1338 3316 1556 3369; x_wconf 90' lang='lat' dir='ltr'>fontem</span> <span class='ocrx_word' id='word_1_318' title='bbox 1589 3316 1721 3369; x_wconf 92' lang='lat' dir='ltr'>novi</span> 
     </span>
    </p>
   </div>
   <div class='ocr_carea' id='block_1_49' title="bbox 64 3404 1720 3474">
    <p class='ocr_par' dir='ltr' id='par_1_49' title="bbox 64 3404 1720 3474">
     <span class='ocr_line' id='line_1_49' title="bbox 64 3404 1720 3474; baseline 0.003 -22"><span class='ocrx_word' id='word_1_319' title='bbox 64 3408 353 3457; x_wconf 87' lang='lat' dir='ltr'>cunctarum</span> <span class='ocrx_word' id='word_1_320' title='bbox 405 3419 675 3457; x_wconf 89' lang='lat' dir='ltr'>emanare</span> <span class='ocrx_word' id='word_1_321' title='bbox 730 3404 1024 3472; x_wconf 85' lang='lat' dir='ltr'>virtutum,</span> <span class='ocrx_word' id='word_1_322' title='bbox 1078 3404 1134 3456; x_wconf 88' lang='lat' dir='ltr'>in</span> <span class='ocrx_word' id='word_1_323' title='bbox 1196 3421 1309 3474; x_wconf 90' lang='lat' dir='ltr'>quo</span> <span class='ocrx_word' id='word_1_324' title='bbox 1357 3404 1720 3458; x_wconf 85' lang='lat' dir='ltr'>dulcedinem</span> 
     </span>
    </p>
   </div>
   <div class='ocr_carea' id='block_1_50' title="bbox 66 3490 1720 3547">
    <p class='ocr_par' dir='ltr' id='par_1_50' title="bbox 66 3490 1720 3547">
     <span class='ocr_line' id='line_1_50' title="bbox 66 3490 1720 3547; baseline 0.004 -7"><span class='ocrx_word' id='word_1_325' title='bbox 66 3490 373 3547; x_wconf 74' lang='lat' dir='ltr'>ineffabilem</span> <span class='ocrx_word' id='word_1_326' title='bbox 414 3494 770 3547; x_wconf 85' lang='lat' dir='ltr'>reconditam</span> <span class='ocrx_word' id='word_1_327' title='bbox 806 3493 1049 3546; x_wconf 81' lang='lat' dir='ltr'>firmiter</span> <span class='ocrx_word' id='word_1_328' title='bbox 1078 3494 1191 3546; x_wconf 88' lang='lat' dir='ltr'>scio</span> <span class='ocrx_word' id='word_1_329' title='bbox 1229 3510 1461 3546; x_wconf 85' lang='lat' dir='ltr'>manere</span> <span class='ocrx_word' id='word_1_330' title='bbox 1493 3500 1720 3546; x_wconf 88' lang='lat' dir='ltr'>sancto-</span> 
     </span>
    </p>
   </div>
   <div class='ocr_carea' id='block_1_51' title="bbox 67 3582 1720 3651">
    <p class='ocr_par' dir='ltr' id='par_1_51' title="bbox 67 3582 1720 3651">
     <span class='ocr_line' id='line_1_51' title="bbox 67 3582 1720 3651; baseline 0.002 -20"><span class='ocrx_word' id='word_1_331' title='bbox 67 3594 187 3648; x_wconf 86' lang='lat' dir='ltr'>rum,</span> <span class='ocrx_word' id='word_1_332' title='bbox 224 3582 319 3651; x_wconf 89' lang='lat' dir='ltr'>qui</span> <span class='ocrx_word' id='word_1_333' title='bbox 360 3598 421 3635; x_wconf 89' lang='lat' dir='ltr'>es</span> <span class='ocrx_word' id='word_1_334' title='bbox 464 3582 556 3636; x_wconf 87' lang='lat' dir='ltr'>via</span> <span class='ocrx_word' id='word_1_335' title='bbox 601 3583 721 3635; x_wconf 90' lang='lat' dir='ltr'>sine</span> <span class='ocrx_word' id='word_1_336' title='bbox 768 3597 960 3635; x_wconf 89' lang='lat' dir='ltr'>errore</span> <span class='ocrx_word' id='word_1_337' title='bbox 1011 3582 1388 3645; x_wconf 91' lang='lat' dir='ltr'>credentium,</span> <span class='ocrx_word' id='word_1_338' title='bbox 1445 3583 1555 3635; x_wconf 80' lang='lat' dir='ltr'>vita</span> <span class='ocrx_word' id='word_1_339' title='bbox 1600 3582 1720 3635; x_wconf 89' lang='lat' dir='ltr'>sine</span> 
     </span>
    </p>
   </div>
   <div class='ocr_carea' id='block_1_52' title="bbox 67 3669 1719 3742">
    <p class='ocr_par' dir='ltr' id='par_1_52' title="bbox 67 3669 1719 3742">
     <span class='ocr_line' id='line_1_52' title="bbox 67 3669 1719 3742; baseline 0.004 -23"><span class='ocrx_word' id='word_1_340' title='bbox 67 3674 214 3723; x_wconf 88' lang='lat' dir='ltr'>morte</span> <span class='ocrx_word' id='word_1_341' title='bbox 258 3671 593 3732; x_wconf 86' lang='lat' dir='ltr'>viventium.</span> <span class='ocrx_word' id='word_1_342' title='bbox 641 3671 868 3741; x_wconf 89' lang='lat' dir='ltr'>requies</span> <span class='ocrx_word' id='word_1_343' title='bbox 916 3671 1036 3723; x_wconf 90' lang='lat' dir='ltr'>sine</span> <span class='ocrx_word' id='word_1_344' title='bbox 1078 3669 1232 3742; x_wconf 79' lang='lat' dir='ltr'>[line]</span> <span class='ocrx_word' id='word_1_345' title='bbox 1278 3670 1613 3724; x_wconf 88' lang='lat' dir='ltr'>fruentium.</span> <span class='ocrx_word' id='word_1_346' title='bbox 1645 3672 1719 3725; x_wconf 89' lang='lat' dir='ltr'>Te</span> 
     </span>
    </p>
   </div>
   <div class='ocr_carea' id='block_1_53' title="bbox 69 3756 1716 3825">
    <p class='ocr_par' dir='ltr' id='par_1_53' title="bbox 69 3756 1716 3825">
     <span class='ocr_line' id='line_1_53' title="bbox 69 3756 1716 3825; baseline 0.004 -19"><span class='ocrx_word' id='word_1_347' title='bbox 69 3756 248 3821; x_wconf 81' lang='lat' dir='ltr'>invoco,</span> <span class='ocrx_word' id='word_1_348' title='bbox 296 3758 492 3811; x_wconf 89' lang='lat' dir='ltr'>lumen</span> <span class='ocrx_word' id='word_1_349' title='bbox 540 3758 946 3825; x_wconf 87' lang='lat' dir='ltr'>inenarrabile,</span> <span class='ocrx_word' id='word_1_350' title='bbox 996 3759 1211 3812; x_wconf 84' lang='lat' dir='ltr'>fontem</span> <span class='ocrx_word' id='word_1_351' title='bbox 1253 3775 1400 3812; x_wconf 66' lang='lat' dir='ltr'>verae</span> <span class='ocrx_word' id='word_1_352' title='bbox 1441 3759 1716 3825; x_wconf 74' lang='lat' dir='ltr'>scientiae,</span> 
     </span>
    </p>
   </div>
   <div class='ocr_carea' id='block_1_54' title="bbox 69 3845 1720 3917">
    <p class='ocr_par' dir='ltr' id='par_1_54' title="bbox 69 3845 1720 3917">
     <span class='ocr_line' id='line_1_54' title="bbox 69 3845 1720 3917; baseline 0.005 -24"><span class='ocrx_word' id='word_1_353' title='bbox 69 3845 382 3917; x_wconf 83' lang='lat' dir='ltr'>salubrisque</span> <span class='ocrx_word' id='word_1_354' title='bbox 436 3848 553 3901; x_wconf 84' lang='lat' dir='ltr'>vita</span> <span class='ocrx_word' id='word_1_355' title='bbox 602 3847 899 3912; x_wconf 65' lang='lat' dir='ltr'>doctrinae,</span> <span class='ocrx_word' id='word_1_356' title='bbox 951 3854 1012 3900; x_wconf 89' lang='lat' dir='ltr'>ut</span> <span class='ocrx_word' id='word_1_357' title='bbox 1055 3847 1318 3901; x_wconf 86' lang='lat' dir='ltr'>tenebras</span> <span class='ocrx_word' id='word_1_358' title='bbox 1370 3848 1559 3901; x_wconf 90' lang='lat' dir='ltr'>cordis</span> <span class='ocrx_word' id='word_1_359' title='bbox 1605 3849 1720 3901; x_wconf 85' lang='lat' dir='ltr'>mei</span> 
     </span>
    </p>
   </div>
   <div class='ocr_carea' id='block_1_55' title="bbox 69 3936 1719 4007">
    <p class='ocr_par' dir='ltr' id='par_1_55' title="bbox 69 3936 1719 4007">
     <span class='ocr_line' id='line_1_55' title="bbox 69 3936 1719 4007; baseline 0.004 -25"><span class='ocrx_word' id='word_1_360' title='bbox 69 3937 143 3985; x_wconf 85' lang='lat' dir='ltr'>tua</span> <span class='ocrx_word' id='word_1_361' title='bbox 175 3938 601 4005; x_wconf 87' lang='lat' dir='ltr'>superveniente</span> <span class='ocrx_word' id='word_1_362' title='bbox 633 3936 760 3990; x_wconf 90' lang='lat' dir='ltr'>luce</span> <span class='ocrx_word' id='word_1_363' title='bbox 801 3952 1047 4003; x_wconf 87' lang='lat' dir='ltr'>serenes,</span> <span class='ocrx_word' id='word_1_364' title='bbox 1098 3942 1153 3989; x_wconf 89' lang='lat' dir='ltr'>et</span> <span class='ocrx_word' id='word_1_365' title='bbox 1201 3937 1447 4007; x_wconf 86' lang='lat' dir='ltr'>pectoris</span> <span class='ocrx_word' id='word_1_366' title='bbox 1496 3937 1719 4007; x_wconf 87' lang='lat' dir='ltr'>glebam</span> 
     </span>
    </p>
   </div>
   <div class='ocr_carea' id='block_1_56' title="bbox 71 4024 1719 4095">
    <p class='ocr_par' dir='ltr' id='par_1_56' title="bbox 71 4024 1719 4095">
     <span class='ocr_line' id='line_1_56' title="bbox 71 4024 1719 4095; baseline 0.004 -23"><span class='ocrx_word' id='word_1_367' title='bbox 71 4036 171 4074; x_wconf 86' lang='lat' dir='ltr'>rure</span> <span class='ocrx_word' id='word_1_368' title='bbox 213 4024 461 4077; x_wconf 86' lang='lat' dir='ltr'>sordium</span> <span class='ocrx_word' id='word_1_369' title='bbox 513 4025 819 4078; x_wconf 87' lang='lat' dir='ltr'>scalentem</span> <span class='ocrx_word' id='word_1_370' title='bbox 869 4041 1038 4078; x_wconf 89' lang='lat' dir='ltr'>amne</span> <span class='ocrx_word' id='word_1_371' title='bbox 1096 4025 1235 4094; x_wconf 87' lang='lat' dir='ltr'>legis</span> <span class='ocrx_word' id='word_1_372' title='bbox 1292 4030 1424 4091; x_wconf 74' lang='lat' dir='ltr'>tuae,</span> <span class='ocrx_word' id='word_1_373' title='bbox 1484 4026 1719 4095; x_wconf 87' lang='lat' dir='ltr'>quadri-</span> 
     </span>
    </p>
   </div>
   <div class='ocr_carea' id='block_1_57' title="bbox 70 4110 1717 4183">
    <p class='ocr_par' dir='ltr' id='par_1_57' title="bbox 70 4110 1717 4183">
     <span class='ocr_line' id='line_1_57' title="bbox 70 4110 1717 4183; baseline 0.006 -25"><span class='ocrx_word' id='word_1_374' title='bbox 70 4110 214 4162; x_wconf 86' lang='lat' dir='ltr'>lluens</span> <span class='ocrx_word' id='word_1_375' title='bbox 242 4113 505 4181; x_wconf 85' lang='lat' dir='ltr'>paradisi,</span> <span class='ocrx_word' id='word_1_376' title='bbox 544 4113 771 4166; x_wconf 87' lang='lat' dir='ltr'>abunde</span> <span class='ocrx_word' id='word_1_377' title='bbox 815 4113 984 4167; x_wconf 86' lang='lat' dir='ltr'>saties</span> <span class='ocrx_word' id='word_1_378' title='bbox 1022 4113 1386 4183; x_wconf 88' lang='lat' dir='ltr'>ubertimque</span> <span class='ocrx_word' id='word_1_379' title='bbox 1417 4114 1717 4179; x_wconf 83' lang='lat' dir='ltr'>fecundes;</span> 
     </span>
    </p>
   </div>
   <div class='ocr_carea' id='block_1_58' title="bbox 72 4202 1720 4271">
    <p class='ocr_par' dir='ltr' id='par_1_58' title="bbox 72 4202 1720 4271">
     <span class='ocr_line' id='line_1_58' title="bbox 72 4202 1720 4271; baseline 0.005 -24"><span class='ocrx_word' id='word_1_380' title='bbox 72 4202 308 4262; x_wconf 72' lang='lat' dir='ltr'>quatenUs</span> <span class='ocrx_word' id='word_1_381' title='bbox 360 4202 443 4253; x_wconf 90' lang='lat' dir='ltr'>sol</span> <span class='ocrx_word' id='word_1_382' title='bbox 504 4217 668 4254; x_wconf 91' lang='lat' dir='ltr'>verus</span> <span class='ocrx_word' id='word_1_383' title='bbox 718 4202 910 4255; x_wconf 88' lang='lat' dir='ltr'>oriens</span> <span class='ocrx_word' id='word_1_384' title='bbox 958 4202 1277 4271; x_wconf 66' lang='lat' dir='ltr'>praecordia</span> <span class='ocrx_word' id='word_1_385' title='bbox 1324 4207 1517 4256; x_wconf 85' lang='lat' dir='ltr'>nostra</span> <span class='ocrx_word' id='word_1_386' title='bbox 1563 4210 1720 4257; x_wconf 87' lang='lat' dir='ltr'>tene-</span> 
     </span>
    </p>
   </div>
   <div class='ocr_carea' id='block_1_59' title="bbox 74 4283 1721 4355">
    <p class='ocr_par' dir='ltr' id='par_1_59' title="bbox 74 4283 1721 4355">
     <span class='ocr_line' id='line_1_59' title="bbox 74 4283 1721 4355; baseline 0.007 -22"><span class='ocrx_word' id='word_1_387' title='bbox 74 4283 204 4337; x_wconf 82' lang='lat' dir='ltr'>brosa</span> <span class='ocrx_word' id='word_1_388' title='bbox 242 4288 546 4355; x_wconf 77' lang='lat' dir='ltr'>illuminat,</span> <span class='ocrx_word' id='word_1_389' title='bbox 593 4296 651 4343; x_wconf 89' lang='lat' dir='ltr'>et</span> <span class='ocrx_word' id='word_1_390' title='bbox 688 4290 894 4343; x_wconf 89' lang='lat' dir='ltr'>ﬂuvius</span> <span class='ocrx_word' id='word_1_391' title='bbox 939 4291 1226 4344; x_wconf 86' lang='lat' dir='ltr'>civitatem</span> <span class='ocrx_word' id='word_1_392' title='bbox 1282 4292 1376 4345; x_wconf 90' lang='lat' dir='ltr'>Dei</span> <span class='ocrx_word' id='word_1_393' title='bbox 1426 4292 1721 4345; x_wconf 73' lang='lat' dir='ltr'>laetiﬁcans</span> 
     </span>
    </p>
   </div>
   <div class='ocr_carea' id='block_1_60' title="bbox 79 4373 1719 4451">
    <p class='ocr_par' dir='ltr' id='par_1_60' title="bbox 79 4373 1719 4451">
     <span class='ocr_line' id='line_1_60' title="bbox 79 4373 1719 4451; baseline 0.006 -27"><span class='ocrx_word' id='word_1_394' title='bbox 79 4373 328 4430; x_wconf 86' lang='lat' dir='ltr'>dumosam</span> <span class='ocrx_word' id='word_1_395' title='bbox 361 4377 473 4431; x_wconf 90' lang='lat' dir='ltr'>mei</span> <span class='ocrx_word' id='word_1_396' title='bbox 509 4379 755 4448; x_wconf 88' lang='lat' dir='ltr'>pectoris</span> <span class='ocrx_word' id='word_1_397' title='bbox 800 4379 1000 4448; x_wconf 87' lang='lat' dir='ltr'>irriget</span> <span class='ocrx_word' id='word_1_398' title='bbox 1036 4386 1272 4445; x_wconf 91' lang='lat' dir='ltr'>terram,</span> <span class='ocrx_word' id='word_1_399' title='bbox 1307 4386 1370 4434; x_wconf 93' lang='lat' dir='ltr'>ut</span> <span class='ocrx_word' id='word_1_400' title='bbox 1402 4381 1597 4451; x_wconf 87' lang='lat' dir='ltr'>lingua</span> <span class='ocrx_word' id='word_1_401' title='bbox 1629 4398 1719 4434; x_wconf 85' lang='lat' dir='ltr'>ca-</span> 
     </span>
    </p>
   </div>
   <div class='ocr_carea' id='block_1_61' title="bbox 78 4461 1720 4537">
    <p class='ocr_par' dir='ltr' id='par_1_61' title="bbox 78 4461 1720 4537">
     <span class='ocr_line' id='line_1_61' title="bbox 78 4461 1720 4537; baseline 0.007 -28"><span class='ocrx_word' id='word_1_402' title='bbox 78 4461 141 4511; x_wconf 84' lang='lat' dir='ltr'>nis</span> <span class='ocrx_word' id='word_1_403' title='bbox 164 4464 401 4519; x_wconf 86' lang='lat' dir='ltr'>misereri</span> <span class='ocrx_word' id='word_1_404' title='bbox 431 4482 563 4537; x_wconf 76' lang='lat' dir='ltr'>quae</span> <span class='ocrx_word' id='word_1_405' title='bbox 596 4466 697 4521; x_wconf 91' lang='lat' dir='ltr'>tibi</span> <span class='ocrx_word' id='word_1_406' title='bbox 729 4483 832 4536; x_wconf 91' lang='lat' dir='ltr'>per</span> <span class='ocrx_word' id='word_1_407' title='bbox 860 4469 981 4521; x_wconf 66' lang='lat' dir='ltr'>haec</span> <span class='ocrx_word' id='word_1_408' title='bbox 1006 4470 1231 4537; x_wconf 89' lang='lat' dir='ltr'>placere</span> <span class='ocrx_word' id='word_1_409' title='bbox 1262 4469 1569 4533; x_wconf 89' lang='lat' dir='ltr'>desiderat,</span> <span class='ocrx_word' id='word_1_410' title='bbox 1604 4484 1720 4521; x_wconf 92' lang='lat' dir='ltr'>non</span> 
     </span>
    </p>
   </div>
   <div class='ocr_carea' id='block_1_62' title="bbox 82 4548 1716 4626">
    <p class='ocr_par' dir='ltr' id='par_1_62' title="bbox 82 4548 1716 4626">
     <span class='ocr_line' id='line_1_62' title="bbox 82 4548 1716 4626; baseline 0.007 -27"><span class='ocrx_word' id='word_1_411' title='bbox 82 4548 237 4603; x_wconf 71' lang='lat' dir='ltr'>vitium</span> <span class='ocrx_word' id='word_1_412' title='bbox 266 4553 644 4623; x_wconf 87' lang='lat' dir='ltr'>loquacitatis,</span> <span class='ocrx_word' id='word_1_413' title='bbox 688 4554 824 4608; x_wconf 89' lang='lat' dir='ltr'>dum</span> <span class='ocrx_word' id='word_1_414' title='bbox 857 4571 1080 4609; x_wconf 87' lang='lat' dir='ltr'>errores</span> <span class='ocrx_word' id='word_1_415' title='bbox 1121 4557 1367 4626; x_wconf 88' lang='lat' dir='ltr'>impetit,</span> <span class='ocrx_word' id='word_1_416' title='bbox 1400 4557 1716 4623; x_wconf 87' lang='lat' dir='ltr'>contrahat,</span> 
     </span>
    </p>
   </div>
   <div class='ocr_carea' id='block_1_63' title="bbox 80 4636 1720 4716">
    <p class='ocr_par' dir='ltr' id='par_1_63' title="bbox 80 4636 1720 4716">
     <span class='ocr_line' id='line_1_63' title="bbox 80 4636 1720 4716; baseline 0.006 -27"><span class='ocrx_word' id='word_1_417' title='bbox 80 4636 150 4688; x_wconf 81' lang='lat' dir='ltr'>sed</span> <span class='ocrx_word' id='word_1_418' title='bbox 184 4644 229 4692; x_wconf 88' lang='lat' dir='ltr'>te</span> <span class='ocrx_word' id='word_1_419' title='bbox 272 4640 583 4711; x_wconf 89' lang='lat' dir='ltr'>inspirante</span> <span class='ocrx_word' id='word_1_420' title='bbox 627 4658 693 4696; x_wconf 89' lang='lat' dir='ltr'>ea</span> <span class='ocrx_word' id='word_1_421' title='bbox 734 4649 1000 4697; x_wconf 88' lang='lat' dir='ltr'>secuturo</span> <span class='ocrx_word' id='word_1_422' title='bbox 1048 4646 1254 4698; x_wconf 66' lang='lat' dir='ltr'>saeculo</span> <span class='ocrx_word' id='word_1_423' title='bbox 1287 4645 1559 4714; x_wconf 87' lang='lat' dir='ltr'>proferat,</span> <span class='ocrx_word' id='word_1_424' title='bbox 1593 4661 1720 4716; x_wconf 65' lang='lat' dir='ltr'>quae</span> 
     </span>
    </p>
   </div>
   <div class='ocr_carea' id='block_1_64' title="bbox 82 4724 1721 4802">
    <p class='ocr_par' dir='ltr' id='par_1_64' title="bbox 82 4724 1721 4802">
     <span class='ocr_line' id='line_1_64' title="bbox 82 4724 1721 4802; baseline 0.008 -27"><span class='ocrx_word' id='word_1_425' title='bbox 82 4724 123 4775; x_wconf 85' lang='lat' dir='ltr'>in</span> <span class='ocrx_word' id='word_1_426' title='bbox 148 4728 443 4783; x_wconf 89' lang='lat' dir='ltr'>animarum</span> <span class='ocrx_word' id='word_1_427' title='bbox 476 4736 770 4800; x_wconf 74' lang='lat' dir='ltr'>praestum,</span> <span class='ocrx_word' id='word_1_428' title='bbox 804 4732 861 4785; x_wconf 89' lang='lat' dir='ltr'>in</span> <span class='ocrx_word' id='word_1_429' title='bbox 895 4733 1151 4802; x_wconf 88' lang='lat' dir='ltr'>profectu</span> <span class='ocrx_word' id='word_1_430' title='bbox 1179 4734 1491 4802; x_wconf 87' lang='lat' dir='ltr'>legentum,</span> <span class='ocrx_word' id='word_1_431' title='bbox 1526 4734 1585 4787; x_wconf 93' lang='lat' dir='ltr'>in</span> <span class='ocrx_word' id='word_1_432' title='bbox 1618 4750 1721 4787; x_wconf 87' lang='lat' dir='ltr'>ex-</span> 
     </span>
    </p>
   </div>
   <div class='ocr_carea' id='block_1_65' title="bbox 81 4813 1723 4892">
    <p class='ocr_par' dir='ltr' id='par_1_65' title="bbox 81 4813 1723 4892">
     <span class='ocr_line' id='line_1_65' title="bbox 81 4813 1723 4892; baseline 0.01 -31"><span class='ocrx_word' id='word_1_433' title='bbox 81 4813 359 4883; x_wconf 85' lang='lat' dir='ltr'>stirpatione</span> <span class='ocrx_word' id='word_1_434' title='bbox 388 4819 649 4873; x_wconf 89' lang='lat' dir='ltr'>omnium</span> <span class='ocrx_word' id='word_1_435' title='bbox 673 4820 1020 4874; x_wconf 92' lang='lat' dir='ltr'>insolentum</span> <span class='ocrx_word' id='word_1_436' title='bbox 1056 4827 1185 4875; x_wconf 89' lang='lat' dir='ltr'>ante</span> <span class='ocrx_word' id='word_1_437' title='bbox 1215 4827 1583 4892; x_wconf 88' lang='lat' dir='ltr'>conspectum</span> <span class='ocrx_word' id='word_1_438' title='bbox 1606 4823 1723 4892; x_wconf 86' lang='lat' dir='ltr'>glo-</span> 
     </span>
    </p>
   </div>
   <div class='ocr_carea' id='block_1_66' title="bbox 83 4900 1719 4979">
    <p class='ocr_par' dir='ltr' id='par_1_66' title="bbox 83 4900 1719 4979">
     <span class='ocr_line' id='line_1_66' title="bbox 83 4900 1719 4979; baseline 0.008 -27"><span class='ocrx_word' id='word_1_439' title='bbox 83 4900 153 4953; x_wconf 65' lang='lat' dir='ltr'>ria)</span> <span class='ocrx_word' id='word_1_440' title='bbox 180 4906 515 4961; x_wconf 86' lang='lat' dir='ltr'>admirabilis</span> <span class='ocrx_word' id='word_1_441' title='bbox 547 4909 673 4962; x_wconf 89' lang='lat' dir='ltr'>solii</span> <span class='ocrx_word' id='word_1_442' title='bbox 706 4910 791 4963; x_wconf 90' lang='lat' dir='ltr'>tui</span> <span class='ocrx_word' id='word_1_443' title='bbox 824 4926 929 4979; x_wconf 88' lang='lat' dir='ltr'>per</span> <span class='ocrx_word' id='word_1_444' title='bbox 961 4915 1077 4963; x_wconf 88' lang='lat' dir='ltr'>tota</span> <span class='ocrx_word' id='word_1_445' title='bbox 1108 4912 1444 4965; x_wconf 57' lang='lat' dir='ltr'>saeculorum</span> <span class='ocrx_word' id='word_1_446' title='bbox 1476 4912 1719 4965; x_wconf 85' lang='lat' dir='ltr'>volumi-</span> 
     </span>
    </p>
   </div>
   <div class='ocr_carea' id='block_1_67' title="bbox 1759 3732 1798 3785">
    <p class='ocr_par' dir='ltr' id='par_1_67' title="bbox 1759 3732 1798 3785">
     <span class='ocr_line' id='line_1_67' title="bbox 1759 3732 1798 3785; baseline 0 0"><span class='ocrx_word' id='word_1_447' title='bbox 1759 3732 1798 3785; x_wconf 89' lang='lat' dir='ltr'><strong><em>C</em></strong></span> 
     </span>
    </p>
   </div>
   <div class='ocr_carea' id='block_1_68' title="bbox 84 4999 1803 5085">
    <p class='ocr_par' dir='ltr' id='par_1_68' title="bbox 84 4999 1803 5085">
     <span class='ocr_line' id='line_1_68' title="bbox 84 4999 1803 5085; baseline 0.009 -46"><span class='ocrx_word' id='word_1_448' title='bbox 84 5000 371 5085; x_wconf 36' lang='lat' dir='ltr'>na-currat.</span> <span class='ocrx_word' id='word_1_449' title='bbox 440 5001 799 5067; x_wconf 83' lang='lat' dir='ltr'>Acceptetur,</span> <span class='ocrx_word' id='word_1_450' title='bbox 870 4999 1109 5052; x_wconf 89' lang='lat' dir='ltr'>Domine</span> <span class='ocrx_word' id='word_1_451' title='bbox 1173 5000 1341 5064; x_wconf 90' lang='lat' dir='ltr'>Deus,</span> <span class='ocrx_word' id='word_1_452' title='bbox 1409 5006 1540 5053; x_wconf 90' lang='lat' dir='ltr'>ante</span> <span class='ocrx_word' id='word_1_453' title='bbox 1607 5006 1720 5054; x_wconf 71' lang='lat' dir='ltr'>tuae</span> <span class='ocrx_word' id='word_1_454' title='bbox 1760 5033 1803 5085; x_wconf 69' lang='grc' dir='ltr'><strong>η</strong></span> 
     </span>
    </p>
   </div>
   <div class='ocr_carea' id='block_1_69' title="bbox 84 5079 1722 5153">
    <p class='ocr_par' dir='ltr' id='par_1_69' title="bbox 84 5079 1722 5153">
     <span class='ocr_line' id='line_1_69' title="bbox 84 5079 1722 5153; baseline 0.008 -24"><span class='ocrx_word' id='word_1_455' title='bbox 84 5079 340 5146; x_wconf 72' lang='lat' dir='ltr'>maiestatis</span> <span class='ocrx_word' id='word_1_456' title='bbox 381 5086 747 5139; x_wconf 89' lang='lat' dir='ltr'>clementiam</span> <span class='ocrx_word' id='word_1_457' title='bbox 796 5087 941 5140; x_wconf 84' lang='lat' dir='ltr'>servi</span> <span class='ocrx_word' id='word_1_458' title='bbox 992 5088 1074 5141; x_wconf 92' lang='lat' dir='ltr'>tui</span> <span class='ocrx_word' id='word_1_459' title='bbox 1118 5088 1338 5141; x_wconf 88' lang='lat' dir='ltr'>tantilla</span> <span class='ocrx_word' id='word_1_460' title='bbox 1387 5089 1631 5153; x_wconf 73' lang='lat' dir='ltr'>oﬂ&#39;ertio,</span> <span class='ocrx_word' id='word_1_461' title='bbox 1666 5094 1722 5142; x_wconf 90' lang='lat' dir='ltr'>et</span> 
     </span>
    </p>
   </div>
   <div class='ocr_carea' id='block_1_70' title="bbox 86 5164 1723 5247">
    <p class='ocr_par' dir='ltr' id='par_1_70' title="bbox 86 5164 1723 5247">
     <span class='ocr_line' id='line_1_70' title="bbox 86 5164 1723 5247; baseline 0.009 -30"><span class='ocrx_word' id='word_1_462' title='bbox 86 5164 189 5221; x_wconf 85' lang='lat' dir='ltr'>lutei</span> <span class='ocrx_word' id='word_1_463' title='bbox 224 5173 424 5226; x_wconf 86' lang='lat' dir='ltr'>vasculi</span> <span class='ocrx_word' id='word_1_464' title='bbox 464 5176 650 5228; x_wconf 84' lang='lat' dir='ltr'>votiva</span> <span class='ocrx_word' id='word_1_465' title='bbox 697 5192 810 5229; x_wconf 91' lang='lat' dir='ltr'>non</span> <span class='ocrx_word' id='word_1_466' title='bbox 859 5176 1198 5247; x_wconf 89' lang='lat' dir='ltr'>reprobetur</span> <span class='ocrx_word' id='word_1_467' title='bbox 1228 5178 1461 5231; x_wconf 89' lang='lat' dir='ltr'>oblatio.</span> <span class='ocrx_word' id='word_1_468' title='bbox 1502 5179 1565 5231; x_wconf 89' lang='lat' dir='ltr'>Et</span> <span class='ocrx_word' id='word_1_469' title='bbox 1592 5178 1723 5231; x_wconf 87' lang='lat' dir='ltr'>licet</span> 
     </span>
    </p>
   </div>
   <div class='ocr_carea' id='block_1_71' title="bbox 86 5256 1719 5329">
    <p class='ocr_par' dir='ltr' id='par_1_71' title="bbox 86 5256 1719 5329">
     <span class='ocr_line' id='line_1_71' title="bbox 86 5256 1719 5329; baseline 0.009 -23"><span class='ocrx_word' id='word_1_470' title='bbox 86 5256 287 5321; x_wconf 81' lang='lat' dir='ltr'>qualibet</span> <span class='ocrx_word' id='word_1_471' title='bbox 313 5261 563 5316; x_wconf 89' lang='lat' dir='ltr'>humana</span> <span class='ocrx_word' id='word_1_472' title='bbox 592 5263 891 5319; x_wconf 84' lang='lat' dir='ltr'>inlinietur</span> <span class='ocrx_word' id='word_1_473' title='bbox 916 5267 941 5307; x_wconf 76' lang='grc' dir='ltr'>ι)</span> <span class='ocrx_word' id='word_1_474' title='bbox 971 5266 1155 5329; x_wconf 90' lang='lat' dir='ltr'>sorde,</span> <span class='ocrx_word' id='word_1_475' title='bbox 1210 5282 1324 5319; x_wconf 91' lang='lat' dir='ltr'>non</span> <span class='ocrx_word' id='word_1_476' title='bbox 1370 5268 1589 5320; x_wconf 88' lang='lat' dir='ltr'>intente</span> <span class='ocrx_word' id='word_1_477' title='bbox 1621 5283 1719 5320; x_wconf 89' lang='lat' dir='ltr'>cu-</span> 
     </span>
    </p>
   </div>
   <div class='ocr_carea' id='block_1_72' title="bbox 88 5344 1716 5425">
    <p class='ocr_par' dir='ltr' id='par_1_72' title="bbox 88 5344 1716 5425">
     <span class='ocr_line' id='line_1_72' title="bbox 88 5344 1716 5425; baseline 0.007 -32"><span class='ocrx_word' id='word_1_478' title='bbox 88 5344 215 5409; x_wconf 80' lang='lat' dir='ltr'>ranti,</span> <span class='ocrx_word' id='word_1_479' title='bbox 246 5351 333 5401; x_wconf 90' lang='lat' dir='ltr'>tua</span> <span class='ocrx_word' id='word_1_480' title='bbox 373 5350 470 5403; x_wconf 87' lang='lat' dir='ltr'>illa</span> <span class='ocrx_word' id='word_1_481' title='bbox 502 5350 753 5420; x_wconf 88' lang='lat' dir='ltr'>gratuita</span> <span class='ocrx_word' id='word_1_482' title='bbox 786 5353 1131 5407; x_wconf 89' lang='lat' dir='ltr'>emundetur</span> <span class='ocrx_word' id='word_1_483' title='bbox 1161 5355 1516 5425; x_wconf 89' lang='lat' dir='ltr'>respectione</span> <span class='ocrx_word' id='word_1_484' title='bbox 1546 5354 1716 5407; x_wconf 73' lang='lat' dir='ltr'>felici.</span> 
     </span>
    </p>
   </div>
   <div class='ocr_carea' id='block_1_73' title="bbox 92 5428 1720 5510">
    <p class='ocr_par' dir='ltr' id='par_1_73' title="bbox 92 5428 1720 5510">
     <span class='ocr_line' id='line_1_73' title="bbox 92 5428 1720 5510; baseline 0.009 -30"><span class='ocrx_word' id='word_1_485' title='bbox 92 5428 197 5497; x_wconf 82' lang='lat' dir='ltr'>Esto,</span> <span class='ocrx_word' id='word_1_486' title='bbox 233 5435 478 5501; x_wconf 88' lang='lat' dir='ltr'>Domine,</span> <span class='ocrx_word' id='word_1_487' title='bbox 518 5441 735 5494; x_wconf 84' lang='lat' dir='ltr'>lucerna</span> <span class='ocrx_word' id='word_1_488' title='bbox 760 5442 989 5510; x_wconf 74' lang='lat' dir='ltr'>pedibus</span> <span class='ocrx_word' id='word_1_489' title='bbox 1019 5445 1170 5509; x_wconf 82' lang='lat' dir='ltr'>meis,</span> <span class='ocrx_word' id='word_1_490' title='bbox 1204 5448 1256 5497; x_wconf 81' lang='lat' dir='ltr'>et</span> <span class='ocrx_word' id='word_1_491' title='bbox 1299 5445 1473 5497; x_wconf 81' lang='lat' dir='ltr'>lumen</span> <span class='ocrx_word' id='word_1_492' title='bbox 1516 5444 1720 5495; x_wconf 73' lang='lat' dir='ltr'>semitis</span> 
     </span>
    </p>
   </div>
   <div class='ocr_carea' id='block_1_74' title="bbox 142 5558 1115 5636">
    <p class='ocr_par' dir='ltr' id='par_1_74' title="bbox 142 5558 1115 5636">
     <span class='ocr_line' id='line_1_74' title="bbox 142 5558 1115 5636; baseline 0.012 -27"><span class='ocrx_word' id='word_1_493' title='bbox 142 5558 300 5636; x_wconf 60' lang='lat' dir='ltr'>f_Vide</span> <span class='ocrx_word' id='word_1_494' title='bbox 328 5563 617 5630; x_wconf 85' lang='lat' dir='ltr'>Notitiam,</span> <span class='ocrx_word' id='word_1_495' title='bbox 651 5582 819 5636; x_wconf 87' lang='lat' dir='ltr'>supra</span> <span class='ocrx_word' id='word_1_496' title='bbox 852 5568 958 5621; x_wconf 89' lang='lat' dir='ltr'>col.</span> <span class='ocrx_word' id='word_1_497' title='bbox 995 5572 1115 5621; x_wconf 79' lang='lat'>387.</span> 
     </span>
    </p>
   </div>
   <div class='ocr_carea' id='block_1_75' title="bbox 144 5628 611 5699">
    <p class='ocr_par' dir='ltr' id='par_1_75' title="bbox 144 5628 611 5699">
     <span class='ocr_line' id='line_1_75' title="bbox 144 5628 611 5699; baseline 0.019 -21"><span class='ocrx_word' id='word_1_498' title='bbox 144 5628 159 5663; x_wconf 61' lang='grc' dir='ltr'>ξπ</span> <span class='ocrx_word' id='word_1_499' title='bbox 185 5628 295 5694; x_wconf 78' lang='lat' dir='ltr'>Leg.</span> <span class='ocrx_word' id='word_1_500' title='bbox 326 5628 611 5699; x_wconf 73' lang='lat' dir='ltr'>i&#39;n/icielur.</span> 
     </span>
    </p>
   </div>
   <div class='ocr_carea' id='block_1_76' title="bbox 1836 2519 3521 2592">
    <p class='ocr_par' dir='ltr' id='par_1_76' title="bbox 1836 2519 3521 2592">
     <span class='ocr_line' id='line_1_76' title="bbox 1836 2519 3521 2592; baseline -0.001 -20"><span class='ocrx_word' id='word_1_501' title='bbox 1836 2522 1956 2587; x_wconf 83' lang='grc'>103,</span> <span class='ocrx_word' id='word_1_502' title='bbox 2011 2523 2118 2589; x_wconf 77' lang='lat' dir='ltr'>l2),</span> <span class='ocrx_word' id='word_1_503' title='bbox 2172 2537 2518 2592; x_wconf 87' lang='lat' dir='ltr'>sensumque</span> <span class='ocrx_word' id='word_1_504' title='bbox 2569 2527 2733 2575; x_wconf 89' lang='lat' dir='ltr'>tuum</span> <span class='ocrx_word' id='word_1_505' title='bbox 2784 2537 2912 2574; x_wconf 90' lang='lat' dir='ltr'>meo</span> <span class='ocrx_word' id='word_1_506' title='bbox 2962 2536 3060 2573; x_wconf 92' lang='lat' dir='ltr'>ore</span> <span class='ocrx_word' id='word_1_507' title='bbox 3107 2519 3367 2572; x_wconf 85' lang='lat' dir='ltr'>defende.</span> <span class='ocrx_word' id='word_1_508' title='bbox 3418 2520 3521 2584; x_wconf 88' lang='lat' dir='ltr'>Tu,</span> 
     </span>
    </p>
   </div>
   <div class='ocr_carea' id='block_1_77' title="bbox 1834 2609 3524 2680">
    <p class='ocr_par' dir='ltr' id='par_1_77' title="bbox 1834 2609 3524 2680">
     <span class='ocr_line' id='line_1_77' title="bbox 1834 2609 3524 2680; baseline -0.002 -17"><span class='ocrx_word' id='word_1_509' title='bbox 1834 2610 2093 2676; x_wconf 91' lang='lat' dir='ltr'>Domine,</span> <span class='ocrx_word' id='word_1_510' title='bbox 2126 2626 2231 2680; x_wconf 91' lang='lat' dir='ltr'>per</span> <span class='ocrx_word' id='word_1_511' title='bbox 2277 2628 2338 2664; x_wconf 90' lang='lat' dir='ltr'>os</span> <span class='ocrx_word' id='word_1_512' title='bbox 2387 2627 2577 2665; x_wconf 89' lang='lat' dir='ltr'>meum</span> <span class='ocrx_word' id='word_1_513' title='bbox 2610 2615 2708 2664; x_wconf 89' lang='lat' dir='ltr'>tua</span> <span class='ocrx_word' id='word_1_514' title='bbox 2738 2610 2907 2663; x_wconf 85' lang='lat' dir='ltr'>verba</span> <span class='ocrx_word' id='word_1_515' title='bbox 2938 2625 3160 2662; x_wconf 88' lang='lat' dir='ltr'>sonare.</span> <span class='ocrx_word' id='word_1_516' title='bbox 3211 2609 3289 2661; x_wconf 89' lang='lat' dir='ltr'>Tu</span> <span class='ocrx_word' id='word_1_517' title='bbox 3325 2624 3524 2661; x_wconf 88' lang='lat' dir='ltr'>canem</span> 
     </span>
    </p>
   </div>
   <div class='ocr_carea' id='block_1_78' title="bbox 1833 2698 3522 2769">
    <p class='ocr_par' dir='ltr' id='par_1_78' title="bbox 1833 2698 3522 2769">
     <span class='ocr_line' id='line_1_78' title="bbox 1833 2698 3522 2769; baseline -0.002 -17"><span class='ocrx_word' id='word_1_518' title='bbox 1833 2703 1996 2753; x_wconf 89' lang='lat' dir='ltr'>tuum</span> <span class='ocrx_word' id='word_1_519' title='bbox 2044 2716 2146 2769; x_wconf 89' lang='lat' dir='ltr'>pro</span> <span class='ocrx_word' id='word_1_520' title='bbox 2197 2705 2249 2752; x_wconf 92' lang='lat' dir='ltr'>te</span> <span class='ocrx_word' id='word_1_521' title='bbox 2298 2700 2601 2753; x_wconf 88' lang='lat' dir='ltr'>latrantem</span> <span class='ocrx_word' id='word_1_522' title='bbox 2656 2706 2855 2752; x_wconf 86' lang='lat' dir='ltr'>contra</span> <span class='ocrx_word' id='word_1_523' title='bbox 2899 2698 3160 2752; x_wconf 89' lang='lat' dir='ltr'>rabidum</span> <span class='ocrx_word' id='word_1_524' title='bbox 3210 2698 3411 2767; x_wconf 90' lang='lat' dir='ltr'>lupum</span> <span class='ocrx_word' id='word_1_525' title='bbox 3460 2713 3522 2749; x_wconf 82' lang='lat' dir='ltr'>ex</span> 
     </span>
    </p>
   </div>
   <div class='ocr_carea' id='block_1_79' title="bbox 1831 2786 3524 2841">
    <p class='ocr_par' dir='ltr' id='par_1_79' title="bbox 1831 2786 3524 2841">
     <span class='ocr_line' id='line_1_79' title="bbox 1831 2786 3524 2841; baseline -0.002 0"><span class='ocrx_word' id='word_1_526' title='bbox 1831 2804 2046 2841; x_wconf 58' lang='lat' dir='ltr'>mensa</span> <span class='ocrx_word' id='word_1_527' title='bbox 2078 2795 2190 2841; x_wconf 68' lang='lat' dir='ltr'>tum</span> <span class='ocrx_word' id='word_1_528' title='bbox 2224 2788 2384 2841; x_wconf 88' lang='lat' dir='ltr'>micis</span> <span class='ocrx_word' id='word_1_529' title='bbox 2430 2788 2640 2841; x_wconf 90' lang='lat' dir='ltr'>cibare.</span> <span class='ocrx_word' id='word_1_530' title='bbox 2689 2788 2809 2840; x_wconf 87' lang='lat' dir='ltr'>Non</span> <span class='ocrx_word' id='word_1_531' title='bbox 2838 2787 2991 2839; x_wconf 90' lang='lat' dir='ltr'>enim</span> <span class='ocrx_word' id='word_1_532' title='bbox 3041 2786 3107 2839; x_wconf 90' lang='lat' dir='ltr'>ad</span> <span class='ocrx_word' id='word_1_533' title='bbox 3149 2786 3271 2839; x_wconf 64' lang='lat' dir='ltr'>haec</span> <span class='ocrx_word' id='word_1_534' title='bbox 3319 2801 3387 2838; x_wconf 89' lang='lat' dir='ltr'>ex</span> <span class='ocrx_word' id='word_1_535' title='bbox 3433 2801 3524 2837; x_wconf 92' lang='lat' dir='ltr'>me</span> 
     </span>
    </p>
   </div>
   <div class='ocr_carea' id='block_1_80' title="bbox 1831 2874 3524 2946">
    <p class='ocr_par' dir='ltr' id='par_1_80' title="bbox 1831 2874 3524 2946">
     <span class='ocr_line' id='line_1_80' title="bbox 1831 2874 3524 2946; baseline -0.002 -17"><span class='ocrx_word' id='word_1_536' title='bbox 1831 2877 1954 2946; x_wconf 90' lang='lat' dir='ltr'>ipso</span> <span class='ocrx_word' id='word_1_537' title='bbox 1988 2877 2166 2930; x_wconf 81' lang='lat' dir='ltr'>fidens</span> <span class='ocrx_word' id='word_1_538' title='bbox 2199 2876 2437 2939; x_wconf 76' lang='lat' dir='ltr'>surrexi,</span> <span class='ocrx_word' id='word_1_539' title='bbox 2475 2877 2570 2930; x_wconf 90' lang='lat' dir='ltr'>sed</span> <span class='ocrx_word' id='word_1_540' title='bbox 2622 2893 2689 2929; x_wconf 84' lang='lat' dir='ltr'>ex</span> <span class='ocrx_word' id='word_1_541' title='bbox 2720 2880 2795 2940; x_wconf 92' lang='lat' dir='ltr'>te,</span> <span class='ocrx_word' id='word_1_542' title='bbox 2829 2876 2929 2945; x_wconf 89' lang='lat' dir='ltr'>qui</span> <span class='ocrx_word' id='word_1_543' title='bbox 2963 2875 3187 2944; x_wconf 84' lang='lat' dir='ltr'>linguas</span> <span class='ocrx_word' id='word_1_544' title='bbox 3220 2874 3524 2927; x_wconf 80' lang='lat' dir='ltr'>infantium</span> 
     </span>
    </p>
   </div>
   <div class='ocr_carea' id='block_1_81' title="bbox 1831 2962 3521 3033">
    <p class='ocr_par' dir='ltr' id='par_1_81' title="bbox 1831 2962 3521 3033">
     <span class='ocr_line' id='line_1_81' title="bbox 1831 2962 3521 3033; baseline -0.002 -14"><span class='ocrx_word' id='word_1_545' title='bbox 1831 2965 1967 3019; x_wconf 84' lang='lat' dir='ltr'>facis</span> <span class='ocrx_word' id='word_1_546' title='bbox 1994 2965 2253 3030; x_wconf 91' lang='lat' dir='ltr'>disertas,</span> <span class='ocrx_word' id='word_1_547' title='bbox 2284 2970 2340 3018; x_wconf 88' lang='lat' dir='ltr'>et</span> <span class='ocrx_word' id='word_1_548' title='bbox 2381 2970 2675 3018; x_wconf 87' lang='lat' dir='ltr'>mutorum</span> <span class='ocrx_word' id='word_1_549' title='bbox 2707 2980 2739 3016; x_wconf 92' lang='lat' dir='ltr'>a</span> <span class='ocrx_word' id='word_1_550' title='bbox 2787 2969 2842 3017; x_wconf 86' lang='lat' dir='ltr'>te</span> <span class='ocrx_word' id='word_1_551' title='bbox 2874 2965 3068 3033; x_wconf 88' lang='lat' dir='ltr'>legens</span> <span class='ocrx_word' id='word_1_552' title='bbox 3100 2963 3310 3015; x_wconf 81' lang='lat' dir='ltr'>laxatas</span> <span class='ocrx_word' id='word_1_553' title='bbox 3349 2962 3521 3016; x_wconf 88' lang='lat' dir='ltr'>habe-</span> 
     </span>
    </p>
   </div>
   <div class='ocr_carea' id='block_1_82' title="bbox 1832 3050 3528 3124">
    <p class='ocr_par' dir='ltr' id='par_1_82' title="bbox 1832 3050 3528 3124">
     <span class='ocr_line' id='line_1_82' title="bbox 1832 3050 3528 3124; baseline -0.002 -17"><span class='ocrx_word' id='word_1_554' title='bbox 1832 3070 1954 3119; x_wconf 85' lang='lat' dir='ltr'>nas,</span> <span class='ocrx_word' id='word_1_555' title='bbox 1987 3054 2302 3108; x_wconf 89' lang='lat' dir='ltr'>devotionis</span> <span class='ocrx_word' id='word_1_556' title='bbox 2351 3054 2526 3124; x_wconf 84' lang='lat' dir='ltr'>hujus</span> <span class='ocrx_word' id='word_1_557' title='bbox 2564 3070 2679 3106; x_wconf 91' lang='lat' dir='ltr'>non</span> <span class='ocrx_word' id='word_1_558' title='bbox 2726 3057 2788 3105; x_wconf 92' lang='lat' dir='ltr'>ut</span> <span class='ocrx_word' id='word_1_559' title='bbox 2818 3052 2976 3117; x_wconf 89' lang='lat' dir='ltr'>scita,</span> <span class='ocrx_word' id='word_1_560' title='bbox 3012 3052 3111 3106; x_wconf 93' lang='lat' dir='ltr'>sed</span> <span class='ocrx_word' id='word_1_561' title='bbox 3156 3055 3220 3105; x_wconf 86' lang='lat' dir='ltr'>ut</span> <span class='ocrx_word' id='word_1_562' title='bbox 3262 3050 3528 3120; x_wconf 90' lang='lat' dir='ltr'>indigens</span> 
     </span>
    </p>
   </div>
   <div class='ocr_carea' id='block_1_83' title="bbox 1832 3140 3526 3213">
    <p class='ocr_par' dir='ltr' id='par_1_83' title="bbox 1832 3140 3526 3213">
     <span class='ocr_line' id='line_1_83' title="bbox 1832 3140 3526 3213; baseline -0.002 -16"><span class='ocrx_word' id='word_1_563' title='bbox 1832 3145 1945 3197; x_wconf 91' lang='lat' dir='ltr'>duo</span> <span class='ocrx_word' id='word_1_564' title='bbox 1990 3143 2217 3213; x_wconf 82' lang='lat' dir='ltr'>porrexi</span> <span class='ocrx_word' id='word_1_565' title='bbox 2264 3142 2485 3197; x_wconf 89' lang='lat' dir='ltr'>minuta</span> <span class='ocrx_word' id='word_1_566' title='bbox 2530 3143 2678 3212; x_wconf 89' lang='lat' dir='ltr'>(Luc.</span> <span class='ocrx_word' id='word_1_567' title='bbox 2720 3157 2817 3208; x_wconf 80' lang='lat' dir='ltr'>xu,</span> <span class='ocrx_word' id='word_1_568' title='bbox 2850 3142 2924 3212; x_wconf 78' lang='lat'>2).</span> <span class='ocrx_word' id='word_1_569' title='bbox 2979 3142 3119 3195; x_wconf 85' lang='lat' dir='ltr'>Nam</span> <span class='ocrx_word' id='word_1_570' title='bbox 3167 3141 3305 3211; x_wconf 90' lang='lat' dir='ltr'>quid</span> <span class='ocrx_word' id='word_1_571' title='bbox 3353 3140 3526 3194; x_wconf 91' lang='lat' dir='ltr'>homo</span> 
     </span>
    </p>
   </div>
   <div class='ocr_carea' id='block_1_84' title="bbox 1832 3228 3527 3301">
    <p class='ocr_par' dir='ltr' id='par_1_84' title="bbox 1832 3228 3527 3301">
     <span class='ocr_line' id='line_1_84' title="bbox 1832 3228 3527 3301; baseline -0.004 -15"><span class='ocrx_word' id='word_1_572' title='bbox 1832 3238 1935 3299; x_wconf 89' lang='lat' dir='ltr'>est,</span> <span class='ocrx_word' id='word_1_573' title='bbox 1990 3233 2253 3297; x_wconf 91' lang='lat' dir='ltr'>Domine,</span> <span class='ocrx_word' id='word_1_574' title='bbox 2302 3232 2514 3286; x_wconf 90' lang='lat' dir='ltr'>auxilio</span> <span class='ocrx_word' id='word_1_575' title='bbox 2549 3237 2650 3285; x_wconf 87' lang='lat' dir='ltr'>tuo</span> <span class='ocrx_word' id='word_1_576' title='bbox 2700 3232 2975 3301; x_wconf 87' lang='lat' dir='ltr'>privatus,</span> <span class='ocrx_word' id='word_1_577' title='bbox 3022 3229 3132 3283; x_wconf 90' lang='lat' dir='ltr'>nisi</span> <span class='ocrx_word' id='word_1_578' title='bbox 3166 3234 3387 3282; x_wconf 87' lang='lat' dir='ltr'>tantum</span> <span class='ocrx_word' id='word_1_579' title='bbox 3419 3228 3527 3281; x_wconf 90' lang='lat' dir='ltr'>sibi</span> 
     </span>
    </p>
   </div>
   <div class='ocr_carea' id='block_1_85' title="bbox 1830 3316 3526 3392">
    <p class='ocr_par' dir='ltr' id='par_1_85' title="bbox 1830 3316 3526 3392">
     <span class='ocr_line' id='line_1_85' title="bbox 1830 3316 3526 3392; baseline -0.003 -18"><span class='ocrx_word' id='word_1_580' title='bbox 1830 3320 2067 3392; x_wconf 91' lang='lat' dir='ltr'>periculi</span> <span class='ocrx_word' id='word_1_581' title='bbox 2117 3338 2294 3381; x_wconf 86' lang='lat' dir='ltr'>casus,</span> <span class='ocrx_word' id='word_1_582' title='bbox 2336 3322 2472 3373; x_wconf 91' lang='lat' dir='ltr'>dum</span> <span class='ocrx_word' id='word_1_583' title='bbox 2516 3320 2724 3373; x_wconf 87' lang='lat' dir='ltr'>erroris</span> <span class='ocrx_word' id='word_1_584' title='bbox 2770 3320 2888 3372; x_wconf 90' lang='lat' dir='ltr'>imo</span> <span class='ocrx_word' id='word_1_585' title='bbox 2914 3319 3066 3387; x_wconf 87' lang='lat' dir='ltr'>jacet</span> <span class='ocrx_word' id='word_1_586' title='bbox 3094 3316 3412 3371; x_wconf 83' lang='lat' dir='ltr'>dimersus?</span> <span class='ocrx_word' id='word_1_587' title='bbox 3461 3317 3526 3369; x_wconf 88' lang='lat' dir='ltr'>Et</span> 
     </span>
    </p>
   </div>
   <div class='ocr_carea' id='block_1_86' title="bbox 1831 3405 3525 3479">
    <p class='ocr_par' dir='ltr' id='par_1_86' title="bbox 1831 3405 3525 3479">
     <span class='ocr_line' id='line_1_86' title="bbox 1831 3405 3525 3479; baseline -0.002 -17"><span class='ocrx_word' id='word_1_588' title='bbox 1831 3409 1985 3475; x_wconf 91' lang='lat' dir='ltr'>ideo,</span> <span class='ocrx_word' id='word_1_589' title='bbox 2035 3410 2481 3463; x_wconf 87' lang='lat' dir='ltr'>clementissime</span> <span class='ocrx_word' id='word_1_590' title='bbox 2525 3409 2732 3479; x_wconf 79' lang='lat' dir='ltr'>opifex,</span> <span class='ocrx_word' id='word_1_591' title='bbox 2781 3408 3036 3477; x_wconf 90' lang='lat' dir='ltr'>piissime</span> <span class='ocrx_word' id='word_1_592' title='bbox 3084 3406 3305 3469; x_wconf 83' lang='lat' dir='ltr'>artifex,</span> <span class='ocrx_word' id='word_1_593' title='bbox 3360 3405 3525 3459; x_wconf 87' lang='lat' dir='ltr'>mise-</span> 
     </span>
    </p>
   </div>
   <div class='ocr_carea' id='block_1_87' title="bbox 1832 3494 3526 3568">
    <p class='ocr_par' dir='ltr' id='par_1_87' title="bbox 1832 3494 3526 3568">
     <span class='ocr_line' id='line_1_87' title="bbox 1832 3494 3526 3568; baseline -0.002 -18"><span class='ocrx_word' id='word_1_594' title='bbox 1832 3498 2217 3552; x_wconf 82' lang='lat' dir='ltr'>ricordissime</span> <span class='ocrx_word' id='word_1_595' title='bbox 2276 3498 2468 3567; x_wconf 84' lang='lat' dir='ltr'>judex,</span> <span class='ocrx_word' id='word_1_596' title='bbox 2530 3497 2677 3568; x_wconf 92' lang='lat' dir='ltr'>quod</span> <span class='ocrx_word' id='word_1_597' title='bbox 2727 3496 3021 3566; x_wconf 88' lang='lat' dir='ltr'>inspirasti</span> <span class='ocrx_word' id='word_1_598' title='bbox 3080 3497 3312 3564; x_wconf 80' lang='lat' dir='ltr'>perﬁce,</span> <span class='ocrx_word' id='word_1_599' title='bbox 3373 3494 3526 3564; x_wconf 90' lang='lat' dir='ltr'>quod</span> 
     </span>
    </p>
   </div>
   <div class='ocr_carea' id='block_1_88' title="bbox 1826 3582 3524 3657">
    <p class='ocr_par' dir='ltr' id='par_1_88' title="bbox 1826 3582 3524 3657">
     <span class='ocr_line' id='line_1_88' title="bbox 1826 3582 3524 3657; baseline -0.004 -17"><span class='ocrx_word' id='word_1_600' title='bbox 1826 3586 2044 3657; x_wconf 89' lang='lat' dir='ltr'>jussisti</span> <span class='ocrx_word' id='word_1_601' title='bbox 2077 3586 2345 3656; x_wconf 87' lang='lat' dir='ltr'>adimple,</span> <span class='ocrx_word' id='word_1_602' title='bbox 2391 3586 2544 3656; x_wconf 91' lang='lat' dir='ltr'>quod</span> <span class='ocrx_word' id='word_1_603' title='bbox 2586 3585 2793 3638; x_wconf 89' lang='lat' dir='ltr'>dedisti</span> <span class='ocrx_word' id='word_1_604' title='bbox 2844 3600 3082 3645; x_wconf 89' lang='lat' dir='ltr'>sacrare,</span> <span class='ocrx_word' id='word_1_605' title='bbox 3129 3588 3184 3635; x_wconf 89' lang='lat' dir='ltr'>et</span> <span class='ocrx_word' id='word_1_606' title='bbox 3235 3599 3406 3652; x_wconf 91' lang='lat' dir='ltr'>quem</span> <span class='ocrx_word' id='word_1_607' title='bbox 3439 3582 3524 3635; x_wconf 92' lang='lat' dir='ltr'>di-</span> 
     </span>
    </p>
   </div>
   <div class='ocr_carea' id='block_1_89' title="bbox 1830 3672 3523 3745">
    <p class='ocr_par' dir='ltr' id='par_1_89' title="bbox 1830 3672 3523 3745">
     <span class='ocr_line' id='line_1_89' title="bbox 1830 3672 3523 3745; baseline -0.004 -16"><span class='ocrx_word' id='word_1_608' title='bbox 1830 3692 2008 3745; x_wconf 88' lang='lat' dir='ltr'>gnum</span> <span class='ocrx_word' id='word_1_609' title='bbox 2038 3675 2171 3728; x_wconf 90' lang='lat' dir='ltr'>huic</span> <span class='ocrx_word' id='word_1_610' title='bbox 2213 3674 2506 3728; x_wconf 87' lang='lat' dir='ltr'>reddidisti</span> <span class='ocrx_word' id='word_1_611' title='bbox 2542 3675 2778 3737; x_wconf 87' lang='lat' dir='ltr'>talento,</span> <span class='ocrx_word' id='word_1_612' title='bbox 2808 3677 2871 3725; x_wconf 88' lang='lat' dir='ltr'>ut</span> <span class='ocrx_word' id='word_1_613' title='bbox 2915 3688 3018 3741; x_wconf 84' lang='lat' dir='ltr'>per</span> <span class='ocrx_word' id='word_1_614' title='bbox 3047 3672 3155 3724; x_wconf 89' lang='lat' dir='ltr'>hoc</span> <span class='ocrx_word' id='word_1_615' title='bbox 3190 3686 3304 3723; x_wconf 92' lang='lat' dir='ltr'>non</span> <span class='ocrx_word' id='word_1_616' title='bbox 3347 3674 3523 3723; x_wconf 89' lang='lat' dir='ltr'>teme—</span> 
     </span>
    </p>
   </div>
   <div class='ocr_carea' id='block_1_90' title="bbox 1831 3759 3523 3827">
    <p class='ocr_par' dir='ltr' id='par_1_90' title="bbox 1831 3759 3523 3827">
     <span class='ocr_line' id='line_1_90' title="bbox 1831 3759 3523 3827; baseline -0.004 -10"><span class='ocrx_word' id='word_1_617' title='bbox 1831 3763 2012 3817; x_wconf 86' lang='lat' dir='ltr'>ritatis</span> <span class='ocrx_word' id='word_1_618' title='bbox 2044 3779 2247 3816; x_wconf 88' lang='lat' dir='ltr'>ausum</span> <span class='ocrx_word' id='word_1_619' title='bbox 2293 3763 2563 3823; x_wconf 88' lang='lat' dir='ltr'>incurrat,</span> <span class='ocrx_word' id='word_1_620' title='bbox 2601 3761 2698 3815; x_wconf 90' lang='lat' dir='ltr'>sed</span> <span class='ocrx_word' id='word_1_621' title='bbox 2733 3760 3076 3814; x_wconf 87' lang='lat' dir='ltr'>humilitatis</span> <span class='ocrx_word' id='word_1_622' title='bbox 3120 3759 3220 3811; x_wconf 91' lang='lat' dir='ltr'>tibi</span> <span class='ocrx_word' id='word_1_623' title='bbox 3250 3759 3523 3827; x_wconf 89' lang='lat' dir='ltr'>acceptis-</span> 
     </span>
    </p>
   </div>
   <div class='ocr_carea' id='block_1_91' title="bbox 1830 3846 3524 3918">
    <p class='ocr_par' dir='ltr' id='par_1_91' title="bbox 1830 3846 3524 3918">
     <span class='ocr_line' id='line_1_91' title="bbox 1830 3846 3524 3918; baseline -0.004 -12"><span class='ocrx_word' id='word_1_624' title='bbox 1830 3853 2041 3906; x_wconf 88' lang='lat' dir='ltr'>simum</span> <span class='ocrx_word' id='word_1_625' title='bbox 2072 3852 2316 3905; x_wconf 83' lang='lat' dir='ltr'>fructum</span> <span class='ocrx_word' id='word_1_626' title='bbox 2348 3850 2629 3915; x_wconf 86' lang='lat' dir='ltr'>obtineat;</span> <span class='ocrx_word' id='word_1_627' title='bbox 2660 3848 2757 3902; x_wconf 88' lang='lat' dir='ltr'>illa</span> <span class='ocrx_word' id='word_1_628' title='bbox 2802 3864 2915 3918; x_wconf 90' lang='lat' dir='ltr'>qua</span> <span class='ocrx_word' id='word_1_629' title='bbox 2946 3846 3403 3901; x_wconf 89' lang='lat' dir='ltr'>immensurabili</span> <span class='ocrx_word' id='word_1_630' title='bbox 3435 3848 3524 3900; x_wconf 87' lang='lat' dir='ltr'>af-</span> 
     </span>
    </p>
   </div>
   <div class='ocr_carea' id='block_1_92' title="bbox 1828 3934 3521 4009">
    <p class='ocr_par' dir='ltr' id='par_1_92' title="bbox 1828 3934 3521 4009">
     <span class='ocr_line' id='line_1_92' title="bbox 1828 3934 3521 4009; baseline -0.005 -15"><span class='ocrx_word' id='word_1_631' title='bbox 1828 3940 1957 3994; x_wconf 91' lang='lat' dir='ltr'>ﬂuis</span> <span class='ocrx_word' id='word_1_632' title='bbox 2016 3939 2305 4007; x_wconf 90' lang='lat' dir='ltr'>bonitate,</span> <span class='ocrx_word' id='word_1_633' title='bbox 2356 3954 2619 4009; x_wconf 84' lang='lat' dir='ltr'>procura.</span> <span class='ocrx_word' id='word_1_634' title='bbox 2685 3936 2903 3991; x_wconf 88' lang='lat' dir='ltr'>Dedisti</span> <span class='ocrx_word' id='word_1_635' title='bbox 2980 3937 3136 3989; x_wconf 88' lang='lat' dir='ltr'>enim</span> <span class='ocrx_word' id='word_1_636' title='bbox 3194 3934 3366 4001; x_wconf 89' lang='lat' dir='ltr'>mihi,</span> <span class='ocrx_word' id='word_1_637' title='bbox 3426 3934 3521 4003; x_wconf 89' lang='lat' dir='ltr'>pie</span> 
     </span>
    </p>
   </div>
   <div class='ocr_carea' id='block_1_93' title="bbox 1828 4022 3525 4098">
    <p class='ocr_par' dir='ltr' id='par_1_93' title="bbox 1828 4022 3525 4098">
     <span class='ocr_line' id='line_1_93' title="bbox 1828 4022 3525 4098; baseline -0.004 -16"><span class='ocrx_word' id='word_1_638' title='bbox 1828 4029 2108 4096; x_wconf 90' lang='lat' dir='ltr'>conditor,</span> <span class='ocrx_word' id='word_1_639' title='bbox 2144 4027 2502 4098; x_wconf 87' lang='lat' dir='ltr'>intelligendi</span> <span class='ocrx_word' id='word_1_640' title='bbox 2546 4026 2831 4096; x_wconf 87' lang='lat' dir='ltr'>vigorem;</span> <span class='ocrx_word' id='word_1_641' title='bbox 2862 4023 3153 4078; x_wconf 84' lang='lat' dir='ltr'>inseruisti</span> <span class='ocrx_word' id='word_1_642' title='bbox 3193 4022 3525 4093; x_wconf 63' lang='lat' dir='ltr'>praecordiis</span> 
     </span>
    </p>
   </div>
   <div class='ocr_carea' id='block_1_94' title="bbox 1830 4111 3526 4182">
    <p class='ocr_par' dir='ltr' id='par_1_94' title="bbox 1830 4111 3526 4182">
     <span class='ocr_line' id='line_1_94' title="bbox 1830 4111 3526 4182; baseline -0.004 -11"><span class='ocrx_word' id='word_1_643' title='bbox 1830 4118 1972 4171; x_wconf 90' lang='lat' dir='ltr'>meis</span> <span class='ocrx_word' id='word_1_644' title='bbox 2002 4117 2207 4182; x_wconf 81' lang='lat' dir='ltr'>ﬁdem;</span> <span class='ocrx_word' id='word_1_645' title='bbox 2246 4122 2302 4169; x_wconf 90' lang='lat' dir='ltr'>et</span> <span class='ocrx_word' id='word_1_646' title='bbox 2348 4132 2415 4169; x_wconf 83' lang='lat' dir='ltr'>ex</span> <span class='ocrx_word' id='word_1_647' title='bbox 2445 4120 2605 4169; x_wconf 88' lang='lat' dir='ltr'>utero</span> <span class='ocrx_word' id='word_1_648' title='bbox 2638 4114 2837 4167; x_wconf 89' lang='lat' dir='ltr'>matris</span> <span class='ocrx_word' id='word_1_649' title='bbox 2866 4128 2982 4166; x_wconf 91' lang='lat' dir='ltr'>non</span> <span class='ocrx_word' id='word_1_650' title='bbox 3011 4111 3285 4181; x_wconf 88' lang='lat' dir='ltr'>gentilem</span> <span class='ocrx_word' id='word_1_651' title='bbox 3323 4111 3526 4165; x_wconf 87' lang='lat' dir='ltr'>hacte-</span> 
     </span>
    </p>
   </div>
   <div class='ocr_carea' id='block_1_95' title="bbox 1829 4201 3523 4272">
    <p class='ocr_par' dir='ltr' id='par_1_95' title="bbox 1829 4201 3523 4272">
     <span class='ocr_line' id='line_1_95' title="bbox 1829 4201 3523 4272; baseline -0.005 -11"><span class='ocrx_word' id='word_1_652' title='bbox 1829 4222 1957 4272; x_wconf 89' lang='lat' dir='ltr'>nus,</span> <span class='ocrx_word' id='word_1_653' title='bbox 2007 4207 2103 4260; x_wconf 89' lang='lat' dir='ltr'>sed</span> <span class='ocrx_word' id='word_1_654' title='bbox 2151 4204 2502 4259; x_wconf 85' lang='lat' dir='ltr'>conservasti</span> <span class='ocrx_word' id='word_1_655' title='bbox 2556 4203 2809 4269; x_wconf 81' lang='lat' dir='ltr'>ﬁdelem,</span> <span class='ocrx_word' id='word_1_656' title='bbox 2865 4203 3017 4254; x_wconf 92' lang='lat' dir='ltr'>nullo</span> <span class='ocrx_word' id='word_1_657' title='bbox 3069 4201 3273 4255; x_wconf 89' lang='lat' dir='ltr'>merito</span> <span class='ocrx_word' id='word_1_658' title='bbox 3311 4216 3523 4270; x_wconf 65' lang='lat' dir='ltr'>praece-</span> 
     </span>
    </p>
   </div>
   <div class='ocr_carea' id='block_1_96' title="bbox 1832 4290 3529 4365">
    <p class='ocr_par' dir='ltr' id='par_1_96' title="bbox 1832 4290 3529 4365">
     <span class='ocr_line' id='line_1_96' title="bbox 1832 4290 3529 4365; baseline -0.005 -15"><span class='ocrx_word' id='word_1_659' title='bbox 1832 4295 2025 4361; x_wconf 85' lang='lat' dir='ltr'>dente,</span> <span class='ocrx_word' id='word_1_660' title='bbox 2051 4295 2206 4349; x_wconf 88' lang='lat' dir='ltr'>nulla</span> <span class='ocrx_word' id='word_1_661' title='bbox 2231 4293 2450 4365; x_wconf 80' lang='lat' dir='ltr'>iustitia</span> <span class='ocrx_word' id='word_1_662' title='bbox 2468 4297 2874 4364; x_wconf 88' lang='lat' dir='ltr'>prosequente,</span> <span class='ocrx_word' id='word_1_663' title='bbox 2902 4291 3062 4345; x_wconf 91' lang='lat' dir='ltr'>nullo</span> <span class='ocrx_word' id='word_1_664' title='bbox 3082 4306 3255 4360; x_wconf 89' lang='lat' dir='ltr'>opere</span> <span class='ocrx_word' id='word_1_665' title='bbox 3284 4290 3393 4343; x_wconf 92' lang='lat' dir='ltr'>hoc</span> <span class='ocrx_word' id='word_1_666' title='bbox 3416 4305 3529 4342; x_wconf 88' lang='lat' dir='ltr'>me-</span> 
     </span>
    </p>
   </div>
   <div class='ocr_carea' id='block_1_97' title="bbox 1832 4380 3527 4453">
    <p class='ocr_par' dir='ltr' id='par_1_97' title="bbox 1832 4380 3527 4453">
     <span class='ocr_line' id='line_1_97' title="bbox 1832 4380 3527 4453; baseline -0.005 -16"><span class='ocrx_word' id='word_1_667' title='bbox 1832 4388 2021 4449; x_wconf 91' lang='lat' dir='ltr'>rente;</span> <span class='ocrx_word' id='word_1_668' title='bbox 2056 4398 2242 4453; x_wconf 91' lang='lat' dir='ltr'>neque</span> <span class='ocrx_word' id='word_1_669' title='bbox 2278 4381 2431 4435; x_wconf 91' lang='lat' dir='ltr'>enim</span> <span class='ocrx_word' id='word_1_670' title='bbox 2479 4397 2594 4434; x_wconf 91' lang='lat' dir='ltr'>non</span> <span class='ocrx_word' id='word_1_671' title='bbox 2644 4386 2868 4434; x_wconf 87' lang='lat' dir='ltr'>exstans</span> <span class='ocrx_word' id='word_1_672' title='bbox 2899 4380 3094 4449; x_wconf 89' lang='lat' dir='ltr'>aliqua</span> <span class='ocrx_word' id='word_1_673' title='bbox 3126 4383 3348 4447; x_wconf 88' lang='lat' dir='ltr'>poterat</span> <span class='ocrx_word' id='word_1_674' title='bbox 3396 4393 3527 4447; x_wconf 88' lang='lat' dir='ltr'>pro-</span> 
     </span>
    </p>
   </div>
   <div class='ocr_carea' id='block_1_98' title="bbox 1829 4466 3529 4532">
    <p class='ocr_par' dir='ltr' id='par_1_98' title="bbox 1829 4466 3529 4532">
     <span class='ocr_line' id='line_1_98' title="bbox 1829 4466 3529 4532; baseline -0.005 -7"><span class='ocrx_word' id='word_1_675' title='bbox 1829 4471 2061 4532; x_wconf 90' lang='lat' dir='ltr'>mereri,</span> <span class='ocrx_word' id='word_1_676' title='bbox 2095 4487 2200 4524; x_wconf 91' lang='lat' dir='ltr'>nec</span> <span class='ocrx_word' id='word_1_677' title='bbox 2230 4470 2493 4524; x_wconf 82' lang='lat' dir='ltr'>informis</span> <span class='ocrx_word' id='word_1_678' title='bbox 2524 4485 2589 4523; x_wconf 87' lang='lat' dir='ltr'>ex</span> <span class='ocrx_word' id='word_1_679' title='bbox 2636 4469 2829 4522; x_wconf 89' lang='lat' dir='ltr'>debito</span> <span class='ocrx_word' id='word_1_680' title='bbox 2865 4467 3118 4520; x_wconf 90' lang='lat' dir='ltr'>retineri.</span> <span class='ocrx_word' id='word_1_681' title='bbox 3156 4466 3333 4519; x_wconf 87' lang='lat' dir='ltr'>Etiam</span> <span class='ocrx_word' id='word_1_682' title='bbox 3376 4470 3433 4519; x_wconf 90' lang='lat' dir='ltr'>et</span> <span class='ocrx_word' id='word_1_683' title='bbox 3462 4481 3529 4517; x_wconf 91' lang='lat' dir='ltr'>ea</span> 
     </span>
    </p>
   </div>
   <div class='ocr_carea' id='block_1_99' title="bbox 1830 4553 3527 4633">
    <p class='ocr_par' dir='ltr' id='par_1_99' title="bbox 1830 4553 3527 4633">
     <span class='ocr_line' id='line_1_99' title="bbox 1830 4553 3527 4633; baseline -0.006 -18"><span class='ocrx_word' id='word_1_684' title='bbox 1830 4576 1959 4630; x_wconf 76' lang='lat' dir='ltr'>quae</span> <span class='ocrx_word' id='word_1_685' title='bbox 1993 4560 2229 4614; x_wconf 88' lang='lat' dir='ltr'>sordens</span> <span class='ocrx_word' id='word_1_686' title='bbox 2260 4560 2408 4613; x_wconf 88' lang='lat' dir='ltr'>actio</span> <span class='ocrx_word' id='word_1_687' title='bbox 2438 4564 2495 4612; x_wconf 93' lang='lat' dir='ltr'>et</span> <span class='ocrx_word' id='word_1_688' title='bbox 2524 4575 2646 4633; x_wconf 84' lang='lat' dir='ltr'>sors</span> <span class='ocrx_word' id='word_1_689' title='bbox 2678 4574 2822 4620; x_wconf 87' lang='lat' dir='ltr'>mea,</span> <span class='ocrx_word' id='word_1_690' title='bbox 2857 4571 2987 4625; x_wconf 65' lang='lat' dir='ltr'>quas</span> <span class='ocrx_word' id='word_1_691' title='bbox 3019 4554 3177 4608; x_wconf 87' lang='lat' dir='ltr'>nulla</span> <span class='ocrx_word' id='word_1_692' title='bbox 3206 4559 3308 4620; x_wconf 90' lang='lat' dir='ltr'>est,</span> <span class='ocrx_word' id='word_1_693' title='bbox 3337 4553 3527 4607; x_wconf 89' lang='lat' dir='ltr'>tenuis</span> 
     </span>
    </p>
   </div>
   <div class='ocr_carea' id='block_1_100' title="bbox 1831 4640 3525 4719">
    <p class='ocr_par' dir='ltr' id='par_1_100' title="bbox 1831 4640 3525 4719">
     <span class='ocr_line' id='line_1_100' title="bbox 1831 4640 3525 4719; baseline -0.005 -16"><span class='ocrx_word' id='word_1_694' title='bbox 1831 4650 2151 4719; x_wconf 88' lang='lat' dir='ltr'>denegavit,</span> <span class='ocrx_word' id='word_1_695' title='bbox 2198 4648 2526 4718; x_wconf 89' lang='lat' dir='ltr'>benignitas</span> <span class='ocrx_word' id='word_1_696' title='bbox 2578 4646 2674 4700; x_wconf 85' lang='lat' dir='ltr'>tua</span> <span class='ocrx_word' id='word_1_697' title='bbox 2726 4646 2886 4715; x_wconf 79' lang='lat' dir='ltr'>larga</span> <span class='ocrx_word' id='word_1_698' title='bbox 2934 4643 3229 4697; x_wconf 84' lang='lat' dir='ltr'>concessit.</span> <span class='ocrx_word' id='word_1_699' title='bbox 3288 4640 3397 4695; x_wconf 88' lang='lat' dir='ltr'>Sed</span> <span class='ocrx_word' id='word_1_700' title='bbox 3453 4657 3525 4695; x_wconf 85' lang='lat' dir='ltr'>ne</span> 
     </span>
    </p>
   </div>
   <div class='ocr_carea' id='block_1_101' title="bbox 1832 4732 3522 4809">
    <p class='ocr_par' dir='ltr' id='par_1_101' title="bbox 1832 4732 3522 4809">
     <span class='ocr_line' id='line_1_101' title="bbox 1832 4732 3522 4809; baseline -0.006 -16"><span class='ocrx_word' id='word_1_701' title='bbox 1832 4755 1896 4792; x_wconf 87' lang='lat' dir='ltr'>ex</span> <span class='ocrx_word' id='word_1_702' title='bbox 1945 4739 2053 4792; x_wconf 93' lang='lat' dir='ltr'>hoc</span> <span class='ocrx_word' id='word_1_703' title='bbox 2083 4738 2237 4809; x_wconf 89' lang='lat' dir='ltr'>quod</span> <span class='ocrx_word' id='word_1_704' title='bbox 2290 4737 2451 4804; x_wconf 90' lang='lat' dir='ltr'>mihi,</span> <span class='ocrx_word' id='word_1_705' title='bbox 2492 4734 2961 4790; x_wconf 86' lang='lat' dir='ltr'>excellentissime</span> <span class='ocrx_word' id='word_1_706' title='bbox 2994 4732 3250 4797; x_wconf 88' lang='lat' dir='ltr'>Domine,</span> <span class='ocrx_word' id='word_1_707' title='bbox 3293 4746 3522 4784; x_wconf 90' lang='lat' dir='ltr'>conces-</span> 
     </span>
    </p>
   </div>
   <div class='ocr_carea' id='block_1_102' title="bbox 1832 4820 3526 4895">
    <p class='ocr_par' dir='ltr' id='par_1_102' title="bbox 1832 4820 3526 4895">
     <span class='ocr_line' id='line_1_102' title="bbox 1832 4820 3526 4895; baseline -0.005 -14"><span class='ocrx_word' id='word_1_708' title='bbox 1832 4828 1974 4894; x_wconf 90' lang='lat' dir='ltr'>sisti,</span> <span class='ocrx_word' id='word_1_709' title='bbox 2022 4833 2087 4881; x_wconf 88' lang='lat' dir='ltr'>ut</span> <span class='ocrx_word' id='word_1_710' title='bbox 2126 4826 2465 4881; x_wconf 88' lang='lat' dir='ltr'>temerarius</span> <span class='ocrx_word' id='word_1_711' title='bbox 2507 4829 2733 4895; x_wconf 86' lang='lat' dir='ltr'>arguat,</span> <span class='ocrx_word' id='word_1_712' title='bbox 2782 4827 2841 4875; x_wconf 88' lang='lat' dir='ltr'>ut</span> <span class='ocrx_word' id='word_1_713' title='bbox 2872 4822 3105 4891; x_wconf 87' lang='lat' dir='ltr'>iniquus</span> <span class='ocrx_word' id='word_1_714' title='bbox 3154 4820 3427 4886; x_wconf 83' lang='lat' dir='ltr'>excutiar,</span> <span class='ocrx_word' id='word_1_715' title='bbox 3461 4825 3526 4873; x_wconf 91' lang='lat' dir='ltr'>ut</span> 
     </span>
    </p>
   </div>
   <div class='ocr_carea' id='block_1_103' title="bbox 1831 4910 3527 4988">
    <p class='ocr_par' dir='ltr' id='par_1_103' title="bbox 1831 4910 3527 4988">
     <span class='ocr_line' id='line_1_103' title="bbox 1831 4910 3527 4988; baseline -0.005 -18"><span class='ocrx_word' id='word_1_716' title='bbox 1831 4922 2140 4988; x_wconf 89' lang='lat' dir='ltr'>usurpator</span> <span class='ocrx_word' id='word_1_717' title='bbox 2170 4916 2553 4970; x_wconf 89' lang='lat' dir='ltr'>condemner:</span> <span class='ocrx_word' id='word_1_718' title='bbox 2588 4920 2838 4967; x_wconf 88' lang='lat' dir='ltr'>tremens</span> <span class='ocrx_word' id='word_1_719' title='bbox 2868 4915 2926 4964; x_wconf 90' lang='lat' dir='ltr'>et</span> <span class='ocrx_word' id='word_1_720' title='bbox 2950 4910 3198 4980; x_wconf 87' lang='lat' dir='ltr'>pallidus</span> <span class='ocrx_word' id='word_1_721' title='bbox 3224 4924 3383 4978; x_wconf 87' lang='lat' dir='ltr'>ergo,</span> <span class='ocrx_word' id='word_1_722' title='bbox 3417 4924 3527 4978; x_wconf 90' lang='lat' dir='ltr'>pa-</span> 
     </span>
    </p>
   </div>
   <div class='ocr_carea' id='block_1_104' title="bbox 1830 4996 3527 5075">
    <p class='ocr_par' dir='ltr' id='par_1_104' title="bbox 1830 4996 3527 5075">
     <span class='ocr_line' id='line_1_104' title="bbox 1830 4996 3527 5075; baseline -0.006 -17"><span class='ocrx_word' id='word_1_723' title='bbox 1830 5006 1996 5058; x_wconf 87' lang='lat' dir='ltr'>vidus</span> <span class='ocrx_word' id='word_1_724' title='bbox 2053 5020 2403 5075; x_wconf 80' lang='lat' dir='ltr'>gemensque</span> <span class='ocrx_word' id='word_1_725' title='bbox 2455 5002 2721 5071; x_wconf 90' lang='lat' dir='ltr'>suspiro:</span> <span class='ocrx_word' id='word_1_726' title='bbox 2777 5014 2965 5069; x_wconf 90' lang='lat' dir='ltr'>neque</span> <span class='ocrx_word' id='word_1_727' title='bbox 3026 5007 3045 5031; x_wconf 76' lang='grc' dir='ltr'><strong><em>ο</em></strong></span> <span class='ocrx_word' id='word_1_728' title='bbox 3102 5013 3203 5067; x_wconf 89' lang='lat' dir='ltr'>per</span> <span class='ocrx_word' id='word_1_729' title='bbox 3255 4996 3417 5050; x_wconf 87' lang='lat' dir='ltr'>devia</span> <span class='ocrx_word' id='word_1_730' title='bbox 3471 4999 3527 5049; x_wconf 88' lang='lat' dir='ltr'>et</span> 
     </span>
    </p>
   </div>
   <div class='ocr_carea' id='block_1_105' title="bbox 1833 5084 3527 5163">
    <p class='ocr_par' dir='ltr' id='par_1_105' title="bbox 1833 5084 3527 5163">
     <span class='ocr_line' id='line_1_105' title="bbox 1833 5084 3527 5163; baseline -0.006 -17"><span class='ocrx_word' id='word_1_731' title='bbox 1833 5094 2097 5163; x_wconf 85' lang='lat' dir='ltr'>abrupta,</span> <span class='ocrx_word' id='word_1_732' title='bbox 2127 5108 2231 5161; x_wconf 90' lang='lat' dir='ltr'>per</span> <span class='ocrx_word' id='word_1_733' title='bbox 2260 5091 2453 5144; x_wconf 87' lang='lat' dir='ltr'>inania</span> <span class='ocrx_word' id='word_1_734' title='bbox 2498 5096 2552 5143; x_wconf 92' lang='lat' dir='ltr'>et</span> <span class='ocrx_word' id='word_1_735' title='bbox 2593 5090 2823 5154; x_wconf 89' lang='lat' dir='ltr'>caduca,</span> <span class='ocrx_word' id='word_1_736' title='bbox 2855 5103 2960 5158; x_wconf 90' lang='lat' dir='ltr'>per</span> <span class='ocrx_word' id='word_1_737' title='bbox 2986 5086 3209 5140; x_wconf 87' lang='lat' dir='ltr'>tumida</span> <span class='ocrx_word' id='word_1_738' title='bbox 3248 5089 3305 5139; x_wconf 88' lang='lat' dir='ltr'>et</span> <span class='ocrx_word' id='word_1_739' title='bbox 3334 5084 3527 5149; x_wconf 89' lang='lat' dir='ltr'>stulta,</span> 
     </span>
    </p>
   </div>
   <div class='ocr_carea' id='block_1_106' title="bbox 1830 5172 3529 5251">
    <p class='ocr_par' dir='ltr' id='par_1_106' title="bbox 1830 5172 3529 5251">
     <span class='ocr_line' id='line_1_106' title="bbox 1830 5172 3529 5251; baseline -0.006 -16"><span class='ocrx_word' id='word_1_740' title='bbox 1830 5197 1935 5251; x_wconf 89' lang='lat' dir='ltr'>per</span> <span class='ocrx_word' id='word_1_741' title='bbox 1965 5181 2240 5235; x_wconf 88' lang='lat' dir='ltr'>dedecora</span> <span class='ocrx_word' id='word_1_742' title='bbox 2283 5182 2341 5231; x_wconf 88' lang='lat' dir='ltr'>et</span> <span class='ocrx_word' id='word_1_743' title='bbox 2386 5179 2555 5240; x_wconf 85' lang='lat' dir='ltr'>elata,</span> <span class='ocrx_word' id='word_1_744' title='bbox 2591 5194 2693 5247; x_wconf 88' lang='lat' dir='ltr'>per</span> <span class='ocrx_word' id='word_1_745' title='bbox 2724 5177 2871 5232; x_wconf 80' lang='lat' dir='ltr'>levia</span> <span class='ocrx_word' id='word_1_746' title='bbox 2910 5182 2969 5230; x_wconf 91' lang='lat' dir='ltr'>et</span> <span class='ocrx_word' id='word_1_747' title='bbox 3006 5175 3224 5239; x_wconf 87' lang='lat' dir='ltr'>inﬂata,</span> <span class='ocrx_word' id='word_1_748' title='bbox 3257 5172 3529 5244; x_wconf 87' lang='lat' dir='ltr'>operibus</span> 
     </span>
    </p>
   </div>
   <div class='ocr_carea' id='block_1_107' title="bbox 1830 5261 3530 5335">
    <p class='ocr_par' dir='ltr' id='par_1_107' title="bbox 1830 5261 3530 5335">
     <span class='ocr_line' id='line_1_107' title="bbox 1830 5261 3530 5335; baseline -0.005 -12"><span class='ocrx_word' id='word_1_749' title='bbox 1830 5268 2197 5323; x_wconf 89' lang='lat' dir='ltr'>inserviendo</span> <span class='ocrx_word' id='word_1_750' title='bbox 2265 5266 2540 5331; x_wconf 90' lang='lat' dir='ltr'>sinistris,</span> <span class='ocrx_word' id='word_1_751' title='bbox 2600 5266 2857 5335; x_wconf 89' lang='lat' dir='ltr'>quotidie</span> <span class='ocrx_word' id='word_1_752' title='bbox 2930 5264 3188 5329; x_wconf 91' lang='lat' dir='ltr'>ambulo,</span> <span class='ocrx_word' id='word_1_753' title='bbox 3244 5261 3530 5333; x_wconf 89' lang='lat' dir='ltr'>loquendo</span> 
     </span>
    </p>
   </div>
   <div class='ocr_carea' id='block_1_108' title="bbox 1831 5349 3531 5425">
    <p class='ocr_par' dir='ltr' id='par_1_108' title="bbox 1831 5349 3531 5425">
     <span class='ocr_line' id='line_1_108' title="bbox 1831 5349 3531 5425; baseline -0.005 -14"><span class='ocrx_word' id='word_1_754' title='bbox 1831 5358 2005 5413; x_wconf 90' lang='lat' dir='ltr'>etiam</span> <span class='ocrx_word' id='word_1_755' title='bbox 2033 5356 2090 5409; x_wconf 91' lang='lat' dir='ltr'>in</span> <span class='ocrx_word' id='word_1_756' title='bbox 2120 5372 2184 5409; x_wconf 91' lang='lat' dir='ltr'>ea</span> <span class='ocrx_word' id='word_1_757' title='bbox 2215 5371 2342 5425; x_wconf 73' lang='lat' dir='ltr'>quae</span> <span class='ocrx_word' id='word_1_758' title='bbox 2374 5353 2476 5407; x_wconf 90' lang='lat' dir='ltr'>tibi</span> <span class='ocrx_word' id='word_1_759' title='bbox 2513 5351 2881 5423; x_wconf 85' lang='lat' dir='ltr'>acceptabilia</span> <span class='ocrx_word' id='word_1_760' title='bbox 2912 5357 3137 5422; x_wconf 88' lang='lat' dir='ltr'>reputo,</span> <span class='ocrx_word' id='word_1_761' title='bbox 3167 5366 3395 5405; x_wconf 71' lang='lat' dir='ltr'>naevum</span> <span class='ocrx_word' id='word_1_762' title='bbox 3426 5349 3531 5403; x_wconf 92' lang='lat' dir='ltr'>ini-</span> 
     </span>
    </p>
   </div>
   <div class='ocr_carea' id='block_1_109' title="bbox 1832 5440 3525 5515">
    <p class='ocr_par' dir='ltr' id='par_1_109' title="bbox 1832 5440 3525 5515">
     <span class='ocr_line' id='line_1_109' title="bbox 1832 5440 3525 5515; baseline -0.004 -18"><span class='ocrx_word' id='word_1_763' title='bbox 1832 5445 2068 5515; x_wconf 87' lang='lat' dir='ltr'>quitatis</span> <span class='ocrx_word' id='word_1_764' title='bbox 2091 5444 2291 5498; x_wconf 89' lang='lat' dir='ltr'>itidem</span> <span class='ocrx_word' id='word_1_765' title='bbox 2314 5441 2675 5505; x_wconf 86' lang='lat' dir='ltr'>contraham,</span> <span class='ocrx_word' id='word_1_766' title='bbox 2704 5445 2759 5493; x_wconf 91' lang='lat' dir='ltr'>et</span> <span class='ocrx_word' id='word_1_767' title='bbox 2778 5440 2932 5493; x_wconf 92' lang='lat' dir='ltr'>unde</span> <span class='ocrx_word' id='word_1_768' title='bbox 2954 5440 3211 5507; x_wconf 85' lang='lat' dir='ltr'>lentgare</span> <span class='ocrx_word' id='word_1_769' title='bbox 3234 5444 3525 5508; x_wconf 90' lang='lat' dir='ltr'>utcunque</span> 
     </span>
    </p>
   </div>
   <div class='ocr_carea' id='block_1_110' title="bbox 1904 5569 2331 5635">
    <p class='ocr_par' dir='ltr' id='par_1_110' title="bbox 1904 5569 2331 5635">
     <span class='ocr_line' id='line_1_110' title="bbox 1904 5569 2331 5635; baseline -0.005 -14"><span class='ocrx_word' id='word_1_770' title='bbox 1904 5578 1920 5598; x_wconf 82' lang='lat'>&quot;</span> <span class='ocrx_word' id='word_1_771' title='bbox 1963 5569 2090 5633; x_wconf 80' lang='lat' dir='ltr'>Leg.</span> <span class='ocrx_word' id='word_1_772' title='bbox 2124 5584 2188 5621; x_wconf 85' lang='lat' dir='ltr'>ne</span> <span class='ocrx_word' id='word_1_773' title='bbox 2218 5570 2331 5635; x_wconf 81' lang='lat' dir='ltr'>qui.</span> 
     </span>
    </p>
   </div>
  </div>
