3860 6262
296 242 350 291 iit
369 241 397 289 5
1652 238 1907 292 ALVARI
1947 237 2425 293 CORDUBENSIS

295 373 681 443 nequitiarnm
722 389 979 425 mearum
1018 371 1211 434 debui,
1256 372 1514 441 pondera
1540 371 1695 438 inde,
1726 372 1900 442 quod,
1932 376 1986 424 te
2025 374 2069 426 Α
2101 373 2352 427 clamitet
2400 374 2733 438 intentasse,
2765 388 2865 443 per
2909 388 3038 442 qua:
3084 388 3190 425 nos
3220 370 3572 424 decolorare
3608 370 3797 439 putari-

295 463 614 525 ordinante,
643 462 715 513 sit
744 461 962 531 procul,
996 460 1393 530 centupliciter
1422 461 1717 513 cumulum
1754 462 1985 514 scelera.

294 549 519 607 Adesto.
558 550 819 613 Domine,
853 549 1046 602 adesto
1087 564 1247 601 servo
1280 554 1378 600 tuo
1412 548 1737 601 miserrimo
1768 554 1823 601 et
1853 565 1986 617 ege-

295 652 391 702 no,
425 642 480 689 et
524 636 658 690 ﬁdei
708 643 823 689 tua;
864 637 1147 706 repletum
1178 642 1239 690 tu
1288 636 1473 705 dirige
1526 636 1666 689 zelo.
1720 637 1985 699 Praecide,

297 726 554 791 Domine,
589 726 801 794 linguas
834 724 1093 779 saeculari
1127 741 1286 777 emno
1320 724 1589 777 confectm
1623 724 1986 793 praeputium.

293 820 349 867 et
381 815 477 867 illo
503 814 692 884 ignem
718 815 923 867 mentis
951 830 1090 866 mem
1116 813 1364 866 emunda
1396 818 1700 877 secretum,
1725 829 1837 881 quo
1862 830 1979 864 san-

292 908 512 956 ctorum
563 902 732 955 corda
777 902 927 954 nosti
978 902 1248 966 conﬂare,
1301 916 1413 969 quo
1476 906 1794 970 martyrum
1855 900 1987 953 affe-

293 990 509 1045 ctiones
535 990 931 1061 principaliter
961 989 1205 1043 crederis
1238 988 1619 1053 inﬂammare,
1646 993 1709 1042 ut
1728 994 1782 1041 te
1808 989 1991 1058 inspi-

293 1085 455 1132 rante
520 1095 586 1131 ea
634 1084 855 1131 tantum
904 1078 1036 1130 huic
1092 1076 1254 1147 operi
1314 1076 1649 1129 suflicienda
1702 1077 1986 1146 ingeram,

296 1183 423 1237 qum
456 1167 600 1220 mihi
630 1166 688 1219 in
730 1167 819 1219 die
860 1166 956 1219 illa
986 1166 1273 1219 tremendi
1307 1165 1585 1218 examinis
1616 1166 1699 1218 tui
1724 1166 1861 1235 justi
1888 1167 1986 1234 ju-

296 1256 428 1309 dicii
479 1272 593 1308 non
627 1256 918 1308 cumulum
952 1261 1315 1325 peccatorum
1358 1261 1559 1307 contra
1604 1271 1695 1308 me
1735 1261 1988 1308 erectum

294 1344 612 1414 perficiant,
646 1344 745 1396 sed
792 1360 821 1396 e
870 1344 1105 1413 regione
1152 1343 1512 1397 adversantia
1564 1343 1707 1397 mihi
1756 1343 1988 1397 millena

295 1431 526 1501 agmina
555 1432 894 1485 delictorum
939 1448 1040 1484 sua
1071 1432 1402 1485 inductione
1433 1435 1729 1484 conterant
1768 1437 1824 1484 et
1853 1449 1985 1502 pro-

293 1523 569 1573 sternant.
605 1521 866 1573 Przecede
909 1536 1021 1585 me,
1057 1519 1429 1572 invictissime
1470 1519 1709 1573 Domine
1745 1520 1985 1585 Christe,

292 1614 347 1661 et
372 1613 492 1661 esto
526 1609 774 1677 praeditis
805 1624 965 1661 servo
998 1615 1096 1661 tuo
1147 1608 1436 1676 Evangelii
1482 1608 1659 1660 sancti
1692 1608 1775 1660 tui
1806 1609 1987 1677 gratia

287 1697 408 1766 jam
454 1698 773 1766 redempto,
826 1696 927 1766 qui
973 1696 1252 1766 prtefuisti
1306 1696 1615 1749 Israelitico
1665 1698 1877 1766 populo
1928 1696 1985 1750 in
2022 1678 2059 1730 Β

292 1786 562 1838 columna
602 1786 773 1837 nubis
820 1790 875 1837 et
921 1785 1154 1838 luminis
1186 1801 1287 1855 per
1317 1785 1602 1837 desertum
1638 1785 1834 1854 (Exod.
1866 1802 1984 1849 xui,

291 1873 419 1941 22):
465 1877 529 1926 ut
558 1878 611 1925 te
644 1873 885 1926 ducente
937 1873 1322 1926 amalicitante
1368 1890 1579 1925 cuneos
1619 1882 1642 1906 ⁸
1687 1873 1984 1927 devasten-

292 1966 406 2023 tur,
440 1965 496 2013 et
535 1977 673 2014 crux
712 1967 807 2014 tua
838 1962 1080 2015 humero
1135 1961 1491 2032 superposita
1522 1965 1716 2013 nostro
1758 1967 1987 2014 cuncto-

292 2065 421 2102 rum
469 2054 645 2102 tetras
694 2050 1027 2103 horredines
1070 2051 1195 2104 luce
1236 2066 1336 2103 sua
1368 2050 1684 2115 devastans,
1722 2064 1839 2101 uno
1871 2047 1988 2101 ictu

292 2138 640 2203 certaminis,
694 2145 750 2190 et
798 2139 996 2191 ﬁdeles
1042 2154 1275 2191 corusco
1331 2138 1516 2191 sidere
1564 2137 1875 2206 compluat,
1934 2141 1989 2188 et

291 2226 500 2295 impios
531 2226 628 2278 illo
678 2243 790 2297 quo
821 2227 1110 2280 daemones
1162 2226 1354 2296 vigore
1403 2226 1744 2295 comprimat
1784 2225 1869 2276 vel
1900 2223 1985 2276 di-

294 2320 536 2384 mergat.
574 2316 647 2368 Te
678 2321 984 2384 prmstante
1018 2315 1260 2368 Domino
1290 2316 1420 2367 Jesu
1452 2313 1694 2376 Christo,
1726 2312 1826 2382 qui
1856 2326 1986 2364 cum

292 2403 456 2455 Patre
488 2408 545 2454 et
578 2401 795 2472 Spiritu
834 2407 1029 2455 sancto
1062 2418 1212 2454 unus
1260 2402 1406 2454 Deus
1440 2416 1644 2469 regnas
1690 2415 1792 2469 per
1837 2414 1986 2451 nun-

293 2506 467 2560 quam
499 2491 754 2544 ﬁnienda
786 2491 994 2544 saecula
1026 2490 1385 2543 saeculorum.
1419 2493 1619 2542 Amen.
1655 2488 1823 2540 Finit.

292 2638 410 2698 Hic
462 2639 627 2698 liber
692 2638 835 2698 ideo
906 2640 1265 2699 luminosus
1336 2638 1660 2698 Indiculus
1730 2637 1982 2706 dicitur,

372 2718 522 2794 quia
567 2718 914 2778 luminasse
977 2737 1120 2795 quas
1179 2719 1510 2795 sequenda
1568 2724 1717 2777 sunt
1772 2717 1982 2787 docet,

372 2805 434 2856 et
492 2798 729 2886 apertis
787 2797 1039 2886 indiciis
1078 2799 1350 2886 hostem
1412 2797 1732 2886 Ecclesia),
1795 2814 1985 2872 quem

373 2877 580 2936 omnis
656 2878 855 2937 vitare
942 2877 1392 2938 Christianitas
1469 2877 1683 2939 debet.
1766 2881 1982 2935 osten-

375 2957 487 3016 dit.
524 2956 711 3017 Finit.

367 3119 413 3168 l.
468 3113 953 3168 Peritissimorum
1004 3112 1293 3166 mentibus
1345 3112 1754 3166 catholicorum
1807 3112 1988 3165 Eccle-

294 3204 391 3256 siae
438 3203 509 3256 ab
554 3202 679 3270 ipso
728 3201 1049 3272 primordio
1092 3202 1417 3271 injunctum
1452 3206 1536 3254 est
1583 3200 1739 3267 ﬁdei,
1788 3207 1987 3253 contra

292 3294 485 3347 hostes
519 3293 746 3347 Domini
792 3293 1023 3364 speciali
1068 3293 1263 3362 vigore
1305 3308 1631 3361 exsurgere,
1665 3297 1719 3345 et
1753 3291 1989 3361 ancipiti

292 3381 484 3451 gladio
517 3397 715 3434 omnes
750 3398 813 3434 ex
848 3381 1081 3435 adverso
1116 3381 1464 3451 pullulantes
1496 3396 1716 3433 errores
1744 3394 1985 3448 evange-

291 3468 398 3522 lica
443 3468 581 3522 falce
631 3469 965 3538 praecidere,
1015 3474 1079 3522 ut
1127 3469 1342 3522 securis
1386 3468 1454 3521 ad
1503 3469 1752 3522 radicem
1802 3467 1988 3519 infru-

292 3560 621 3611 ctuosarum
657 3558 926 3611 arborum
976 3558 1162 3628 posita
1216 3558 1432 3629 (Matth.
1484 3574 1559 3623 ιιι,
1598 3558 1707 3626 10),
1738 3560 1795 3609 et
1840 3554 1989 3608 ascia

288 3644 520 3698 brachio
569 3646 703 3699 forti
756 3647 983 3713 librata,
1034 3648 1374 3717 proceritate
1406 3646 1712 3700 infecunda
1744 3646 1856 3698 alta
1890 3661 1987 3697 ra-

290 3735 546 3787 muscula
576 3734 724 3787 foliis
768 3751 887 3789 non
925 3735 1111 3789 fructu
1159 3736 1473 3800 vernantia,
1511 3736 1780 3789 decenter
1824 3749 1987 3786 seve-

291 3822 455 3875 ritate
489 3822 678 3891 legali,
713 3828 769 3876 et
812 3825 1141 3892 evangelica
1171 3824 1423 3894 bipenne
1471 3824 1657 3878 excisa
1706 3823 1985 3891 deputen-

288 3914 382 3964 tur
411 3911 533 3982 igni
564 3917 781 3964 zeterno
805 3917 861 3965 et
882 3913 1144 3966 incendio
1167 3918 1449 3983 perpetuo
1474 3911 1883 3966 comburenda.
1912 3911 1986 3963 Ex

290 4015 538 4068 quorum
589 4015 829 4052 numero
861 4001 990 4053 licet
1038 4001 1115 4053 oli
1168 4001 1416 4070 digestet
1463 4003 1506 4062 b,
1556 4000 1785 4068 fragiles
1836 4004 1983 4064 actu,

289 4086 441 4139 bruti
484 4087 781 4153 instinctu,
831 4104 935 4139 nos
985 4093 1251 4140 secuturo
1298 4090 1506 4141 saeculo
1558 4086 1803 4139 nitentes
1855 4102 1983 4155 pro-

289 4174 323 4226 b
345 4191 445 4238 ire,
484 4180 540 4225 et
571 4180 633 4225 ut
668 4191 835 4227 canes
873 4191 974 4244 pro
1010 4176 1254 4228 Domino
1286 4174 1581 4244 cupientes
1612 4176 1838 4239 latrare,
1868 4175 1988 4226 zelo

294 4263 414 4329 Dei,
456 4268 511 4314 et
546 4262 839 4330 religionis
879 4264 1154 4316 commoti
1186 4280 1377 4315 amore
1426 4263 1596 4331 hujus
1638 4262 1819 4315 nostri
1871 4278 1986 4314 ser-

291 4350 413 4401 vitii
460 4349 798 4401 famulatum
831 4351 1193 4411 exsolvimns,
1245 4356 1299 4402 et
1331 4349 1505 4401 actori
1548 4356 1737 4402 nostro
1770 4366 1896 4419 quae
1929 4349 1989 4402 in

289 4438 456 4491 nobis
506 4454 569 4491 ex
620 4455 721 4491 sua
764 4439 1026 4508 largitate
1057 4438 1355 4504 concessit,
1389 4437 1719 4490 offerimus:
1764 4438 1822 4490 in
1872 4454 1985 4507 qua

290 4526 433 4579 nihil
484 4542 550 4578 ex
583 4532 775 4580 nostro
808 4527 1235 4596 praesumimus,
1282 4533 1335 4579 ct
1376 4542 1477 4577 sua
1516 4525 1598 4577 illi
1630 4526 1985 4595 benignitate

290 4615 540 4685 gratuita
565 4631 830 4669 concessa
860 4632 973 4686 quo
1005 4615 1253 4667 instituit
1283 4631 1386 4667 nos
1417 4614 1612 4682 vigore
1645 4616 1852 4679 valere,
1886 4615 1988 4667 im-

288 4704 481 4757 meriti
533 4704 921 4773 designamus.
984 4704 1095 4756 Nec
1152 4708 1349 4754 contra
1405 4717 1739 4754 communes
1779 4702 1914 4755 ﬁdei
1968 4711 1987 4735 θ

291 4791 552 4844 vincendi
596 4792 774 4845 livore
818 4789 1194 4860 insurgimus,
1227 4790 1319 4842 sed
1363 4806 1393 4841 e
1426 4788 1659 4857 regione
1693 4789 1987 4843 Chaldaeo-

292 4894 423 4931 rum
456 4894 670 4931 cornua
709 4878 1052 4930 ventilantes
1083 4876 1378 4929 terrestria
1409 4876 1717 4929 istilatione
1750 4878 1932 4930 veraci
1961 4878 1989 4918 d

291 4968 712 5019 conculcamus.
765 4966 923 5029 Quod
984 4964 1337 5035 praefationis
1396 4964 1514 5017 vice
1573 4965 1984 5034 praeponimus,

294 5059 350 5106 et
380 5053 437 5106 in
473 5053 659 5123 prima
690 5054 1095 5122 disputationis
1126 5058 1333 5107 nostrae
1367 5052 1557 5106 fronte
1601 5052 1985 5123 praeteximus,

294 5157 365 5194 ne
402 5141 809 5194 malivolorum
848 5141 1133 5207 dicacitas,
1169 5146 1222 5193 et
1268 5141 1518 5211 genuine
1550 5142 1718 5194 solita
1748 5141 1987 5194 fratrum

295 5228 640 5281 detrahendi
698 5229 1029 5299 procacitas,
1080 5245 1179 5281 nos
1232 5234 1427 5283 contra
1478 5228 1782 5283 Ecclesiam
1841 5228 1991 5282 bella

366 5387 391 5412 ⁸
432 5380 562 5447 Leg.
598 5379 1024 5433 Amalecitarum
1057 5382 1225 5434 cunei.

367 5451 392 5491 ιι
430 5455 513 5502 Au
543 5450 679 5501 olidi
713 5452 903 5515 gestu?
936 5450 1139 5504 Ollitus
1170 5468 1418 5522 namque
1466 5451 1644 5516 fcrdus
1693 5449 1902 5503 dicitur
1933 5449 1987 5501 in

299 5520 474 5572 Gloss.
511 5522 663 5571 edito
690 5540 719 5571 a
748 5522 953 5589 C-ingr.
1080 5524 1273 5576 Mauri.

369 5599 387 5621 ε
430 5592 487 5643 1d
521 5596 736 5642 estnon
761 5600 955 5643 contra
982 5608 1077 5643 eos
1101 5592 1198 5661 qni
1230 5592 1391 5644 nobis
1410 5590 1517 5643 tide
1536 5591 1983 5643 communicant.

2097 467 2208 527 tes,
2266 479 2393 515 suas
2447 463 2731 516 mstiment
2807 477 3077 531 operosas
3127 460 3343 512 namias
3401 458 3795 512 confirmasse.

2097 549 2257 603 Absit
2288 550 2441 603 enim
2484 556 2547 604 ut
2573 550 2851 603 catholica
2880 554 2937 603 et
2968 549 3298 601 universalis
3327 547 3592 602 Ecclesia
3626 554 3799 598 contra

2098 656 2198 691 sua
2229 639 2444 692 viscera
2486 644 2723 709 pugnet.
2768 638 2928 692 Absit
2954 638 3163 690 iterum
3197 642 3263 690 ut
3310 642 3521 689 contra
3574 641 3796 687 matrem

2097 727 2201 779 ﬁlii
2249 744 2409 780 arma
2456 732 2700 780 sumant.
2749 726 3019 795 Martyres
3063 740 3312 795 namque
3372 723 3648 777 Ecclesia
3706 737 3801 773 non

2097 816 2342 885 repellit,
2400 815 2498 868 sed
2558 814 2789 883 recipit;
2843 830 2957 867 non
3010 813 3268 875 infamat,
3324 813 3423 865 sed
3486 809 3799 869 collaudat;

2098 922 2211 958 non
2244 904 2508 971 detrahit,
2547 904 2645 957 sed
2680 903 2921 957 extollit.
2960 904 3025 956 Et
3062 919 3185 967 nos,
3230 901 3410 972 ipsius
3454 898 3802 953 venerabiiis

2098 994 2295 1047 matris
2352 1008 2584 1046 sensum
2641 996 2963 1061 sequentes,
3026 1006 3089 1044 ac
3145 990 3572 1059 Redemptoris
3638 987 3800 1040 nostri

2096 1098 2319 1152 sponsae
2365 1081 2807 1151 pulchritudinis
2858 1080 3102 1149 gloriam
3159 1079 3595 1139 collaudantes,
3650 1092 3803 1127 vene-

2097 1188 2311 1235 ramus,
2344 1176 2398 1223 et
2429 1170 2689 1234 colimus,
2725 1186 2868 1239 quos
2900 1184 3004 1239 pro
3034 1168 3257 1222 Christo
3299 1173 3356 1221 et
3395 1168 3661 1219 veritate
3700 1166 3804 1216 ani-

2098 1275 2218 1312 mas
2266 1259 2522 1328 posuisse
2576 1258 2914 1327 gaudemus,
2963 1273 3069 1310 nec
3116 1256 3287 1309 unius
3332 1255 3536 1324 operis
3592 1262 3801 1323 gestum

2096 1348 2369 1400 varietate
2409 1352 2739 1415 temporum
2788 1345 3137 1398 mutilamus.
3186 1345 3252 1397 Et
3294 1358 3469 1413 quam
3529 1343 3668 1395 haec
3710 1342 3803 1391 uni-

2097 1434 2326 1487 versalis
2357 1434 2429 1487 sit
2460 1440 2648 1487 nostra
2674 1434 2999 1494 credulitas,
3034 1434 3093 1485 in
3120 1431 3372 1485 secundo
3406 1430 3599 1499 hujus
3629 1428 3802 1496 aperis

2098 1522 2241 1575 libro
2275 1522 2550 1591 majorem
2581 1531 2602 1556 °
2635 1520 2886 1575 ﬁrmavit
2915 1521 3242 1574 auctoritas.

2168 1615 2218 1665 2.
2261 1613 2366 1666 Sed
2409 1612 2545 1682 quia
2589 1611 2683 1664 siti
2715 1615 2848 1664 sunt
2877 1609 3142 1663 nonnulli
3176 1608 3397 1661 fervore
3435 1604 3691 1676 speciali
3723 1604 3801 1656 in-

2097 1700 2277 1769 digni,
2328 1717 2521 1754 amore
2572 1700 2709 1754 ﬁdei
2767 1699 2983 1768 frigidi,
3035 1713 3244 1767 pavore
3294 1702 3535 1749 terreno
3593 1701 3653 1747 et
3702 1694 3797 1745 ictu

2099 1790 2275 1859 gladii
2321 1789 2521 1849 territi,
2573 1788 2672 1857 qui
2720 1803 2831 1840 non
2866 1802 3060 1856 pressa
3087 1802 3245 1851 voce,
3283 1785 3379 1838 sed
3410 1799 3601 1838 rauca
3632 1782 3796 1840 fauce,

2098 1878 2370 1931 dissoluto
2420 1876 2590 1941 labio,
2649 1876 2872 1929 obtorta
2931 1874 3148 1943 lingua,
3209 1873 3559 1942 martyrium
3620 1875 3799 1925 nostra

2097 1970 2353 2035 tempore
2385 1969 2609 2033 gestum
2645 1963 2992 2016 invinctione
3024 1962 3217 2015 minus
3248 1962 3462 2015 idonea
3490 1958 3800 2015 detrahunt

2097 2056 2181 2107 vel
2212 2054 2540 2123 suggillant,
2576 2056 2630 2106 et
2656 2052 2880 2106 diabolo
2910 2056 3191 2122 quantum
3218 2051 3276 2103 in
3303 2052 3386 2104 eis
3410 2055 3521 2116 est,
3550 2049 3798 2119 palmam

2097 2143 2347 2195 victoriae.
2406 2141 2632 2194 tradere
2688 2156 2806 2192 non
2865 2145 3148 2204 recusant,
3202 2155 3321 2191 non
3369 2138 3481 2207 ipsi
3536 2136 3798 2189 sensibus

2096 2232 2212 2284 suis
2267 2230 2679 2299 respondentes
2740 2228 3065 2285 admittant.
3132 2230 3308 2282 Favor
3369 2233 3595 2289 noster,
3660 2242 3795 2278 reve-

2096 2319 2461 2382 rendissimi,
2522 2319 2665 2383 etsi,
2728 2318 2881 2388 quod
2954 2316 3140 2383 absit,
3198 2322 3388 2379 errat,
3449 2315 3693 2368 veritati
3755 2318 3797 2364 et

2097 2409 2319 2463 Christo
2378 2407 2699 2461 concordat.
2766 2406 2982 2459 Veritas
3035 2422 3167 2457 vero
3225 2405 3380 2458 aliud
3434 2408 3793 2456 asserentum

2095 2496 2419 2550 daemonum
2469 2496 2731 2549 ministro
2778 2496 3015 2549 ultionis
3064 2495 3306 2548 cultrum
3368 2493 3694 2546 ministrat.
3750 2492 3799 2543 Et

2099 2586 2273 2638 miror
2346 2602 2460 2655 quo
2521 2585 2738 2655 ingenii
2806 2601 3016 2655 genere
3089 2585 3300 2653 poterit
3363 2582 3583 2634 veritas
3663 2597 3793 2633 nun-

2097 2674 2316 2744 cupari,
2385 2673 2480 2726 ubi
2549 2690 2707 2726 error
2768 2674 3071 2726 ascribitur
3135 2687 3238 2741 pro
3307 2671 3537 2725 Christo
3613 2675 3670 2722 et
3721 2683 3797 2717 ve-

2098 2762 2264 2814 ritate
2307 2760 2621 2813 succumbi.
2657 2762 2863 2813 Verum
2900 2759 3223 2813 conandum
3268 2764 3353 2811 est
3402 2759 3459 2811 in
3510 2757 3791 2828 principio

2097 2848 2284 2917 operis
2329 2865 2444 2901 non
2477 2848 2743 2917 superbe,
2778 2848 2872 2901 sed
2904 2852 3249 2907 constanter,
3281 2850 3480 2915 utpote
3514 2862 3658 2899 cum
3692 2844 3790 2895 fra-

2096 2938 2302 3003 tribus,
2347 2951 2582 2989 manum
2623 2952 2942 3002 conserere,
2986 2940 3043 2988 et
3086 2952 3212 3005 quae
3258 2939 3523 3003 utraeque
3563 2948 3785 2987 concor-

2023 3017 2062 3071 C
2097 3024 2235 3078 dant
2267 3022 2515 3075 discusse
2551 3022 2589 3072 f.
2638 3021 2879 3089 Fugiant
2924 3020 3138 3074 debiles
3186 3026 3243 3073 et
3292 3020 3531 3085 inﬁrmi,
3587 3022 3791 3072 certent

2098 3110 2272 3163 fortes
2302 3114 2358 3162 et
2388 3110 2566 3162 animi
2598 3109 2896 3163 honestate
2928 3108 3236 3179 praecincti.
3273 3110 3335 3161 Et
3366 3113 3515 3161 certe
3553 3123 3676 3162 non
3708 3121 3788 3155 eos

2096 3199 2395 3252 veritatem
2447 3198 2832 3268 supprimere,
2883 3198 2977 3251 sed
3033 3202 3256 3267 tergum
3313 3197 3788 3267 persequentibus

2098 3287 2171 3340 ob
2217 3287 2591 3339 seminarium
2643 3286 2933 3355 Evangelii
2974 3285 3144 3355 jussit
3192 3285 3446 3355 praebere
3493 3301 3506 3337 :
3566 3286 3789 3348 Fugiunt

2097 3375 2163 3428 de
2194 3392 2303 3428 una
2348 3377 2573 3430 civitate
2616 3377 2675 3427 in
2720 3375 2887 3426 aliam
2938 3373 3154 3443 (Matth.
3198 3390 3249 3439 Χ,
3282 3375 3391 3437 23),
3427 3368 3785 3441 praedicando

2098 3479 2228 3532 quas
2268 3480 2398 3517 vera
2429 3468 2565 3516 sunt
2595 3469 2650 3516 et
2681 3463 2946 3528 honesta,
2986 3478 3121 3527 non,
3156 3460 3307 3530 quod
3348 3460 3514 3524 adsit,
3548 3457 3787 3528 legendo

2099 3567 2225 3620 qua}
2259 3556 2449 3604 sancta
2481 3556 2612 3607 sunt
2642 3554 2698 3603 et
2740 3550 3013 3603 modesta.
3060 3550 3155 3602 lsti
3200 3564 3450 3619 namque
3487 3554 3628 3600 sunt
3659 3562 3786 3617 pra?-

2097 3640 2248 3709 cipui
2280 3639 2644 3710 praeconandi
2689 3638 2972 3691 universis
3009 3638 3231 3690 sarculis
3262 3637 3428 3690 laude
3457 3652 3577 3689 non
3616 3634 3786 3688 media

2098 3728 2340 3798 fugitivi,
2376 3726 2474 3798 qui
2516 3728 2646 3780 licet
2687 3726 3010 3780 meticulosi
3049 3729 3101 3778 et
3142 3725 3426 3795 fugientes
3456 3728 3781 3794 appareant,

2097 3824 2287 3869 tamen
2332 3832 2433 3885 per
2480 3820 2660 3869 totum
2712 3814 2911 3867 orbem
2962 3817 3253 3882 vagantes,
3287 3817 3342 3865 et
3379 3813 3536 3865 velut
3568 3812 3786 3880 fulgura

2098 3906 2504 3969 discurrentes,
2558 3902 2973 3955 misericordias
3016 3900 3241 3953 Domini
3283 3901 3343 3953 in
3387 3899 3702 3970 synagogis
3742 3901 3785 3947 et

2096 3995 2443 4064 populorum
2491 3997 2779 4045 conventu
2826 3995 3137 4056 cantantes,
3190 3989 3399 4043 diserta
3454 3994 3511 4041 et
3568 3986 3786 4059 egregia

2096 4082 2297 4152 lingua
2324 4079 2625 4151 proferunt
2667 4080 2821 4150 quod
2870 4079 3147 4150 proﬁcere
3192 4077 3397 4131 sanctis
3437 4077 3787 4131 auditoribus

2099 4171 2304 4224 sciunt.
2343 4169 2702 4239 Eﬁ‘ugantur,
2734 4173 2795 4221 ut
2832 4168 3121 4237 magnalia
3153 4166 3379 4220 Domini
3410 4171 3669 4225 taceant;
3701 4162 3781 4215 sed

2098 4260 2451 4329 amplectunt
2492 4257 2779 4321 exsilium,
2830 4262 2895 4309 ut
2938 4255 3207 4308 libentius
3248 4270 3372 4324 quae
3412 4254 3785 4322 prohibentur

2099 4363 2215 4399 non
2247 4345 2350 4399 uni
2386 4345 2565 4415 genti,
2600 4344 2697 4397 sed
2729 4343 2971 4396 diversis
3011 4342 3344 4396 nationibus
3384 4341 3602 4394 dicant.
3638 4337 3781 4404 Quod

2096 4451 2168 4488 ne
2202 4439 2456 4487 nostrum
2496 4433 2756 4486 videatur
2792 4437 2977 4484 totum
3020 4447 3139 4483 esse
3174 4429 3325 4500 quod
3359 4429 3628 4493 dicimus,
3662 4425 3781 4498 quid

2097 4522 2396 4575 nobiscum
2443 4520 2576 4573 inde
2610 4524 2836 4572 sanctus
2876 4518 2972 4571 ille
3019 4523 3073 4570 et
3103 4518 3338 4587 abyssus
3378 4516 3636 4570 scientiae
3668 4515 3777 4569 Hie.

2099 4626 2371 4680 ronymus
2409 4609 2618 4661 sentiat
2648 4609 3027 4677 proferamus.
3075 4608 3208 4671 Hoc,
3242 4606 3338 4666 ait,
3373 4605 3441 4658 ad
3473 4606 3618 4659 illud
3653 4611 3777 4657 tem-

2099 4716 2206 4770 pus
2238 4697 2659 4768 praeferendum
2692 4702 2793 4761 est,
2819 4711 2948 4748 cum
2973 4694 3037 4748 ad
3066 4694 3525 4764 praedicationem
3554 4688 3776 4763 apostoli

2099 4788 2483 4850 mitterentur,
2525 4784 2735 4855 quibus
2775 4790 2833 4837 et
2876 4783 3108 4853 proprie
3151 4782 3364 4835 dictum
3398 4786 3483 4833 est
3516 4797 3529 4832 :
3573 4783 3641 4834 In
3676 4780 3777 4831 rios

2099 4878 2338 4944 gentium
2387 4890 2453 4927 ne
2496 4874 2761 4938 abieritis,
2812 4877 2861 4925 et
2916 4874 2976 4924 in
3024 4873 3271 4924 civitates
3322 4872 3775 4924 Samaritanorum

2098 4980 2203 5018 non
2253 4964 2594 5015 intraveritis
2636 4962 2850 5029 (Matth.
2905 4974 2959 5023 x,
3010 4961 3083 5023 5).,
3131 4957 3286 5027 quod
3336 4957 3773 5026 persecutionem

2100 5053 2302 5106 timere
2334 5068 2447 5104 non
2479 5050 2725 5104 debeant
2764 5052 2822 5101 et
2849 5048 3095 5101 debeant
3133 5045 3439 5099 declinare.
3474 5045 3637 5107 Quod
3670 5040 3775 5111 qui-

2100 5140 2229 5194 dem
2261 5138 2522 5192 videmns
2552 5136 2609 5189 in
2645 5134 2929 5205 principio
2965 5133 3163 5187 fecisse
3194 5134 3509 5195 credentes,
3546 5129 3771 5202 quando,

2102 5232 2226 5281 orta
2257 5224 2667 5294 Hierosolymis
2697 5222 3121 5294 persecutione,
3153 5219 3393 5290 dispersi
3421 5225 3555 5272 sunt
3589 5219 3646 5272 in
3678 5215 3774 5269 uni-

2172 5378 2198 5419 d
2228 5377 2349 5441 Ms.,
2380 5378 2616 5430 veracia.

2174 5456 2195 5481 θ
2232 5449 2392 5500 Forte
2422 5446 2711 5514 majorum.

2179 5517 2194 5549 τ
2232 5519 2394 5570 Forte
2424 5517 2710 5569 discutere.
