3860 6262
54 302 105 347 ίῖ
1374 291 1743 347 lNDltlULUS
1788 291 2191 349 LUMINDSUS.

3421 302 3521 351 IilR

38 445 169 482 ‘ersa
197 428 405 492 Judea,
436 432 497 481 ut
529 427 916 482 tribulationis
948 426 1166 479 occasio
1212 427 1373 479 ﬁeret
1419 425 1711 495 Evangelii
1747 428 1793 479 Α
1826 427 2006 480 animi
2036 426 2212 480 virtus
2243 428 2492 483 inererat
2533 430 2731 497 libera,
2767 447 2871 483 nec
2919 431 3252 485 meticulosa
3283 432 3523 486 fantasia

44 520 419 573 eminarium.
470 518 923 573 Animadvertite
955 523 1010 570 et
1043 518 1375 587 diligentius
1405 517 1570 570 corde
1605 523 1718 569 tra-

38 614 158 659 :tate
222 610 361 677 quia
418 608 634 660 nullam
697 606 770 660 ob
829 607 1000 660 aliam
1058 622 1286 658 causam
1333 606 1557 674 jnssum
1638 610 1723 657 est

38 696 295 764 ipostolis
346 694 657 759 declinare,
694 695 806 747 nisi
860 701 924 747 ut
988 694 1207 747 occasio
1263 694 1563 747 secedendi
1633 709 1719 745 se-

36 783 331 837 ninarium
366 784 425 837 in
476 782 758 835 universis
790 782 1024 835 urbibus
1084 783 1247 835 fieret
1278 782 1459 851 regni.
1495 782 1722 834 Poterat

36 872 171 925 anim
215 888 393 924 verus
446 871 730 940 Magister,
799 869 844 922 si
900 876 1154 923 vestrum
1206 869 1476 938 frigidum
1527 870 1722 936 algore

36 960 202 1012 livino
237 965 511 1030 sequeret
539 959 916 1021 intellectum,
968 958 1155 1011 dicere
1188 976 1204 1010 :
1237 958 1543 1010 Veritatem
1586 974 1720 1025 sup-

36 1048 267 1117 srimite,
297 1047 585 1115 justitiam
630 1048 929 1111 occultate,
975 1052 1032 1099 et
1076 1062 1201 1116 qua:
1244 1063 1378 1099 vera
1427 1050 1577 1110 sunt,
1625 1046 1721 1098 ubi

36 1138 187 1189 imor
244 1141 499 1189 vestrum
554 1136 905 1189 concusserit
949 1151 1204 1193 sensum.
1260 1135 1430 1188 corde
1500 1135 1722 1187 solum—

36 1226 183 1280 nodo
238 1226 510 1289 retinete,
576 1230 639 1277 ut
713 1225 915 1278 vivatis
970 1224 1128 1278 nullo
1179 1228 1432 1278 terrente
1493 1223 1718 1277 securi:

34 1316 210 1366 :ulta‘
259 1314 421 1367 enim
466 1313 875 1383 praedicatione
930 1314 1251 1383 persecutio
1293 1313 1558 1366 universa
1610 1328 1723 1364 ces-

33 1403 170 1455 savit.
206 1406 417 1457 Amota
449 1403 850 1471 persecutione
882 1402 1018 1472 fuga
1070 1418 1182 1455 non
1211 1401 1355 1455 erit:
1394 1418 1457 1453 ac
1488 1417 1589 1470 per
1618 1401 1723 1454 hoc

33 1508 247 1544 securus
299 1496 498 1544 manet
546 1491 810 1561 quisquis
853 1491 1163 1560 gentilibus
1220 1507 1332 1543 non
1364 1490 1719 1553 contradicit,

34 1581 271 1650 quisquis
311 1596 571 1632 errorem
607 1596 720 1632 non
748 1579 997 1649 impetit,
1030 1579 1291 1649 quisquis
1313 1579 1570 1631 fraudem
1604 1594 1719 1631 non

34 1669 218 1736 aperit,
268 1668 535 1738 quisquis
577 1669 944 1737 peccantibus
992 1685 1104 1721 non
1139 1668 1511 1733 contravenit,
1564 1667 1716 1737 quis-

34 1757 141 1823 quis
171 1756 567 1809 haereseorum
598 1756 824 1809 vincula
857 1773 972 1809 non
1000 1756 1266 1825 disrupit.
1309 1757 1469 1820 Quod
1522 1756 1719 1809 beatus

35 1845 395 1912 Gregoriusin
427 1844 574 1898 libro
606 1845 875 1897 vicesimo
909 1845 1093 1914 primo
1154 1844 1348 1897 Murali
1396 1844 1582 1897 lucide
1624 1861 1719 1897 re—

32 1940 163 1986 serat
193 1933 356 1985 satis.
412 1955 439 1981 ‹‹
476 1934 822 2003 Plerumque
854 1933 1032 1997 enim,
1064 1933 1162 2000 ait,
1197 1932 1373 2003 quieti
1405 1937 1575 2002 atque
1626 1933 1718 1986 in-

34 2022 248 2075 discussi
273 2024 298 2063 b
330 2021 743 2092 relinquimur,
778 2021 825 2074 si
852 2022 1083 2075 obviare
1127 2022 1316 2091 pravis
1354 2038 1458 2090 pro
1498 2021 1721 2091 justitia

35 2127 136 2162 non
192 2127 498 2175 curamus;
562 2111 659 2164 sed
700 2111 746 2164 si
805 2110 875 2164 ad
934 2117 1162 2163 (eterna!
1212 2110 1342 2163 vitae
1374 2110 1719 2164 desiderium

38 2200 241 2252 animus
262 2200 386 2268 jam
420 2200 646 2265 exarsit,
688 2200 729 2252 si
752 2200 875 2268 jam
915 2216 1109 2253 verum
1142 2201 1335 2253 lumen
1380 2199 1722 2253 intrinsecus

37 2289 265 2355 respicit,
310 2288 357 2340 si
409 2288 467 2340 in
513 2304 571 2340 se
604 2290 895 2341 tlammam
944 2288 1123 2341 sancti
1172 2288 1412 2341 fervoris
1441 2289 1717 2355 accendit,

40 2376 85 2428 in
108 2382 389 2446 quantum
421 2376 580 2430 locus
614 2376 889 2443 admittit,
924 2376 982 2429 in
1008 2382 1287 2446 quantum
1319 2393 1490 2431 causa
1519 2378 1718 2446 exigit,

38 2465 291 2518 debemus
314 2482 420 2533 pro
446 2465 775 2519 defensione
791 2465 1027 2535 justitire
1050 2466 1426 2536 nosmetipsos
1451 2467 1716 2535 objicere,

42 2560 86 2605 et
111 2556 390 2623 perversis
415 2554 485 2607 ad
512 2554 722 2623 injusta
751 2554 1185 2623 erumpentibus
1206 2554 1377 2607 etiam
1405 2571 1533 2607 cum
1556 2556 1625 2607 ab
1641 2560 1720 2607 eis

44 2658 135 2693 non
157 2642 441 2711 queritur
470 2642 716 2695 obviare.
747 2643 882 2695 Nam
908 2658 1035 2695 cum
1054 2641 1359 2711 justitiam,
1385 2659 1557 2713 quam
1575 2656 1596 2679 ο
1618 2661 1719 2696 nos

42 2746 298 2795 amamus,
341 2730 401 2782 in
438 2730 563 2783 aliis
606 2730 840 2797 feriunt,
892 2747 1009 2783 non
1051 2731 1425 2784 nihilominus
1455 2748 1554 2783 sua
1588 2749 1721 2801 per-

41 2818 278 2871 cussione
306 2818 661 2885 confodiant,
696 2819 921 2872 etiamsi
949 2824 1003 2872 et.
1036 2819 1307 2873 honorari
1340 2818 1368 2854 ιι
1398 2820 1716 2875 videantur.

42 2906 164 2967 Quia
192 2924 328 2976 ergo
358 2908 445 2960 vir
463 2913 691 2960 sanctus
714 2908 902 2976 pravis
918 2924 979 2961 ac
996 2908 1141 2961 male
1164 2908 1463 2975 agentibus
1476 2925 1531 2961 se
1549 2910 1717 2962 etiam

1833 516 2114 571 invaserat
2144 518 2345 583 corda;
2379 535 2520 587 quos
2573 520 2844 588 spiritalis
2894 520 3079 573 fervor
3131 522 3250 573 zelo
3298 522 3521 576 Domini

1833 610 2079 659 mstuans
2111 620 2159 671 ε,
2194 612 2249 660 et
2278 623 2439 660 amor
2471 607 2677 663 Christi
2701 610 2849 661 ultro
2891 610 3147 679 citroque
3174 610 3520 675 discurrens,

1833 693 1995 746 ﬁxius
2024 695 2299 760 retinens,
2327 700 2385 749 et
2413 695 2653 748 viriliter
2696 697 3050 765 compluens,
3092 697 3226 749 foris
3287 699 3523 767 cogebat

1830 783 2146 851 producere
2190 783 2662 837 holocaustomati
2713 788 2919 838 tectam
2970 785 3310 838 intrinsecus
3359 788 3519 840 flam-

1834 886 2004 923 mam.
2039 872 2103 924 Et
2152 871 2284 925 licet
2337 874 2640 943 plerosque
2691 872 3015 941 persecutio
3076 890 3222 926 szeva
3268 873 3521 927 incursa-

1831 963 1935 1024 ret,
1967 964 2179 1023 tamen,
2227 961 2381 1030 quod
2424 977 2537 1014 non
2570 961 2806 1030 potestis
2850 977 3083 1030 negare,
3132 962 3524 1015 innumerabi-

1828 1049 1910 1101 les
1941 1049 2260 1102 voluntarie
2293 1050 2480 1118 legitis
2512 1050 2850 1103 decertasse.
2900 1050 3041 1102 Illuc
3072 1065 3298 1102 summo
3352 1067 3523 1119 opere

1829 1138 2227 1207 adimplentes.
2290 1139 2442 1208 quod
2503 1139 2753 1191 dicitur:
2822 1139 3138 1191 Voluntaria
3206 1137 3525 1207 sacriﬁcabo

1831 1228 1949 1293 tibi,
1974 1230 2193 1280 Domine
2224 1228 2392 1295 (Psal.
2432 1243 2547 1294 Lm,
2590 1228 2666 1295 8).
2702 1227 3004 1280 Addiscitis
3040 1243 3052 1279 :
3084 1228 3328 1297 Tempus
3391 1244 3527 1296 per-

1829 1314 2136 1368 secutionis
2165 1332 2281 1368 non
2312 1320 2410 1368 est.
2445 1317 2566 1368 Imo
2594 1332 2699 1383 ego
2742 1317 2868 1385 plus
2918 1315 3067 1383 dico,
3104 1320 3330 1385 tempus
3386 1331 3523 1383 apo-

1829 1403 2108 1457 stolorum
2143 1420 2253 1456 non
2286 1409 2390 1468 est,
2436 1404 2572 1473 quia
2616 1403 2780 1471 vigor
2810 1408 2895 1456 est
2946 1402 3289 1472 apostolicus
3334 1402 3527 1456 immi-

1833 1498 2025 1557 nutus,
2069 1492 2167 1561 qui
2218 1492 2493 1545 debuerat
2547 1508 2774 1560 semper
2827 1491 2887 1544 in
2933 1491 3259 1561 pastoribus
3317 1491 3526 1544 Christi

1829 1581 2052 1633 fervore
2100 1581 2452 1647 constantia),
2508 1586 2561 1633 et
2592 1582 2712 1633 zelo
2739 1580 2977 1650 justitire
3025 1597 3205 1650 usque
3262 1581 3327 1633 ad
3388 1597 3522 1632 cnn-

1760 1705 1800 1757 B
1832 1669 2273 1721 summationem
2319 1668 2509 1722 sreculi
2559 1670 2818 1722 flammas
2850 1668 3128 1739 spiritales
3170 1669 3226 1721 in
3262 1670 3524 1722 adversos

1829 1758 1998 1822 ciere,
2026 1761 2082 1809 et
2113 1756 2310 1809 fomite
2342 1756 2781 1809 illuminationis
2824 1772 3060 1809 accenso
3100 1756 3365 1809 tenebras
3420 1755 3525 1808 aevi

1829 1862 2062 1900 corusco
2119 1846 2302 1900 sidere
2375 1846 2463 1899 eoi
2513 1846 2755 1899 climatis
2820 1846 3123 1899 illustrare.
3191 1845 3401 1898 Vereor
3454 1859 3525 1895 ne

1832 1935 2068 1988 moleste
2102 1935 2307 2000 ferant,
2342 1950 2455 1987 non
2492 1933 2849 1996 temeritatis,
2882 1938 2945 1986 ut
2966 1933 3051 1985 illi
3081 1932 3383 1997 aestimant,
3427 1933 3521 1985 sed

1830 2023 2102 2090 veritatis,
2148 2028 2210 2076 ut
2258 2022 2523 2076 catholici
2578 2021 2846 2091 probant,
2898 2035 3257 2089 responsum,
3313 2020 3411 2089 qui
3464 2020 3520 2072 iu

1830 2111 2138 2165 novissima
2195 2116 2454 2180 tempora
2505 2109 2799 2163 constituti
2862 2108 3192 2162 Antichristi
3260 2124 3523 2177 persecu-

1829 2200 2045 2254 tionem
2077 2198 2437 2269 conspiciunt
2466 2198 2628 2251 muti.
2663 2197 2929 2267 Quisquis
2955 2196 3043 2249 his
3071 2197 3327 2266 partibus
3359 2202 3522 2249 terrm

1830 2288 2286 2359 persecutionem
2346 2287 2515 2341 hodie
2574 2291 2761 2355 negat,
2814 2290 2909 2339 aut
2982 2285 3272 2338 dormiens
3314 2285 3521 2353 jugum

1830 2377 2117 2429 servitutis
2142 2392 2367 2429 summo
2397 2378 2423 2417 ιι
2456 2375 2725 2428 socordiae
2768 2379 2980 2443 portat,
3014 2378 3112 2425 aut
3160 2374 3342 2425 elatus
3392 2390 3522 2426 cum

1828 2466 2069 2520 ethnicis
2103 2465 2241 2535 pede
2283 2465 2565 2533 superbiae
2619 2463 2901 2533 subjectos
2943 2461 3153 2516 Christi
3205 2462 3521 2514 tirunculos

1828 2555 2025 2607 calcat.
2060 2553 2327 2624 Nunquid
2370 2568 2485 2606 non
2522 2569 2719 2605 sumus
2774 2554 2915 2621 jugo
2949 2550 3238 2603 servitutis
3286 2549 3520 2614 addicti,

1829 2642 2181 2712 importal‘ili
2232 2659 2398 2695 censu
2448 2641 2686 2710 gravati,
2740 2640 2908 2692 rebus
2956 2639 3173 2705 nudati,
3228 2644 3521 2691 contume-

1832 2732 2038 2784 liorum
2087 2729 2327 2782 fascibus
2385 2729 2581 2799 pressi,
2618 2728 2675 2781 in
2723 2727 3090 2797 proverbium
3146 2728 3201 2779 et
3239 2726 3520 2779 canticum

1831 2819 1995 2883 versi,
2026 2825 2249 2871 tearum
2281 2817 2293 2850 ¹
2328 2816 2602 2869 universis
2635 2815 2946 2885 gentilibus
2975 2814 3154 2867 facti?
3187 2814 3271 2866 ΙΙΙὶ
3303 2814 3520 2878 dicunt,

1830 2925 1946 2961 non
1977 2923 2097 2960 esse
2148 2906 2555 2975 persecutionis
2607 2910 2878 2974 tempus:
2931 2918 3037 2971 ego
3077 2903 3524 2955 reclamantibus

44 3011 152 3047 cum
198 3011 309 3049 non
346 2996 626 3066 quaeritur
657 2996 920 3066 opponit,
956 3002 1103 3050 recte
1142 2997 1211 3050 de
1251 3014 1399 3067 equo
1450 2998 1547 3051 Dei
1579 3007 1599 3032 ο
1634 2999 1725 3051 di-
1765 3002 1805 3056 C
1837 3015 1865 3051 e
1896 2997 2133 3066 regione
2163 2994 2408 3064 profero,
2442 2992 2733 3046 mortifera
2776 3008 2879 3044 nos
2932 2995 3183 3060 tempora
3217 2991 3520 3045 invenisse.

47 3084 172 3136 citur
202 3101 213 3135 :
246 3086 311 3138 In
343 3100 596 3139 occursus
622 3086 812 3154 pergit
847 3090 1095 3139 armatus
1143 3086 1257 3155 (Job
1317 3102 1495 3151 xxxnx,
1539 3087 1647 3157 2t).
1690 3108 1715 3135 s

103 3174 147 3225 3.
176 3172 402 3226 Iussum
425 3180 511 3227 est
540 3174 811 3242 apostolis
833 3179 889 3226 et
919 3174 1247 3243 apostolicis
1278 3174 1431 3237 viris,
1469 3175 1716 3229 doctori-

45 3258 131 3311 bus
172 3265 225 3313 et
262 3261 739 3331 prmdicatoribus
784 3261 1085 3325 universis,
1123 3262 1476 3326 Judaeorum,
1528 3264 1714 3331 genti-

48 3346 182 3407 lium,
217 3349 304 3401 vel
339 3349 603 3401 omuium
657 3348 937 3402 haeresum
979 3364 1201 3401 errores
1246 3365 1376 3402 vera
1407 3350 1631 3403 ratione
1662 3355 1721 3405 et

48 3434 152 3486 forti
183 3438 416 3504 probavi
450 3436 467 3470 τ
501 3437 794 3506 impertire
821 3454 1104 3491 sermone.
1135 3437 1507 3491 Certaverunt
1537 3455 1715 3509 usque

48 3523 98 3574 ad
129 3531 364 3578 mortem
387 3526 618 3579 athletae
650 3526 969 3592 fortissimi,
1001 3526 1456 3595 persecutionem
1484 3533 1718 3597 pr0pter

46 3610 315 3677 justitiam,
369 3629 543 3683 quam
585 3620 780 3682 aperte
833 3614 1237 3680 defendebant,
1274 3615 1492 3684 jugiter
1543 3616 1711 3684 passi.

48 3702 269 3752 coronati
304 3707 437 3753 sunt
464 3707 521 3753 et
550 3701 753 3753 ornati.
818 3702 1087 3770 Nunquid
1136 3718 1249 3754 non
1301 3707 1562 3771 apertum
1610 3707 1714 3767 est,

54 3794 94 3837 et
118 3787 375 3841 omnibus
414 3790 602 3841 lucrm
652 3790 1017 3843 cernentibus
1067 3791 1304 3855 clarum,
1358 3806 1471 3842 non
1526 3806 1716 3859 perse-

49 3876 305 3930 cutionem
336 3894 367 3930 a
413 3878 725 3947 gentilibus
774 3885 987 3944 natam,
1036 3878 1132 3932 sed
1182 3878 1653 3948 praedicationem
1686 3896 1716 3931 a

51 3965 225 4017 nostris
246 3966 517 4035 primitus
544 3968 773 4019 ortam?
806 3966 994 4032 Legite
1027 3972 1355 4019 sanctorum
1397 3972 1713 4035 martyrum

52 4051 369 4107 diversorum
412 4055 748 4124 passionum
779 4071 1013 4124 agones,
1047 4054 1279 4125 agmina
1316 4055 1537 4109 Domini
1568 4072 1715 4125 prte~

54 4138 245 4210 liautes,
274 4144 437 4196 verbi
468 4144 660 4213 gladio
696 4145 884 4197 hostes
928 4144 1155 4197 Domini
1187 4144 1608 4211 detruncantes,
1661 4149 1717 4197 et

56 4227 239 4297 liquide
288 4232 555 4285 videbitis
612 4232 824 4285 multos
867 4232 1128 4285 ultronee
1185 4231 1535 4301 prosiluisse,
1598 4249 1713 4285 non

56 4324 411 4387 exspectantes
436 4326 871 4389 persecutorum
898 4320 1075 4387 jussa,
1118 4336 1221 4373 nec
1248 4321 1565 4373 delatorum
1618 4322 1718 4375 de-

58 4405 228 4473 cipula,
266 4408 587 4462 furentium
610 4409 910 4473 intentata,
954 4409 1049 4463 sed
1111 4408 1179 4461 ad
1232 4410 1558 4479 exemplum
1611 4411 1715 4463 Do-

60 4493 171 4545 mini
216 4502 531 4565 spontanea
580 4498 813 4567 propria
864 4502 1025 4567 grata
1055 4497 1356 4551 offerentes
1418 4497 1713 4563 libamina,

60 4596 196 4650 seque
223 4601 390 4655 super
422 4586 598 4639 altare
635 4586 843 4640 Christi
894 4586 992 4639 Dei
1027 4585 1225 4638 aeterni
1276 4601 1479 4639 cruore
1528 4602 1709 4640 sacra-

58 4671 154 4723 tum
176 4679 543 4742 apportantes
575 4675 819 4728 hostiam
849 4690 1049 4743 puram
1088 4690 1099 4727 :
1135 4676 1192 4727 et
1221 4675 1374 4744 quod
1400 4674 1584 4744 magis
1633 4692 1717 4727 so-

60 4754 124 4809 liti
164 4762 284 4814 estis
326 4762 775 4832 reprehendere,
813 4763 1005 4815 multis
1035 4763 1402 4817 contumeliis
1447 4763 1717 4833 praesides

61 4850 101 4895 et
126 4850 395 4919 principes
434 4850 721 4920 fatigasse.
776 4851 859 4903 llli
904 4867 1076 4920 quam
1109 4851 1353 4904 maxime
1410 4852 1507 4921 qui
1554 4856 1717 4905 erant

62 4931 103 4985 in
120 4940 408 4994 certamine
437 4939 635 5009 primi,
666 4944 721 4993 et
770 4939 993 4995 ﬁducia:
1024 4939 1174 4994 bono
1220 4940 1467 5007 muniti;
1508 4940 1716 5011 quibus

110 5097 129 5120 ⁸
164 5094 331 5159 Tulta,
369 5094 425 5147 id
457 5100 541 5148 est
573 5096 780 5149 ablata.

110 5161 309 5237 b_Apud
346 5166 539 5235 Greg.,
583 5166 682 5219 lib.
738 5167 875 5220 Mor.
902 5182 1049 5232 χχχι,
1074 5182 1197 5237 cap.
1233 5170 1325 5233 23,
1386 5168 1712 5222 inconcussi.

64 5233 301 5366 sn;l)eest
331 5233 579 5305 quarhin
612 5253 755 5303 ms.;
793 5241 975 5291 exstat
1024 5233 1178 5308 apud
1236 5238 1574 5307 Gregorium
1620 5238 1716 5291 ubi

146 5317 215 5355 ra.

146 5317 215 5355 τε.

112 5372 131 5411 ἀ
162 5376 309 5446 Apud
353 5377 525 5446 Greg.
561 5376 637 5430 ibi
674 5396 686 5431 :
716 5380 989 5432 venerari.

113 5449 129 5516 ξ
161 5444 268 5516 iis,
300 5446 366 5500 de
395 5462 454 5500 eo
478 5444 645 5516 'quod.

117 5509 129 5541 τ
161 5512 307 5568 Forte
332 5509 631 5587 probabili,
667 5518 817 5589 quod
858 5524 1062 5573 rectum
1101 5524 1158 5572 et
1216 5518 1579 5588 approbatum
1638 5518 1712 5569 si-

1825 3087 1912 3143 Illi
1957 3088 2215 3138 asserunt
2274 3083 2379 3136 hos
2429 3082 2548 3135 sine
2599 3080 2790 3135 hostili
2846 3080 3167 3149 procedisse
3224 3079 3520 3149 impulsu:

1826 3194 1931 3243 ego
1965 3176 2219 3245 ipsorum
2254 3176 2607 3225 asserentum
2652 3170 3004 3239 professione
3032 3168 3297 3228 firmaho,
3333 3168 3524 3236 genti—

1827 3265 1949 3318 litio
1989 3280 2087 3316 eos
2125 3277 2428 3331 oppressos
2462 3260 2602 3313 zelo.
2641 3260 2704 3312 Et
2751 3259 3004 3327 primum
3039 3258 3392 3309 sacerdotem
3437 3257 3522 3308 in-

1824 3358 2091 3407 tueamur
2122 3350 2468 3415 Perfectum,
2500 3347 2791 3417 gentilicio
2823 3345 2944 3399 zelo
2978 3350 3365 3415 peremptum,
3391 3345 3524 3397 fidei

1825 3440 2145 3495 constantia
2190 3438 2543 3501 decoratum,
2588 3434 2904 3505 martyriali
2963 3434 3144 3502 gloria
3191 3434 3521 3497 infulatnm,

1826 3536 1880 3584 et
1925 3545 2056 3583 vere
2106 3528 2418 3581 electorum
2470 3526 2527 3578 in
2583 3540 2822 3578 numero
2859 3527 3260 3593 aggregatum;
3309 3528 3363 3573 et
3410 3539 3523 3592 quo

1824 3622 1987 3689 pacto
2020 3617 2089 3669 ad
2143 3614 2483 3667 occisionem
2542 3612 2761 3664 venerit
2801 3611 3097 3663 sinceriter
3142 3609 3519 3679 proferamus.

1825 3708 2039 3775 Nempe
2093 3704 2159 3756 ad
2235 3702 2391 3755 aliud
2453 3704 2784 3771 pergentem
2840 3698 3080 3767 aliisque
3155 3698 3523 3750 saecularibus

1824 3790 2091 3860 operibus
2132 3788 2547 3851 intendentem,
2599 3786 2856 3855 nihilque
2892 3785 2961 3839 de
3020 3801 3134 3854 quo
3166 3794 3388 3853 gestum
3440 3792 3525 3839 est

1798 3882 2285 3948 -pertractantem,
2358 3874 2865 3929 daemonicolarum
2935 3874 3344 3925 assertionibus
3420 3874 3523 3926 im-

1823 3968 2103 4037 pulsatur.
2158 3969 2203 4019 Α
2253 3964 2460 4035 quibus
2524 3964 2616 4016 ille
2665 3968 2825 4015 caute
2873 3968 2926 4015 et
2966 3962 3396 4031 circumspecte,
3459 3968 3523 4015 ut

1822 4054 1945 4107 istis
1997 4054 2240 4118 videtur,
2292 4059 2357 4107 ut
2394 4068 2529 4104 vero
2590 4050 2755 4112 mihi,
2810 4049 3009 4102 timide
3036 4048 3205 4101 ﬁdem
3262 4048 3406 4118 petit
3468 4054 3523 4101 et

1822 4160 1894 4197 ne
1955 4160 2021 4196 ex
2069 4140 2537 4212 responsionibus
2590 4138 2840 4208 propriis
2893 4138 3271 4206 impediretur
3319 4136 3520 4203 oravit,

1824 4232 2016 4285 dicens
2053 4247 2065 4283 :
2099 4230 2272 4284 Multa
2312 4233 2475 4281 erant
2515 4227 2654 4279 mihi
2681 4243 2746 4279 ex
2780 4226 2989 4297 quibus
3032 4226 3521 4278 abundantissime

1760 4325 2087 4390 Dpoteram
2143 4318 2503 4387 confringere
2563 4315 2797 4379 neenias,
2858 4315 2944 4367 vel
2998 4314 3295 4368 destruere
3346 4315 3522 4367 aniles

1824 4407 2081 4459 historia:
2126 4405 2368 4471 fabulas,
2411 4405 2459 4456 si
2492 4410 2693 4457 vestra:
2726 4402 2959 4455 ultionis
3010 4418 3124 4454 non
3160 4418 3388 4455 vererer
3433 4402 3523 4455 ul-

1825 4495 1953 4547 trici
1985 4493 2178 4563 gladio
2205 4498 2496 4546 currentes
2545 4492 2695 4544 ultro
2740 4492 2997 4560 citroque
3032 4491 3350 4545 incurreret
3393 4506 3521 4543 sen-

1826 4583 2050 4636 tentias.
2078 4582 2181 4636 Cui
2238 4598 2366 4658 cum
2397 4580 2568 4634 fidem
2602 4580 2909 4639 dedissent,
2946 4585 3001 4631 et
3048 4579 3100 4631 ei
3137 4584 3196 4631 ut
3227 4595 3355 4647 quae
3413 4578 3519 4631 sibi

1826 4672 2166 4725 videbantur
2196 4675 2527 4741 exponeret,
2553 4671 2883 4737 juraniento
2934 4666 3255 4735 anteposito
3306 4668 3521 4736 impre-

1825 4765 2051 4825 carcnt;
2102 4759 2198 4813 ille
2248 4763 2474 4828 accepta
2528 4756 2752 4810 dicendi
2812 4753 3042 4817 fiducia,
3091 4758 3148 4807 et
3178 4770 3381 4807 eorum
3416 4771 3520 4824 pro

1829 4865 1960 4903 vero
1986 4849 2319 4918 juramento
2351 4861 2582 4898 sumens
2615 4842 2928 4903 mendacia,
2960 4845 3088 4910 post
3120 4842 3301 4895 multa
3339 4848 3393 4895 et
3426 4858 3519 4895 va-

1824 4936 1910 4991 ria
1936 4936 2369 4991 contentionum
2400 4932 2733 4998 certamina,
2774 4930 3071 5000 propheta:
3108 4944 3308 4983 eorum
3358 4932 3517 4983 volu-

1825 5095 2059 5166 guificat
2104 5092 2253 5165 apud
2290 5090 2602 5160 Cangium;
2655 5087 2811 5158 quod
2867 5102 3013 5140 vera!
3066 5084 3270 5139 nititur
3312 5086 3515 5156 proba-

1825 5166 1992 5219 tioui.

1896 5248 1926 5289 ε
1965 5236 2088 5297 bis,
2120 5237 2328 5287 extant.

1894 5308 1919 5347 ιι
1965 5309 2090 5373 [.eg.
2131 5318 2330 5357 somno.

1898 5375 1907 5407 ί
1956 5367 2081 5441 [ιεᾷ.
2130 5374 2421 5435 theatrum,
2474 5369 2528 5423 id
2580 5372 2663 5421 est
2713 5369 3123 5441 spectaculum,
3172 5367 3335 5437 juxta
3374 5369 3515 5423 illud

1821 5439 2076 5516 Apostoli
2110 5445 2135 5496 Ι
2167 5443 2298 5496 Cor.
2342 5458 2390 5494 iv
2428 5458 2440 5495 :
2472 5440 2848 5516 Spectaculwn
2874 5439 3017 5516 facti
3044 5455 3248 5516 sumus,
3283 5446 3388 5493 etc.

1901 5519 1914 5559 1
1967 5516 2085 5579 Ms.,
2118 5530 2184 5567 em
2216 5529 2390 5580 qua...
2428 5526 2605 5564 verere
2633 5511 2893 5564 ultroci...
2928 5514 3157 5565 incurri.
