3860 6262
294 287 392 335 :itsl
1664 282 1909 335 ALVARI
1955 280 2430 335 COBDUBENSIS

291 420 557 483 ptuosam
624 422 647 445 τι
697 412 1004 477 lasciviam,
1068 416 1123 463 et
1184 410 1603 463 lenocitationis
1636 411 1915 481 passivam
1968 413 1990 451 ¹ι
2030 414 2068 464 Α
2103 416 2207 474 est,
2254 411 2335 462 vel
2388 414 2731 477 contectum,
2775 410 2928 480 quod
2984 411 3054 464 ab
3110 412 3250 482 ipsis
3282 414 3615 482 persecutio
3672 424 3807 469 orta.

291 503 593 561 luxuriam,
628 516 892 553 sermone
923 516 1037 569 quo
1086 498 1273 569 potuit
1317 499 1699 568 exprobravit,
1753 505 1808 552 et
1853 515 1981 552 ora-

289 591 445 644 tione
476 588 777 659 splendida
799 588 1209 657 comprobavit.
1243 592 1311 641 At
1338 589 1418 640 illi
1439 596 1563 657 post
1589 588 1782 659 aliqua
1813 605 1985 658 super

290 679 410 748 ejus
470 677 946 731 meretricationis
970 677 1367 743 subsannium,
1404 678 1487 729 vel
1540 677 1982 747 conjugatorum

288 767 555 820 adulterii
606 766 869 819 factionis
927 766 1261 831 colludium,
1314 765 1506 818 habita
1563 766 1980 818 conflictatimie

283 856 610 921 verborum,
643 854 972 909 frendentes
1003 854 1288 920 dentibus,
1329 861 1384 907 et
1413 854 1631 907 caninis
1686 855 1981 907 saevientes

284 944 541 1012 rictibus,
580 960 677 997 ore
708 943 937 1013 vipereo
976 943 1291 1009 sibilantes,
1334 948 1388 996 et
1430 943 1657 996 leonum
1690 943 1981 997 ferocitate

284 1033 614 1099 frementes,
658 1032 814 1086 abire
863 1048 987 1084 eam
1023 1035 1257 1101 propter
1307 1031 1503 1084 datum
1555 1031 1775 1084 noviter
1824 1031 1982 1099 jura-

290 1126 549 1175 mentum
598 1121 939 1175 dimiserunt
1005 1129 1023 1152 ε
1074 1120 1333 1173 illaesum.
1395 1120 1500 1174 Sed
1568 1124 1697 1189 post
1748 1120 1979 1191 aliquod

284 1210 559 1279 temporis
602 1225 827 1262 cursum
862 1210 1123 1262 dolorum
1156 1224 1381 1278 semper
1407 1208 1797 1279 peccatoribus
1839 1210 1983 1262 reti-

285 1308 484 1351 nentes
515 1313 819 1362 venenum,
869 1301 923 1350 et
962 1298 1124 1367 quasi
1168 1302 1445 1350 vetustate
1492 1297 1765 1367 temporis
1816 1313 1981 1367 repu-

286 1391 469 1440 tantes
512 1387 791 1439 abolitum
844 1386 1099 1455 priorem
1158 1386 1241 1439 illi
1286 1386 1542 1440 illectum
1588 1386 1829 1439 inﬁdum
1877 1402 1977 1455 pa-

285 1481 458 1539 ctum,
495 1475 627 1528 dolo
677 1491 807 1528 eum
840 1474 1351 1527 circumvenientes
1390 1475 1811 1544 apprehensum
1847 1489 1977 1526 eum

277 1564 779 1633 judicisaevissime
810 1562 1105 1616 mendacio
1137 1562 1423 1615 inhiantes
1444 1561 1471 1597 ει
1499 1564 1661 1632 quasi
1688 1562 1980 1615 destruen-

283 1656 399 1705 tem
456 1652 585 1705 fidei
642 1652 871 1704 illorum
919 1651 1091 1703 ritum
1147 1650 1323 1718 impie
1374 1650 1758 1720 protulerunt,
1811 1666 1978 1703 eum—

284 1757 396 1811 que
424 1740 862 1794 maledicentern
896 1754 1094 1791 eorum
1142 1745 1327 1790 vatem
1370 1755 1470 1790 suo
1526 1738 1852 1793 testimonio
1892 1738 1977 1790 vi—

282 1830 485 1882 lissimi
522 1827 861 1882 homunculi
900 1827 1292 1880 ﬁrmaverunt.
1344 1827 1442 1879 Ille
1493 1827 1788 1896 inopinato
1846 1843 1981 1879 casu

285 1916 643 1986 perterritus,
692 1921 748 1969 et
779 1915 1052 1968 inusitata
1107 1915 1586 1968 circumvectione
1647 1915 1977 1985 perplexus,

281 2006 512 2058 illorum
543 2004 909 2057 fraudulenta
928 2003 1201 2074 ignorans
1218 2005 1471 2068 consilia,
1489 2020 1616 2073 quas
1631 2010 1826 2057 contra
1848 2020 1979 2057 eum

282 2094 630 2147 instruxerat
654 2092 1059 2146 commentatio
1092 2092 1476 2156 fraudulenta,
1510 2109 1569 2146 se
1615 2092 1721 2145 hoc
1754 2095 1980 2161 penitus

283 2197 399 2235 non
428 2182 658 2241 dixisse,
688 2180 915 2234 inﬁrma
965 2180 1099 2233 satis
1144 2180 1544 2249 prosecutione
1603 2181 1865 2233 retexuit.
1913 2183 1982 2234 At

281 2269 379 2323 ubi
430 2270 489 2323 in
523 2286 805 2323 carcerem
860 2269 1061 2322 missus
1104 2269 1161 2321 in
1195 2286 1253 2321 se
1287 2274 1467 2322 exstat
1516 2285 1845 2333 conversus,
1878 2285 1975 2322 au-

280 2358 403 2411 daci
452 2359 746 2429 proposito
795 2365 849 2411 et
905 2358 1055 2411 virili
1107 2374 1445 2428 congressus
1492 2358 1662 2427 coepit
1720 2358 1977 2428 ipsorum

282 2451 461 2501 totam
513 2449 695 2517 legem
728 2447 1064 2517 infringere,
1102 2453 1156 2500 et
1186 2464 1301 2499 non
1350 2448 1535 2499 solum
1586 2447 1732 2516 quod
1796 2447 1979 2515 pridie

283 2536 518 2602 dixerat,
580 2552 707 2606 quae
761 2552 933 2606 super
1006 2552 1138 2589 eum
1222 2535 1525 2605 imperitiae
1600 2536 1769 2588 factio
1827 2552 1975 2588 asse-

280 2624 468 2690 rebat;
498 2640 693 2677 verum
726 2624 897 2677 etiam
928 2624 1040 2676 alia
1070 2624 1295 2693 potiora
1326 2624 1608 2693 ingerere,
1661 2624 1979 2694 mortisque

284 2712 465 2783 magis
514 2711 753 2781 gloriam
831 2728 1003 2782 quam
1071 2712 1368 2765 interitum
1422 2716 1767 2781 exspectare.
1824 2712 1980 2765 Tunc

281 2801 551 2855 eductum
582 2802 641 2854 in
682 2801 868 2870 ipsum
904 2801 1018 2854 diei
1045 2802 1132 2853 sui
1182 2800 1535 2853 horrendum
1581 2801 1811 2870 pascha,
1863 2817 1978 2871 quo

282 2890 432 2943 soliti
477 2895 610 2943 sunt
648 2906 856 2959 pascua
908 2890 1097 2942 fruere
1128 2891 1401 2953 carnalia,
1436 2895 1492 2942 et
1549 2889 1734 2942 ventri
1784 2889 1978 2943 libidi-

280 2978 455 3047 nique
479 2978 750 3031 alimenta
774 2978 1095 3030 ministrare
1124 2984 1337 3043 satura,
1371 2978 1560 3046 gladio
1601 2978 1817 3031 vindice
1848 2994 1976 3048 per-

281 3070 564 3129 emerunt,
599 3071 653 3117 et
683 3066 844 3133 quasi
871 3065 1170 3118 victoriam
1208 3065 1456 3118 hostium
1489 3065 1676 3134 potiti,
1734 3066 1800 3119 ad
1849 3082 1977 3119 ora-

280 3154 454 3207 tionis
500 3154 983 3221 conventiculum,
1027 3152 1371 3222 obsequium
1414 3154 1529 3205 Deo
1574 3168 1631 3204 se
1678 3157 1978 3220 prmstasse

284 3242 602 3307 credentes,
646 3241 819 3295 delati
860 3248 917 3294 et
945 3240 1268 3294 innocentis
1299 3256 1501 3293 cruore
1525 3240 1758 3310 perfusi,
1802 3241 1975 3294 ritum

282 3346 450 3384 suum
481 3329 895 3400 perficiendum
927 3335 987 3381 ut
1016 3328 1173 3383 soliti
1195 3333 1327 3382 sunt
1356 3344 1544 3381 annue
1569 3334 1975 3398 pervenerunt.

350 3419 402 3472 4.
438 3419 568 3472 Esto
625 3434 777 3471 nunc
826 3416 1069 3470 arbitres
1117 3417 1278 3487 justi,
1340 3423 1396 3470 et
1452 3433 1568 3470 non
1608 3417 1977 3471 favorabilem

278 3512 569 3561 ventosam
612 3512 668 3559 et
716 3506 987 3570 ﬂavilem,
1034 3508 1131 3559 sed
1186 3521 1378 3559 veram
1434 3506 1685 3576 proferte
1740 3506 1978 3559 rationis

280 3595 645 3660 sententiam,
696 3594 928 3664 justitiaz
982 3594 1223 3647 vinculis
1270 3594 1625 3648 innodatam.
1676 3598 1719 3648 A
1768 3596 1977 3665 quibus

279 3698 433 3736 nunc
506 3689 709 3749 ortam,
788 3699 949 3752 rogo,
1025 3684 1482 3753 persecutionem
1549 3700 1674 3737 esse
1730 3684 1979 3737 videtis?

280 3771 478 3824 Nonne
508 3772 878 3841 perspicuum
910 3776 1012 3838 est,
1058 3771 1212 3841 ipsos
1255 3788 1375 3825 esse
1423 3771 1742 3826 incentores
1795 3774 1977 3825 malo~

277 3874 430 3924 rum,
491 3865 1114 3929 assertoreserrorum,
1166 3860 1514 3930 irrogatores
1548 3861 1833 3926 dolorum,
1878 3861 1975 3931 qui

277 3954 506 4018 pactum
538 3950 809 4019 primitus
842 3950 1130 4003 innocenti
1174 3949 1463 4017 oﬂ‘ertum,
1512 3951 1713 4004 fraude
1770 3950 1976 4003 veneni

279 4038 623 4104 confectum,
658 4039 853 4091 furore
902 4039 1200 4108 praeventi,
1233 4039 1317 4090 ira
1373 4039 1615 4104 accensi,
1675 4039 1978 4109 iniquitate

278 4126 497 4194 repleti,
532 4142 647 4178 non
679 4128 997 4179 timuerunt
1035 4127 1107 4179 ob
1140 4127 1323 4179 zelum
1356 4126 1490 4179 ﬁdei
1520 4143 1636 4180 sua:
1683 4127 1976 4181 audaciter

277 4214 573 4284 dissipare,
610 4215 923 4283 procaciter
951 4215 1236 4279 mutilare,
1299 4214 1594 4285 gentiliter
1643 4216 1873 4269 dextere
1904 4224 1923 4249 °
1950 4215 1978 4271 ‘P

282 4304 418 4356 Ecce
476 4302 794 4370 audaciam,
854 4303 969 4356 imo
1028 4303 1426 4371 constantiam,
1485 4320 1659 4373 quam
1722 4304 1783 4357 in
1841 4321 1976 4358 con-

278 4390 705 4445 demnationem
744 4390 992 4456 trahitis,
1051 4406 1224 4460 quam
1275 4391 1346 4444 ad
1403 4392 1620 4445 crimen
1673 4393 1973 4460 adducitis,

278 4481 370 4533 hic
401 4480 663 4533 sacerdos
694 4496 811 4533 non
839 4479 1060 4533 habuit.
1095 4479 1354 4533 Timidus
1394 4480 1596 4535 timide
1640 4483 1709 4535 ad
1762 4483 1977 4536 bellum

275 4569 572 4640 processit,
607 4569 725 4622 zelo
772 4568 987 4622 diaboli
1022 4569 1091 4622 ad
1149 4568 1495 4621 occisionem
1539 4570 1712 4637 venit,
1773 4588 1876 4624 nec
1946 4589 1979 4624 a

278 4657 592 4711 cultoribus
634 4658 752 4725 Dei,
790 4658 888 4711 sed
948 4657 1018 4711 ab
1079 4656 1415 4711 Antichristi
1473 4658 1765 4728 discipulis
1849 4676 1976 4730 pas-

280 4745 498 4800 sionem
564 4747 829 4817 suscepit.
890 4745 1159 4816 Nunquid
1211 4745 1463 4800 velatum
1524 4753 1632 4815 est,
1690 4749 1977 4802 occultum

350 4898 374 4921 τι
416 4889 537 4955 Ms.,
567 4888 962 4942 voluntuosam.

348 4962 372 5002 ι)
407 4960 641 5013 Morales
692 4959 750 5010 in
798 4957 1037 5030 Scholiis
1075 4956 1174 5011 lib.
1236 4973 1289 5030 ir
1329 4957 1579 5027 Operum
1628 4958 1681 5012 S.
1734 4960 1975 5030 Eulogii,

278 5046 401 5100 cap.
439 5033 488 5096 l,
522 5028 887 5099 praetermisit
917 5030 1215 5096 passivam,
1249 5029 1393 5081 sicut
1423 5035 1479 5082 et
1500 5030 1760 5095 factionis
1782 5028 1977 5084 vocem

277 5102 449 5171 paulo
510 5100 677 5153 intra.
756 5101 1037 5171 Passiuam
1098 5104 1289 5152 autem
1336 5100 1615 5154 libidinem
1660 5101 1980 5171 ingeminat

281 5169 481 5225 auctor
503 5186 661 5223 num.
695 5172 785 5233 28,
816 5169 873 5221 in
900 5169 1033 5222 line.
1210 5222 1217 5228 ,

349 5251 369 5275 ε
406 5241 640 5295 Morales
672 5240 751 5292 ibi
781 5240 1048 5294 subtituit
1076 5244 1456 5309 permiserunt.

349 5313 375 5353 ά
417 5313 538 5375 Ms.,
568 5313 850 5363 iniantem.

347 5387 371 5412 °
412 5382 577 5434 Forte
603 5382 891 5434 destruere.

350 5451 367 5485 ¹
406 5453 657 5506 Claustra
689 5452 951 5504 feminini
1004 5455 1229 5522 generis
1279 5459 1334 5507 et
1390 5454 1612 5507 numeri
1673 5454 1977 5523 singularis

280 5522 675 5594 apud_intimaz
714 5523 1031 5576 Latinitatis
1062 5525 1384 5594 scriptores.

353 5606 381 5645 Β
421 5592 583 5645 Forte
616 5595 898 5661 ingessere.

2098 498 2352 564 inventa,
2448 499 2736 566 inchoata,
2828 499 3061 553 defensa
3143 506 3227 553 est
3303 502 3392 554 vel
3479 502 3809 570 completa?

2166 591 2215 641 5.
2274 589 2585 657 Pergamus
2654 588 2890 642 secundi
2946 588 3157 643 iterum
3228 605 3523 659 exponere
3590 606 3802 642 casum.

2095 677 2228 729 Post
2283 675 2421 728 anni
2479 675 2919 741 revolutionem,
2961 682 3057 730 aut
3114 677 3332 747 aliquid
3384 678 3670 747 amplius,
3726 680 3807 731 ilie

2091 764 2288 817 livoris
2312 764 2614 834 gentilium
2647 766 2846 818 oculus
2879 782 2994 818 non
3026 767 3263 835 quievit,
3320 767 3415 820 sed
3451 772 3518 819 ut
3578 767 3805 819 solitum
3856 786 3857 835 ξ

2095 858 2179 905 est
2210 853 2324 905 illis
2355 854 2901 907 Christianissimum
2938 854 3198 919 irridere,
3246 860 3303 908 et
3340 856 3512 908 nobis
3544 856 3808 909 omnisz
3856 876 3857 903 ἐ

2094 940 2443 994 Christicolis
2484 941 2781 1007 insultare,
2824 942 2976 995 hunc
3026 944 3325 1010 Joannem,
3387 959 3572 1013 quem
3633 946 3807 997 multo
3856 940 3857 1009 ξ

2092 1032 2352 1099 tempore
2388 1029 2631 1083 carceris
2677 1030 2917 1084 retinuit
2948 1031 3191 1084 claustra
3237 1030 3274 1097 ί,
3339 1033 3809 1102 negotiationum
3856 1029 3857 1093 ξ

2094 1118 2471 1172 mercimonia
2500 1118 2878 1173 mundinandi
2904 1136 3272 1189 exaggerare,
3316 1122 3511 1174 conati
3544 1127 3712 1179 sunt,
3763 1130 3809 1174 et

2093 1207 2319 1272 vexari;
2354 1212 2411 1260 et
2439 1208 2510 1261 ob
2558 1209 2803 1276 gratiam
2850 1209 3214 1262 mercimonii
3261 1210 3439 1262 livore
3472 1211 3594 1263 usti
3629 1212 3804 1263 multa
3856 1222 3857 1281 ξ

2092 1295 2455 1364 exprobando
2488 1296 2750 1365 ingerere
2798 1308 2846 1358 ε,
2883 1296 3173 1350 dicentes:
3224 1299 3667 1369 Parvipendens
3720 1316 3809 1350 no-
3856 1290 3857 1323 ³

2091 1388 2272 1437 strum
2296 1385 2654 1455 prophetam,
2691 1401 2917 1455 semper
2946 1386 3069 1456 ejus
3101 1402 3316 1440 nomen
3372 1388 3434 1440 in
3508 1388 3805 1441 derisione
3856 1420 3857 1443 :

2088 1470 2438 1542 frequentas,
2471 1478 2526 1525 et
2556 1474 2913 1526 mendacium
2937 1479 3098 1527 tuum
3125 1476 3580 1543 perjuramcnta
3606 1483 3673 1529 ut
3706 1479 3803 1529 tibi
3856 1468 3857 1477 “

2089 1561 2314 1613 videtur
2340 1566 2550 1614 nostra!
2588 1562 2884 1631 religionis
2915 1563 3054 1615 falsa
3094 1564 3328 1616 auribus
3375 1571 3428 1616 te
3470 1565 3801 1634 ignoranti-

2090 1650 2195 1702 bus
2216 1651 2242 1691 ll
2273 1650 2660 1706 Christianum
2690 1667 2810 1704 esse
2845 1667 2993 1720 saepe
3033 1653 3361 1706 confirmas.
3395 1654 3480 1707 Ad
3516 1670 3672 1723 quos
3718 1656 3799 1706 iile

2090 1754 2217 1791 cum
2252 1739 2497 1792 fidenter
2528 1744 2582 1791 et
2610 1739 2750 1791 nihil
2786 1756 2922 1808 erga
2963 1757 3020 1793 se
3056 1741 3173 1793 doli
3208 1741 3525 1810 suspicans,
3585 1759 3648 1795 se
3712 1743 3804 1795 im-

2090 1829 2370 1880 mundum
2421 1828 2490 1880 ab
2532 1828 2666 1895 ipsis
2714 1844 2842 1897 qum
2897 1835 3097 1881 contra
3154 1845 3286 1883 eum
3353 1831 3803 1900 opponebantur

2090 1916 2261 1968 vellet
2290 1916 2610 1981 ostendere,
2646 1916 2806 1969 furor
2835 1917 3120 1986 crepitans
3170 1923 3227 1970 et
3258 1935 3516 1988 przeceps
3599 1920 3692 1972 ira
3727 1936 3787 1971 ea

2091 2003 2220 2055 dem
2255 2008 2537 2073 repetens,
2573 2003 2885 2067 inculcans,
2934 2008 2989 2056 et
3029 2004 3309 2073 replicans
3356 2005 3643 2070 crebrius,
3684 2022 3803 2073 qua:

2089 2109 2237 2161 saepe
2280 2094 2520 2159 dixerat,
2583 2094 2903 2146 intentavit.
2950 2094 3092 2147 Tum
3145 2094 3240 2147 ille
3301 2110 3416 2146 non
3473 2095 3675 2147 ferens
3742 2111 3802 2146 ex

2087 2180 2192 2233 hac
2222 2182 2663 2251 generationum
2710 2182 2912 2235 talium
2946 2183 3100 2235 nube
3122 2182 3686 2249 stomachabundus,
3757 2191 3804 2236 et

2086 2268 2264 2322 faceta
2289 2270 2422 2322 satis
2466 2270 2789 2324 urbanitate
2830 2270 3136 2337 accinctus,
3168 2272 3418 2341 eleganti
3467 2278 3673 2324 mente
3722 2288 3802 2323 re-

2089 2357 2324 2424 spondit
2354 2358 2535 2410 elatus
2568 2374 2580 2410 :
2619 2359 2947 2411 Maledictus
2979 2359 3051 2411 sit
3088 2374 3122 2411 a
3154 2360 3268 2412 Deo
3300 2360 3400 2429 qui
3448 2361 3801 2430 prophetam

2089 2452 2336 2498 vestrum
2388 2446 2685 2500 nominare
2738 2447 3038 2501 desiderat.
3097 2448 3252 2501 Illico
3313 2449 3536 2501 clamor
3594 2449 3803 2518 ingens

2085 2533 2288 2601 factus,
2314 2540 2372 2588 et
2417 2536 2773 2604 perditorum
2815 2552 3031 2589 cuneus
3061 2537 3437 2605 conslipatus,
3470 2537 3804 2608 iniquitatis

2087 2637 2271 2675 exosa:
2299 2629 2629 2687 conventus,
2667 2624 2818 2677 velut
2848 2640 2983 2693 apes
3014 2625 3073 2678 in
3097 2641 3271 2677 unum
3300 2624 3567 2694 perﬁdiae
3626 2641 3799 2694 agge-

2085 2727 2205 2764 rem
2229 2712 2578 2781 congregati,
2614 2712 2782 2765 unius
2823 2729 3025 2766 massas
3069 2713 3298 2766 cumulo
3362 2714 3609 2767 malitias
3670 2731 3802 2766 con-

2085 2799 2686 2870 spartione‘respersi
2744 2802 3081 2854 semivivum
3138 2802 3204 2854 ad
3242 2802 3499 2871 judicem
3583 2803 3801 2873 perdu-

2088 2895 2315 2954 xerunt,
2353 2894 2410 2942 et
2430 2888 2669 2942 testibus
2699 2889 2887 2942 minus
2920 2890 3145 2943 idoneis
3175 2890 3245 2943 ab
3272 2890 3393 2960 ipsa
3433 2891 3801 2959 perﬁdorum

2017 2996 2053 3048 ρ
2092 2993 2273 3030 massa
2333 2978 2697 3048 surgentibus
2754 2978 3129 3048 prassentatis,
3179 2978 3401 3047 potiora
3453 2985 3509 3029 et
3583 2980 3801 3047 majora

2087 3071 2283 3118 contra
2334 3065 2523 3135 ipsum
2576 3065 2878 3118 testatione
2938 3066 3171 3134 propria
3224 3066 3609 3119 intentarunt.
3662 3067 3793 3129 Qua

2086 3153 2184 3206 ille
2216 3160 2332 3207 tota
2363 3154 2615 3223 negavit,
2666 3160 2722 3207 et
2765 3154 3195 3207 aemulationem
3250 3153 3476 3206 invidiae
3534 3154 3797 3222 ipsorum

2086 3248 2283 3312 aperto
2315 3242 2371 3294 in
2395 3258 2451 3295 se
2483 3258 2740 3295 sermone
2778 3242 3045 3295 retexuit.
3104 3241 3208 3295 Sed
3236 3241 3415 3311 judex
3464 3240 3794 3311 iniquitatis

2088 3330 2528 3399 quadringentis
2558 3347 2686 3384 cum
2729 3331 2936 3383 ictibus
2966 3330 3231 3383 verberat
3288 3330 3690 3398 ﬂagellorum,
3750 3334 3799 3383 et

2090 3434 2194 3487 per
2238 3418 2503 3472 omnium
2556 3418 2706 3472 sedes
2767 3419 3106 3472 Sanctorum
3148 3418 3252 3470 sub
3311 3433 3448 3470 voce
3503 3418 3801 3486 praeconia

2086 3507 2220 3560 fecit
2278 3507 2596 3561 discurrere
2632 3524 2643 3560 :
2678 3507 2837 3560 Talia
2878 3507 2993 3576 pati
3048 3506 3275 3572 debere,
3335 3506 3434 3576 qui
3494 3507 3799 3576 prophetae

2088 3594 2327 3663 derogat
2384 3596 2503 3648 Dei.
2559 3599 2637 3649 Ac
2682 3595 2889 3648 deinde
2938 3595 3207 3647 carcerali
3258 3594 3573 3663 mancipat,
3649 3602 3797 3648 arcta

2088 3684 2369 3752 custodia,
2412 3684 2729 3738 minitando
2754 3685 2838 3737 illi
2868 3684 3077 3737 inferre
3110 3685 3345 3753 majora.

2159 3775 2208 3825 6.
2236 3773 2403 3825 Estne
2437 3773 2622 3826 adhuc
2673 3772 2882 3843 aliquis
2927 3772 3079 3826 nube
3110 3772 3321 3826 erroris
3367 3772 3517 3825 forte
3570 3789 3793 3842 posses-

2087 3876 2200 3927 sus,
2238 3862 2373 3913 fzece
2406 3861 2728 3931 iniquitatis
2775 3878 3136 3931 conspersus,
3168 3860 3267 3931 qui
3320 3865 3496 3929 neget
3525 3877 3800 3930 persecu-

2086 3950 2257 4003 tionis
2295 3950 2401 4003 hoc
2446 3952 2686 4003 existere
2717 3950 2983 4019 tempus?
3021 3951 3088 4003 Et
3142 3966 3267 4020 quae
3325 3951 3512 4017 major
3586 3952 3798 4020 poterit

2088 4053 2207 4091 esse
2262 4039 2602 4108 persecutio,
2662 4040 2938 4109 cujusque
3012 4039 3165 4091 modi
3225 4039 3298 4090 sit
3365 4039 3485 4107 jam
3547 4039 3800 4092 severior

2088 4128 2467 4196 exspectanda
2497 4128 2758 4196 dejectio,
2784 4128 3014 4197 quando
3059 4128 3213 4197 quod
3260 4128 3430 4179 corde
3488 4128 3799 4181 rationabi-

2089 4215 2217 4268 liter
2238 4216 2508 4281 creditur,
2559 4232 2656 4268 ore
2696 4217 2753 4269 in
2802 4216 3030 4285 publico
3079 4232 3195 4270 non
3234 4216 3608 4284 proferetur?
3664 4218 3797 4269 Ecce

2019 4289 2061 4342 D
2092 4305 2245 4358 enim
2266 4306 2351 4358 lex
2379 4305 2607 4374 publica
2640 4305 2869 4374 pendet,
2896 4305 3174 4374 et'legalis
3198 4306 3387 4374 jussaj
3430 4320 3535 4374 per
3557 4321 3796 4358 omnem

2088 4409 2330 4463 regnum
2389 4410 2589 4446 eorum
2650 4393 2938 4459 discurrit,
3001 4399 3063 4446 ut
3119 4395 3218 4463 qui
3276 4393 3793 4461 blasphemaverit,

2086 4482 2425 4552 flagelletur,
2445 4487 2501 4534 et
2530 4482 2629 4551 qui
2649 4482 3011 4550 percusserit,
3044 4482 3353 4534 occidatur.
3389 4482 3531 4534 Ecce
3565 4489 3625 4536 et
3661 4499 3795 4552 quo.

2088 4572 2226 4624 tidie
2254 4570 2407 4623 horis
2448 4570 2669 4623 diurnis
2724 4576 2780 4623 et
2815 4570 3105 4623 nocturnis
3158 4570 3215 4622 in
3246 4570 3502 4622 turribus
3565 4572 3686 4624 suis
3740 4577 3792 4624 et

2088 4659 2381 4712 montibus
2412 4658 2675 4728 caligosis
2708 4659 2733 4691 ιε
2759 4659 3067 4712 Dominum
3122 4658 3495 4724 maledicunt,
3524 4659 3663 4713 dum
3706 4677 3793 4712 va-

2087 4753 2200 4801 tem
2257 4747 2638 4817 impudicum,
2698 4746 3016 4818 perjurum,
3067 4747 3332 4800 rabidum
3387 4754 3446 4801 et
3497 4747 3787 4818 iniquum.

2159 4887 2181 4921 ¹¹
2222 4887 2461 4942 Morales
2494 4888 2553 4942 in
2585 4888 2777 4942 divum
2830 4888 3053 4959 Eulog.,
3087 4888 3185 4942 fol.
3232 4892 3296 4943 29
3345 4888 3404 4953 b,
3447 4893 3495 4942 te
3526 4892 3792 4954 ignoran-

2090 4962 2242 5013 tium.

2156 5030 2167 5063 ί
2209 5030 2361 5083 Idem
2398 5030 2475 5083 ibi
2513 5047 2524 5083 :
2578 5032 2993 5098 conspiratione,
3047 5034 3315 5083 caeterum
3394 5032 3788 5097 conspartione.

2086 5102 2173 5153 vel
2221 5104 2600 5169 consparsione
2657 5101 3042 5154 retinendum.
3099 5102 3326 5154 Veteres
3360 5116 3614 5170 namque
3670 5117 3787 5154 con-

2087 5186 2338 5240 sparsum
2370 5172 2631 5225 dicebant
2660 5188 2764 5241 pro
2812 5175 3133 5239 aspersione.
3190 5172 3328 5225 Vide
3372 5172 3551 5225 Gloss.
3614 5172 3784 5240 Cang.

2176 5268 2189 5310 ι
2231 5243 2446 5309 Legatis
2469 5243 2650 5312 jussa,
2670 5243 2935 5295 feminini
2970 5243 3215 5313 generis,
3252 5249 3305 5295 et
3328 5243 3559 5295 numeri
3590 5245 3786 5311 singu-

2088 5313 2239 5378 laris,
2305 5314 2451 5366 sicut
2480 5315 2737 5367 claustra.
2798 5314 2892 5366 Vel
2953 5315 3143 5381 legalis
3196 5315 3373 5380 jussio
3440 5315 3779 5381 legendum;

2087 5383 2200 5505 sisi
2242 5384 2479 5437 verbum
2522 5384 2693 5437 etiam
2752 5382 3037 5453 discurrit,
3088 5389 3233 5437 sicut
3284 5383 3538 5449 Morales,
3600 5399 3784 5437 emen-

2128 5469 2206 5505 es.

2128 5469 2206 5506 es.

2160 5526 2182 5556 κ
2226 5526 2507 5591 Caligosus
2542 5524 2695 5579 idem
2732 5540 2795 5577 ac
2826 5526 3170 5592 caliginosus.
3206 5526 3378 5593 Cang.
