  <div class='ocr_page' id='page_1' title='image "/cluster/home/n/w/nwhite01/storage/ocr_20150623/121/uva.x000827051/270.png"; bbox 0 0 3860 6262; ppageno 0'>
   <div class='ocr_carea' id='block_1_1' title="bbox 27 339 2158 397">
    <p class='ocr_par' dir='ltr' id='par_1_1' title="bbox 27 339 2158 397">
     <span class='ocr_line' id='line_1_1' title="bbox 27 339 2158 397; baseline 0.003 -10"><span class='ocrx_word' id='word_1_1' title='bbox 27 343 94 390; x_wconf 57' lang='grc'>42</span> <span class='ocrx_word' id='word_1_2' title='bbox 125 344 144 391; x_wconf 91' lang='grc' dir='ltr'><strong>ι</strong></span> <span class='ocrx_word' id='word_1_3' title='bbox 1369 339 1732 397; x_wconf 84' lang='lat' dir='ltr'>lNDlCULUS</span> <span class='ocrx_word' id='word_1_4' title='bbox 1771 342 2158 397; x_wconf 82' lang='lat' dir='ltr'>LUMINOSUS</span> 
     </span>
    </p>
   </div>
   <div class='ocr_carea' id='block_1_2' title="bbox 3459 347 3560 398">
    <p class='ocr_par' dir='ltr' id='par_1_2' title="bbox 3459 347 3560 398">
     <span class='ocr_line' id='line_1_2' title="bbox 3459 347 3560 398; baseline 0 0"><span class='ocrx_word' id='word_1_5' title='bbox 3459 347 3560 398; x_wconf 70' lang='lat'><strong>522</strong></span> 
     </span>
    </p>
   </div>
   <div class='ocr_carea' id='block_1_3' title="bbox 27 469 3558 543">
    <p class='ocr_par' dir='ltr' id='par_1_3' title="bbox 27 469 3558 543">
     <span class='ocr_line' id='line_1_3' title="bbox 27 469 3558 543; baseline 0.002 -22"><span class='ocrx_word' id='word_1_6' title='bbox 27 486 165 524; x_wconf 84' lang='lat' dir='ltr'>ina</span> <span class='ocrx_word' id='word_1_7' title='bbox 193 487 324 524; x_wconf 91' lang='lat' dir='ltr'>cum</span> <span class='ocrx_word' id='word_1_8' title='bbox 356 480 378 504; x_wconf 77' lang='grc'>⁸</span> <span class='ocrx_word' id='word_1_9' title='bbox 434 469 740 524; x_wconf 91' lang='lat' dir='ltr'>Dominum</span> <span class='ocrx_word' id='word_1_10' title='bbox 782 469 1095 524; x_wconf 70' lang='lat' dir='ltr'>testimonii</span> <span class='ocrx_word' id='word_1_11' title='bbox 1136 487 1271 523; x_wconf 87' lang='lat' dir='ltr'>voce</span> <span class='ocrx_word' id='word_1_12' title='bbox 1330 473 1632 525; x_wconf 82' lang='lat' dir='ltr'>extollunt.</span> <span class='ocrx_word' id='word_1_13' title='bbox 1685 473 1750 524; x_wconf 89' lang='lat' dir='ltr'>Et</span> <span class='ocrx_word' id='word_1_14' title='bbox 1787 481 1836 536; x_wconf 89' lang='grc' dir='ltr'>Α</span> <span class='ocrx_word' id='word_1_15' title='bbox 1865 477 2078 525; x_wconf 63' lang='lat' dir='ltr'>vertunt</span> <span class='ocrx_word' id='word_1_16' title='bbox 2121 478 2293 525; x_wconf 82' lang='lat' dir='ltr'>turres</span> <span class='ocrx_word' id='word_1_17' title='bbox 2334 477 2474 539; x_wconf 81' lang='lat' dir='ltr'>tuas,</span> <span class='ocrx_word' id='word_1_18' title='bbox 2527 479 2576 526; x_wconf 85' lang='lat' dir='ltr'>et</span> <span class='ocrx_word' id='word_1_19' title='bbox 2613 488 2790 527; x_wconf 84' lang='lat' dir='ltr'>omnes</span> <span class='ocrx_word' id='word_1_20' title='bbox 2830 477 2925 543; x_wconf 89' lang='lat' dir='ltr'>qui</span> <span class='ocrx_word' id='word_1_21' title='bbox 2968 475 3296 529; x_wconf 84' lang='lat' dir='ltr'>succendunt</span> <span class='ocrx_word' id='word_1_22' title='bbox 3340 476 3558 529; x_wconf 84' lang='lat' dir='ltr'>habita-</span> 
     </span>
    </p>
   </div>
   <div class='ocr_carea' id='block_1_4' title="bbox 27 559 1752 630">
    <p class='ocr_par' dir='ltr' id='par_1_4' title="bbox 27 559 1752 630">
     <span class='ocr_line' id='line_1_4' title="bbox 27 559 1752 630; baseline 0.003 -22"><span class='ocrx_word' id='word_1_23' title='bbox 27 575 181 622; x_wconf 66' lang='lat' dir='ltr'>ieu,</span> <span class='ocrx_word' id='word_1_24' title='bbox 216 565 274 612; x_wconf 88' lang='lat' dir='ltr'>et</span> <span class='ocrx_word' id='word_1_25' title='bbox 308 575 408 624; x_wconf 72' lang='lat' dir='ltr'>vae,</span> <span class='ocrx_word' id='word_1_26' title='bbox 458 559 590 612; x_wconf 85' lang='lat' dir='ltr'>huic</span> <span class='ocrx_word' id='word_1_27' title='bbox 636 560 880 628; x_wconf 82' lang='lat' dir='ltr'>tempori</span> <span class='ocrx_word' id='word_1_28' title='bbox 911 566 1130 623; x_wconf 88' lang='lat' dir='ltr'>nostro,</span> <span class='ocrx_word' id='word_1_29' title='bbox 1191 560 1487 630; x_wconf 84' lang='lat' dir='ltr'>sapientiae</span> <span class='ocrx_word' id='word_1_30' title='bbox 1549 561 1752 614; x_wconf 78' lang='lat' dir='ltr'>Christi</span> 
     </span>
    </p>
   </div>
   <div class='ocr_carea' id='block_1_5' title="bbox 28 648 1752 717">
    <p class='ocr_par' dir='ltr' id='par_1_5' title="bbox 28 648 1752 717">
     <span class='ocr_line' id='line_1_5' title="bbox 28 648 1752 717; baseline 0.001 -18"><span class='ocrx_word' id='word_1_31' title='bbox 28 663 251 715; x_wconf 23' lang='lat' dir='ltr'>“gena,</span> <span class='ocrx_word' id='word_1_32' title='bbox 285 648 402 700; x_wconf 85' lang='lat' dir='ltr'>zelo</span> <span class='ocrx_word' id='word_1_33' title='bbox 437 648 686 700; x_wconf 89' lang='lat' dir='ltr'>zabolico</span> <span class='ocrx_word' id='word_1_34' title='bbox 730 649 898 716; x_wconf 89' lang='lat' dir='ltr'>pleno</span> <span class='ocrx_word' id='word_1_35' title='bbox 932 664 944 700; x_wconf 95' lang='lat'>:</span> <span class='ocrx_word' id='word_1_36' title='bbox 993 648 1052 700; x_wconf 91' lang='lat' dir='ltr'>in</span> <span class='ocrx_word' id='word_1_37' title='bbox 1090 664 1203 717; x_wconf 88' lang='lat' dir='ltr'>quo</span> <span class='ocrx_word' id='word_1_38' title='bbox 1237 649 1428 701; x_wconf 87' lang='lat' dir='ltr'>nullus</span> <span class='ocrx_word' id='word_1_39' title='bbox 1461 648 1752 702; x_wconf 71' lang='lat' dir='ltr'>invenitur</span> 
     </span>
    </p>
   </div>
   <div class='ocr_carea' id='block_1_6' title="bbox 27 736 1753 808">
    <p class='ocr_par' dir='ltr' id='par_1_6' title="bbox 27 736 1753 808">
     <span class='ocr_line' id='line_1_6' title="bbox 27 736 1753 808; baseline 0.003 -22"><span class='ocrx_word' id='word_1_40' title='bbox 27 736 136 802; x_wconf 80' lang='lat' dir='ltr'>[ui</span> <span class='ocrx_word' id='word_1_41' title='bbox 189 737 353 804; x_wconf 85' lang='lat' dir='ltr'>juxta</span> <span class='ocrx_word' id='word_1_42' title='bbox 405 736 630 804; x_wconf 83' lang='lat' dir='ltr'>jussum</span> <span class='ocrx_word' id='word_1_43' title='bbox 694 737 920 789; x_wconf 86' lang='lat' dir='ltr'>Domini</span> <span class='ocrx_word' id='word_1_44' title='bbox 970 738 1220 790; x_wconf 75' lang='lat' dir='ltr'>tonantis</span> <span class='ocrx_word' id='word_1_45' title='bbox 1273 738 1529 801; x_wconf 59' lang='lat' dir='ltr'>aetherei,</span> <span class='ocrx_word' id='word_1_46' title='bbox 1582 755 1753 808; x_wconf 83' lang='lat' dir='ltr'>super</span> 
     </span>
    </p>
   </div>
   <div class='ocr_carea' id='block_1_7' title="bbox 28 824 1748 895">
    <p class='ocr_par' dir='ltr' id='par_1_7' title="bbox 28 824 1748 895">
     <span class='ocr_line' id='line_1_7' title="bbox 28 824 1748 895; baseline 0.002 -23"><span class='ocrx_word' id='word_1_47' title='bbox 28 830 273 876; x_wconf 81' lang='lat' dir='ltr'>noutes</span> <span class='ocrx_word' id='word_1_48' title='bbox 347 824 673 893; x_wconf 68' lang='lat' dir='ltr'>Babyloniae</span> <span class='ocrx_word' id='word_1_49' title='bbox 750 826 1145 895; x_wconf 84' lang='lat' dir='ltr'>caligosasque</span> <span class='ocrx_word' id='word_1_50' title='bbox 1203 832 1388 878; x_wconf 89' lang='lat' dir='ltr'>turres</span> <span class='ocrx_word' id='word_1_51' title='bbox 1444 826 1748 894; x_wconf 67' lang='lat' dir='ltr'>superbiae,</span> 
     </span>
    </p>
   </div>
   <div class='ocr_carea' id='block_1_8' title="bbox 28 913 1748 981">
    <p class='ocr_par' dir='ltr' id='par_1_8' title="bbox 28 913 1748 981">
     <span class='ocr_line' id='line_1_8' title="bbox 28 913 1748 981; baseline 0.003 -20"><span class='ocrx_word' id='word_1_52' title='bbox 28 914 230 965; x_wconf 82' lang='lat' dir='ltr'>:rucis</span> <span class='ocrx_word' id='word_1_53' title='bbox 274 913 406 966; x_wconf 81' lang='lat' dir='ltr'>ﬁdei</span> <span class='ocrx_word' id='word_1_54' title='bbox 465 914 688 966; x_wconf 73' lang='lat' dir='ltr'>attollat</span> <span class='ocrx_word' id='word_1_55' title='bbox 737 914 1030 981; x_wconf 83' lang='lat' dir='ltr'>vexillum,</span> <span class='ocrx_word' id='word_1_56' title='bbox 1072 914 1413 967; x_wconf 81' lang='lat' dir='ltr'>sacriticium</span> <span class='ocrx_word' id='word_1_57' title='bbox 1465 915 1579 966; x_wconf 89' lang='lat' dir='ltr'>Deo</span> <span class='ocrx_word' id='word_1_58' title='bbox 1612 913 1748 966; x_wconf 77' lang='lat' dir='ltr'>olfe-</span> 
     </span>
    </p>
   </div>
   <div class='ocr_carea' id='block_1_9' title="bbox 28 1002 1750 1071">
    <p class='ocr_par' dir='ltr' id='par_1_9' title="bbox 28 1002 1750 1071">
     <span class='ocr_line' id='line_1_9' title="bbox 28 1002 1750 1071; baseline 0 -19"><span class='ocrx_word' id='word_1_59' title='bbox 28 1015 178 1052; x_wconf 82' lang='lat' dir='ltr'>&#39;ens</span> <span class='ocrx_word' id='word_1_60' title='bbox 211 1002 623 1070; x_wconf 86' lang='lat' dir='ltr'>vespertinum.</span> <span class='ocrx_word' id='word_1_61' title='bbox 663 1002 722 1053; x_wconf 90' lang='lat' dir='ltr'>Et</span> <span class='ocrx_word' id='word_1_62' title='bbox 751 1018 864 1054; x_wconf 90' lang='lat' dir='ltr'>non</span> <span class='ocrx_word' id='word_1_63' title='bbox 895 1002 1079 1054; x_wconf 91' lang='lat' dir='ltr'>solum</span> <span class='ocrx_word' id='word_1_64' title='bbox 1123 1008 1313 1054; x_wconf 90' lang='lat' dir='ltr'>mente</span> <span class='ocrx_word' id='word_1_65' title='bbox 1338 1002 1614 1071; x_wconf 81' lang='lat' dir='ltr'>jucunda,</span> <span class='ocrx_word' id='word_1_66' title='bbox 1659 1017 1750 1052; x_wconf 89' lang='lat' dir='ltr'>ac-</span> 
     </span>
    </p>
   </div>
   <div class='ocr_carea' id='block_1_10' title="bbox 28 1089 1750 1158">
    <p class='ocr_par' dir='ltr' id='par_1_10' title="bbox 28 1089 1750 1158">
     <span class='ocr_line' id='line_1_10' title="bbox 28 1089 1750 1158; baseline 0 -18"><span class='ocrx_word' id='word_1_67' title='bbox 28 1090 313 1158; x_wconf 75' lang='lat' dir='ltr'>-eptione</span> <span class='ocrx_word' id='word_1_68' title='bbox 344 1105 565 1155; x_wconf 85' lang='lat' dir='ltr'>serena,</span> <span class='ocrx_word' id='word_1_69' title='bbox 619 1090 971 1157; x_wconf 89' lang='lat' dir='ltr'>respectione</span> <span class='ocrx_word' id='word_1_70' title='bbox 1017 1090 1290 1154; x_wconf 88' lang='lat' dir='ltr'>modesta,</span> <span class='ocrx_word' id='word_1_71' title='bbox 1343 1106 1562 1143; x_wconf 90' lang='lat' dir='ltr'>venena</span> <span class='ocrx_word' id='word_1_72' title='bbox 1603 1089 1750 1142; x_wconf 89' lang='lat' dir='ltr'>reci-</span> 
     </span>
    </p>
   </div>
   <div class='ocr_carea' id='block_1_11' title="bbox 28 1177 1752 1247">
    <p class='ocr_par' dir='ltr' id='par_1_11' title="bbox 28 1177 1752 1247">
     <span class='ocr_line' id='line_1_11' title="bbox 28 1177 1752 1247; baseline 0.001 -19"><span class='ocrx_word' id='word_1_73' title='bbox 28 1179 265 1246; x_wconf 63' lang='lat' dir='ltr'>pimus,</span> <span class='ocrx_word' id='word_1_74' title='bbox 315 1177 575 1246; x_wconf 77' lang='lat' dir='ltr'>potiones</span> <span class='ocrx_word' id='word_1_75' title='bbox 611 1177 870 1244; x_wconf 89' lang='lat' dir='ltr'>libamus,</span> <span class='ocrx_word' id='word_1_76' title='bbox 906 1179 1170 1247; x_wconf 86' lang='lat' dir='ltr'>germina</span> <span class='ocrx_word' id='word_1_77' title='bbox 1217 1178 1478 1231; x_wconf 86' lang='lat' dir='ltr'>lethifera</span> <span class='ocrx_word' id='word_1_78' title='bbox 1519 1193 1752 1246; x_wconf 63' lang='lat' dir='ltr'>prmgu-</span> 
     </span>
    </p>
   </div>
   <div class='ocr_carea' id='block_1_12' title="bbox 27 1265 1754 1334">
    <p class='ocr_par' dir='ltr' id='par_1_12' title="bbox 27 1265 1754 1334">
     <span class='ocr_line' id='line_1_12' title="bbox 27 1265 1754 1334; baseline 0 -18"><span class='ocrx_word' id='word_1_79' title='bbox 27 1275 268 1318; x_wconf 54' lang='lat' dir='ltr'>stamus</span> <span class='ocrx_word' id='word_1_80' title='bbox 291 1282 303 1330; x_wconf 90' lang='lat'>;</span> <span class='ocrx_word' id='word_1_81' title='bbox 326 1267 444 1328; x_wconf 88' lang='lat' dir='ltr'>sed,</span> <span class='ocrx_word' id='word_1_82' title='bbox 479 1265 631 1334; x_wconf 89' lang='lat' dir='ltr'>quod</span> <span class='ocrx_word' id='word_1_83' title='bbox 668 1266 1042 1333; x_wconf 81' lang='lat' dir='ltr'>perniciosius</span> <span class='ocrx_word' id='word_1_84' title='bbox 1076 1273 1180 1331; x_wconf 86' lang='lat' dir='ltr'>est,</span> <span class='ocrx_word' id='word_1_85' title='bbox 1217 1266 1664 1331; x_wconf 81' lang='lat' dir='ltr'>adversantibus,</span> <span class='ocrx_word' id='word_1_86' title='bbox 1700 1269 1754 1316; x_wconf 87' lang='lat' dir='ltr'>et</span> 
     </span>
    </p>
   </div>
   <div class='ocr_carea' id='block_1_13' title="bbox 28 1353 1754 1419">
    <p class='ocr_par' dir='ltr' id='par_1_13' title="bbox 28 1353 1754 1419">
     <span class='ocr_line' id='line_1_13' title="bbox 28 1353 1754 1419; baseline -0.001 -14"><span class='ocrx_word' id='word_1_87' title='bbox 28 1355 169 1407; x_wconf 73' lang='lat' dir='ltr'>zelo</span> <span class='ocrx_word' id='word_1_88' title='bbox 219 1354 317 1408; x_wconf 90' lang='lat' dir='ltr'>Dei</span> <span class='ocrx_word' id='word_1_89' title='bbox 363 1362 426 1407; x_wconf 87' lang='lat' dir='ltr'>ut</span> <span class='ocrx_word' id='word_1_90' title='bbox 475 1356 621 1406; x_wconf 88' lang='lat' dir='ltr'>Elias</span> <span class='ocrx_word' id='word_1_91' title='bbox 655 1354 992 1419; x_wconf 87' lang='lat' dir='ltr'>zelantibus,</span> <span class='ocrx_word' id='word_1_92' title='bbox 1035 1354 1420 1417; x_wconf 88' lang='lat' dir='ltr'>adversamus,</span> <span class='ocrx_word' id='word_1_93' title='bbox 1475 1370 1539 1406; x_wconf 91' lang='lat' dir='ltr'>ac</span> <span class='ocrx_word' id='word_1_94' title='bbox 1583 1353 1754 1406; x_wconf 88' lang='lat' dir='ltr'>surda</span> 
     </span>
    </p>
   </div>
   <div class='ocr_carea' id='block_1_14' title="bbox 27 1441 1746 1509">
    <p class='ocr_par' dir='ltr' id='par_1_14' title="bbox 27 1441 1746 1509">
     <span class='ocr_line' id='line_1_14' title="bbox 27 1441 1746 1509; baseline -0.002 -14"><span class='ocrx_word' id='word_1_95' title='bbox 27 1459 188 1495; x_wconf 77' lang='lat' dir='ltr'>aure</span> <span class='ocrx_word' id='word_1_96' title='bbox 221 1459 353 1495; x_wconf 87' lang='lat' dir='ltr'>cum</span> <span class='ocrx_word' id='word_1_97' title='bbox 389 1442 638 1495; x_wconf 89' lang='lat' dir='ltr'>inimicis</span> <span class='ocrx_word' id='word_1_98' title='bbox 683 1442 896 1494; x_wconf 84' lang='lat' dir='ltr'>summi</span> <span class='ocrx_word' id='word_1_99' title='bbox 929 1443 1026 1495; x_wconf 88' lang='lat' dir='ltr'>Dei</span> <span class='ocrx_word' id='word_1_100' title='bbox 1069 1442 1346 1494; x_wconf 82' lang='lat' dir='ltr'>amicitias</span> <span class='ocrx_word' id='word_1_101' title='bbox 1375 1441 1746 1509; x_wconf 82' lang='lat' dir='ltr'>conligamus,</span> 
     </span>
    </p>
   </div>
   <div class='ocr_carea' id='block_1_15' title="bbox 27 1531 1752 1600">
    <p class='ocr_par' dir='ltr' id='par_1_15' title="bbox 27 1531 1752 1600">
     <span class='ocr_line' id='line_1_15' title="bbox 27 1531 1752 1600; baseline 0 -18"><span class='ocrx_word' id='word_1_102' title='bbox 27 1539 82 1583; x_wconf 75' lang='lat' dir='ltr'>et</span> <span class='ocrx_word' id='word_1_103' title='bbox 150 1531 445 1600; x_wconf 82' lang='lat' dir='ltr'>placentes</span> <span class='ocrx_word' id='word_1_104' title='bbox 503 1531 585 1582; x_wconf 88' lang='lat' dir='ltr'>eis</span> <span class='ocrx_word' id='word_1_105' title='bbox 634 1537 844 1584; x_wconf 63' lang='lat' dir='ltr'>nostra:</span> <span class='ocrx_word' id='word_1_106' title='bbox 896 1531 1024 1583; x_wconf 81' lang='lat' dir='ltr'>ﬁdei</span> <span class='ocrx_word' id='word_1_107' title='bbox 1076 1531 1438 1600; x_wconf 75' lang='lat' dir='ltr'>derogunus.</span> <span class='ocrx_word' id='word_1_108' title='bbox 1494 1532 1752 1583; x_wconf 84' lang='lat' dir='ltr'>Et&#39;certe</span> 
     </span>
    </p>
   </div>
   <div class='ocr_carea' id='block_1_16' title="bbox 27 1619 1752 1688">
    <p class='ocr_par' dir='ltr' id='par_1_16' title="bbox 27 1619 1752 1688">
     <span class='ocr_line' id='line_1_16' title="bbox 27 1619 1752 1688; baseline -0.001 -17"><span class='ocrx_word' id='word_1_109' title='bbox 27 1620 177 1687; x_wconf 91' lang='lat' dir='ltr'>plus</span> <span class='ocrx_word' id='word_1_110' title='bbox 225 1629 311 1672; x_wconf 87' lang='lat' dir='ltr'>est</span> <span class='ocrx_word' id='word_1_111' title='bbox 342 1621 500 1688; x_wconf 81' lang='lat' dir='ltr'>juxta</span> <span class='ocrx_word' id='word_1_112' title='bbox 534 1636 634 1671; x_wconf 89' lang='lat' dir='ltr'>nos</span> <span class='ocrx_word' id='word_1_113' title='bbox 683 1625 744 1671; x_wconf 87' lang='lat' dir='ltr'>ut</span> <span class='ocrx_word' id='word_1_114' title='bbox 790 1619 934 1672; x_wconf 89' lang='lat' dir='ltr'>Elias</span> <span class='ocrx_word' id='word_1_115' title='bbox 973 1619 1162 1687; x_wconf 89' lang='lat' dir='ltr'>gladio</span> <span class='ocrx_word' id='word_1_116' title='bbox 1217 1619 1528 1682; x_wconf 83' lang='lat' dir='ltr'>decertare,</span> <span class='ocrx_word' id='word_1_117' title='bbox 1580 1634 1752 1688; x_wconf 89' lang='lat' dir='ltr'>quam</span> 
     </span>
    </p>
   </div>
   <div class='ocr_carea' id='block_1_17' title="bbox 27 1704 1753 1775">
    <p class='ocr_par' dir='ltr' id='par_1_17' title="bbox 27 1704 1753 1775">
     <span class='ocr_line' id='line_1_17' title="bbox 27 1704 1753 1775; baseline 0 -19"><span class='ocrx_word' id='word_1_118' title='bbox 27 1707 251 1775; x_wconf 83' lang='lat' dir='ltr'>lingua</span> <span class='ocrx_word' id='word_1_119' title='bbox 297 1712 360 1758; x_wconf 90' lang='lat' dir='ltr'>ut</span> <span class='ocrx_word' id='word_1_120' title='bbox 390 1707 570 1758; x_wconf 88' lang='lat' dir='ltr'>nostri</span> <span class='ocrx_word' id='word_1_121' title='bbox 611 1706 813 1758; x_wconf 83' lang='lat' dir='ltr'>heroes</span> <span class='ocrx_word' id='word_1_122' title='bbox 864 1708 1184 1758; x_wconf 78' lang='lat' dir='ltr'>adversere.</span> <span class='ocrx_word' id='word_1_123' title='bbox 1234 1704 1496 1767; x_wconf 86' lang='lat' dir='ltr'>Quotidie</span> <span class='ocrx_word' id='word_1_124' title='bbox 1546 1721 1753 1774; x_wconf 89' lang='lat' dir='ltr'>oppro-</span> 
     </span>
    </p>
   </div>
   <div class='ocr_carea' id='block_1_18' title="bbox 1863 556 3557 631">
    <p class='ocr_par' dir='ltr' id='par_1_18' title="bbox 1863 556 3557 631">
     <span class='ocr_line' id='line_1_18' title="bbox 1863 556 3557 631; baseline 0.002 -21"><span class='ocrx_word' id='word_1_125' title='bbox 1863 561 2029 611; x_wconf 82' lang='lat' dir='ltr'>liones</span> <span class='ocrx_word' id='word_1_126' title='bbox 2083 563 2210 612; x_wconf 87' lang='lat' dir='ltr'>tuas</span> <span class='ocrx_word' id='word_1_127' title='bbox 2241 556 2277 608; x_wconf 63' lang='grc' dir='ltr'>ί.</span> <span class='ocrx_word' id='word_1_128' title='bbox 2325 559 2386 611; x_wconf 84' lang='lat' dir='ltr'>Et</span> <span class='ocrx_word' id='word_1_129' title='bbox 2431 558 2562 611; x_wconf 77' lang='lat' dir='ltr'>licet.</span> <span class='ocrx_word' id='word_1_130' title='bbox 2611 559 2731 611; x_wconf 72' lang='lat' dir='ltr'>haec</span> <span class='ocrx_word' id='word_1_131' title='bbox 2781 560 2973 612; x_wconf 87' lang='lat' dir='ltr'>omnia</span> <span class='ocrx_word' id='word_1_132' title='bbox 3017 561 3087 612; x_wconf 90' lang='lat' dir='ltr'>ab</span> <span class='ocrx_word' id='word_1_133' title='bbox 3122 561 3234 613; x_wconf 87' lang='lat' dir='ltr'>illis</span> <span class='ocrx_word' id='word_1_134' title='bbox 3269 578 3371 631; x_wconf 90' lang='lat' dir='ltr'>pro</span> <span class='ocrx_word' id='word_1_135' title='bbox 3420 579 3557 614; x_wconf 89' lang='lat' dir='ltr'>con-</span> 
     </span>
    </p>
   </div>
   <div class='ocr_carea' id='block_1_19' title="bbox 1861 646 3551 719">
    <p class='ocr_par' dir='ltr' id='par_1_19' title="bbox 1861 646 3551 719">
     <span class='ocr_line' id='line_1_19' title="bbox 1861 646 3551 719; baseline 0.002 -20"><span class='ocrx_word' id='word_1_136' title='bbox 1861 653 2083 716; x_wconf 87' lang='lat' dir='ltr'>temptu</span> <span class='ocrx_word' id='word_1_137' title='bbox 2117 653 2171 699; x_wconf 88' lang='lat' dir='ltr'>et</span> <span class='ocrx_word' id='word_1_138' title='bbox 2203 646 2510 711; x_wconf 86' lang='lat' dir='ltr'>derisione,</span> <span class='ocrx_word' id='word_1_139' title='bbox 2543 648 2628 698; x_wconf 85' lang='lat' dir='ltr'>vel</span> <span class='ocrx_word' id='word_1_140' title='bbox 2668 646 2816 713; x_wconf 89' lang='lat' dir='ltr'>odio,</span> <span class='ocrx_word' id='word_1_141' title='bbox 2865 654 2928 700; x_wconf 91' lang='lat' dir='ltr'>ut</span> <span class='ocrx_word' id='word_1_142' title='bbox 2969 649 3235 716; x_wconf 86' lang='lat' dir='ltr'>diximus,</span> <span class='ocrx_word' id='word_1_143' title='bbox 3271 650 3551 719; x_wconf 86' lang='lat' dir='ltr'>implean-</span> 
     </span>
    </p>
   </div>
   <div class='ocr_carea' id='block_1_20' title="bbox 1860 735 3554 797">
    <p class='ocr_par' dir='ltr' id='par_1_20' title="bbox 1860 735 3554 797">
     <span class='ocr_line' id='line_1_20' title="bbox 1860 735 3554 797; baseline 0.002 -10"><span class='ocrx_word' id='word_1_144' title='bbox 1860 740 1971 797; x_wconf 89' lang='lat' dir='ltr'>tur,</span> <span class='ocrx_word' id='word_1_145' title='bbox 2010 740 2199 788; x_wconf 88' lang='lat' dir='ltr'>tamen</span> <span class='ocrx_word' id='word_1_146' title='bbox 2245 735 2418 788; x_wconf 88' lang='lat' dir='ltr'>etiam</span> <span class='ocrx_word' id='word_1_147' title='bbox 2452 735 2756 788; x_wconf 81' lang='lat' dir='ltr'>carnaliter</span> <span class='ocrx_word' id='word_1_148' title='bbox 2802 737 2861 788; x_wconf 88' lang='lat' dir='ltr'>in</span> <span class='ocrx_word' id='word_1_149' title='bbox 2903 737 3276 790; x_wconf 75' lang='lat' dir='ltr'>habitationes</span> <span class='ocrx_word' id='word_1_150' title='bbox 3326 738 3554 791; x_wconf 89' lang='lat' dir='ltr'>Domini</span> 
     </span>
    </p>
   </div>
   <div class='ocr_carea' id='block_1_21' title="bbox 1861 824 3553 894">
    <p class='ocr_par' dir='ltr' id='par_1_21' title="bbox 1861 824 3553 894">
     <span class='ocr_line' id='line_1_21' title="bbox 1861 824 3553 894; baseline 0.001 -18"><span class='ocrx_word' id='word_1_151' title='bbox 1861 830 1917 876; x_wconf 87' lang='lat' dir='ltr'>ct</span> <span class='ocrx_word' id='word_1_152' title='bbox 1953 824 2007 876; x_wconf 90' lang='lat' dir='ltr'>in</span> <span class='ocrx_word' id='word_1_153' title='bbox 2056 824 2367 877; x_wconf 85' lang='lat' dir='ltr'>sanctuarii</span> <span class='ocrx_word' id='word_1_154' title='bbox 2399 824 2548 877; x_wconf 71' lang='lat' dir='ltr'>aedes</span> <span class='ocrx_word' id='word_1_155' title='bbox 2601 824 2859 892; x_wconf 86' lang='lat' dir='ltr'>quotidie</span> <span class='ocrx_word' id='word_1_156' title='bbox 2919 832 3333 893; x_wconf 76' lang='lat' dir='ltr'>perpetrantur,</span> <span class='ocrx_word' id='word_1_157' title='bbox 3394 828 3553 894; x_wconf 80' lang='lat' dir='ltr'>dum,</span> 
     </span>
    </p>
   </div>
   <div class='ocr_carea' id='block_1_22' title="bbox 1861 913 3553 982">
    <p class='ocr_par' dir='ltr' id='par_1_22' title="bbox 1861 913 3553 982">
     <span class='ocr_line' id='line_1_22' title="bbox 1861 913 3553 982; baseline 0.002 -18"><span class='ocrx_word' id='word_1_158' title='bbox 1861 913 2109 965; x_wconf 68' lang='lat' dir='ltr'>ecclesiae</span> <span class='ocrx_word' id='word_1_159' title='bbox 2147 913 2241 965; x_wconf 84' lang='lat' dir='ltr'>Dei</span> <span class='ocrx_word' id='word_1_160' title='bbox 2278 913 2675 974; x_wconf 80' lang='lat' dir='ltr'>destruantur,</span> <span class='ocrx_word' id='word_1_161' title='bbox 2725 918 2779 965; x_wconf 90' lang='lat' dir='ltr'>et</span> <span class='ocrx_word' id='word_1_162' title='bbox 2809 914 3048 982; x_wconf 85' lang='lat' dir='ltr'>antiqua</span> <span class='ocrx_word' id='word_1_163' title='bbox 3095 914 3376 967; x_wconf 88' lang='lat' dir='ltr'>soliditate</span> <span class='ocrx_word' id='word_1_164' title='bbox 3411 925 3553 967; x_wconf 89' lang='lat' dir='ltr'>tem-</span> 
     </span>
    </p>
   </div>
   <div class='ocr_carea' id='block_1_23' title="bbox 1862 1001 3556 1070">
    <p class='ocr_par' dir='ltr' id='par_1_23' title="bbox 1862 1001 3556 1070">
     <span class='ocr_line' id='line_1_23' title="bbox 1862 1001 3556 1070; baseline 0.002 -18"><span class='ocrx_word' id='word_1_165' title='bbox 1862 1001 1953 1070; x_wconf 89' lang='lat' dir='ltr'>pla</span> <span class='ocrx_word' id='word_1_166' title='bbox 1986 1001 2228 1064; x_wconf 89' lang='lat' dir='ltr'>tirmata,</span> <span class='ocrx_word' id='word_1_167' title='bbox 2278 1005 2593 1053; x_wconf 74' lang='lat' dir='ltr'>terratenus</span> <span class='ocrx_word' id='word_1_168' title='bbox 2625 1007 3014 1070; x_wconf 61' lang='lat' dir='ltr'>cor-aequantur.</span> <span class='ocrx_word' id='word_1_169' title='bbox 3066 1003 3130 1053; x_wconf 89' lang='lat' dir='ltr'>Et</span> <span class='ocrx_word' id='word_1_170' title='bbox 3159 1006 3315 1054; x_wconf 92' lang='lat' dir='ltr'>estne</span> <span class='ocrx_word' id='word_1_171' title='bbox 3371 1004 3556 1056; x_wconf 85' lang='lat' dir='ltr'>adhuc</span> 
     </span>
    </p>
   </div>
   <div class='ocr_carea' id='block_1_24' title="bbox 1862 1088 3555 1160">
    <p class='ocr_par' dir='ltr' id='par_1_24' title="bbox 1862 1088 3555 1160">
     <span class='ocr_line' id='line_1_24' title="bbox 1862 1088 3555 1160; baseline 0.003 -21"><span class='ocrx_word' id='word_1_172' title='bbox 1862 1088 2068 1158; x_wconf 86' lang='lat' dir='ltr'>aliquis</span> <span class='ocrx_word' id='word_1_173' title='bbox 2111 1090 2210 1158; x_wconf 88' lang='lat' dir='ltr'>qui</span> <span class='ocrx_word' id='word_1_174' title='bbox 2268 1089 2370 1142; x_wconf 87' lang='lat' dir='ltr'>hos</span> <span class='ocrx_word' id='word_1_175' title='bbox 2429 1089 2632 1157; x_wconf 87' lang='lat' dir='ltr'>dignos</span> <span class='ocrx_word' id='word_1_176' title='bbox 2686 1089 3081 1143; x_wconf 86' lang='lat' dir='ltr'>maledictione</span> <span class='ocrx_word' id='word_1_177' title='bbox 3115 1107 3230 1142; x_wconf 84' lang='lat' dir='ltr'>non</span> <span class='ocrx_word' id='word_1_178' title='bbox 3285 1091 3555 1160; x_wconf 88' lang='lat' dir='ltr'>proferat,</span> 
     </span>
    </p>
   </div>
   <div class='ocr_carea' id='block_1_25' title="bbox 1862 1178 3560 1246">
    <p class='ocr_par' dir='ltr' id='par_1_25' title="bbox 1862 1178 3560 1246">
     <span class='ocr_line' id='line_1_25' title="bbox 1862 1178 3560 1246; baseline 0.001 -16"><span class='ocrx_word' id='word_1_179' title='bbox 1862 1194 2004 1245; x_wconf 90' lang='lat' dir='ltr'>quos</span> <span class='ocrx_word' id='word_1_180' title='bbox 2064 1178 2390 1230; x_wconf 87' lang='lat' dir='ltr'>maledictos</span> <span class='ocrx_word' id='word_1_181' title='bbox 2447 1182 2605 1230; x_wconf 90' lang='lat' dir='ltr'>tanto</span> <span class='ocrx_word' id='word_1_182' title='bbox 2664 1183 2923 1246; x_wconf 83' lang='lat' dir='ltr'>tempore</span> <span class='ocrx_word' id='word_1_183' title='bbox 2971 1194 3101 1231; x_wconf 87' lang='lat' dir='ltr'>cum</span> <span class='ocrx_word' id='word_1_184' title='bbox 3154 1179 3400 1231; x_wconf 80' lang='lat' dir='ltr'>Ecclesia</span> <span class='ocrx_word' id='word_1_185' title='bbox 3455 1179 3560 1231; x_wconf 91' lang='lat' dir='ltr'>do-</span> 
     </span>
    </p>
   </div>
   <div class='ocr_carea' id='block_1_26' title="bbox 1861 1266 3556 1335">
    <p class='ocr_par' dir='ltr' id='par_1_26' title="bbox 1861 1266 3556 1335">
     <span class='ocr_line' id='line_1_26' title="bbox 1861 1266 3556 1335; baseline 0.002 -19"><span class='ocrx_word' id='word_1_186' title='bbox 1861 1271 2021 1317; x_wconf 86' lang='lat' dir='ltr'>cente</span> <span class='ocrx_word' id='word_1_187' title='bbox 2055 1266 2387 1335; x_wconf 83' lang='lat' dir='ltr'>percantat?</span> <span class='ocrx_word' id='word_1_188' title='bbox 2429 1267 2581 1318; x_wconf 86' lang='lat' dir='ltr'>Hanc</span> <span class='ocrx_word' id='word_1_189' title='bbox 2633 1266 2786 1318; x_wconf 89' lang='lat' dir='ltr'>enim</span> <span class='ocrx_word' id='word_1_190' title='bbox 2845 1267 3306 1319; x_wconf 82' lang='lat' dir='ltr'>maledictionem</span> <span class='ocrx_word' id='word_1_191' title='bbox 3368 1283 3556 1320; x_wconf 81' lang='lat' dir='ltr'>annue</span> 
     </span>
    </p>
   </div>
   <div class='ocr_carea' id='block_1_27' title="bbox 1865 1354 3558 1424">
    <p class='ocr_par' dir='ltr' id='par_1_27' title="bbox 1865 1354 3558 1424">
     <span class='ocr_line' id='line_1_27' title="bbox 1865 1354 3558 1424; baseline 0.002 -20"><span class='ocrx_word' id='word_1_192' title='bbox 1865 1354 2105 1406; x_wconf 87' lang='lat' dir='ltr'>Ecclesia</span> <span class='ocrx_word' id='word_1_193' title='bbox 2133 1370 2303 1422; x_wconf 81' lang='lat' dir='ltr'>super</span> <span class='ocrx_word' id='word_1_194' title='bbox 2336 1354 2594 1407; x_wconf 90' lang='lat' dir='ltr'>odientes</span> <span class='ocrx_word' id='word_1_195' title='bbox 2639 1370 2718 1418; x_wconf 92' lang='lat' dir='ltr'>se,</span> <span class='ocrx_word' id='word_1_196' title='bbox 2764 1370 2880 1407; x_wconf 91' lang='lat' dir='ltr'>non</span> <span class='ocrx_word' id='word_1_197' title='bbox 2925 1356 3162 1421; x_wconf 87' lang='lat' dir='ltr'>occulte,</span> <span class='ocrx_word' id='word_1_198' title='bbox 3204 1355 3298 1407; x_wconf 89' lang='lat' dir='ltr'>sed</span> <span class='ocrx_word' id='word_1_199' title='bbox 3356 1360 3558 1424; x_wconf 75' lang='lat' dir='ltr'>pzten-</span> 
     </span>
    </p>
   </div>
   <div class='ocr_carea' id='block_1_28' title="bbox 1864 1442 3554 1513">
    <p class='ocr_par' dir='ltr' id='par_1_28' title="bbox 1864 1442 3554 1513">
     <span class='ocr_line' id='line_1_28' title="bbox 1864 1442 3554 1513; baseline 0.002 -20"><span class='ocrx_word' id='word_1_200' title='bbox 1864 1445 1949 1493; x_wconf 89' lang='lat' dir='ltr'>ter</span> <span class='ocrx_word' id='word_1_201' title='bbox 1977 1458 2039 1494; x_wconf 90' lang='lat' dir='ltr'>ac</span> <span class='ocrx_word' id='word_1_202' title='bbox 2063 1442 2440 1508; x_wconf 83' lang='lat' dir='ltr'>luminositer,</span> <span class='ocrx_word' id='word_1_203' title='bbox 2473 1443 2699 1508; x_wconf 85' lang='lat' dir='ltr'>clamat,</span> <span class='ocrx_word' id='word_1_204' title='bbox 2735 1447 2790 1495; x_wconf 90' lang='lat' dir='ltr'>et</span> <span class='ocrx_word' id='word_1_205' title='bbox 2844 1459 2979 1496; x_wconf 85' lang='lat' dir='ltr'>voce</span> <span class='ocrx_word' id='word_1_206' title='bbox 3015 1443 3248 1496; x_wconf 88' lang='lat' dir='ltr'>sublimi</span> <span class='ocrx_word' id='word_1_207' title='bbox 3280 1444 3554 1513; x_wconf 88' lang='lat' dir='ltr'>suavique</span> 
     </span>
    </p>
   </div>
   <div class='ocr_carea' id='block_1_29' title="bbox 1861 1529 3555 1597">
    <p class='ocr_par' dir='ltr' id='par_1_29' title="bbox 1861 1529 3555 1597">
     <span class='ocr_line' id='line_1_29' title="bbox 1861 1529 3555 1597; baseline 0.001 -15"><span class='ocrx_word' id='word_1_208' title='bbox 1861 1529 2160 1582; x_wconf 78' lang='lat' dir='ltr'>dulcedine</span> <span class='ocrx_word' id='word_1_209' title='bbox 2206 1530 2552 1597; x_wconf 78' lang='lat' dir='ltr'>perﬁdorum</span> <span class='ocrx_word' id='word_1_210' title='bbox 2588 1546 2818 1582; x_wconf 89' lang='lat' dir='ltr'>suorum</span> <span class='ocrx_word' id='word_1_211' title='bbox 2863 1547 2962 1583; x_wconf 87' lang='lat' dir='ltr'>ora</span> <span class='ocrx_word' id='word_1_212' title='bbox 3007 1531 3358 1583; x_wconf 80' lang='lat' dir='ltr'>sufficienter</span> <span class='ocrx_word' id='word_1_213' title='bbox 3401 1532 3555 1584; x_wconf 85' lang='lat' dir='ltr'>exal-</span> 
     </span>
    </p>
   </div>
   <div class='ocr_carea' id='block_1_30' title="bbox 1863 1618 3557 1687">
    <p class='ocr_par' dir='ltr' id='par_1_30' title="bbox 1863 1618 3557 1687">
     <span class='ocr_line' id='line_1_30' title="bbox 1863 1618 3557 1687; baseline 0.001 -18"><span class='ocrx_word' id='word_1_214' title='bbox 1863 1622 1959 1669; x_wconf 88' lang='lat' dir='ltr'>tat.</span> <span class='ocrx_word' id='word_1_215' title='bbox 2003 1618 2254 1685; x_wconf 73' lang='lat' dir='ltr'>Angelus</span> <span class='ocrx_word' id='word_1_216' title='bbox 2299 1634 2546 1686; x_wconf 81' lang='lat' dir='ltr'>namque</span> <span class='ocrx_word' id='word_1_217' title='bbox 2600 1618 2826 1670; x_wconf 85' lang='lat' dir='ltr'>Domini</span> <span class='ocrx_word' id='word_1_218' title='bbox 2866 1619 3207 1671; x_wconf 88' lang='lat' dir='ltr'>maledicere</span> <span class='ocrx_word' id='word_1_219' title='bbox 3248 1619 3417 1687; x_wconf 78' lang='lat' dir='ltr'>jussit</span> <span class='ocrx_word' id='word_1_220' title='bbox 3450 1620 3557 1671; x_wconf 90' lang='lat' dir='ltr'>ha-</span> 
     </span>
    </p>
   </div>
   <div class='ocr_carea' id='block_1_31' title="bbox 1864 1705 3556 1774">
    <p class='ocr_par' dir='ltr' id='par_1_31' title="bbox 1864 1705 3556 1774">
     <span class='ocr_line' id='line_1_31' title="bbox 1864 1705 3556 1774; baseline 0.001 -16"><span class='ocrx_word' id='word_1_221' title='bbox 1864 1705 2136 1758; x_wconf 85' lang='lat' dir='ltr'>bitatores</span> <span class='ocrx_word' id='word_1_222' title='bbox 2180 1713 2344 1758; x_wconf 68' lang='lat' dir='ltr'>terra:</span> <span class='ocrx_word' id='word_1_223' title='bbox 2391 1707 2563 1771; x_wconf 40' lang='lat' dir='ltr'>illius,</span> <span class='ocrx_word' id='word_1_224' title='bbox 2612 1705 2711 1774; x_wconf 89' lang='lat' dir='ltr'>qui</span> <span class='ocrx_word' id='word_1_225' title='bbox 2747 1711 2967 1758; x_wconf 87' lang='lat' dir='ltr'>tantum</span> <span class='ocrx_word' id='word_1_226' title='bbox 3012 1706 3066 1758; x_wconf 91' lang='lat' dir='ltr'>in</span> <span class='ocrx_word' id='word_1_227' title='bbox 3122 1707 3394 1758; x_wconf 77' lang='lat' dir='ltr'>auxilium</span> <span class='ocrx_word' id='word_1_228' title='bbox 3441 1708 3556 1760; x_wconf 85' lang='lat' dir='ltr'>for-</span> 
     </span>
    </p>
   </div>
   <div class='ocr_carea' id='block_1_32' title="bbox 28 1776 3558 1862">
    <p class='ocr_par' dir='ltr' id='par_1_32' title="bbox 28 1776 3558 1862">
     <span class='ocr_line' id='line_1_32' title="bbox 28 1776 3558 1862; baseline 0 -16"><span class='ocrx_word' id='word_1_229' title='bbox 28 1795 208 1857; x_wconf 81' lang='lat' dir='ltr'>briis,</span> <span class='ocrx_word' id='word_1_230' title='bbox 265 1801 320 1847; x_wconf 88' lang='lat' dir='ltr'>et</span> <span class='ocrx_word' id='word_1_231' title='bbox 365 1797 522 1848; x_wconf 91' lang='lat' dir='ltr'>mille</span> <span class='ocrx_word' id='word_1_232' title='bbox 555 1794 1035 1847; x_wconf 78' lang='lat' dir='ltr'>contumeliorum</span> <span class='ocrx_word' id='word_1_233' title='bbox 1079 1794 1326 1847; x_wconf 83' lang='lat' dir='ltr'>fascibus</span> <span class='ocrx_word' id='word_1_234' title='bbox 1369 1793 1576 1858; x_wconf 86' lang='lat' dir='ltr'>obruti,</span> <span class='ocrx_word' id='word_1_235' title='bbox 1624 1809 1750 1862; x_wconf 91' lang='lat' dir='ltr'>per-</span> <span class='ocrx_word' id='word_1_236' title='bbox 1791 1776 1833 1828; x_wconf 80' lang='grc' dir='ltr'><strong>Β</strong></span> <span class='ocrx_word' id='word_1_237' title='bbox 1870 1796 2011 1846; x_wconf 89' lang='lat' dir='ltr'>tium</span> <span class='ocrx_word' id='word_1_238' title='bbox 2046 1795 2270 1846; x_wconf 88' lang='lat' dir='ltr'>Domini</span> <span class='ocrx_word' id='word_1_239' title='bbox 2323 1811 2435 1846; x_wconf 87' lang='lat' dir='ltr'>non</span> <span class='ocrx_word' id='word_1_240' title='bbox 2484 1810 2710 1846; x_wconf 81' lang='lat' dir='ltr'>venere.</span> <span class='ocrx_word' id='word_1_241' title='bbox 2750 1795 2809 1845; x_wconf 81' lang='lat' dir='ltr'>Et</span> <span class='ocrx_word' id='word_1_242' title='bbox 2840 1810 2961 1858; x_wconf 91' lang='lat' dir='ltr'>nos,</span> <span class='ocrx_word' id='word_1_243' title='bbox 2998 1793 3095 1862; x_wconf 89' lang='lat' dir='ltr'>qui</span> <span class='ocrx_word' id='word_1_244' title='bbox 3128 1795 3298 1846; x_wconf 80' lang='lat' dir='ltr'>fortes</span> <span class='ocrx_word' id='word_1_245' title='bbox 3332 1795 3558 1848; x_wconf 88' lang='lat' dir='ltr'>Domini</span> 
     </span>
    </p>
   </div>
   <div class='ocr_carea' id='block_1_33' title="bbox 28 1883 1755 1946">
    <p class='ocr_par' dir='ltr' id='par_1_33' title="bbox 28 1883 1755 1946">
     <span class='ocr_line' id='line_1_33' title="bbox 28 1883 1755 1946; baseline -0.001 -12"><span class='ocrx_word' id='word_1_246' title='bbox 28 1885 397 1936; x_wconf 77' lang='lat' dir='ltr'>secutionem</span> <span class='ocrx_word' id='word_1_247' title='bbox 431 1901 532 1936; x_wconf 89' lang='lat' dir='ltr'>nos</span> <span class='ocrx_word' id='word_1_248' title='bbox 574 1883 816 1936; x_wconf 87' lang='lat' dir='ltr'>dicimus</span> <span class='ocrx_word' id='word_1_249' title='bbox 847 1900 959 1936; x_wconf 91' lang='lat' dir='ltr'>non</span> <span class='ocrx_word' id='word_1_250' title='bbox 994 1883 1221 1935; x_wconf 82' lang='lat' dir='ltr'>habere.</span> <span class='ocrx_word' id='word_1_251' title='bbox 1267 1885 1289 1923; x_wconf 67' lang='grc' dir='ltr'><strong>[τ</strong></span> <span class='ocrx_word' id='word_1_252' title='bbox 1335 1883 1497 1946; x_wconf 76' lang='lat' dir='ltr'>Nam,</span> <span class='ocrx_word' id='word_1_253' title='bbox 1543 1887 1603 1933; x_wconf 88' lang='lat' dir='ltr'>ut</span> <span class='ocrx_word' id='word_1_254' title='bbox 1645 1883 1755 1933; x_wconf 84' lang='lat' dir='ltr'>alia</span> 
     </span>
    </p>
   </div>
   <div class='ocr_carea' id='block_1_34' title="bbox 29 1969 1752 2038">
    <p class='ocr_par' dir='ltr' id='par_1_34' title="bbox 29 1969 1752 2038">
     <span class='ocr_line' id='line_1_34' title="bbox 29 1969 1752 2038; baseline -0.001 -16"><span class='ocrx_word' id='word_1_255' title='bbox 29 1977 296 2036; x_wconf 72' lang='lat' dir='ltr'>taceam,</span> <span class='ocrx_word' id='word_1_256' title='bbox 341 1978 493 2024; x_wconf 87' lang='lat' dir='ltr'>certe</span> <span class='ocrx_word' id='word_1_257' title='bbox 543 1972 678 2024; x_wconf 90' lang='lat' dir='ltr'>dum</span> <span class='ocrx_word' id='word_1_258' title='bbox 711 1971 1108 2024; x_wconf 84' lang='lat' dir='ltr'>defunctorum</span> <span class='ocrx_word' id='word_1_259' title='bbox 1144 1985 1381 2038; x_wconf 86' lang='lat' dir='ltr'>corpora</span> <span class='ocrx_word' id='word_1_260' title='bbox 1410 1987 1442 2021; x_wconf 92' lang='lat' dir='ltr'>a</span> <span class='ocrx_word' id='word_1_261' title='bbox 1495 1969 1752 2021; x_wconf 78' lang='lat' dir='ltr'>sacerdo-</span> 
     </span>
    </p>
   </div>
   <div class='ocr_carea' id='block_1_35' title="bbox 33 2057 1753 2124">
    <p class='ocr_par' dir='ltr' id='par_1_35' title="bbox 33 2057 1753 2124">
     <span class='ocr_line' id='line_1_35' title="bbox 33 2057 1753 2124; baseline -0.002 -13"><span class='ocrx_word' id='word_1_262' title='bbox 33 2060 202 2112; x_wconf 87' lang='lat' dir='ltr'>tibus</span> <span class='ocrx_word' id='word_1_263' title='bbox 234 2060 450 2124; x_wconf 82' lang='lat' dir='ltr'>vident,</span> <span class='ocrx_word' id='word_1_264' title='bbox 487 2065 550 2112; x_wconf 88' lang='lat' dir='ltr'>ut</span> <span class='ocrx_word' id='word_1_265' title='bbox 588 2076 709 2112; x_wconf 89' lang='lat' dir='ltr'>mos</span> <span class='ocrx_word' id='word_1_266' title='bbox 741 2065 826 2111; x_wconf 87' lang='lat' dir='ltr'>est</span> <span class='ocrx_word' id='word_1_267' title='bbox 856 2058 1287 2122; x_wconf 86' lang='lat' dir='ltr'>ecclesiasticus,</span> <span class='ocrx_word' id='word_1_268' title='bbox 1334 2058 1510 2110; x_wconf 88' lang='lat' dir='ltr'>humo</span> <span class='ocrx_word' id='word_1_269' title='bbox 1568 2057 1753 2110; x_wconf 85' lang='lat' dir='ltr'>dando</span> 
     </span>
    </p>
   </div>
   <div class='ocr_carea' id='block_1_36' title="bbox 39 2145 1752 2217">
    <p class='ocr_par' dir='ltr' id='par_1_36' title="bbox 39 2145 1752 2217">
     <span class='ocr_line' id='line_1_36' title="bbox 39 2145 1752 2217; baseline -0.002 -18"><span class='ocrx_word' id='word_1_270' title='bbox 39 2156 307 2217; x_wconf 84' lang='lat' dir='ltr'>portare,</span> <span class='ocrx_word' id='word_1_271' title='bbox 337 2164 531 2200; x_wconf 87' lang='lat' dir='ltr'>nonne</span> <span class='ocrx_word' id='word_1_272' title='bbox 578 2147 790 2216; x_wconf 86' lang='lat' dir='ltr'>apertis</span> <span class='ocrx_word' id='word_1_273' title='bbox 824 2145 1051 2198; x_wconf 77' lang='lat' dir='ltr'>vocibus</span> <span class='ocrx_word' id='word_1_274' title='bbox 1099 2151 1155 2197; x_wconf 89' lang='lat' dir='ltr'>et</span> <span class='ocrx_word' id='word_1_275' title='bbox 1209 2145 1616 2214; x_wconf 85' lang='lat' dir='ltr'>impurissimis</span> <span class='ocrx_word' id='word_1_276' title='bbox 1651 2160 1752 2213; x_wconf 88' lang='lat' dir='ltr'>ge-</span> 
     </span>
    </p>
   </div>
   <div class='ocr_carea' id='block_1_37' title="bbox 43 2233 1755 2304">
    <p class='ocr_par' dir='ltr' id='par_1_37' title="bbox 43 2233 1755 2304">
     <span class='ocr_line' id='line_1_37' title="bbox 43 2233 1755 2304; baseline -0.002 -16"><span class='ocrx_word' id='word_1_277' title='bbox 43 2239 141 2288; x_wconf 86' lang='lat' dir='ltr'>nis</span> <span class='ocrx_word' id='word_1_278' title='bbox 169 2246 188 2267; x_wconf 71' lang='grc' dir='ltr'><em>ε</em></span> <span class='ocrx_word' id='word_1_279' title='bbox 215 2236 455 2289; x_wconf 87' lang='lat' dir='ltr'>dicunt:</span> <span class='ocrx_word' id='word_1_280' title='bbox 512 2236 680 2299; x_wconf 90' lang='lat' dir='ltr'>Deus,</span> <span class='ocrx_word' id='word_1_281' title='bbox 714 2252 830 2287; x_wconf 92' lang='lat' dir='ltr'>non</span> <span class='ocrx_word' id='word_1_282' title='bbox 877 2234 1197 2287; x_wconf 86' lang='lat' dir='ltr'>miserearis</span> <span class='ocrx_word' id='word_1_283' title='bbox 1247 2233 1397 2286; x_wconf 88' lang='lat' dir='ltr'>iliis:</span> <span class='ocrx_word' id='word_1_284' title='bbox 1435 2237 1489 2285; x_wconf 89' lang='lat' dir='ltr'>et</span> <span class='ocrx_word' id='word_1_285' title='bbox 1539 2233 1755 2304; x_wconf 90' lang='lat' dir='ltr'>lapidi-</span> 
     </span>
    </p>
   </div>
   <div class='ocr_carea' id='block_1_38' title="bbox 40 2319 1756 2391">
    <p class='ocr_par' dir='ltr' id='par_1_38' title="bbox 40 2319 1756 2391">
     <span class='ocr_line' id='line_1_38' title="bbox 40 2319 1756 2391; baseline -0.002 -15"><span class='ocrx_word' id='word_1_286' title='bbox 40 2325 157 2376; x_wconf 85' lang='lat' dir='ltr'>bus</span> <span class='ocrx_word' id='word_1_287' title='bbox 212 2325 541 2377; x_wconf 86' lang='lat' dir='ltr'>sacerdotes</span> <span class='ocrx_word' id='word_1_288' title='bbox 619 2323 842 2376; x_wconf 90' lang='lat' dir='ltr'>Domini</span> <span class='ocrx_word' id='word_1_289' title='bbox 919 2323 1280 2391; x_wconf 89' lang='lat' dir='ltr'>impetentes,</span> <span class='ocrx_word' id='word_1_290' title='bbox 1359 2319 1756 2390; x_wconf 84' lang='lat' dir='ltr'>ignominiosis</span> 
     </span>
    </p>
   </div>
   <div class='ocr_carea' id='block_1_39' title="bbox 46 2409 1756 2481">
    <p class='ocr_par' dir='ltr' id='par_1_39' title="bbox 46 2409 1756 2481">
     <span class='ocr_line' id='line_1_39' title="bbox 46 2409 1756 2481; baseline 0 -21"><span class='ocrx_word' id='word_1_291' title='bbox 46 2412 247 2464; x_wconf 69' lang='lat' dir='ltr'>verbis</span> <span class='ocrx_word' id='word_1_292' title='bbox 328 2413 610 2481; x_wconf 89' lang='lat' dir='ltr'>populum</span> <span class='ocrx_word' id='word_1_293' title='bbox 659 2411 885 2463; x_wconf 91' lang='lat' dir='ltr'>Domini</span> <span class='ocrx_word' id='word_1_294' title='bbox 941 2412 1299 2476; x_wconf 86' lang='lat' dir='ltr'>denotantes,</span> <span class='ocrx_word' id='word_1_295' title='bbox 1351 2409 1756 2478; x_wconf 88' lang='lat' dir='ltr'>spurcitiarum</span> 
     </span>
    </p>
   </div>
   <div class='ocr_carea' id='block_1_40' title="bbox 45 2495 1753 2565">
    <p class='ocr_par' dir='ltr' id='par_1_40' title="bbox 45 2495 1753 2565">
     <span class='ocr_line' id='line_1_40' title="bbox 45 2495 1753 2565; baseline -0.003 -13"><span class='ocrx_word' id='word_1_296' title='bbox 45 2501 224 2552; x_wconf 85' lang='lat' dir='ltr'>tirmo</span> <span class='ocrx_word' id='word_1_297' title='bbox 301 2499 662 2553; x_wconf 81' lang='lat' dir='ltr'>Christicolas</span> <span class='ocrx_word' id='word_1_298' title='bbox 741 2504 1124 2563; x_wconf 87' lang='lat' dir='ltr'>transeuntes,</span> <span class='ocrx_word' id='word_1_299' title='bbox 1211 2497 1438 2565; x_wconf 63' lang='lat' dir='ltr'>paedore</span> <span class='ocrx_word' id='word_1_300' title='bbox 1521 2495 1753 2549; x_wconf 90' lang='lat' dir='ltr'>infando</span> 
     </span>
    </p>
   </div>
   <div class='ocr_carea' id='block_1_41' title="bbox 47 2583 1753 2657">
    <p class='ocr_par' dir='ltr' id='par_1_41' title="bbox 47 2583 1753 2657">
     <span class='ocr_line' id='line_1_41' title="bbox 47 2583 1753 2657; baseline -0.002 -18"><span class='ocrx_word' id='word_1_301' title='bbox 47 2592 391 2657; x_wconf 79' lang='lat' dir='ltr'>aspargunt,</span> <span class='ocrx_word' id='word_1_302' title='bbox 426 2587 642 2656; x_wconf 84' lang='lat' dir='ltr'>majora</span> <span class='ocrx_word' id='word_1_303' title='bbox 677 2587 994 2638; x_wconf 84' lang='lat' dir='ltr'>minitando</span> <span class='ocrx_word' id='word_1_304' title='bbox 1025 2585 1362 2654; x_wconf 77' lang='lat' dir='ltr'>ringentes?</span> <span class='ocrx_word' id='word_1_305' title='bbox 1410 2585 1475 2636; x_wconf 86' lang='lat' dir='ltr'>Et</span> <span class='ocrx_word' id='word_1_306' title='bbox 1505 2584 1618 2637; x_wconf 85' lang='lat' dir='ltr'>heu</span> <span class='ocrx_word' id='word_1_307' title='bbox 1649 2583 1753 2636; x_wconf 88' lang='lat' dir='ltr'>ite-</span> 
     </span>
    </p>
   </div>
   <div class='ocr_carea' id='block_1_42' title="bbox 45 2673 1747 2743">
    <p class='ocr_par' dir='ltr' id='par_1_42' title="bbox 45 2673 1747 2743">
     <span class='ocr_line' id='line_1_42' title="bbox 45 2673 1747 2743; baseline -0.002 -16"><span class='ocrx_word' id='word_1_308' title='bbox 45 2693 204 2741; x_wconf 85' lang='lat' dir='ltr'>rum,</span> <span class='ocrx_word' id='word_1_309' title='bbox 240 2692 307 2728; x_wconf 87' lang='lat' dir='ltr'>ac</span> <span class='ocrx_word' id='word_1_310' title='bbox 337 2676 527 2739; x_wconf 90' lang='lat' dir='ltr'>tertio,</span> <span class='ocrx_word' id='word_1_311' title='bbox 567 2677 866 2727; x_wconf 91' lang='lat' dir='ltr'>innumere</span> <span class='ocrx_word' id='word_1_312' title='bbox 895 2691 977 2726; x_wconf 59' lang='lat' dir='ltr'>va),</span> <span class='ocrx_word' id='word_1_313' title='bbox 1011 2674 1200 2738; x_wconf 87' lang='lat' dir='ltr'>nobis,</span> <span class='ocrx_word' id='word_1_314' title='bbox 1235 2675 1332 2743; x_wconf 89' lang='lat' dir='ltr'>qui</span> <span class='ocrx_word' id='word_1_315' title='bbox 1379 2673 1524 2725; x_wconf 89' lang='lat' dir='ltr'>hanc</span> <span class='ocrx_word' id='word_1_316' title='bbox 1549 2688 1747 2724; x_wconf 86' lang='lat' dir='ltr'>eorum</span> 
     </span>
    </p>
   </div>
   <div class='ocr_carea' id='block_1_43' title="bbox 49 2761 1756 2832">
    <p class='ocr_par' dir='ltr' id='par_1_43' title="bbox 49 2761 1756 2832">
     <span class='ocr_line' id='line_1_43' title="bbox 49 2761 1756 2832; baseline -0.002 -16"><span class='ocrx_word' id='word_1_317' title='bbox 49 2764 524 2818; x_wconf 80' lang='lat' dir='ltr'>subsannationis</span> <span class='ocrx_word' id='word_1_318' title='bbox 568 2763 915 2816; x_wconf 89' lang='lat' dir='ltr'>derisionem</span> <span class='ocrx_word' id='word_1_319' title='bbox 971 2769 1287 2832; x_wconf 86' lang='lat' dir='ltr'>portamus,</span> <span class='ocrx_word' id='word_1_320' title='bbox 1338 2766 1393 2814; x_wconf 89' lang='lat' dir='ltr'>et</span> <span class='ocrx_word' id='word_1_321' title='bbox 1435 2761 1503 2814; x_wconf 90' lang='lat' dir='ltr'>de</span> <span class='ocrx_word' id='word_1_322' title='bbox 1562 2777 1756 2828; x_wconf 89' lang='lat' dir='ltr'>perse-</span> 
     </span>
    </p>
   </div>
   <div class='ocr_carea' id='block_1_44' title="bbox 47 2849 1755 2921">
    <p class='ocr_par' dir='ltr' id='par_1_44' title="bbox 47 2849 1755 2921">
     <span class='ocr_line' id='line_1_44' title="bbox 47 2849 1755 2921; baseline -0.002 -15"><span class='ocrx_word' id='word_1_323' title='bbox 47 2853 305 2906; x_wconf 89' lang='lat' dir='ltr'>cutionis</span> <span class='ocrx_word' id='word_1_324' title='bbox 336 2852 673 2905; x_wconf 82' lang='lat' dir='ltr'>Antichristi</span> <span class='ocrx_word' id='word_1_325' title='bbox 714 2857 972 2921; x_wconf 88' lang='lat' dir='ltr'>tempore</span> <span class='ocrx_word' id='word_1_326' title='bbox 1007 2851 1357 2904; x_wconf 86' lang='lat' dir='ltr'>dubitamus.</span> <span class='ocrx_word' id='word_1_327' title='bbox 1410 2849 1499 2903; x_wconf 91' lang='lat' dir='ltr'>Sic</span> <span class='ocrx_word' id='word_1_328' title='bbox 1557 2849 1755 2902; x_wconf 88' lang='lat' dir='ltr'>itidem</span> 
     </span>
    </p>
   </div>
   <div class='ocr_carea' id='block_1_45' title="bbox 50 2937 1758 3008">
    <p class='ocr_par' dir='ltr' id='par_1_45' title="bbox 50 2937 1758 3008">
     <span class='ocr_line' id='line_1_45' title="bbox 50 2937 1758 3008; baseline -0.004 -14"><span class='ocrx_word' id='word_1_329' title='bbox 50 2949 109 2994; x_wconf 89' lang='lat' dir='ltr'>et</span> <span class='ocrx_word' id='word_1_330' title='bbox 142 2959 273 2995; x_wconf 86' lang='lat' dir='ltr'>eum</span> <span class='ocrx_word' id='word_1_331' title='bbox 308 2941 627 2994; x_wconf 88' lang='lat' dir='ltr'>sacerdotes</span> <span class='ocrx_word' id='word_1_332' title='bbox 660 2940 779 3005; x_wconf 90' lang='lat' dir='ltr'>Dei,</span> <span class='ocrx_word' id='word_1_333' title='bbox 831 2956 961 2992; x_wconf 83' lang='lat' dir='ltr'>casu</span> <span class='ocrx_word' id='word_1_334' title='bbox 1012 2955 1124 3008; x_wconf 91' lang='lat' dir='ltr'>quo</span> <span class='ocrx_word' id='word_1_335' title='bbox 1153 2954 1324 3008; x_wconf 91' lang='lat' dir='ltr'>quem</span> <span class='ocrx_word' id='word_1_336' title='bbox 1356 2937 1589 2991; x_wconf 87' lang='lat' dir='ltr'>obviant</span> <span class='ocrx_word' id='word_1_337' title='bbox 1622 2953 1758 3006; x_wconf 90' lang='lat' dir='ltr'>per-</span> 
     </span>
    </p>
   </div>
   <div class='ocr_carea' id='block_1_46' title="bbox 51 3025 1756 3098">
    <p class='ocr_par' dir='ltr' id='par_1_46' title="bbox 51 3025 1756 3098">
     <span class='ocr_line' id='line_1_46' title="bbox 51 3025 1756 3098; baseline -0.001 -20"><span class='ocrx_word' id='word_1_338' title='bbox 51 3031 299 3098; x_wconf 74' lang='lat' dir='ltr'>viantes,</span> <span class='ocrx_word' id='word_1_339' title='bbox 359 3029 578 3098; x_wconf 85' lang='lat' dir='ltr'>lapides</span> <span class='ocrx_word' id='word_1_340' title='bbox 637 3034 893 3097; x_wconf 89' lang='lat' dir='ltr'>testaque</span> <span class='ocrx_word' id='word_1_341' title='bbox 941 3026 1284 3079; x_wconf 87' lang='lat' dir='ltr'>arvissimad</span> <span class='ocrx_word' id='word_1_342' title='bbox 1341 3031 1471 3079; x_wconf 89' lang='lat' dir='ltr'>ante</span> <span class='ocrx_word' id='word_1_343' title='bbox 1522 3025 1756 3094; x_wconf 87' lang='lat' dir='ltr'>vestigia</span> 
     </span>
    </p>
   </div>
   <div class='ocr_carea' id='block_1_47' title="bbox 55 3113 1755 3186">
    <p class='ocr_par' dir='ltr' id='par_1_47' title="bbox 55 3113 1755 3186">
     <span class='ocr_line' id='line_1_47' title="bbox 55 3113 1755 3186; baseline -0.004 -16"><span class='ocrx_word' id='word_1_344' title='bbox 55 3136 260 3170; x_wconf 82' lang='lat' dir='ltr'>eorum</span> <span class='ocrx_word' id='word_1_345' title='bbox 292 3120 668 3178; x_wconf 73' lang='lat' dir='ltr'>revolventes,</span> <span class='ocrx_word' id='word_1_346' title='bbox 699 3116 1194 3186; x_wconf 86' lang='lat' dir='ltr'>acimproperioso</span> <span class='ocrx_word' id='word_1_347' title='bbox 1226 3121 1282 3168; x_wconf 88' lang='lat' dir='ltr'>et</span> <span class='ocrx_word' id='word_1_348' title='bbox 1302 3113 1755 3166; x_wconf 84' lang='lat' dir='ltr'>infaminomine</span> 
     </span>
    </p>
   </div>
   <div class='ocr_carea' id='block_1_48' title="bbox 59 3202 1758 3275">
    <p class='ocr_par' dir='ltr' id='par_1_48' title="bbox 59 3202 1758 3275">
     <span class='ocr_line' id='line_1_48' title="bbox 59 3202 1758 3275; baseline -0.004 -17"><span class='ocrx_word' id='word_1_349' title='bbox 59 3207 426 3275; x_wconf 81' lang='lat' dir='ltr'>derogantes,</span> <span class='ocrx_word' id='word_1_350' title='bbox 498 3205 708 3273; x_wconf 87' lang='lat' dir='ltr'>vulgali</span> <span class='ocrx_word' id='word_1_351' title='bbox 763 3204 1086 3273; x_wconf 87' lang='lat' dir='ltr'>proverbio,</span> <span class='ocrx_word' id='word_1_352' title='bbox 1155 3202 1372 3254; x_wconf 89' lang='lat' dir='ltr'>cantico</span> <span class='ocrx_word' id='word_1_353' title='bbox 1431 3202 1758 3254; x_wconf 86' lang='lat' dir='ltr'>inhonestos</span> 
     </span>
    </p>
   </div>
   <div class='ocr_carea' id='block_1_49' title="bbox 61 3289 1750 3363">
    <p class='ocr_par' dir='ltr' id='par_1_49' title="bbox 61 3289 1750 3363">
     <span class='ocr_line' id='line_1_49' title="bbox 61 3289 1750 3363; baseline -0.003 -18"><span class='ocrx_word' id='word_1_354' title='bbox 61 3296 394 3363; x_wconf 78' lang='lat' dir='ltr'>suggillant,</span> <span class='ocrx_word' id='word_1_355' title='bbox 428 3298 484 3345; x_wconf 86' lang='lat' dir='ltr'>et</span> <span class='ocrx_word' id='word_1_356' title='bbox 518 3293 650 3345; x_wconf 85' lang='lat' dir='ltr'>tidei</span> <span class='ocrx_word' id='word_1_357' title='bbox 692 3292 920 3362; x_wconf 86' lang='lat' dir='ltr'>signum</span> <span class='ocrx_word' id='word_1_358' title='bbox 952 3290 1322 3361; x_wconf 84' lang='lat' dir='ltr'>opprobrioso</span> <span class='ocrx_word' id='word_1_359' title='bbox 1355 3289 1542 3357; x_wconf 89' lang='lat' dir='ltr'>elogio</span> <span class='ocrx_word' id='word_1_360' title='bbox 1587 3289 1750 3341; x_wconf 89' lang='lat' dir='ltr'>deco-</span> 
     </span>
    </p>
   </div>
   <div class='ocr_carea' id='block_1_50' title="bbox 62 3377 1758 3447">
    <p class='ocr_par' dir='ltr' id='par_1_50' title="bbox 62 3377 1758 3447">
     <span class='ocr_line' id='line_1_50' title="bbox 62 3377 1758 3447; baseline -0.004 -12"><span class='ocrx_word' id='word_1_361' title='bbox 62 3384 251 3436; x_wconf 89' lang='lat' dir='ltr'>lorant</span> <span class='ocrx_word' id='word_1_362' title='bbox 281 3394 322 3433; x_wconf 74' lang='grc' dir='ltr'>ε.</span> <span class='ocrx_word' id='word_1_363' title='bbox 358 3381 463 3435; x_wconf 89' lang='lat' dir='ltr'>Sed</span> <span class='ocrx_word' id='word_1_364' title='bbox 498 3397 624 3434; x_wconf 90' lang='lat' dir='ltr'>cum</span> <span class='ocrx_word' id='word_1_365' title='bbox 657 3381 904 3433; x_wconf 67' lang='lat' dir='ltr'>basilicae</span> <span class='ocrx_word' id='word_1_366' title='bbox 937 3383 1184 3447; x_wconf 87' lang='lat' dir='ltr'>signum,</span> <span class='ocrx_word' id='word_1_367' title='bbox 1220 3379 1328 3430; x_wconf 89' lang='lat' dir='ltr'>hoc</span> <span class='ocrx_word' id='word_1_368' title='bbox 1358 3382 1464 3440; x_wconf 89' lang='lat' dir='ltr'>est,</span> <span class='ocrx_word' id='word_1_369' title='bbox 1504 3377 1758 3430; x_wconf 85' lang='lat' dir='ltr'>tinnien-</span> 
     </span>
    </p>
   </div>
   <div class='ocr_carea' id='block_1_51' title="bbox 61 3465 1759 3538">
    <p class='ocr_par' dir='ltr' id='par_1_51' title="bbox 61 3465 1759 3538">
     <span class='ocr_line' id='line_1_51' title="bbox 61 3465 1759 3538; baseline -0.005 -14"><span class='ocrx_word' id='word_1_370' title='bbox 61 3475 128 3524; x_wconf 86' lang='lat' dir='ltr'>tis</span> <span class='ocrx_word' id='word_1_371' title='bbox 163 3471 297 3524; x_wconf 60' lang='grc' dir='ltr'>εει-15</span> <span class='ocrx_word' id='word_1_372' title='bbox 329 3470 604 3533; x_wconf 91' lang='lat' dir='ltr'>sonitum,</span> <span class='ocrx_word' id='word_1_373' title='bbox 629 3469 726 3538; x_wconf 89' lang='lat' dir='ltr'>qui</span> <span class='ocrx_word' id='word_1_374' title='bbox 754 3485 856 3537; x_wconf 88' lang='lat' dir='ltr'>pro</span> <span class='ocrx_word' id='word_1_375' title='bbox 887 3474 1168 3520; x_wconf 89' lang='lat' dir='ltr'>conventu</span> <span class='ocrx_word' id='word_1_376' title='bbox 1188 3467 1433 3519; x_wconf 74' lang='lat' dir='ltr'>ecclesiae</span> <span class='ocrx_word' id='word_1_377' title='bbox 1454 3465 1759 3517; x_wconf 85' lang='lat' dir='ltr'>adunando</span> 
     </span>
    </p>
   </div>
   <div class='ocr_carea' id='block_1_52' title="bbox 63 3553 1757 3625">
    <p class='ocr_par' dir='ltr' id='par_1_52' title="bbox 63 3553 1757 3625">
     <span class='ocr_line' id='line_1_52' title="bbox 63 3553 1757 3625; baseline -0.005 -12"><span class='ocrx_word' id='word_1_378' title='bbox 63 3560 215 3613; x_wconf 89' lang='lat' dir='ltr'>horis</span> <span class='ocrx_word' id='word_1_379' title='bbox 265 3558 536 3613; x_wconf 88' lang='lat' dir='ltr'>omnibus</span> <span class='ocrx_word' id='word_1_380' title='bbox 592 3557 878 3610; x_wconf 88' lang='lat' dir='ltr'>canonicis</span> <span class='ocrx_word' id='word_1_381' title='bbox 929 3557 1267 3625; x_wconf 75' lang='lat' dir='ltr'>percutitur,</span> <span class='ocrx_word' id='word_1_382' title='bbox 1315 3555 1574 3617; x_wconf 89' lang='lat' dir='ltr'>audiunt,</span> <span class='ocrx_word' id='word_1_383' title='bbox 1609 3553 1757 3606; x_wconf 88' lang='lat' dir='ltr'>deri-</span> 
     </span>
    </p>
   </div>
   <div class='ocr_carea' id='block_1_53' title="bbox 63 3642 1758 3715">
    <p class='ocr_par' dir='ltr' id='par_1_53' title="bbox 63 3642 1758 3715">
     <span class='ocr_line' id='line_1_53' title="bbox 63 3642 1758 3715; baseline -0.005 -16"><span class='ocrx_word' id='word_1_384' title='bbox 63 3647 207 3699; x_wconf 86' lang='lat' dir='ltr'>sioni</span> <span class='ocrx_word' id='word_1_385' title='bbox 239 3653 297 3699; x_wconf 83' lang='lat' dir='ltr'>et</span> <span class='ocrx_word' id='word_1_386' title='bbox 328 3645 690 3715; x_wconf 88' lang='lat' dir='ltr'>contemptui</span> <span class='ocrx_word' id='word_1_387' title='bbox 735 3643 1040 3708; x_wconf 87' lang='lat' dir='ltr'>inhiantes,</span> <span class='ocrx_word' id='word_1_388' title='bbox 1075 3648 1364 3695; x_wconf 85' lang='lat' dir='ltr'>moventes</span> <span class='ocrx_word' id='word_1_389' title='bbox 1412 3642 1613 3710; x_wconf 87' lang='lat' dir='ltr'>capita,</span> <span class='ocrx_word' id='word_1_390' title='bbox 1667 3642 1758 3692; x_wconf 89' lang='lat' dir='ltr'>in-</span> 
     </span>
    </p>
   </div>
   <div class='ocr_carea' id='block_1_54' title="bbox 64 3732 1757 3802">
    <p class='ocr_par' dir='ltr' id='par_1_54' title="bbox 64 3732 1757 3802">
     <span class='ocr_line' id='line_1_54' title="bbox 64 3732 1757 3802; baseline -0.005 -14"><span class='ocrx_word' id='word_1_391' title='bbox 64 3735 231 3788; x_wconf 82' lang='lat' dir='ltr'>fanda</span> <span class='ocrx_word' id='word_1_392' title='bbox 310 3734 573 3786; x_wconf 90' lang='lat' dir='ltr'>iterando</span> <span class='ocrx_word' id='word_1_393' title='bbox 649 3732 1039 3802; x_wconf 88' lang='lat' dir='ltr'>congeminat,</span> <span class='ocrx_word' id='word_1_394' title='bbox 1123 3733 1179 3783; x_wconf 87' lang='lat' dir='ltr'>et</span> <span class='ocrx_word' id='word_1_395' title='bbox 1236 3745 1464 3782; x_wconf 88' lang='lat' dir='ltr'>omnem</span> <span class='ocrx_word' id='word_1_396' title='bbox 1537 3745 1757 3794; x_wconf 83' lang='lat' dir='ltr'>sexum,</span> 
     </span>
    </p>
   </div>
   <div class='ocr_carea' id='block_1_55' title="bbox 65 3816 1758 3891">
    <p class='ocr_par' dir='ltr' id='par_1_55' title="bbox 65 3816 1758 3891">
     <span class='ocr_line' id='line_1_55' title="bbox 65 3816 1758 3891; baseline -0.005 -15"><span class='ocrx_word' id='word_1_397' title='bbox 65 3825 507 3891; x_wconf 86' lang='lat' dir='ltr'>nniversamque</span> <span class='ocrx_word' id='word_1_398' title='bbox 607 3825 855 3884; x_wconf 66' lang='lat' dir='ltr'>(etatem,</span> <span class='ocrx_word' id='word_1_399' title='bbox 952 3819 1244 3887; x_wconf 88' lang='lat' dir='ltr'>totiusque</span> <span class='ocrx_word' id='word_1_400' title='bbox 1341 3816 1548 3871; x_wconf 85' lang='lat' dir='ltr'>Christi</span> <span class='ocrx_word' id='word_1_401' title='bbox 1649 3816 1758 3868; x_wconf 92' lang='lat' dir='ltr'>Do-</span> 
     </span>
    </p>
   </div>
   <div class='ocr_carea' id='block_1_56' title="bbox 65 3904 1759 3979">
    <p class='ocr_par' dir='ltr' id='par_1_56' title="bbox 65 3904 1759 3979">
     <span class='ocr_line' id='line_1_56' title="bbox 65 3904 1759 3979; baseline -0.005 -15"><span class='ocrx_word' id='word_1_402' title='bbox 65 3912 203 3964; x_wconf 88' lang='lat' dir='ltr'>mini</span> <span class='ocrx_word' id='word_1_403' title='bbox 252 3925 487 3979; x_wconf 82' lang='lat' dir='ltr'>gregem</span> <span class='ocrx_word' id='word_1_404' title='bbox 525 3925 638 3962; x_wconf 94' lang='lat' dir='ltr'>non</span> <span class='ocrx_word' id='word_1_405' title='bbox 673 3907 946 3961; x_wconf 84' lang='lat' dir='ltr'>uniformi</span> <span class='ocrx_word' id='word_1_406' title='bbox 991 3905 1322 3970; x_wconf 85' lang='lat' dir='ltr'>subsannio,</span> <span class='ocrx_word' id='word_1_407' title='bbox 1380 3904 1478 3957; x_wconf 88' lang='lat' dir='ltr'>sed</span> <span class='ocrx_word' id='word_1_408' title='bbox 1524 3904 1759 3956; x_wconf 90' lang='lat' dir='ltr'>milleno</span> 
     </span>
    </p>
   </div>
   <div class='ocr_carea' id='block_1_57' title="bbox 67 3993 1763 4062">
    <p class='ocr_par' dir='ltr' id='par_1_57' title="bbox 67 3993 1763 4062">
     <span class='ocr_line' id='line_1_57' title="bbox 67 3993 1763 4062; baseline -0.005 -9"><span class='ocrx_word' id='word_1_409' title='bbox 67 3999 544 4053; x_wconf 85' lang='lat' dir='ltr'>contumeliarum</span> <span class='ocrx_word' id='word_1_410' title='bbox 630 3995 889 4061; x_wconf 87' lang='lat' dir='ltr'>infamio,</span> <span class='ocrx_word' id='word_1_411' title='bbox 985 3994 1258 4048; x_wconf 88' lang='lat' dir='ltr'>maledice</span> <span class='ocrx_word' id='word_1_412' title='bbox 1332 3993 1621 4062; x_wconf 88' lang='lat' dir='ltr'>impetunt</span> <span class='ocrx_word' id='word_1_413' title='bbox 1708 3995 1763 4044; x_wconf 89' lang='lat' dir='ltr'>et</span> 
     </span>
    </p>
   </div>
   <div class='ocr_carea' id='block_1_58' title="bbox 69 4089 354 4141">
    <p class='ocr_par' dir='ltr' id='par_1_58' title="bbox 69 4089 354 4141">
     <span class='ocr_line' id='line_1_58' title="bbox 69 4089 354 4141; baseline -0.004 0"><span class='ocrx_word' id='word_1_414' title='bbox 69 4089 219 4141; x_wconf 88' lang='lat' dir='ltr'>derid</span> <span class='ocrx_word' id='word_1_415' title='bbox 230 4092 354 4140; x_wconf 89' lang='lat' dir='ltr'>unt.</span> 
     </span>
    </p>
   </div>
   <div class='ocr_carea' id='block_1_59' title="bbox 135 4169 1759 4244">
    <p class='ocr_par' dir='ltr' id='par_1_59' title="bbox 135 4169 1759 4244">
     <span class='ocr_line' id='line_1_59' title="bbox 135 4169 1759 4244; baseline -0.004 -16"><span class='ocrx_word' id='word_1_416' title='bbox 135 4181 186 4228; x_wconf 76' lang='grc' dir='ltr'><strong>τ.</strong></span> <span class='ocrx_word' id='word_1_417' title='bbox 236 4173 508 4244; x_wconf 77' lang='lat' dir='ltr'>Nunquid</span> <span class='ocrx_word' id='word_1_418' title='bbox 539 4188 658 4225; x_wconf 92' lang='lat' dir='ltr'>non</span> <span class='ocrx_word' id='word_1_419' title='bbox 715 4171 805 4225; x_wconf 90' lang='lat' dir='ltr'>isti</span> <span class='ocrx_word' id='word_1_420' title='bbox 840 4174 973 4224; x_wconf 88' lang='lat' dir='ltr'>sunt</span> <span class='ocrx_word' id='word_1_421' title='bbox 1028 4169 1126 4239; x_wconf 89' lang='lat' dir='ltr'>qui</span> <span class='ocrx_word' id='word_1_422' title='bbox 1176 4169 1522 4222; x_wconf 86' lang='lat' dir='ltr'>Hierusalem</span> <span class='ocrx_word' id='word_1_423' title='bbox 1582 4169 1759 4221; x_wconf 88' lang='lat' dir='ltr'>male-</span> 
     </span>
    </p>
   </div>
   <div class='ocr_carea' id='block_1_60' title="bbox 77 4257 1758 4326">
    <p class='ocr_par' dir='ltr' id='par_1_60' title="bbox 77 4257 1758 4326">
     <span class='ocr_line' id='line_1_60' title="bbox 77 4257 1758 4326; baseline -0.005 -10"><span class='ocrx_word' id='word_1_424' title='bbox 77 4265 288 4326; x_wconf 88' lang='lat' dir='ltr'>dicunt,</span> <span class='ocrx_word' id='word_1_425' title='bbox 322 4269 378 4314; x_wconf 91' lang='lat' dir='ltr'>et</span> <span class='ocrx_word' id='word_1_426' title='bbox 411 4277 604 4314; x_wconf 90' lang='lat' dir='ltr'>muros</span> <span class='ocrx_word' id='word_1_427' title='bbox 631 4260 766 4312; x_wconf 89' lang='lat' dir='ltr'>tidei</span> <span class='ocrx_word' id='word_1_428' title='bbox 798 4263 1004 4311; x_wconf 75' lang='lat' dir='ltr'>sanctae</span> <span class='ocrx_word' id='word_1_429' title='bbox 1051 4257 1182 4311; x_wconf 89' lang='lat' dir='ltr'>Sion</span> <span class='ocrx_word' id='word_1_430' title='bbox 1217 4258 1519 4310; x_wconf 77' lang='lat' dir='ltr'>destruunt</span> <span class='ocrx_word' id='word_1_431' title='bbox 1551 4260 1606 4309; x_wconf 90' lang='lat' dir='ltr'>et</span> <span class='ocrx_word' id='word_1_432' title='bbox 1636 4272 1758 4309; x_wconf 88' lang='lat' dir='ltr'>suc-</span> 
     </span>
    </p>
   </div>
   <div class='ocr_carea' id='block_1_61' title="bbox 1864 1882 3556 1950">
    <p class='ocr_par' dir='ltr' id='par_1_61' title="bbox 1864 1882 3556 1950">
     <span class='ocr_line' id='line_1_61' title="bbox 1864 1882 3556 1950; baseline 0.002 -18"><span class='ocrx_word' id='word_1_433' title='bbox 1864 1882 2208 1946; x_wconf 88' lang='lat' dir='ltr'>concalcant,</span> <span class='ocrx_word' id='word_1_434' title='bbox 2268 1886 2324 1932; x_wconf 86' lang='lat' dir='ltr'>et</span> <span class='ocrx_word' id='word_1_435' title='bbox 2356 1897 2514 1933; x_wconf 84' lang='lat' dir='ltr'>sacra</span> <span class='ocrx_word' id='word_1_436' title='bbox 2566 1882 2663 1934; x_wconf 91' lang='lat' dir='ltr'>Dei</span> <span class='ocrx_word' id='word_1_437' title='bbox 2703 1887 2872 1950; x_wconf 88' lang='lat' dir='ltr'>atque</span> <span class='ocrx_word' id='word_1_438' title='bbox 2917 1898 3046 1934; x_wconf 84' lang='lat' dir='ltr'>vere</span> <span class='ocrx_word' id='word_1_439' title='bbox 3090 1883 3290 1934; x_wconf 88' lang='lat' dir='ltr'>Sancta</span> <span class='ocrx_word' id='word_1_440' title='bbox 3334 1888 3556 1935; x_wconf 88' lang='lat' dir='ltr'>sancto-</span> 
     </span>
    </p>
   </div>
   <div class='ocr_carea' id='block_1_62' title="bbox 1864 1969 3556 2039">
    <p class='ocr_par' dir='ltr' id='par_1_62' title="bbox 1864 1969 3556 2039">
     <span class='ocr_line' id='line_1_62' title="bbox 1864 1969 3556 2039; baseline 0.002 -19"><span class='ocrx_word' id='word_1_441' title='bbox 1864 1984 1988 2021; x_wconf 88' lang='lat' dir='ltr'>rum</span> <span class='ocrx_word' id='word_1_442' title='bbox 2021 1969 2290 2033; x_wconf 80' lang='lat' dir='ltr'>inrident,</span> <span class='ocrx_word' id='word_1_443' title='bbox 2339 1969 2832 2022; x_wconf 79' lang='lat' dir='ltr'>malcdictionibus</span> <span class='ocrx_word' id='word_1_444' title='bbox 2867 1970 3163 2038; x_wconf 73' lang='lat' dir='ltr'>impulsari</span> <span class='ocrx_word' id='word_1_445' title='bbox 3215 1971 3556 2039; x_wconf 81' lang='lat' dir='ltr'>proferimus</span> 
     </span>
    </p>
   </div>
   <div class='ocr_carea' id='block_1_63' title="bbox 1865 2057 3562 2128">
    <p class='ocr_par' dir='ltr' id='par_1_63' title="bbox 1865 2057 3562 2128">
     <span class='ocr_line' id='line_1_63' title="bbox 1865 2057 3562 2128; baseline 0.002 -20"><span class='ocrx_word' id='word_1_446' title='bbox 1865 2073 1984 2108; x_wconf 89' lang='lat' dir='ltr'>esse</span> <span class='ocrx_word' id='word_1_447' title='bbox 2010 2072 2121 2108; x_wconf 91' lang='lat' dir='ltr'>non</span> <span class='ocrx_word' id='word_1_448' title='bbox 2154 2057 2414 2125; x_wconf 82' lang='lat' dir='ltr'>dignum.</span> <span class='ocrx_word' id='word_1_449' title='bbox 2440 2058 2535 2110; x_wconf 85' lang='lat' dir='ltr'>sed</span> <span class='ocrx_word' id='word_1_450' title='bbox 2556 2058 2927 2111; x_wconf 89' lang='lat' dir='ltr'>indiscretum</span> <span class='ocrx_word' id='word_1_451' title='bbox 2952 2060 3031 2112; x_wconf 91' lang='lat' dir='ltr'>vel</span> <span class='ocrx_word' id='word_1_452' title='bbox 3062 2059 3323 2128; x_wconf 85' lang='lat' dir='ltr'>iniquum</span> <span class='ocrx_word' id='word_1_453' title='bbox 3357 2060 3562 2112; x_wconf 85' lang='lat' dir='ltr'>astrui-</span> 
     </span>
    </p>
   </div>
   <div class='ocr_carea' id='block_1_64' title="bbox 1864 2145 2427 2198">
    <p class='ocr_par' dir='ltr' id='par_1_64' title="bbox 1864 2145 2427 2198">
     <span class='ocr_line' id='line_1_64' title="bbox 1864 2145 2427 2198; baseline 0 0"><span class='ocrx_word' id='word_1_454' title='bbox 1864 2161 1990 2198; x_wconf 89' lang='lat' dir='ltr'>mus</span> <span class='ocrx_word' id='word_1_455' title='bbox 2023 2145 2171 2196; x_wconf 88' lang='lat' dir='ltr'>credi</span> <span class='ocrx_word' id='word_1_456' title='bbox 2203 2145 2427 2198; x_wconf 89' lang='lat' dir='ltr'>debere.</span> 
     </span>
    </p>
   </div>
   <div class='ocr_carea' id='block_1_65' title="bbox 1933 2232 3557 2300">
    <p class='ocr_par' dir='ltr' id='par_1_65' title="bbox 1933 2232 3557 2300">
     <span class='ocr_line' id='line_1_65' title="bbox 1933 2232 3557 2300; baseline 0.001 -14"><span class='ocrx_word' id='word_1_457' title='bbox 1933 2235 1983 2286; x_wconf 92' lang='lat'>8.</span> <span class='ocrx_word' id='word_1_458' title='bbox 2023 2233 2390 2300; x_wconf 70' lang='lat' dir='ltr'>l‘roplietalis,</span> <span class='ocrx_word' id='word_1_459' title='bbox 2428 2233 2541 2285; x_wconf 89' lang='lat' dir='ltr'>imo</span> <span class='ocrx_word' id='word_1_460' title='bbox 2579 2232 2696 2299; x_wconf 88' lang='lat' dir='ltr'>Dei,</span> <span class='ocrx_word' id='word_1_461' title='bbox 2731 2233 3017 2286; x_wconf 82' lang='lat' dir='ltr'>sententia</span> <span class='ocrx_word' id='word_1_462' title='bbox 3077 2234 3298 2286; x_wconf 86' lang='lat' dir='ltr'>intonat</span> <span class='ocrx_word' id='word_1_463' title='bbox 3330 2251 3342 2286; x_wconf 88' lang='lat'><strong>:</strong></span> <span class='ocrx_word' id='word_1_464' title='bbox 3392 2235 3557 2287; x_wconf 79' lang='lat' dir='ltr'>Male-</span> 
     </span>
    </p>
   </div>
   <div class='ocr_carea' id='block_1_66' title="bbox 1865 2321 3558 2387">
    <p class='ocr_par' dir='ltr' id='par_1_66' title="bbox 1865 2321 3558 2387">
     <span class='ocr_line' id='line_1_66' title="bbox 1865 2321 3558 2387; baseline 0.001 -14"><span class='ocrx_word' id='word_1_465' title='bbox 1865 2321 2025 2373; x_wconf 81' lang='lat' dir='ltr'>dicite</span> <span class='ocrx_word' id='word_1_466' title='bbox 2056 2324 2208 2373; x_wconf 71' lang='lat' dir='ltr'>terrae</span> <span class='ocrx_word' id='word_1_467' title='bbox 2253 2323 2450 2387; x_wconf 63' lang='lat' dir='ltr'>Meron,</span> <span class='ocrx_word' id='word_1_468' title='bbox 2495 2321 2639 2374; x_wconf 59' lang='lat' dir='ltr'>dixit</span> <span class='ocrx_word' id='word_1_469' title='bbox 2690 2324 2911 2387; x_wconf 78' lang='lat' dir='ltr'>angelus</span> <span class='ocrx_word' id='word_1_470' title='bbox 2965 2324 3176 2374; x_wconf 83' lang='lat' dir='ltr'>Domini</span> <span class='ocrx_word' id='word_1_471' title='bbox 3211 2339 3223 2374; x_wconf 87' lang='lat'>:</span> <span class='ocrx_word' id='word_1_472' title='bbox 3254 2323 3558 2375; x_wconf 81' lang='lat' dir='ltr'>maledicitc</span> 
     </span>
    </p>
   </div>
   <div class='ocr_carea' id='block_1_67' title="bbox 1865 2409 3557 2476">
    <p class='ocr_par' dir='ltr' id='par_1_67' title="bbox 1865 2409 3557 2476">
     <span class='ocr_line' id='line_1_67' title="bbox 1865 2409 3557 2476; baseline 0.002 -16"><span class='ocrx_word' id='word_1_473' title='bbox 1865 2409 2261 2461; x_wconf 74' lang='lat' dir='ltr'>habitatoribus</span> <span class='ocrx_word' id='word_1_474' title='bbox 2326 2412 2456 2476; x_wconf 79' lang='lat' dir='ltr'>ejus,</span> <span class='ocrx_word' id='word_1_475' title='bbox 2523 2412 2618 2475; x_wconf 79' lang='lat' dir='ltr'>qui</span> <span class='ocrx_word' id='word_1_476' title='bbox 2683 2426 2787 2462; x_wconf 85' lang='lat' dir='ltr'>non</span> <span class='ocrx_word' id='word_1_477' title='bbox 2843 2415 3100 2462; x_wconf 69' lang='lat' dir='ltr'>reum-mit</span> <span class='ocrx_word' id='word_1_478' title='bbox 3152 2411 3225 2462; x_wconf 60' lang='lat' dir='ltr'>ull</span> <span class='ocrx_word' id='word_1_479' title='bbox 3286 2413 3557 2463; x_wconf 66' lang='lat' dir='ltr'>aumilium</span> 
     </span>
    </p>
   </div>
   <div class='ocr_carea' id='block_1_68' title="bbox 1862 2498 3553 2563">
    <p class='ocr_par' dir='ltr' id='par_1_68' title="bbox 1862 2498 3553 2563">
     <span class='ocr_line' id='line_1_68' title="bbox 1862 2498 3553 2563; baseline 0.002 -13"><span class='ocrx_word' id='word_1_480' title='bbox 1862 2500 2286 2562; x_wconf 79' lang='lat' dir='ltr'>fortissimorum</span> <span class='ocrx_word' id='word_1_481' title='bbox 2307 2498 2442 2563; x_wconf 65' lang='lat' dir='ltr'>(jus.</span> <span class='ocrx_word' id='word_1_482' title='bbox 2482 2499 2779 2551; x_wconf 73' lang='lat' dir='ltr'>Bemu’icitc</span> <span class='ocrx_word' id='word_1_483' title='bbox 2804 2499 2955 2551; x_wconf 72' lang='lat' dir='ltr'>.Iabcl</span> <span class='ocrx_word' id='word_1_484' title='bbox 2985 2514 3123 2551; x_wconf 65' lang='grc' dir='ltr'>ιιιῑον</span> <span class='ocrx_word' id='word_1_485' title='bbox 3160 2499 3458 2552; x_wconf 79' lang='lat' dir='ltr'>Barcennei</span> <span class='ocrx_word' id='word_1_486' title='bbox 3485 2514 3513 2553; x_wconf 66' lang='grc' dir='ltr'><em>ς</em></span> <span class='ocrx_word' id='word_1_487' title='bbox 3542 2516 3553 2552; x_wconf 93' lang='lat'><strong>:</strong></span> 
     </span>
    </p>
   </div>
   <div class='ocr_carea' id='block_1_69' title="bbox 1865 2587 3559 2655">
    <p class='ocr_par' dir='ltr' id='par_1_69' title="bbox 1865 2587 3559 2655">
     <span class='ocr_line' id='line_1_69' title="bbox 1865 2587 3559 2655; baseline 0.002 -19"><span class='ocrx_word' id='word_1_488' title='bbox 1865 2601 2065 2652; x_wconf 79' lang='lat' dir='ltr'>aquam</span> <span class='ocrx_word' id='word_1_489' title='bbox 2093 2589 2294 2653; x_wconf 68' lang='grc' dir='ltr'>ρί-ίίιιίὶ</span> <span class='ocrx_word' id='word_1_490' title='bbox 2338 2587 2416 2637; x_wconf 70' lang='lat' dir='ltr'>lue</span> <span class='ocrx_word' id='word_1_491' title='bbox 2464 2587 2632 2652; x_wconf 52' lang='lat' dir='ltr'>(lit-lit,</span> <span class='ocrx_word' id='word_1_492' title='bbox 2667 2592 2712 2639; x_wconf 84' lang='lat' dir='ltr'>cl</span> <span class='ocrx_word' id='word_1_493' title='bbox 2765 2591 2820 2638; x_wconf 70' lang='lat' dir='ltr'>in</span> <span class='ocrx_word' id='word_1_494' title='bbox 2858 2587 3000 2653; x_wconf 70' lang='lat' dir='ltr'>ﬁala</span> <span class='ocrx_word' id='word_1_495' title='bbox 3044 2589 3315 2655; x_wconf 72' lang='lat' dir='ltr'>principis</span> <span class='ocrx_word' id='word_1_496' title='bbox 3364 2589 3559 2640; x_wconf 77' lang='lat' dir='ltr'>obtulit</span> 
     </span>
    </p>
   </div>
   <div class='ocr_carea' id='block_1_70' title="bbox 1867 2673 3557 2741">
    <p class='ocr_par' dir='ltr' id='par_1_70' title="bbox 1867 2673 3557 2741">
     <span class='ocr_line' id='line_1_70' title="bbox 1867 2673 3557 2741; baseline 0.002 -16"><span class='ocrx_word' id='word_1_497' title='bbox 1867 2673 2139 2738; x_wconf 82' lang='lat' dir='ltr'>butyrum.</span> <span class='ocrx_word' id='word_1_498' title='bbox 2177 2675 2472 2727; x_wconf 71' lang='lat' dir='ltr'>Siuislraui</span> <span class='ocrx_word' id='word_1_499' title='bbox 2507 2691 2729 2726; x_wconf 68' lang='lat' dir='ltr'>inquam</span> <span class='ocrx_word' id='word_1_500' title='bbox 2776 2677 2923 2727; x_wconf 80' lang='lat' dir='ltr'>misit</span> <span class='ocrx_word' id='word_1_501' title='bbox 2966 2675 3039 2728; x_wconf 82' lang='lat' dir='ltr'>ad</span> <span class='ocrx_word' id='word_1_502' title='bbox 3078 2675 3310 2741; x_wconf 82' lang='lat' dir='ltr'>clabum,</span> <span class='ocrx_word' id='word_1_503' title='bbox 3349 2681 3395 2728; x_wconf 81' lang='lat' dir='ltr'>et</span> <span class='ocrx_word' id='word_1_504' title='bbox 3425 2676 3557 2728; x_wconf 76' lang='lat' dir='ltr'>dea:-</span> 
     </span>
    </p>
   </div>
   <div class='ocr_carea' id='block_1_71' title="bbox 1866 2762 3558 2832">
    <p class='ocr_par' dir='ltr' id='par_1_71' title="bbox 1866 2762 3558 2832">
     <span class='ocr_line' id='line_1_71' title="bbox 1866 2762 3558 2832; baseline 0.001 -17"><span class='ocrx_word' id='word_1_505' title='bbox 1866 2766 2036 2815; x_wconf 78' lang='lat' dir='ltr'>teram</span> <span class='ocrx_word' id='word_1_506' title='bbox 2092 2762 2166 2813; x_wconf 86' lang='lat' dir='ltr'>ad</span> <span class='ocrx_word' id='word_1_507' title='bbox 2228 2763 2512 2827; x_wconf 68' lang='lat' dir='ltr'>fabrorum</span> <span class='ocrx_word' id='word_1_508' title='bbox 2558 2764 2826 2826; x_wconf 79' lang='lat' dir='ltr'>malleum,</span> <span class='ocrx_word' id='word_1_509' title='bbox 2885 2766 3257 2832; x_wconf 78' lang='lat' dir='ltr'>percussitque</span> <span class='ocrx_word' id='word_1_510' title='bbox 3313 2764 3558 2818; x_wconf 85' lang='lat' dir='ltr'>Sisarum</span> 
     </span>
    </p>
   </div>
   <div class='ocr_carea' id='block_1_72' title="bbox 1867 2851 3558 2919">
    <p class='ocr_par' dir='ltr' id='par_1_72' title="bbox 1867 2851 3558 2919">
     <span class='ocr_line' id='line_1_72' title="bbox 1867 2851 3558 2919; baseline 0.002 -18"><span class='ocrx_word' id='word_1_511' title='bbox 1867 2865 2108 2916; x_wconf 70' lang='lat' dir='ltr'>quaerens</span> <span class='ocrx_word' id='word_1_512' title='bbox 2156 2853 2213 2901; x_wconf 79' lang='lat' dir='ltr'>in</span> <span class='ocrx_word' id='word_1_513' title='bbox 2261 2855 2436 2917; x_wconf 68' lang='lat' dir='ltr'>capite</span> <span class='ocrx_word' id='word_1_514' title='bbox 2486 2851 2723 2902; x_wconf 68' lang='lat' dir='ltr'>tul/uris</span> <span class='ocrx_word' id='word_1_515' title='bbox 2766 2855 2956 2916; x_wconf 89' lang='lat' dir='ltr'>locum,</span> <span class='ocrx_word' id='word_1_516' title='bbox 3009 2855 3057 2903; x_wconf 79' lang='lat' dir='ltr'>et</span> <span class='ocrx_word' id='word_1_517' title='bbox 3107 2853 3360 2919; x_wconf 83' lang='lat' dir='ltr'>templum</span> <span class='ocrx_word' id='word_1_518' title='bbox 3400 2853 3426 2892; x_wconf 79' lang='grc' dir='ltr'>ιι</span> <span class='ocrx_word' id='word_1_519' title='bbox 3454 2868 3558 2904; x_wconf 80' lang='lat' dir='ltr'>va—</span> 
     </span>
    </p>
   </div>
   <div class='ocr_carea' id='block_1_73' title="bbox 1867 2938 3560 3008">
    <p class='ocr_par' dir='ltr' id='par_1_73' title="bbox 1867 2938 3560 3008">
     <span class='ocr_line' id='line_1_73' title="bbox 1867 2938 3560 3008; baseline 0.001 -18"><span class='ocrx_word' id='word_1_520' title='bbox 1867 2938 1976 2991; x_wconf 86' lang='lat' dir='ltr'>lide</span> <span class='ocrx_word' id='word_1_521' title='bbox 2017 2941 2307 3006; x_wconf 76' lang='lat' dir='ltr'>perforuns</span> <span class='ocrx_word' id='word_1_522' title='bbox 2365 2939 2563 3004; x_wconf 72' lang='lat' dir='ltr'>(.Iurlic.</span> <span class='ocrx_word' id='word_1_523' title='bbox 2621 2956 2671 3004; x_wconf 83' lang='lat' dir='ltr'>v,</span> <span class='ocrx_word' id='word_1_524' title='bbox 2729 2943 2792 2993; x_wconf 85' lang='lat'>&#39;23</span> <span class='ocrx_word' id='word_1_525' title='bbox 2837 2939 2993 3008; x_wconf 72' lang='lat' dir='ltr'>seq).</span> <span class='ocrx_word' id='word_1_526' title='bbox 3049 2941 3110 2992; x_wconf 91' lang='lat' dir='ltr'>Et</span> <span class='ocrx_word' id='word_1_527' title='bbox 3167 2941 3292 3008; x_wconf 88' lang='lat' dir='ltr'>plus</span> <span class='ocrx_word' id='word_1_528' title='bbox 3346 2945 3448 3006; x_wconf 87' lang='lat' dir='ltr'>est,</span> <span class='ocrx_word' id='word_1_529' title='bbox 3498 2946 3560 2992; x_wconf 92' lang='lat' dir='ltr'>ut</span> 
     </span>
    </p>
   </div>
   <div class='ocr_carea' id='block_1_74' title="bbox 1867 3028 3556 3098">
    <p class='ocr_par' dir='ltr' id='par_1_74' title="bbox 1867 3028 3556 3098">
     <span class='ocr_line' id='line_1_74' title="bbox 1867 3028 3556 3098; baseline 0.001 -20"><span class='ocrx_word' id='word_1_530' title='bbox 1867 3043 2012 3091; x_wconf 87' lang='lat' dir='ltr'>reor,</span> <span class='ocrx_word' id='word_1_531' title='bbox 2047 3028 2248 3096; x_wconf 80' lang='lat' dir='ltr'>capulo</span> <span class='ocrx_word' id='word_1_532' title='bbox 2279 3033 2536 3095; x_wconf 85' lang='lat' dir='ltr'>tempora</span> <span class='ocrx_word' id='word_1_533' title='bbox 2569 3028 2869 3096; x_wconf 83' lang='lat' dir='ltr'>perforari,</span> <span class='ocrx_word' id='word_1_534' title='bbox 2905 3044 3076 3098; x_wconf 88' lang='lat' dir='ltr'>quam</span> <span class='ocrx_word' id='word_1_535' title='bbox 3126 3029 3312 3081; x_wconf 86' lang='lat' dir='ltr'>verbis</span> <span class='ocrx_word' id='word_1_536' title='bbox 3344 3029 3556 3082; x_wconf 79' lang='lat' dir='ltr'>veridi-</span> 
     </span>
    </p>
   </div>
   <div class='ocr_carea' id='block_1_75' title="bbox 1868 3113 3560 3185">
    <p class='ocr_par' dir='ltr' id='par_1_75' title="bbox 1868 3113 3560 3185">
     <span class='ocr_line' id='line_1_75' title="bbox 1868 3113 3560 3185; baseline 0.002 -19"><span class='ocrx_word' id='word_1_537' title='bbox 1868 3115 1946 3166; x_wconf 81' lang='lat' dir='ltr'>cis</span> <span class='ocrx_word' id='word_1_538' title='bbox 1988 3113 2250 3166; x_wconf 87' lang='lat' dir='ltr'>inimicos</span> <span class='ocrx_word' id='word_1_539' title='bbox 2284 3116 2507 3167; x_wconf 88' lang='lat' dir='ltr'>Domini</span> <span class='ocrx_word' id='word_1_540' title='bbox 2561 3116 2877 3167; x_wconf 81' lang='lat' dir='ltr'>vulnerare.</span> <span class='ocrx_word' id='word_1_541' title='bbox 2923 3116 3295 3185; x_wconf 78' lang='lat' dir='ltr'>Ampliorque</span> <span class='ocrx_word' id='word_1_542' title='bbox 3345 3131 3560 3169; x_wconf 90' lang='lat' dir='ltr'>merces</span> 
     </span>
    </p>
   </div>
   <div class='ocr_carea' id='block_1_76' title="bbox 1869 3203 3560 3272">
    <p class='ocr_par' dir='ltr' id='par_1_76' title="bbox 1869 3203 3560 3272">
     <span class='ocr_line' id='line_1_76' title="bbox 1869 3203 3560 3272; baseline 0 -18"><span class='ocrx_word' id='word_1_543' title='bbox 1869 3207 1951 3254; x_wconf 90' lang='lat' dir='ltr'>est</span> <span class='ocrx_word' id='word_1_544' title='bbox 1995 3218 2097 3271; x_wconf 88' lang='lat' dir='ltr'>pro</span> <span class='ocrx_word' id='word_1_545' title='bbox 2158 3218 2284 3254; x_wconf 82' lang='lat' dir='ltr'>vero</span> <span class='ocrx_word' id='word_1_546' title='bbox 2342 3203 2546 3256; x_wconf 87' lang='lat' dir='ltr'>Sancto</span> <span class='ocrx_word' id='word_1_547' title='bbox 2603 3209 2950 3267; x_wconf 79' lang='lat' dir='ltr'>sanctorum,</span> <span class='ocrx_word' id='word_1_548' title='bbox 3011 3209 3075 3256; x_wconf 87' lang='lat' dir='ltr'>ut</span> <span class='ocrx_word' id='word_1_549' title='bbox 3124 3204 3244 3272; x_wconf 86' lang='lat' dir='ltr'>jam</span> <span class='ocrx_word' id='word_1_550' title='bbox 3295 3204 3560 3271; x_wconf 43' lang='lat' dir='ltr'>praefatus</span> 
     </span>
    </p>
   </div>
   <div class='ocr_carea' id='block_1_77' title="bbox 1868 3291 3558 3360">
    <p class='ocr_par' dir='ltr' id='par_1_77' title="bbox 1868 3291 3558 3360">
     <span class='ocr_line' id='line_1_77' title="bbox 1868 3291 3558 3360; baseline 0.002 -19"><span class='ocrx_word' id='word_1_551' title='bbox 1868 3307 2016 3354; x_wconf 90' lang='lat' dir='ltr'>sum,</span> <span class='ocrx_word' id='word_1_552' title='bbox 2050 3295 2106 3342; x_wconf 91' lang='lat' dir='ltr'>et</span> <span class='ocrx_word' id='word_1_553' title='bbox 2139 3307 2239 3359; x_wconf 90' lang='lat' dir='ltr'>pro</span> <span class='ocrx_word' id='word_1_554' title='bbox 2272 3297 2498 3343; x_wconf 64' lang='lat' dir='ltr'>aeterna:</span> <span class='ocrx_word' id='word_1_555' title='bbox 2543 3291 2671 3343; x_wconf 68' lang='lat' dir='ltr'>vitae</span> <span class='ocrx_word' id='word_1_556' title='bbox 2720 3296 2868 3344; x_wconf 90' lang='lat' dir='ltr'>statu</span> <span class='ocrx_word' id='word_1_557' title='bbox 2901 3292 3020 3342; x_wconf 90' lang='lat' dir='ltr'>sine</span> <span class='ocrx_word' id='word_1_558' title='bbox 3061 3291 3174 3343; x_wconf 82' lang='lat' dir='ltr'>line</span> <span class='ocrx_word' id='word_1_559' title='bbox 3218 3292 3408 3344; x_wconf 89' lang='lat' dir='ltr'>futuro</span> <span class='ocrx_word' id='word_1_560' title='bbox 3453 3307 3558 3360; x_wconf 91' lang='lat' dir='ltr'>pu-</span> 
     </span>
    </p>
   </div>
   <div class='ocr_carea' id='block_1_78' title="bbox 1869 3378 3558 3448">
    <p class='ocr_par' dir='ltr' id='par_1_78' title="bbox 1869 3378 3558 3448">
     <span class='ocr_line' id='line_1_78' title="bbox 1869 3378 3558 3448; baseline 0.001 -18"><span class='ocrx_word' id='word_1_561' title='bbox 1869 3395 2010 3447; x_wconf 87' lang='lat' dir='ltr'>gnas</span> <span class='ocrx_word' id='word_1_562' title='bbox 2040 3378 2361 3447; x_wconf 72' lang='lat' dir='ltr'>spiritalesi</span> <span class='ocrx_word' id='word_1_563' title='bbox 2409 3379 2690 3447; x_wconf 68' lang='lat' dir='ltr'>praeliare,</span> <span class='ocrx_word' id='word_1_564' title='bbox 2745 3395 2917 3448; x_wconf 90' lang='lat' dir='ltr'>quam</span> <span class='ocrx_word' id='word_1_565' title='bbox 2968 3395 3072 3448; x_wconf 87' lang='lat' dir='ltr'>pro</span> <span class='ocrx_word' id='word_1_566' title='bbox 3103 3380 3291 3448; x_wconf 75' lang='lat' dir='ltr'>typica</span> <span class='ocrx_word' id='word_1_567' title='bbox 3336 3385 3393 3432; x_wconf 90' lang='lat' dir='ltr'>et</span> <span class='ocrx_word' id='word_1_568' title='bbox 3439 3395 3558 3432; x_wconf 87' lang='lat' dir='ltr'>car-</span> 
     </span>
    </p>
   </div>
   <div class='ocr_carea' id='block_1_79' title="bbox 1869 3465 3560 3534">
    <p class='ocr_par' dir='ltr' id='par_1_79' title="bbox 1869 3465 3560 3534">
     <span class='ocr_line' id='line_1_79' title="bbox 1869 3465 3560 3534; baseline 0.001 -18"><span class='ocrx_word' id='word_1_569' title='bbox 1869 3465 1986 3517; x_wconf 89' lang='lat' dir='ltr'>nali</span> <span class='ocrx_word' id='word_1_570' title='bbox 2021 3466 2394 3530; x_wconf 86' lang='lat' dir='ltr'>Hierusalem,</span> <span class='ocrx_word' id='word_1_571' title='bbox 2427 3467 2508 3517; x_wconf 69' lang='lat' dir='ltr'>\&#39;el</span> <span class='ocrx_word' id='word_1_572' title='bbox 2544 3481 2718 3533; x_wconf 86' lang='lat' dir='ltr'>regno</span> <span class='ocrx_word' id='word_1_573' title='bbox 2742 3469 2988 3528; x_wconf 90' lang='lat' dir='ltr'>terreno,</span> <span class='ocrx_word' id='word_1_574' title='bbox 3024 3466 3370 3534; x_wconf 90' lang='lat' dir='ltr'>quandoque</span> <span class='ocrx_word' id='word_1_575' title='bbox 3402 3466 3560 3519; x_wconf 86' lang='lat' dir='ltr'>brevi</span> 
     </span>
    </p>
   </div>
   <div class='ocr_carea' id='block_1_80' title="bbox 1867 3553 3560 3622">
    <p class='ocr_par' dir='ltr' id='par_1_80' title="bbox 1867 3553 3560 3622">
     <span class='ocr_line' id='line_1_80' title="bbox 1867 3553 3560 3622; baseline 0.001 -17"><span class='ocrx_word' id='word_1_576' title='bbox 1867 3554 2114 3606; x_wconf 89' lang='lat' dir='ltr'>termino</span> <span class='ocrx_word' id='word_1_577' title='bbox 2143 3553 2530 3622; x_wconf 73' lang='lat' dir='ltr'>prrecidendo,</span> <span class='ocrx_word' id='word_1_578' title='bbox 2564 3553 2734 3606; x_wconf 85' lang='lat' dir='ltr'>clavis</span> <span class='ocrx_word' id='word_1_579' title='bbox 2765 3559 2820 3605; x_wconf 90' lang='lat' dir='ltr'>et</span> <span class='ocrx_word' id='word_1_580' title='bbox 2854 3553 3072 3604; x_wconf 90' lang='lat' dir='ltr'>malleis</span> <span class='ocrx_word' id='word_1_581' title='bbox 3093 3553 3403 3606; x_wconf 88' lang='lat' dir='ltr'>decertare.</span> <span class='ocrx_word' id='word_1_582' title='bbox 3448 3553 3560 3607; x_wconf 90' lang='lat' dir='ltr'>Sed</span> 
     </span>
    </p>
   </div>
   <div class='ocr_carea' id='block_1_81' title="bbox 1869 3641 3552 3710">
    <p class='ocr_par' dir='ltr' id='par_1_81' title="bbox 1869 3641 3552 3710">
     <span class='ocr_line' id='line_1_81' title="bbox 1869 3641 3552 3710; baseline -0.001 -16"><span class='ocrx_word' id='word_1_583' title='bbox 1869 3641 2014 3694; x_wconf 88' lang='lat' dir='ltr'>hanc</span> <span class='ocrx_word' id='word_1_584' title='bbox 2081 3647 2137 3694; x_wconf 87' lang='lat' dir='ltr'>et</span> <span class='ocrx_word' id='word_1_585' title='bbox 2211 3641 2563 3710; x_wconf 83' lang='lat' dir='ltr'>prophetalis</span> <span class='ocrx_word' id='word_1_586' title='bbox 2644 3641 2874 3710; x_wconf 87' lang='lat' dir='ltr'>spiritus</span> <span class='ocrx_word' id='word_1_587' title='bbox 2941 3656 3006 3692; x_wconf 90' lang='lat' dir='ltr'>eo</span> <span class='ocrx_word' id='word_1_588' title='bbox 3077 3646 3334 3708; x_wconf 90' lang='lat' dir='ltr'>tempore</span> <span class='ocrx_word' id='word_1_589' title='bbox 3381 3641 3552 3694; x_wconf 91' lang='lat' dir='ltr'>bene-</span> 
     </span>
    </p>
   </div>
   <div class='ocr_carea' id='block_1_82' title="bbox 1871 3727 3557 3797">
    <p class='ocr_par' dir='ltr' id='par_1_82' title="bbox 1871 3727 3557 3797">
     <span class='ocr_line' id='line_1_82' title="bbox 1871 3727 3557 3797; baseline -0.001 -15"><span class='ocrx_word' id='word_1_590' title='bbox 1871 3729 2030 3793; x_wconf 88' lang='lat' dir='ltr'>dixit,</span> <span class='ocrx_word' id='word_1_591' title='bbox 2064 3735 2120 3781; x_wconf 89' lang='lat' dir='ltr'>et</span> <span class='ocrx_word' id='word_1_592' title='bbox 2163 3729 2348 3781; x_wconf 89' lang='lat' dir='ltr'>omnis</span> <span class='ocrx_word' id='word_1_593' title='bbox 2389 3729 2646 3780; x_wconf 69' lang='lat' dir='ltr'>Ecclesiae</span> <span class='ocrx_word' id='word_1_594' title='bbox 2678 3729 2884 3781; x_wconf 90' lang='lat' dir='ltr'>chorus</span> <span class='ocrx_word' id='word_1_595' title='bbox 2917 3727 3118 3780; x_wconf 89' lang='lat' dir='ltr'>eodem</span> <span class='ocrx_word' id='word_1_596' title='bbox 3150 3728 3320 3781; x_wconf 92' lang='lat' dir='ltr'>hodie</span> <span class='ocrx_word' id='word_1_597' title='bbox 3351 3730 3557 3797; x_wconf 82' lang='lat' dir='ltr'>praedi-</span> 
     </span>
    </p>
   </div>
   <div class='ocr_carea' id='block_1_83' title="bbox 1869 3815 3556 3887">
    <p class='ocr_par' dir='ltr' id='par_1_83' title="bbox 1869 3815 3556 3887">
     <span class='ocr_line' id='line_1_83' title="bbox 1869 3815 3556 3887; baseline 0.001 -18"><span class='ocrx_word' id='word_1_598' title='bbox 1869 3823 1957 3870; x_wconf 90' lang='lat' dir='ltr'>cat</span> <span class='ocrx_word' id='word_1_599' title='bbox 1987 3817 2177 3882; x_wconf 92' lang='lat' dir='ltr'>modo,</span> <span class='ocrx_word' id='word_1_600' title='bbox 2223 3833 2336 3886; x_wconf 90' lang='lat' dir='ltr'>quo</span> <span class='ocrx_word' id='word_1_601' title='bbox 2384 3823 2517 3868; x_wconf 91' lang='lat' dir='ltr'>tunc</span> <span class='ocrx_word' id='word_1_602' title='bbox 2563 3821 2757 3868; x_wconf 88' lang='lat' dir='ltr'>sancta</span> <span class='ocrx_word' id='word_1_603' title='bbox 2799 3815 3130 3868; x_wconf 87' lang='lat' dir='ltr'>universalis</span> <span class='ocrx_word' id='word_1_604' title='bbox 3185 3817 3556 3887; x_wconf 85' lang='lat' dir='ltr'>congregatio</span> 
     </span>
    </p>
   </div>
   <div class='ocr_carea' id='block_1_84' title="bbox 1870 3904 3555 3974">
    <p class='ocr_par' dir='ltr' id='par_1_84' title="bbox 1870 3904 3555 3974">
     <span class='ocr_line' id='line_1_84' title="bbox 1870 3904 3555 3974; baseline -0.001 -15"><span class='ocrx_word' id='word_1_605' title='bbox 1870 3905 2248 3959; x_wconf 88' lang='lat' dir='ltr'>conlaudavit.</span> <span class='ocrx_word' id='word_1_606' title='bbox 2283 3905 2442 3958; x_wconf 91' lang='lat' dir='ltr'>Certe</span> <span class='ocrx_word' id='word_1_607' title='bbox 2470 3905 2565 3974; x_wconf 90' lang='lat' dir='ltr'>qui</span> <span class='ocrx_word' id='word_1_608' title='bbox 2601 3905 2788 3957; x_wconf 90' lang='lat' dir='ltr'>hostes</span> <span class='ocrx_word' id='word_1_609' title='bbox 2833 3904 3089 3957; x_wconf 67' lang='lat' dir='ltr'>Ecclesiae</span> <span class='ocrx_word' id='word_1_610' title='bbox 3133 3905 3555 3971; x_wconf 86' lang='lat' dir='ltr'>maledicentes,</span> 
     </span>
    </p>
   </div>
   <div class='ocr_carea' id='block_1_85' title="bbox 1871 3991 3556 4061">
    <p class='ocr_par' dir='ltr' id='par_1_85' title="bbox 1871 3991 3556 4061">
     <span class='ocr_line' id='line_1_85' title="bbox 1871 3991 3556 4061; baseline 0.001 -15"><span class='ocrx_word' id='word_1_611' title='bbox 1871 3994 2199 4046; x_wconf 88' lang='lat' dir='ltr'>maledictos</span> <span class='ocrx_word' id='word_1_612' title='bbox 2247 4009 2368 4045; x_wconf 86' lang='lat' dir='ltr'>esse</span> <span class='ocrx_word' id='word_1_613' title='bbox 2417 3991 2686 4061; x_wconf 80' lang='lat' dir='ltr'>afﬁrmat,</span> <span class='ocrx_word' id='word_1_614' title='bbox 2744 4008 2777 4044; x_wconf 90' lang='lat' dir='ltr'>a</span> <span class='ocrx_word' id='word_1_615' title='bbox 2821 3991 3059 4045; x_wconf 87' lang='lat' dir='ltr'>veritate</span> <span class='ocrx_word' id='word_1_616' title='bbox 3116 3993 3375 4046; x_wconf 87' lang='lat' dir='ltr'>resiliens</span> <span class='ocrx_word' id='word_1_617' title='bbox 3425 3994 3556 4047; x_wconf 88' lang='lat' dir='ltr'>reli-</span> 
     </span>
    </p>
   </div>
   <div class='ocr_carea' id='block_1_86' title="bbox 1870 4081 3560 4151">
    <p class='ocr_par' dir='ltr' id='par_1_86' title="bbox 1870 4081 3560 4151">
     <span class='ocr_line' id='line_1_86' title="bbox 1870 4081 3560 4151; baseline 0.001 -17"><span class='ocrx_word' id='word_1_618' title='bbox 1870 4082 2098 4151; x_wconf 86' lang='lat' dir='ltr'>gionem</span> <span class='ocrx_word' id='word_1_619' title='bbox 2143 4097 2356 4135; x_wconf 88' lang='lat' dir='ltr'>sacram</span> <span class='ocrx_word' id='word_1_620' title='bbox 2409 4082 2667 4147; x_wconf 81' lang='lat' dir='ltr'>detestut,</span> <span class='ocrx_word' id='word_1_621' title='bbox 2722 4085 2978 4150; x_wconf 85' lang='lat' dir='ltr'>superest</span> <span class='ocrx_word' id='word_1_622' title='bbox 3025 4081 3076 4132; x_wconf 90' lang='lat' dir='ltr'>ei</span> <span class='ocrx_word' id='word_1_623' title='bbox 3127 4086 3187 4133; x_wconf 90' lang='lat' dir='ltr'>ut</span> <span class='ocrx_word' id='word_1_624' title='bbox 3231 4087 3361 4150; x_wconf 89' lang='lat' dir='ltr'>post</span> <span class='ocrx_word' id='word_1_625' title='bbox 3407 4098 3560 4150; x_wconf 83' lang='lat' dir='ltr'>prae-</span> 
     </span>
    </p>
   </div>
   <div class='ocr_carea' id='block_1_87' title="bbox 1871 4170 3560 4225">
    <p class='ocr_par' dir='ltr' id='par_1_87' title="bbox 1871 4170 3560 4225">
     <span class='ocr_line' id='line_1_87' title="bbox 1871 4170 3560 4225; baseline 0.002 -3"><span class='ocrx_word' id='word_1_626' title='bbox 1871 4171 2120 4222; x_wconf 87' lang='lat' dir='ltr'>sentium</span> <span class='ocrx_word' id='word_1_627' title='bbox 2173 4170 2604 4223; x_wconf 84' lang='lat' dir='ltr'>infamationem</span> <span class='ocrx_word' id='word_1_628' title='bbox 2641 4171 2991 4223; x_wconf 88' lang='lat' dir='ltr'>anteriorum</span> <span class='ocrx_word' id='word_1_629' title='bbox 3045 4176 3370 4223; x_wconf 87' lang='lat' dir='ltr'>sanctorum</span> <span class='ocrx_word' id='word_1_630' title='bbox 3416 4173 3560 4225; x_wconf 92' lang='lat' dir='ltr'>cele-</span> 
     </span>
    </p>
   </div>
   <div class='ocr_carea' id='block_1_88' title="bbox 1871 4258 3561 4328">
    <p class='ocr_par' dir='ltr' id='par_1_88' title="bbox 1871 4258 3561 4328">
     <span class='ocr_line' id='line_1_88' title="bbox 1871 4258 3561 4328; baseline 0.002 -18"><span class='ocrx_word' id='word_1_631' title='bbox 1871 4258 2185 4312; x_wconf 91' lang='lat' dir='ltr'>berrimum</span> <span class='ocrx_word' id='word_1_632' title='bbox 2253 4259 2530 4328; x_wconf 87' lang='lat' dir='ltr'>infringat</span> <span class='ocrx_word' id='word_1_633' title='bbox 2599 4275 2863 4328; x_wconf 90' lang='lat' dir='ltr'>agonem.</span> <span class='ocrx_word' id='word_1_634' title='bbox 2945 4259 3239 4312; x_wconf 84' lang='lat' dir='ltr'>Maledicat</span> <span class='ocrx_word' id='word_1_635' title='bbox 3308 4261 3561 4313; x_wconf 85' lang='lat' dir='ltr'>.lahelem</span> 
     </span>
    </p>
   </div>
   <div class='ocr_carea' id='block_1_89' title="bbox 79 4345 3560 4418">
    <p class='ocr_par' dir='ltr' id='par_1_89' title="bbox 79 4345 3560 4418">
     <span class='ocr_line' id='line_1_89' title="bbox 79 4345 3560 4418; baseline -0.001 -15"><span class='ocrx_word' id='word_1_636' title='bbox 79 4349 359 4403; x_wconf 84' lang='lat' dir='ltr'>cendunt‘?</span> <span class='ocrx_word' id='word_1_637' title='bbox 418 4351 494 4403; x_wconf 87' lang='lat' dir='ltr'>De</span> <span class='ocrx_word' id='word_1_638' title='bbox 548 4348 755 4418; x_wconf 89' lang='lat' dir='ltr'>quibus</span> <span class='ocrx_word' id='word_1_639' title='bbox 806 4347 1049 4400; x_wconf 89' lang='lat' dir='ltr'>dicitur:</span> <span class='ocrx_word' id='word_1_640' title='bbox 1113 4345 1404 4398; x_wconf 76' lang='lat' dir='ltr'>Maledicli</span> <span class='ocrx_word' id='word_1_641' title='bbox 1448 4359 1623 4397; x_wconf 82' lang='lat' dir='ltr'>omnes</span> <span class='ocrx_word' id='word_1_642' title='bbox 1667 4346 1764 4412; x_wconf 85' lang='lat' dir='ltr'>qui</span> <span class='ocrx_word' id='word_1_643' title='bbox 1803 4363 1846 4415; x_wconf 77' lang='grc' dir='ltr'>ι)</span> <span class='ocrx_word' id='word_1_644' title='bbox 1877 4362 2049 4416; x_wconf 88' lang='lat' dir='ltr'>quam</span> <span class='ocrx_word' id='word_1_645' title='bbox 2100 4347 2450 4417; x_wconf 88' lang='lat' dir='ltr'>prophetalis</span> <span class='ocrx_word' id='word_1_646' title='bbox 2499 4347 2558 4399; x_wconf 91' lang='lat' dir='ltr'>in</span> <span class='ocrx_word' id='word_1_647' title='bbox 2609 4353 2887 4400; x_wconf 85' lang='lat' dir='ltr'>conventu</span> <span class='ocrx_word' id='word_1_648' title='bbox 2936 4347 3189 4415; x_wconf 87' lang='lat' dir='ltr'>plebium</span> <span class='ocrx_word' id='word_1_649' title='bbox 3265 4349 3560 4418; x_wconf 86' lang='lat' dir='ltr'>inspiratio</span> 
     </span>
    </p>
   </div>
   <div class='ocr_carea' id='block_1_90' title="bbox 79 4431 1768 4507">
    <p class='ocr_par' dir='ltr' id='par_1_90' title="bbox 79 4431 1768 4507">
     <span class='ocr_line' id='line_1_90' title="bbox 79 4431 1768 4507; baseline -0.004 -16"><span class='ocrx_word' id='word_1_650' title='bbox 79 4443 332 4507; x_wconf 76' lang='lat' dir='ltr'>spernunt</span> <span class='ocrx_word' id='word_1_651' title='bbox 379 4443 448 4502; x_wconf 82' lang='lat' dir='ltr'>te,</span> <span class='ocrx_word' id='word_1_652' title='bbox 498 4441 547 4489; x_wconf 85' lang='lat' dir='ltr'>ct</span> <span class='ocrx_word' id='word_1_653' title='bbox 600 4450 779 4488; x_wconf 80' lang='lat' dir='ltr'>omnes</span> <span class='ocrx_word' id='word_1_654' title='bbox 821 4435 917 4502; x_wconf 88' lang='lat' dir='ltr'>qui</span> <span class='ocrx_word' id='word_1_655' title='bbox 967 4433 1341 4501; x_wconf 77' lang='lat' dir='ltr'>blasphemant</span> <span class='ocrx_word' id='word_1_656' title='bbox 1387 4439 1454 4485; x_wconf 86' lang='lat' dir='ltr'>te.</span> <span class='ocrx_word' id='word_1_657' title='bbox 1487 4431 1768 4485; x_wconf 84' lang='lat' dir='ltr'>Maledicti</span> 
     </span>
    </p>
   </div>
   <div class='ocr_carea' id='block_1_91' title="bbox 81 4521 1769 4594">
    <p class='ocr_par' dir='ltr' id='par_1_91' title="bbox 81 4521 1769 4594">
     <span class='ocr_line' id='line_1_91' title="bbox 81 4521 1769 4594; baseline -0.005 -15"><span class='ocrx_word' id='word_1_658' title='bbox 81 4542 246 4581; x_wconf 83' lang='lat' dir='ltr'>omnes</span> <span class='ocrx_word' id='word_1_659' title='bbox 288 4527 386 4594; x_wconf 86' lang='lat' dir='ltr'>qui</span> <span class='ocrx_word' id='word_1_660' title='bbox 413 4524 641 4578; x_wconf 82' lang='lat' dir='ltr'>oderunt</span> <span class='ocrx_word' id='word_1_661' title='bbox 670 4529 738 4587; x_wconf 83' lang='lat' dir='ltr'>te,</span> <span class='ocrx_word' id='word_1_662' title='bbox 780 4528 830 4575; x_wconf 85' lang='lat' dir='ltr'>et</span> <span class='ocrx_word' id='word_1_663' title='bbox 857 4537 1033 4574; x_wconf 82' lang='lat' dir='ltr'>omnes</span> <span class='ocrx_word' id='word_1_664' title='bbox 1067 4523 1164 4588; x_wconf 83' lang='lat' dir='ltr'>qui</span> <span class='ocrx_word' id='word_1_665' title='bbox 1197 4521 1442 4574; x_wconf 61' lang='lat' dir='ltr'>dicerint</span> <span class='ocrx_word' id='word_1_666' title='bbox 1471 4522 1527 4572; x_wconf 88' lang='lat' dir='ltr'>in</span> <span class='ocrx_word' id='word_1_667' title='bbox 1558 4526 1606 4572; x_wconf 78' lang='lat' dir='ltr'>te</span> <span class='ocrx_word' id='word_1_668' title='bbox 1643 4535 1769 4572; x_wconf 73' lang='lat' dir='ltr'>ver-</span> 
     </span>
    </p>
   </div>
   <div class='ocr_carea' id='block_1_92' title="bbox 82 4608 1768 4676">
    <p class='ocr_par' dir='ltr' id='par_1_92' title="bbox 82 4608 1768 4676">
     <span class='ocr_line' id='line_1_92' title="bbox 82 4608 1768 4676; baseline -0.004 -10"><span class='ocrx_word' id='word_1_669' title='bbox 82 4615 192 4668; x_wconf 80' lang='lat' dir='ltr'>bum</span> <span class='ocrx_word' id='word_1_670' title='bbox 248 4615 470 4667; x_wconf 85' lang='lat' dir='ltr'>durum.</span> <span class='ocrx_word' id='word_1_671' title='bbox 522 4611 801 4666; x_wconf 79' lang='lat' dir='ltr'>Malcdicli</span> <span class='ocrx_word' id='word_1_672' title='bbox 847 4624 1022 4665; x_wconf 71' lang='lat' dir='ltr'>omnes</span> <span class='ocrx_word' id='word_1_673' title='bbox 1103 4611 1200 4675; x_wconf 85' lang='lat' dir='ltr'>qui</span> <span class='ocrx_word' id='word_1_674' title='bbox 1252 4608 1524 4676; x_wconf 84' lang='lat' dir='ltr'>deponunt</span> <span class='ocrx_word' id='word_1_675' title='bbox 1583 4612 1648 4672; x_wconf 86' lang='lat' dir='ltr'>te,</span> <span class='ocrx_word' id='word_1_676' title='bbox 1720 4612 1768 4661; x_wconf 81' lang='lat' dir='ltr'>et</span> 
     </span>
    </p>
   </div>
   <div class='ocr_carea' id='block_1_93' title="bbox 81 4695 1766 4770">
    <p class='ocr_par' dir='ltr' id='par_1_93' title="bbox 81 4695 1766 4770">
     <span class='ocr_line' id='line_1_93' title="bbox 81 4695 1766 4770; baseline -0.005 -14"><span class='ocrx_word' id='word_1_677' title='bbox 81 4718 244 4756; x_wconf 81' lang='lat' dir='ltr'>omnes</span> <span class='ocrx_word' id='word_1_678' title='bbox 283 4705 382 4770; x_wconf 84' lang='lat' dir='ltr'>qui</span> <span class='ocrx_word' id='word_1_679' title='bbox 427 4701 712 4754; x_wconf 81' lang='lat' dir='ltr'>destruunt</span> <span class='ocrx_word' id='word_1_680' title='bbox 759 4713 938 4751; x_wconf 82' lang='lat' dir='ltr'>muros</span> <span class='ocrx_word' id='word_1_681' title='bbox 999 4703 1136 4762; x_wconf 83' lang='lat' dir='ltr'>tuos,</span> <span class='ocrx_word' id='word_1_682' title='bbox 1192 4702 1240 4749; x_wconf 89' lang='lat' dir='ltr'>et</span> <span class='ocrx_word' id='word_1_683' title='bbox 1273 4710 1448 4749; x_wconf 86' lang='lat' dir='ltr'>omnes</span> <span class='ocrx_word' id='word_1_684' title='bbox 1502 4697 1598 4762; x_wconf 82' lang='lat' dir='ltr'>qui</span> <span class='ocrx_word' id='word_1_685' title='bbox 1639 4695 1766 4748; x_wconf 83' lang='lat' dir='ltr'>sub-</span> 
     </span>
    </p>
   </div>
   <div class='ocr_carea' id='block_1_94' title="bbox 139 4846 538 4898">
    <p class='ocr_par' dir='ltr' id='par_1_94' title="bbox 139 4846 538 4898">
     <span class='ocr_line' id='line_1_94' title="bbox 139 4846 538 4898; baseline -0.01 -1"><span class='ocrx_word' id='word_1_686' title='bbox 139 4857 161 4878; x_wconf 70' lang='grc'><strong><em>³</em></strong></span> <span class='ocrx_word' id='word_1_687' title='bbox 203 4846 368 4898; x_wconf 85' lang='lat' dir='ltr'>Forte</span> <span class='ocrx_word' id='word_1_688' title='bbox 399 4859 538 4896; x_wconf 77' lang='lat' dir='ltr'>eum.</span> 
     </span>
    </p>
   </div>
   <div class='ocr_carea' id='block_1_95' title="bbox 139 4905 1764 4976">
    <p class='ocr_par' dir='ltr' id='par_1_95' title="bbox 139 4905 1764 4976">
     <span class='ocr_line' id='line_1_95' title="bbox 139 4905 1764 4976; baseline -0.007 -8"><span class='ocrx_word' id='word_1_689' title='bbox 139 4919 164 4958; x_wconf 67' lang='grc' dir='ltr'><strong>ἓν</strong></span> <span class='ocrx_word' id='word_1_690' title='bbox 202 4916 333 4968; x_wconf 65' lang='grc' dir='ltr'>Ηωο</span> <span class='ocrx_word' id='word_1_691' title='bbox 377 4919 432 4965; x_wconf 90' lang='lat' dir='ltr'>et</span> <span class='ocrx_word' id='word_1_692' title='bbox 476 4912 587 4965; x_wconf 87' lang='lat' dir='ltr'>alia</span> <span class='ocrx_word' id='word_1_693' title='bbox 645 4909 850 4963; x_wconf 90' lang='lat' dir='ltr'>melius</span> <span class='ocrx_word' id='word_1_694' title='bbox 896 4905 1366 4976; x_wconf 83' lang='lat' dir='ltr'>interrogationis</span> <span class='ocrx_word' id='word_1_695' title='bbox 1398 4906 1560 4976; x_wconf 87' lang='lat' dir='ltr'>signo</span> <span class='ocrx_word' id='word_1_696' title='bbox 1612 4907 1764 4959; x_wconf 88' lang='lat' dir='ltr'>clau-</span> 
     </span>
    </p>
   </div>
   <div class='ocr_carea' id='block_1_96' title="bbox 81 4976 1769 5048">
    <p class='ocr_par' dir='ltr' id='par_1_96' title="bbox 81 4976 1769 5048">
     <span class='ocr_line' id='line_1_96' title="bbox 81 4976 1769 5048; baseline -0.005 -10"><span class='ocrx_word' id='word_1_697' title='bbox 81 4987 363 5039; x_wconf 65' lang='lat' dir='ltr'>derentur.</span> <span class='ocrx_word' id='word_1_698' title='bbox 397 4983 543 5046; x_wconf 87' lang='lat' dir='ltr'>Quia</span> <span class='ocrx_word' id='word_1_699' title='bbox 571 4988 760 5033; x_wconf 89' lang='lat' dir='ltr'>tamen</span> <span class='ocrx_word' id='word_1_700' title='bbox 794 4995 1086 5048; x_wconf 86' lang='lat' dir='ltr'>nunquam</span> <span class='ocrx_word' id='word_1_701' title='bbox 1120 4983 1354 5048; x_wconf 88' lang='lat' dir='ltr'>notatur</span> <span class='ocrx_word' id='word_1_702' title='bbox 1394 4976 1452 5028; x_wconf 90' lang='lat' dir='ltr'>in</span> <span class='ocrx_word' id='word_1_703' title='bbox 1486 4977 1676 5030; x_wconf 90' lang='lat' dir='ltr'>codice</span> <span class='ocrx_word' id='word_1_704' title='bbox 1713 4983 1769 5030; x_wconf 86' lang='lat' dir='ltr'>et</span> 
     </span>
    </p>
   </div>
   <div class='ocr_carea' id='block_1_97' title="bbox 81 5047 1768 5124">
    <p class='ocr_par' dir='ltr' id='par_1_97' title="bbox 81 5047 1768 5124">
     <span class='ocr_line' id='line_1_97' title="bbox 81 5047 1768 5124; baseline -0.005 -15"><span class='ocrx_word' id='word_1_705' title='bbox 81 5062 307 5124; x_wconf 84' lang='lat' dir='ltr'>possunt</span> <span class='ocrx_word' id='word_1_706' title='bbox 339 5071 402 5106; x_wconf 85' lang='lat' dir='ltr'>ex</span> <span class='ocrx_word' id='word_1_707' title='bbox 449 5051 908 5106; x_wconf 85' lang='lat' dir='ltr'>adversariorum</span> <span class='ocrx_word' id='word_1_708' title='bbox 935 5047 1143 5103; x_wconf 25' lang='lat' dir='ltr'>’mente</span> <span class='ocrx_word' id='word_1_709' title='bbox 1195 5047 1344 5101; x_wconf 87' lang='lat' dir='ltr'>dicta</span> <span class='ocrx_word' id='word_1_710' title='bbox 1377 5048 1575 5117; x_wconf 88' lang='lat' dir='ltr'>accipi,</span> <span class='ocrx_word' id='word_1_711' title='bbox 1623 5048 1768 5100; x_wconf 90' lang='lat' dir='ltr'>nihil</span> 
     </span>
    </p>
   </div>
   <div class='ocr_carea' id='block_1_98' title="bbox 83 5125 654 5196">
    <p class='ocr_par' dir='ltr' id='par_1_98' title="bbox 83 5125 654 5196">
     <span class='ocr_line' id='line_1_98' title="bbox 83 5125 654 5196; baseline -0.014 -15"><span class='ocrx_word' id='word_1_712' title='bbox 83 5125 236 5180; x_wconf 89' lang='lat' dir='ltr'>nobis</span> <span class='ocrx_word' id='word_1_713' title='bbox 261 5125 654 5196; x_wconf 75' lang='lat' dir='ltr'>permisimus.</span> 
     </span>
    </p>
   </div>
   <div class='ocr_carea' id='block_1_99' title="bbox 138 5188 1768 5257">
    <p class='ocr_par' dir='ltr' id='par_1_99' title="bbox 138 5188 1768 5257">
     <span class='ocr_line' id='line_1_99' title="bbox 138 5188 1768 5257; baseline -0.006 -8"><span class='ocrx_word' id='word_1_714' title='bbox 138 5207 157 5230; x_wconf 76' lang='grc' dir='ltr'><strong>ε</strong></span> <span class='ocrx_word' id='word_1_715' title='bbox 188 5188 431 5251; x_wconf 69' lang='grc' dir='ltr'>Μότειεε</span> <span class='ocrx_word' id='word_1_716' title='bbox 469 5194 656 5247; x_wconf 88' lang='lat' dir='ltr'>fol.30</span> <span class='ocrx_word' id='word_1_717' title='bbox 701 5192 756 5244; x_wconf 91' lang='lat' dir='ltr'>in</span> <span class='ocrx_word' id='word_1_718' title='bbox 799 5191 988 5244; x_wconf 88' lang='lat' dir='ltr'>divum</span> <span class='ocrx_word' id='word_1_719' title='bbox 1025 5189 1244 5257; x_wconf 76' lang='lat' dir='ltr'>Eulog,</span> <span class='ocrx_word' id='word_1_720' title='bbox 1292 5188 1597 5253; x_wconf 80' lang='lat' dir='ltr'>gemitibus.</span> <span class='ocrx_word' id='word_1_721' title='bbox 1657 5189 1768 5241; x_wconf 86' lang='lat' dir='ltr'>Co-</span> 
     </span>
    </p>
   </div>
   <div class='ocr_carea' id='block_1_100' title="bbox 83 5258 1768 5331">
    <p class='ocr_par' dir='ltr' id='par_1_100' title="bbox 83 5258 1768 5331">
     <span class='ocr_line' id='line_1_100' title="bbox 83 5258 1768 5331; baseline -0.007 -11"><span class='ocrx_word' id='word_1_722' title='bbox 83 5268 168 5320; x_wconf 77' lang='lat' dir='ltr'>dex</span> <span class='ocrx_word' id='word_1_723' title='bbox 232 5272 448 5328; x_wconf 87' lang='lat' dir='ltr'>autem,</span> <span class='ocrx_word' id='word_1_724' title='bbox 506 5265 676 5329; x_wconf 83' lang='lat' dir='ltr'>genis,</span> <span class='ocrx_word' id='word_1_725' title='bbox 745 5261 894 5331; x_wconf 90' lang='lat' dir='ltr'>quod</span> <span class='ocrx_word' id='word_1_726' title='bbox 958 5276 1071 5312; x_wconf 89' lang='lat' dir='ltr'>non</span> <span class='ocrx_word' id='word_1_727' title='bbox 1123 5258 1768 5331; x_wconf 13' lang='lat' dir='ltr'>improbemusziinlra</span> 
     </span>
    </p>
   </div>
   <div class='ocr_carea' id='block_1_101' title="bbox 87 5330 1770 5403">
    <p class='ocr_par' dir='ltr' id='par_1_101' title="bbox 87 5330 1770 5403">
     <span class='ocr_line' id='line_1_101' title="bbox 87 5330 1770 5403; baseline -0.006 -13"><span class='ocrx_word' id='word_1_728' title='bbox 87 5340 244 5403; x_wconf 84' lang='lat' dir='ltr'>enim,</span> <span class='ocrx_word' id='word_1_729' title='bbox 278 5352 440 5388; x_wconf 88' lang='lat' dir='ltr'>num.</span> <span class='ocrx_word' id='word_1_730' title='bbox 471 5337 561 5396; x_wconf 76' lang='lat'>20,</span> <span class='ocrx_word' id='word_1_731' title='bbox 587 5330 784 5386; x_wconf 89' lang='lat' dir='ltr'>auctor</span> <span class='ocrx_word' id='word_1_732' title='bbox 821 5331 1086 5395; x_wconf 88' lang='lat' dir='ltr'>inculcat,</span> <span class='ocrx_word' id='word_1_733' title='bbox 1129 5331 1425 5382; x_wconf 71' lang='lat' dir='ltr'>Donastitae</span> <span class='ocrx_word' id='word_1_734' title='bbox 1476 5330 1625 5394; x_wconf 83' lang='lat' dir='ltr'>genis</span> <span class='ocrx_word' id='word_1_735' title='bbox 1673 5331 1770 5381; x_wconf 85' lang='lat' dir='ltr'>im-</span> 
     </span>
    </p>
   </div>
   <div class='ocr_carea' id='block_1_102' title="bbox 85 5405 1001 5476">
    <p class='ocr_par' dir='ltr' id='par_1_102' title="bbox 85 5405 1001 5476">
     <span class='ocr_line' id='line_1_102' title="bbox 85 5405 1001 5476; baseline -0.01 -15"><span class='ocrx_word' id='word_1_736' title='bbox 85 5413 216 5476; x_wconf 83' lang='lat' dir='ltr'>puri.</span> <span class='ocrx_word' id='word_1_737' title='bbox 251 5409 420 5460; x_wconf 76' lang='lat' dir='ltr'>Num.</span> <span class='ocrx_word' id='word_1_738' title='bbox 454 5406 807 5476; x_wconf 64' lang='lat' dir='ltr'>2’+,impuris</span> <span class='ocrx_word' id='word_1_739' title='bbox 831 5405 1001 5476; x_wconf 79' lang='lat' dir='ltr'>genis.</span> 
     </span>
    </p>
   </div>
   <div class='ocr_carea' id='block_1_103' title="bbox 141 5469 1769 5539">
    <p class='ocr_par' dir='ltr' id='par_1_103' title="bbox 141 5469 1769 5539">
     <span class='ocr_line' id='line_1_103' title="bbox 141 5469 1769 5539; baseline -0.007 -7"><span class='ocrx_word' id='word_1_740' title='bbox 141 5479 166 5513; x_wconf 74' lang='grc' dir='ltr'><strong><em>ἀ</em></strong></span> <span class='ocrx_word' id='word_1_741' title='bbox 202 5478 442 5532; x_wconf 76' lang='lat' dir='ltr'>Morales</span> <span class='ocrx_word' id='word_1_742' title='bbox 484 5474 601 5527; x_wconf 90' lang='lat' dir='ltr'>ibi:</span> <span class='ocrx_word' id='word_1_743' title='bbox 652 5469 793 5528; x_wconf 73' lang='lat' dir='ltr'>Casu</span> <span class='ocrx_word' id='word_1_744' title='bbox 829 5474 1085 5539; x_wconf 85' lang='lat' dir='ltr'>quopiam</span> <span class='ocrx_word' id='word_1_745' title='bbox 1135 5471 1388 5537; x_wconf 88' lang='lat' dir='ltr'>cuiquam</span> <span class='ocrx_word' id='word_1_746' title='bbox 1433 5469 1769 5521; x_wconf 82' lang='lat' dir='ltr'>obviaverint</span> 
     </span>
    </p>
   </div>
   <div class='ocr_carea' id='block_1_104' title="bbox 85 5542 1770 5616">
    <p class='ocr_par' dir='ltr' id='par_1_104' title="bbox 85 5542 1770 5616">
     <span class='ocr_line' id='line_1_104' title="bbox 85 5542 1770 5616; baseline -0.008 -14"><span class='ocrx_word' id='word_1_747' title='bbox 85 5565 167 5616; x_wconf 79' lang='lat' dir='ltr'>per</span> <span class='ocrx_word' id='word_1_748' title='bbox 217 5551 365 5601; x_wconf 72' lang='lat' dir='ltr'>tiam</span> <span class='ocrx_word' id='word_1_749' title='bbox 409 5545 622 5613; x_wconf 81' lang='lat' dir='ltr'>lapides</span> <span class='ocrx_word' id='word_1_750' title='bbox 669 5558 850 5596; x_wconf 88' lang='lat' dir='ltr'>coram</span> <span class='ocrx_word' id='word_1_751' title='bbox 902 5542 1770 5616; x_wconf 54' lang='lat' dir='ltr'>ipsis_cumulantes,__tcsgsque</span> 
     </span>
    </p>
   </div>
   <div class='ocr_carea' id='block_1_105' title="bbox 90 5609 1770 5681">
    <p class='ocr_par' dir='ltr' id='par_1_105' title="bbox 90 5609 1770 5681">
     <span class='ocr_line' id='line_1_105' title="bbox 90 5609 1770 5681; baseline -0.008 -10"><span class='ocrx_word' id='word_1_752' title='bbox 90 5609 422 5673; x_wconf 67' lang='lat' dir='ltr'>aridissimas</span> <span class='ocrx_word' id='word_1_753' title='bbox 467 5609 621 5681; x_wconf 57' lang='lat' dir='ltr'>lente,</span> <span class='ocrx_word' id='word_1_754' title='bbox 680 5617 809 5677; x_wconf 89' lang='lat' dir='ltr'>etc.,</span> <span class='ocrx_word' id='word_1_755' title='bbox 867 5628 997 5680; x_wconf 45' lang='lat' dir='ltr'>qua).</span> <span class='ocrx_word' id='word_1_756' title='bbox 1044 5611 1112 5664; x_wconf 90' lang='lat' dir='ltr'>de</span> <span class='ocrx_word' id='word_1_757' title='bbox 1167 5625 1270 5662; x_wconf 91' lang='lat' dir='ltr'>suo</span> <span class='ocrx_word' id='word_1_758' title='bbox 1322 5609 1530 5673; x_wconf 86' lang='lat' dir='ltr'>texuit;</span> <span class='ocrx_word' id='word_1_759' title='bbox 1589 5609 1770 5662; x_wconf 66' lang='lat' dir='ltr'>Testae</span> 
     </span>
    </p>
   </div>
   <div class='ocr_carea' id='block_1_106' title="bbox 398 5707 963 5772">
    <p class='ocr_par' dir='ltr' id='par_1_106' title="bbox 398 5707 963 5772">
     <span class='ocr_line' id='line_1_106' title="bbox 398 5707 963 5772; baseline -0.011 0"><span class='ocrx_word' id='word_1_760' title='bbox 398 5713 692 5772; x_wconf 78' lang='lat' dir='ltr'>PATROL.</span> <span class='ocrx_word' id='word_1_761' title='bbox 739 5707 963 5769; x_wconf 78' lang='lat' dir='ltr'>CXXI.</span> 
     </span>
    </p>
   </div>
   <div class='ocr_carea' id='block_1_107' title="bbox 1876 4434 3560 4504">
    <p class='ocr_par' dir='ltr' id='par_1_107' title="bbox 1876 4434 3560 4504">
     <span class='ocr_line' id='line_1_107' title="bbox 1876 4434 3560 4504; baseline 0.001 -16"><span class='ocrx_word' id='word_1_762' title='bbox 1876 4434 2183 4488; x_wconf 79' lang='lat' dir='ltr'>benedixit.</span> <span class='ocrx_word' id='word_1_763' title='bbox 2240 4435 2530 4488; x_wconf 82' lang='lat' dir='ltr'>Maledicat</span> <span class='ocrx_word' id='word_1_764' title='bbox 2572 4435 2788 4496; x_wconf 83' lang='lat' dir='ltr'>Judith,</span> <span class='ocrx_word' id='word_1_765' title='bbox 2826 4451 2953 4503; x_wconf 69' lang='lat' dir='ltr'>qua:</span> <span class='ocrx_word' id='word_1_766' title='bbox 2984 4435 3177 4487; x_wconf 88' lang='lat' dir='ltr'>dolose</span> <span class='ocrx_word' id='word_1_767' title='bbox 3225 4436 3390 4504; x_wconf 85' lang='lat' dir='ltr'>juxta</span> <span class='ocrx_word' id='word_1_768' title='bbox 3434 4453 3560 4489; x_wconf 86' lang='lat' dir='ltr'>sen-</span> 
     </span>
    </p>
   </div>
   <div class='ocr_carea' id='block_1_108' title="bbox 1877 4522 3562 4592">
    <p class='ocr_par' dir='ltr' id='par_1_108' title="bbox 1877 4522 3562 4592">
     <span class='ocr_line' id='line_1_108' title="bbox 1877 4522 3562 4592; baseline 0.001 -18"><span class='ocrx_word' id='word_1_769' title='bbox 1877 4538 2002 4575; x_wconf 92' lang='lat' dir='ltr'>sum</span> <span class='ocrx_word' id='word_1_770' title='bbox 2036 4523 2350 4576; x_wconf 89' lang='lat' dir='ltr'>derisorum</span> <span class='ocrx_word' id='word_1_771' title='bbox 2392 4539 2625 4592; x_wconf 87' lang='lat' dir='ltr'>gregem</span> <span class='ocrx_word' id='word_1_772' title='bbox 2671 4550 2683 4591; x_wconf 69' lang='lat'>,</span> <span class='ocrx_word' id='word_1_773' title='bbox 2740 4523 2953 4575; x_wconf 87' lang='lat' dir='ltr'>occisit.</span> <span class='ocrx_word' id='word_1_774' title='bbox 2988 4522 3282 4575; x_wconf 86' lang='lat' dir='ltr'>Maledicat</span> <span class='ocrx_word' id='word_1_775' title='bbox 3320 4530 3376 4576; x_wconf 84' lang='lat' dir='ltr'>et</span> <span class='ocrx_word' id='word_1_776' title='bbox 3425 4524 3562 4576; x_wconf 73' lang='lat' dir='ltr'>alios</span> 
     </span>
    </p>
   </div>
   <div class='ocr_carea' id='block_1_109' title="bbox 1874 4608 3564 4679">
    <p class='ocr_par' dir='ltr' id='par_1_109' title="bbox 1874 4608 3564 4679">
     <span class='ocr_line' id='line_1_109' title="bbox 1874 4608 3564 4679; baseline 0.001 -18"><span class='ocrx_word' id='word_1_777' title='bbox 1874 4608 2324 4662; x_wconf 85' lang='lat' dir='ltr'>innumerabiles</span> <span class='ocrx_word' id='word_1_778' title='bbox 2353 4617 2561 4678; x_wconf 80' lang='lat' dir='ltr'>patres,</span> <span class='ocrx_word' id='word_1_779' title='bbox 2597 4610 2695 4679; x_wconf 79' lang='lat' dir='ltr'>qui</span> <span class='ocrx_word' id='word_1_780' title='bbox 2729 4626 2902 4676; x_wconf 82' lang='lat' dir='ltr'>usque</span> <span class='ocrx_word' id='word_1_781' title='bbox 2946 4609 3010 4660; x_wconf 87' lang='lat' dir='ltr'>ad</span> <span class='ocrx_word' id='word_1_782' title='bbox 3046 4613 3286 4661; x_wconf 86' lang='lat' dir='ltr'>mortem</span> <span class='ocrx_word' id='word_1_783' title='bbox 3349 4610 3564 4663; x_wconf 83' lang='lat' dir='ltr'>bellan-</span> 
     </span>
    </p>
   </div>
   <div class='ocr_carea' id='block_1_110' title="bbox 1874 4697 3560 4761">
    <p class='ocr_par' dir='ltr' id='par_1_110' title="bbox 1874 4697 3560 4761">
     <span class='ocr_line' id='line_1_110' title="bbox 1874 4697 3560 4761; baseline 0.001 -12"><span class='ocrx_word' id='word_1_784' title='bbox 1874 4700 1958 4749; x_wconf 86' lang='lat' dir='ltr'>tes</span> <span class='ocrx_word' id='word_1_785' title='bbox 1989 4698 2108 4750; x_wconf 90' lang='lat' dir='ltr'>zelo</span> <span class='ocrx_word' id='word_1_786' title='bbox 2145 4698 2368 4750; x_wconf 89' lang='lat' dir='ltr'>Domini</span> <span class='ocrx_word' id='word_1_787' title='bbox 2401 4697 2660 4750; x_wconf 88' lang='lat' dir='ltr'>inimicos</span> <span class='ocrx_word' id='word_1_788' title='bbox 2709 4698 2802 4750; x_wconf 87' lang='lat' dir='ltr'>Dei</span> <span class='ocrx_word' id='word_1_789' title='bbox 2838 4713 2948 4748; x_wconf 93' lang='lat' dir='ltr'>non</span> <span class='ocrx_word' id='word_1_790' title='bbox 3002 4698 3186 4748; x_wconf 86' lang='lat' dir='ltr'>solum</span> <span class='ocrx_word' id='word_1_791' title='bbox 3219 4697 3418 4761; x_wconf 81' lang='lat' dir='ltr'>verbis,</span> <span class='ocrx_word' id='word_1_792' title='bbox 3466 4699 3560 4750; x_wconf 84' lang='lat' dir='ltr'>sed</span> 
     </span>
    </p>
   </div>
   <div class='ocr_carea' id='block_1_111' title="bbox 1878 4835 3417 4906">
    <p class='ocr_par' dir='ltr' id='par_1_111' title="bbox 1878 4835 3417 4906">
     <span class='ocr_line' id='line_1_111' title="bbox 1878 4835 3417 4906; baseline -0.001 -16"><span class='ocrx_word' id='word_1_793' title='bbox 1878 4855 2010 4891; x_wconf 89' lang='lat' dir='ltr'>vero</span> <span class='ocrx_word' id='word_1_794' title='bbox 2035 4838 2381 4891; x_wconf 78' lang='lat' dir='ltr'>aridissimus</span> <span class='ocrx_word' id='word_1_795' title='bbox 2411 4839 2612 4890; x_wconf 80' lang='lat' dir='ltr'>melius</span> <span class='ocrx_word' id='word_1_796' title='bbox 2641 4853 2810 4906; x_wconf 84' lang='lat' dir='ltr'>quam</span> <span class='ocrx_word' id='word_1_797' title='bbox 2853 4836 2910 4887; x_wconf 88' lang='lat' dir='ltr'>in</span> <span class='ocrx_word' id='word_1_798' title='bbox 2943 4835 3130 4889; x_wconf 75' lang='lat' dir='ltr'>codice</span> <span class='ocrx_word' id='word_1_799' title='bbox 3154 4836 3417 4889; x_wconf 86' lang='lat' dir='ltr'>restituit.</span> 
     </span>
    </p>
   </div>
   <div class='ocr_carea' id='block_1_112' title="bbox 1945 4907 3565 4977">
    <p class='ocr_par' dir='ltr' id='par_1_112' title="bbox 1945 4907 3565 4977">
     <span class='ocr_line' id='line_1_112' title="bbox 1945 4907 3565 4977; baseline -0.001 -15"><span class='ocrx_word' id='word_1_800' title='bbox 1945 4917 1966 4943; x_wconf 83' lang='lat'><strong>°</strong></span> <span class='ocrx_word' id='word_1_801' title='bbox 2009 4910 2312 4977; x_wconf 88' lang='lat' dir='ltr'>Perperam</span> <span class='ocrx_word' id='word_1_802' title='bbox 2380 4910 2613 4962; x_wconf 80' lang='lat' dir='ltr'>Morales</span> <span class='ocrx_word' id='word_1_803' title='bbox 2678 4910 2996 4960; x_wconf 80' lang='lat' dir='ltr'>detruncant</span> <span class='ocrx_word' id='word_1_804' title='bbox 3074 4923 3178 4975; x_wconf 92' lang='lat' dir='ltr'>pro</span> <span class='ocrx_word' id='word_1_805' title='bbox 3260 4907 3565 4961; x_wconf 77' lang='lat' dir='ltr'>decolor-ant</span> 
     </span>
    </p>
   </div>
   <div class='ocr_carea' id='block_1_113' title="bbox 1876 4979 2071 5034">
    <p class='ocr_par' dir='ltr' id='par_1_113' title="bbox 1876 4979 2071 5034">
     <span class='ocr_line' id='line_1_113' title="bbox 1876 4979 2071 5034; baseline 0 -2"><span class='ocrx_word' id='word_1_806' title='bbox 1876 4979 2071 5034; x_wconf 89' lang='lat' dir='ltr'>edidit.</span> 
     </span>
    </p>
   </div>
   <div class='ocr_carea' id='block_1_114' title="bbox 1948 5045 3566 5117">
    <p class='ocr_par' dir='ltr' id='par_1_114' title="bbox 1948 5045 3566 5117">
     <span class='ocr_line' id='line_1_114' title="bbox 1948 5045 3566 5117; baseline -0.001 -15"><span class='ocrx_word' id='word_1_807' title='bbox 1948 5049 1965 5082; x_wconf 67' lang='grc' dir='ltr'><strong>ί</strong></span> <span class='ocrx_word' id='word_1_808' title='bbox 2005 5049 2424 5102; x_wconf 83' lang='lat' dir='ltr'>Maledictiones</span> <span class='ocrx_word' id='word_1_809' title='bbox 2457 5053 2590 5100; x_wconf 82' lang='lat' dir='ltr'>sunt</span> <span class='ocrx_word' id='word_1_810' title='bbox 2635 5064 2778 5116; x_wconf 85' lang='lat' dir='ltr'>quas</span> <span class='ocrx_word' id='word_1_811' title='bbox 2825 5045 3066 5099; x_wconf 77' lang='lat' dir='ltr'>Ecclesia</span> <span class='ocrx_word' id='word_1_812' title='bbox 3110 5063 3280 5117; x_wconf 86' lang='lat' dir='ltr'>super</span> <span class='ocrx_word' id='word_1_813' title='bbox 3309 5047 3566 5101; x_wconf 88' lang='lat' dir='ltr'>odientes</span> 
     </span>
    </p>
   </div>
   <div class='ocr_carea' id='block_1_115' title="bbox 1878 5119 3567 5187">
    <p class='ocr_par' dir='ltr' id='par_1_115' title="bbox 1878 5119 3567 5187">
     <span class='ocr_line' id='line_1_115' title="bbox 1878 5119 3567 5187; baseline 0 -15"><span class='ocrx_word' id='word_1_814' title='bbox 1878 5136 1934 5172; x_wconf 87' lang='lat' dir='ltr'>se</span> <span class='ocrx_word' id='word_1_815' title='bbox 1967 5135 2155 5171; x_wconf 89' lang='lat' dir='ltr'>annue</span> <span class='ocrx_word' id='word_1_816' title='bbox 2184 5126 2239 5170; x_wconf 89' lang='lat' dir='ltr'>et</span> <span class='ocrx_word' id='word_1_817' title='bbox 2298 5121 2484 5187; x_wconf 76' lang='lat' dir='ltr'>palam</span> <span class='ocrx_word' id='word_1_818' title='bbox 2519 5119 2810 5183; x_wconf 80' lang='lat' dir='ltr'>fundebat,</span> <span class='ocrx_word' id='word_1_819' title='bbox 2861 5125 2920 5170; x_wconf 90' lang='lat' dir='ltr'>ut</span> <span class='ocrx_word' id='word_1_820' title='bbox 2958 5119 3152 5170; x_wconf 88' lang='lat' dir='ltr'>statim</span> <span class='ocrx_word' id='word_1_821' title='bbox 3186 5125 3382 5171; x_wconf 85' lang='lat' dir='ltr'>auctor</span> <span class='ocrx_word' id='word_1_822' title='bbox 3411 5136 3567 5173; x_wconf 89' lang='lat' dir='ltr'>com—</span> 
     </span>
    </p>
   </div>
   <div class='ocr_carea' id='block_1_116' title="bbox 1879 5193 2176 5242">
    <p class='ocr_par' dir='ltr' id='par_1_116' title="bbox 1879 5193 2176 5242">
     <span class='ocr_line' id='line_1_116' title="bbox 1879 5193 2176 5242; baseline -0.013 1"><span class='ocrx_word' id='word_1_823' title='bbox 1879 5193 2176 5242; x_wconf 86' lang='lat' dir='ltr'>memorat.</span> 
     </span>
    </p>
   </div>
   <div class='ocr_carea' id='block_1_117' title="bbox 1950 5258 2690 5326">
    <p class='ocr_par' dir='ltr' id='par_1_117' title="bbox 1950 5258 2690 5326">
     <span class='ocr_line' id='line_1_117' title="bbox 1950 5258 2690 5326; baseline -0.001 -15"><span class='ocrx_word' id='word_1_824' title='bbox 1950 5272 1978 5311; x_wconf 71' lang='lat' dir='ltr'>s</span> <span class='ocrx_word' id='word_1_825' title='bbox 2017 5259 2272 5326; x_wconf 87' lang='lat' dir='ltr'>Vulgata,</span> <span class='ocrx_word' id='word_1_826' title='bbox 2309 5258 2487 5310; x_wconf 79' lang='lat' dir='ltr'>Huber</span> <span class='ocrx_word' id='word_1_827' title='bbox 2517 5260 2690 5310; x_wconf 68' lang='grc' dir='ltr'>εἰηεεί.</span> 
     </span>
    </p>
   </div>
   <div class='ocr_carea' id='block_1_118' title="bbox 1945 5328 3567 5400">
    <p class='ocr_par' dir='ltr' id='par_1_118' title="bbox 1945 5328 3567 5400">
     <span class='ocr_line' id='line_1_118' title="bbox 1945 5328 3567 5400; baseline 0.002 -21"><span class='ocrx_word' id='word_1_828' title='bbox 1945 5331 1970 5370; x_wconf 87' lang='lat' dir='ltr'>h</span> <span class='ocrx_word' id='word_1_829' title='bbox 2014 5329 2176 5400; x_wconf 75' lang='lat' dir='ltr'>Lege,</span> <span class='ocrx_word' id='word_1_830' title='bbox 2214 5329 2544 5400; x_wconf 58' lang='lat' dir='ltr'>tempusid</span> <span class='ocrx_word' id='word_1_831' title='bbox 2595 5334 2688 5400; x_wconf 89' lang='lat' dir='ltr'>est</span> <span class='ocrx_word' id='word_1_832' title='bbox 2733 5332 2948 5396; x_wconf 80' lang='lat' dir='ltr'>partem</span> <span class='ocrx_word' id='word_1_833' title='bbox 2989 5328 3212 5396; x_wconf 74' lang='lat' dir='ltr'>capitis,</span> <span class='ocrx_word' id='word_1_834' title='bbox 3257 5346 3428 5400; x_wconf 89' lang='lat' dir='ltr'>quam</span> <span class='ocrx_word' id='word_1_835' title='bbox 3476 5331 3567 5384; x_wconf 88' lang='lat' dir='ltr'>l-li-</span> 
     </span>
    </p>
   </div>
   <div class='ocr_carea' id='block_1_119' title="bbox 1878 5396 2702 5469">
    <p class='ocr_par' dir='ltr' id='par_1_119' title="bbox 1878 5396 2702 5469">
     <span class='ocr_line' id='line_1_119' title="bbox 1878 5396 2702 5469; baseline -0.005 -18"><span class='ocrx_word' id='word_1_836' title='bbox 1878 5398 2104 5469; x_wconf 78' lang='lat' dir='ltr'>spanice</span> <span class='ocrx_word' id='word_1_837' title='bbox 2127 5396 2366 5449; x_wconf 88' lang='lat' dir='ltr'>dicimus</span> <span class='ocrx_word' id='word_1_838' title='bbox 2400 5413 2411 5448; x_wconf 92' lang='lat'>:</span> <span class='ocrx_word' id='word_1_839' title='bbox 2451 5399 2527 5450; x_wconf 80' lang='lat' dir='ltr'>La</span> <span class='ocrx_word' id='word_1_840' title='bbox 2555 5399 2702 5448; x_wconf 72' lang='lat' dir='ltr'>siem.</span> 
     </span>
    </p>
   </div>
   <div class='ocr_carea' id='block_1_120' title="bbox 1949 5467 2668 5535">
    <p class='ocr_par' dir='ltr' id='par_1_120' title="bbox 1949 5467 2668 5535">
     <span class='ocr_line' id='line_1_120' title="bbox 1949 5467 2668 5535; baseline 0 -19"><span class='ocrx_word' id='word_1_841' title='bbox 1949 5483 1960 5516; x_wconf 91' lang='lat' dir='ltr'>i</span> <span class='ocrx_word' id='word_1_842' title='bbox 2002 5467 2122 5530; x_wconf 68' lang='grc' dir='ltr'>Μέ.,</span> <span class='ocrx_word' id='word_1_843' title='bbox 2151 5481 2337 5532; x_wconf 80' lang='lat' dir='ltr'>pugna</span> <span class='ocrx_word' id='word_1_844' title='bbox 2366 5469 2668 5535; x_wconf 77' lang='lat' dir='ltr'>Spirituliu.</span> 
     </span>
    </p>
   </div>
   <div class='ocr_carea' id='block_1_121' title="bbox 1968 5537 2334 5601">
    <p class='ocr_par' dir='ltr' id='par_1_121' title="bbox 1968 5537 2334 5601">
     <span class='ocr_line' id='line_1_121' title="bbox 1968 5537 2334 5601; baseline 0 -13"><span class='ocrx_word' id='word_1_845' title='bbox 1968 5540 1980 5581; x_wconf 70' lang='grc' dir='ltr'><em>ἱ</em></span> <span class='ocrx_word' id='word_1_846' title='bbox 2012 5542 2090 5594; x_wconf 76' lang='lat' dir='ltr'>An</span> <span class='ocrx_word' id='word_1_847' title='bbox 2121 5551 2294 5601; x_wconf 78' lang='lat' dir='ltr'>regem</span> <span class='ocrx_word' id='word_1_848' title='bbox 2308 5537 2334 5588; x_wconf 82' lang='lat'>‘.’</span> 
     </span>
    </p>
   </div>
  </div>
