3860 6262
291 340 392 390 5'23

1654 329 1904 384 ALVARI
1946 328 2428 385 CORDUBENSIS
3709 326 3795 375 524

293 469 499 541 gladiis
531 473 886 521 truncavere.
923 465 990 518 Et
1029 463 1076 517 si
1115 463 1329 517 a'veris
1376 462 1620 516 strenuis
1669 463 1987 517 severitatis
2025 467 2069 516 Α
2099 463 2476 528 defendimus,
2511 465 2568 514 et
2598 477 2714 514 non
2744 459 3111 524 damnabilia,
3168 460 3265 514 sed
3316 460 3540 531 optima
3594 459 3794 528 praedi-

290 575 404 612 non
447 556 730 627 recipiunt
757 571 862 624 pro
895 554 1007 608 ﬁde
1038 552 1299 623 praelium
1323 551 1721 605 intentandum
1755 569 1768 604 :
1798 552 1984 605 saltim

292 663 323 698 a
369 645 597 698 feminis
647 645 866 697 discant
908 642 1129 694 virilem
1179 641 1248 694 de
1279 640 1540 693 hostibus
1589 639 1931 692 adorearum
1961 648 1986 672 ⁸

290 733 589 787 sublimari
622 732 967 801 trophaeum.
1011 730 1081 782 Et
1128 744 1290 781 sexus
1339 728 1543 780 fortior
1581 728 1792 796 pudeat
1849 743 1981 779 sexu

289 823 545 892 superari
586 821 863 874 femineo.
907 820 1222 882 Postremo,
1261 818 1413 886 quod
1459 815 1728 868 omnibus
1759 816 1984 867 sacrile-

289 926 427 979 gum
485 926 607 962 esse
654 907 960 971 videbitur,
995 905 1038 957 si
1091 911 1242 957 certe
1297 908 1517 956 tantum
1578 903 1848 956 adversor
1903 904 1987 954 est

289 998 550 1051 Ecclesiae
581 1001 788 1048 sanctae
823 994 1140 1059 uialedicat,
1167 1008 1294 1063 quas
1323 991 1721 1044 maledicentes
1751 1006 1809 1042 se
1842 1006 1986 1060 quo-

289 1086 430 1140 tidie
482 1083 789 1137 maledicit.
851 1084 913 1136 Et
939 1082 1139 1151 utique
1198 1080 1526 1133 maledictor
1576 1078 1834 1132 Ecclesiae
1882 1084 1985 1146 est,

291 1175 392 1244 qui
423 1174 635 1225 viscera
680 1171 939 1224 Ecclesiae
984 1157 1293 1234 maledicit,
1345 1169 1461 1221 imo
1509 1168 1607 1238 qui
1655 1167 1836 1237 ipsius
1887 1169 1984 1220 Ec-

292 1261 498 1324 clesiae,
532 1275 660 1330 quae
695 1275 809 1312 non
843 1257 1024 1327 magis
1062 1258 1120 1310 in
1153 1257 1278 1310 aliis
1309 1273 1479 1326 quam
1512 1255 1570 1308 in
1603 1255 1738 1324 ipsis
1770 1260 1986 1324 marty-

293 1350 450 1403 ribus
483 1353 864 1418 computatur,
900 1347 1207 1399 infamator
1249 1345 1522 1414 profanus
1562 1350 1663 1396 est.
1716 1341 1986 1412 Nunquid

291 1454 407 1491 non
465 1437 662 1490 doctor
720 1441 934 1499 noster,
991 1434 1366 1488 Ecclesiarum
1417 1432 1624 1486 Christi
1718 1431 1989 1501 magister

289 1526 516 1590 Paulus,
552 1523 809 1593 gentium
836 1523 1151 1592 apostolus,
1179 1537 1274 1573 vas
1308 1520 1513 1574 Christi
1547 1520 1782 1585 electus,
1837 1520 1987 1572 hunc

292 1615 560 1683 angelum
590 1611 770 1681 digito
800 1611 956 1681 quali
991 1610 1290 1674 denotans,
1324 1624 1582 1678 praesago
1615 1608 1816 1676 spiritu
1864 1623 1984 1660 ma-

293 1703 508 1765 ledixit,
540 1702 777 1754 dicens:
837 1699 896 1753 Si
943 1701 1064 1766 quis
1112 1698 1262 1751 vobis
1314 1697 1469 1749 aliud
1535 1695 1988 1762 euangelizaverit

289 1795 490 1859 prater
540 1789 600 1841 id
671 1787 814 1855 quod
883 1788 1186 1854 accepistis,
1258 1785 1548 1837 anathema
1618 1787 1709 1837 sit.
1792 1785 1983 1837 Amen.

293 1877 528 1929 Etiamsi
559 1875 780 1941 angelus
812 1873 877 1926 de
929 1874 1054 1926 coelo
1099 1873 1551 1940 cvangelizaverit
1606 1872 1755 1924 vobis
1811 1871 1986 1937 aliud,

294 1964 582 2015 anathema
632 1965 722 2016 sit.
786 1965 964 2014 Amen
1013 1961 1156 2026 (Gal.
1230 1976 1267 2026 1,
1318 1962 1384 2025 8).
1439 1961 1573 2012 Ecce
1613 1960 1848 2029 angelus
1895 1958 1988 2011 ille

299 2050 635 2102 maledictus
681 2049 1017 2110 ostenditur,
1063 2047 1162 2118 qui
1194 2046 1353 2100 Ponti
1395 2045 1612 2100 monita
1653 2046 1988 2100 auctoritate

301 2137 412 2189 alia
450 2137 539 2189 via
582 2137 871 2190 destruere
921 2145 1179 2202 conatur,
1215 2136 1326 2188 nisi
1375 2136 1520 2188 forte
1570 2140 1670 2188 aut
1720 2135 1988 2204 angelum

297 2225 514 2278 bonum
549 2241 578 2276 a
604 2229 760 2277 tanto
791 2225 1046 2294 apostolo
1078 2223 1447 2276 maledictum
1480 2239 1601 2276 esse
1644 2223 1863 2288 dicatis,
1891 2229 1991 2276 aut

298 2313 450 2365 hunc
480 2310 961 2379 impurissimum,
991 2310 1087 2381 qui
1130 2327 1188 2361 se
1221 2309 1469 2379 prazbuit
1499 2310 1566 2362 ad
1611 2309 1986 2362 habitandum

299 2399 688 2469 impurissimo
728 2399 1000 2466 bangelo,
1049 2399 1238 2467 ipsum
1273 2397 1608 2467 praedicasse
1639 2396 1788 2466 quod
1842 2398 1989 2450 Pau—

298 2488 410 2555 lus,
461 2489 686 2557 procaci
717 2487 1010 2541 dicacitate
1034 2486 1354 2539 reclamasti
1397 2497 1418 2521 ε
1467 2485 1676 2539 mundo
1702 2485 1984 2554 profertis.

299 2576 366 2628 Et
392 2593 587 2629 verum
619 2581 703 2628 est
732 2575 884 2646 quod
917 2593 949 2628 a
993 2581 1252 2644 tempore
1276 2575 1395 2644 jam
1446 2574 1578 2627 dicti
1611 2573 1820 2626 summi
1864 2589 1988 2626 ma-

299 2663 463 2734 gistri
494 2663 684 2717 nullus
711 2665 853 2716 alius
883 2663 986 2716 sub
1017 2663 1248 2716 nomine
1280 2662 1470 2732 angeli
1503 2662 1667 2714 devia
1694 2662 1815 2730 ejus
1844 2677 1991 2731 prae-

299 2751 604 2813 dicatione,
639 2757 696 2804 et
724 2752 1067 2820 evangelica:
1098 2751 1334 2803 adversa
1367 2749 1648 2802 adducere
1683 2765 1852 2801 ausus
1906 2754 1992 2801 est

300 2846 484 2901 sectae,
541 2838 652 2892 nisi
705 2839 831 2903 iste,
866 2838 965 2909 qui
1004 2839 1108 2891 sub
1161 2838 1392 2891 nomine
1420 2837 1694 2892 Gabrielis
1752 2836 1989 2889 alteram

300 2928 401 2981 Dei
450 2944 508 2980 se
557 2927 888 2980 hominibus
934 2926 1204 2980 detulisse
1259 2927 1530 2979 mentitus
1561 2931 1644 2979 est
1691 2926 1893 2994 legem.
1930 2926 1992 2978 Et

2096 553 2334 604 camus?
2360 552 2426 604 Et
2471 549 2824 604 Christianos
2853 554 3047 602 contra
3090 549 3223 602 fidei
3267 565 3385 602 sua:
3444 548 3646 601 socios
3707 563 3794 615 pro

2095 640 2246 709 regis
2278 639 2479 709 gratia,
2508 644 2565 692 et
2615 655 2717 708 pro
2758 637 3145 691 vendibilibus
3193 637 3562 703 muneribus,
3602 643 3664 688 et
3709 638 3792 688 de-

2095 729 2353 781 fensioue
2385 728 2689 797 gentilium
2721 728 3068 795 praeliautes,
3098 743 3212 779 non
3244 727 3687 789 maledicimus,
3714 742 3795 776 nec

2094 818 2464 881 delestamus,
2486 816 2580 868 sed
2604 816 2900 883 religiosos
2923 831 3025 883 pro
3058 815 3169 867 Deo
3193 831 3322 866 vero
3349 819 3650 867 certantes
3684 829 3797 865 ana-

2093 908 2343 958 themate
2378 904 2748 974 percutimus,
2791 909 2847 956 et
2875 902 3258 955 infamamus?
3290 908 3344 954 et
3363 902 3492 954 haec
3519 907 3651 953 tota
3702 917 3796 952 me—

2095 999 2155 1046 tu
2179 993 2388 1047 terreni
2431 993 2580 1061 regis
2613 998 2849 1060 urgente
2877 991 3223 1060 peregimus,
3259 1007 3434 1060 quem
3455 989 3651 1042 veloci
3701 992 3794 1041 tiae

2095 1097 2286 1135 carere
2367 1080 2480 1133 fide
2554 1077 2917 1132 indubitabili
2975 1078 3335 1131 retinemus:
3403 1084 3462 1131 et
3519 1084 3796 1129 terrorem

2095 1169 2296 1223 interni
2328 1169 2517 1238 Regis,
2543 1168 2612 1221 ad
2635 1183 2806 1237 quem
2839 1167 3005 1219 citius
3024 1165 3171 1219 trahi
3207 1182 3311 1219 nos
3341 1181 3474 1218 vere
3507 1166 3798 1218 credimus

2097 1263 2154 1311 et
2183 1263 2465 1322 tenemus,
2500 1261 2626 1326 post
2659 1263 2882 1325 tergum
2929 1256 3218 1324 rejicimus
3258 1258 3313 1306 et
3343 1256 3792 1306 conculcamus:

2095 1353 2266 1416 atque
2298 1344 2398 1415 qui
2436 1361 2636 1397 eorum
2682 1344 2972 1396 erroribus
3017 1342 3435 1408 contradicunt,
3487 1342 3796 1395 haereticos

2094 1439 2150 1488 et
2193 1433 2401 1487 inscios
2437 1432 2802 1502 judicamus?
2851 1431 3052 1484 Nostra
3118 1437 3316 1483 contra
3357 1447 3465 1484 nos
3519 1431 3796 1484 dimican:

2097 1538 2300 1576 arma:
2345 1527 2401 1574 et
2447 1522 2506 1573 in
2552 1521 2758 1572 vertice
2801 1525 2995 1572 nostro
3043 1519 3333 1572 descendit
3373 1519 3671 1589 iniquitas
3709 1536 3794 1571 no-

2097 1618 2211 1663 stra
2242 1610 2410 1676 (Psal.
2446 1624 2539 1674 vn,
2587 1612 2688 1674 l7).
2725 1607 2950 1676 Egregii
2982 1606 3404 1676 praedicatores,
3442 1611 3498 1659 et
3550 1607 3792 1659 admira-

2096 1700 2239 1752 biles
2263 1713 2504 1767 gregum
2537 1696 2723 1762 electi,
2758 1695 2892 1748 boui
2925 1701 2981 1748 et
3012 1695 3190 1748 nonni
3213 1708 3242 1748 ε
3263 1701 3546 1764 pastores,
3599 1697 3794 1747 Siccine.

2098 1804 2203 1840 nos
2232 1787 2420 1839 docuit
2445 1784 2740 1840 Christus?
2760 1783 2849 1838 Sic
2879 1800 3077 1836 omnes
3114 1784 3359 1853 apostoli
3394 1791 3452 1836 et
3490 1783 3797 1836 dactores‘?

2101 1875 2178 1929 sic
2209 1875 2397 1928 cuncti
2431 1873 2552 1944 qui,
2585 1873 2802 1926 animas
2831 1888 2937 1942 pro
2969 1873 3204 1925 veritate
3239 1877 3540 1941 ponentes,
3583 1889 3692 1942 per
3723 1874 3795 1924 di-

2100 1981 2292 2018 versos
2324 1962 2674 2016 sudaverunt
2707 1962 2965 2031 agones?

2174 2055 2256 2106 10.
2319 2053 2476 2120 Rogo
2530 2053 2681 2104 unde
2735 2066 2882 2103 nova
2928 2049 3049 2102 haec
3103 2050 3159 2102 in
3218 2049 3481 2102 Ecclesiis
3536 2055 3632 2102 est
3687 2057 3797 2102 orta

2100 2143 2423 2205 clementia,
2458 2156 2587 2210 qua:
2616 2138 2920 2192 inl'ernalia
2951 2138 3066 2190 haec
3094 2139 3311 2190 vomuit
3337 2137 3666 2207 dogmata?
3699 2145 3797 2190 Aut

2099 2231 2146 2283 si
2200 2228 2535 2282 temeritatis
2605 2226 2753 2279 hanc
2811 2242 3004 2278 vocem
3071 2225 3302 2295 putatis,
3361 2226 3629 2294 proferte
3683 2227 3795 2295 quis

2099 2318 2221 2371 haec
2247 2317 2377 2386 pius
2404 2316 2578 2386 jussit
2623 2313 2962 2383 Apostolus?
2993 2313 3047 2367 Si
3098 2329 3258 2365 error
3301 2330 3416 2366 non
3466 2320 3558 2366 est
3611 2316 3796 2380 patula

2099 2405 2534 2476 expugnandus,
2568 2402 2772 2472 utquid
2802 2401 3094 2456 descendit
3120 2400 3578 2455 DominusJesus
3617 2401 3796 2455 Chris-

2099 2493 2229 2546 tus?
2256 2491 2461 2561 thuid
2487 2506 2602 2543 non
2634 2489 3144 2559 interrogantibus,
3179 2505 3283 2541 nec
3304 2488 3370 2541 de
3401 2504 3508 2541 sua
3563 2505 3795 2542 conver-

2099 2581 2258 2634 sione
2289 2579 2698 2651 quaerentibus,
2727 2579 3051 2631 ultroueum
3083 2579 3276 2630 lumen
3303 2578 3464 2630 caecis
3489 2577 3797 2632 adhibuit?

2101 2669 2310 2740 thuid
2352 2669 2684 2738 prophetae?
2719 2667 2924 2736 utquid
2953 2667 3195 2736 apostoli
3239 2666 3405 2719 misi?
3445 2668 3669 2736 utquid
3714 2668 3799 2720 do-

2100 2755 2326 2810 ctores?
2357 2756 2557 2826 utquid
2590 2761 2841 2824 pastores
2865 2755 3109 2824 praevisi,
3143 2754 3250 2806 nisi
3275 2754 3685 2808 utdebelletur
3706 2757 3798 2808 im-

2100 2845 2325 2915 peritia,
2379 2849 2433 2898 et
2482 2828 2756 2896 ultionem
2804 2843 3046 2910 recipiat
3085 2842 3271 2895 omnis
3309 2842 3606 2911 perﬁdia?
3649 2844 3795 2907 Quo-

2101 2933 2273 2986 modo
2305 2931 2641 3000 implebitur
2670 2930 2824 3000 quod
2871 2929 3141 2983 Dominus
3170 2928 3424 2982 futurum
3460 2946 3595 2984 esse
3658 2947 3793 3000 pra:-

299 3013 431 3066 licet
489 3013 654 3066 multi
694 3013 1079 3067 hmreseorum
1123 3023 1384 3066 auotot‘es
1432 3014 1769 3082 angelorum
1829 3017 1989 3064 ῐεηθ·
2029 3048 2069 3103 C
2100 3020 2261 3084 dixit,
2297 3021 2455 3073 nulla
2502 3019 2562 3071 in
2610 3019 2877 3088 gentibus
2916 3017 3318 3087 praedicatione
3350 3023 3591 3072 tonante
3631 3021 3791 3074 :Cum

299 3101 532 3154 brarum
562 3100 856 3154 invasioue
904 3101 1145 3154 fuissent
1175 3101 1379 3164 delusi,
1434 3103 1623 3153 tamen
1669 3101 1860 3153 nullus
1893 3115 1988 3152 eo-

301 3205 429 3242 rum
464 3193 865 3240 testamentum
895 3189 1014 3241 vice
1040 3189 1538 3258 Deipraesumptus
1579 3193 1662 3241 est
1693 3203 1989 3258 usurpare.

301 3277 507 3328 Verum
542 3275 588 3328 si
637 3276 874 3344 angelus
917 3276 986 3328 de
1017 3277 1157 3328 Ctelo
1190 3275 1348 3328 devia
1375 3283 1577 3328 nostra:
1619 3276 1753 3329 ﬁdei
1803 3275 1991 3345 profe-

301 3379 434 3416 rens
467 3380 562 3416 ore
610 3363 1014 3417 anathematur
1055 3363 1327 3434 Apostoli,
1363 3365 1498 3434 quid
1548 3364 1868 3433 putandum
1911 3368 1995 3416 est

302 3467 437 3504 vaso
487 3451 562 3504 illi
599 3451 950 3522 nequissimo
997 3453 1024 3494 ἀ
1067 3451 1388 3517 convenire,
1431 3452 1477 3505 si
1523 3452 1813 3506 habitator
1871 3451 1995 3520 ejus

299 3546 417 3593 tam
449 3540 647 3593 acerbo
676 3541 1094 3595 maledictionis
1130 3541 1364 3594 vulnere
1390 3539 1843 3595 condemnatur?
1886 3539 1992 3593 Sed

309 3629 430 3682 haec
461 3634 511 3681 et
547 3627 684 3682 alias
712 3639 752 3681 ε.

371 3718 421 3769 9.
456 3716 613 3768 Nunc
671 3717 743 3770 ad
781 3721 1036 3786 teporem
1087 3723 1412 3772 nostrorum
1453 3718 1814 3771 reflectamus
1870 3730 1998 3768 nar-

301 3804 538 3857 rationis
568 3805 889 3872 articulum,
929 3811 984 3858 et
1008 3807 1183 3859 totius
1212 3812 1415 3860 nostra}
1447 3805 1757 3876 tepiditatis
1786 3809 1994 3857 statum

298 3893 487 3962 parvis
515 3894 875 3946 sermonibus
908 3899 1143 3962 propter
1168 3895 1387 3964 justum
1432 3894 1689 3947 divinum
1732 3908 1995 3962 compro-

299 3978 554 4032 bandum
597 3996 951 4049 exponamus
992 3981 1296 4049 judicium.
1354 3981 1623 4050 Nunquid
1670 3980 1781 4049 ipsi
1817 3977 1997 4032 nostri

301 4067 400 4136 qui.
430 4067 683 4136 palatino
713 4067 899 4120 oflicio
926 4068 1156 4121 illorum
1197 4069 1374 4137 jussis
1412 4069 1748 4133 inserviunt,
1793 4083 1995 4120 eorum

301 4170 416 4206 non
459 4159 590 4207 sunt
631 4154 906 4222 implicati
939 4157 1129 4223 palam
1173 4155 1480 4220 erroribus,
1527 4171 1656 4208 cum
1699 4154 1850 4207 enim
1897 4171 1996 4224 pa-

301 4242 417 4294 lam
456 4257 648 4294 coram
704 4242 945 4294 ethnicis
1007 4244 1320 4296 orationem
1371 4259 1488 4295 non
1541 4242 1775 4305 faciunt,
1835 4242 1995 4310 signo

2093 3108 2453 3177 praedicatum
2481 3109 2651 3172 fuerit
2701 3107 2796 3160 hoc
2839 3106 3191 3173 Evangelz’um
3236 3108 3292 3158 in
3339 3109 3604 3158 universa
3655 3123 3787 3159 crea-

2103 3202 2246 3261 tura,
2285 3201 2407 3249 tunc
2445 3198 2547 3249 erit
2587 3193 2716 3265 ﬁnis
2766 3194 2983 3264 (Matth.
3035 3209 3178 3257 xxvr,
3233 3195 3338 3250 t3).
3388 3196 3696 3247 Attendite
3747 3205 3793 3247 et

2101 3284 2243 3338 tanti
2291 3283 2511 3353 opiﬁcis
2554 3299 2874 3336 sermonem
2920 3281 3177 3334 discutite
3213 3296 3225 3333 :
3260 3280 3388 3332 dum
3431 3281 3792 3348 prae-dicatum

2099 3374 2270 3438 fuerit
2325 3373 2420 3425 hoc
2464 3372 2820 3436 Evangelium
2859 3373 2916 3423 in
2953 3371 3203 3422 universa
3252 3375 3521 3421 creatura.
3573 3370 3643 3422 Et
3692 3369 3789 3421 uti-

2105 3477 2214 3531 que
2236 3459 2563 3529 prwdicatio
2595 3457 3014 3529 ignorantibus,
3056 3462 3110 3510 et
3141 3473 3255 3509 non
3307 3456 3682 3510 credentibus
3715 3458 3791 3509 in-

2103 3549 2349 3615 ducitur,
2384 3565 2494 3602 non
2520 3549 2641 3617 jam
2662 3564 2724 3601 ea
2756 3563 2884 3617 qua:
2916 3547 3197 3600 credenda
3223 3553 3355 3598 sunt
3386 3547 3791 3600 venerantibus

2107 3644 2161 3689 et
2179 3637 2496 3689 colentibus
2511 3641 2640 3688 nota
2657 3636 2863 3704 sepius
2885 3633 3228 3686 intentatur:
3251 3631 3520 3686 ﬁdelibus
3534 3634 3699 3686 enim
3721 3651 3802 3687 no-

2103 3730 2159 3778 ta
2182 3725 2446 3794 ingerere
2485 3723 2732 3777 conlatio
2748 3723 2830 3775 vel
2854 3722 3129 3775 confertio
3144 3721 3508 3786 nominatur;
3527 3723 3800 3791 praedica-

2105 3813 2185 3866 tio
2219 3820 2412 3866 tamen
2445 3828 2529 3879 ea,
2566 3811 2675 3864 nisi
2721 3810 2909 3876 fallor,
2943 3809 3190 3862 veridice
3223 3809 3448 3871 dicitur,
3481 3826 3618 3878 qua:
3661 3813 3799 3863 velut

2107 3917 2166 3954 ex
2201 3917 2391 3970 opere,
2417 3905 2481 3953 ut
2501 3899 2958 3970 apostoliomnes
2977 3898 3323 3963 fecere,cum
3349 3897 3612 3967 periculo
3639 3903 3798 3952 etiam

2107 3988 2307 4057 capitis
2327 3993 2668 4057 opportune,
2701 3988 3053 4055 importune,
3084 3986 3396 4055 ingeritur;
3425 3992 3502 4050 et,
3530 3986 3800 4038 utlumen

2107 4076 2239 4130 ﬁdei
2281 4076 2562 4145 recipiant
2592 4092 2704 4129 non
2752 4075 3063 4140 credentes,
3112 4077 3447 4143 frequenter
3493 4091 3631 4127 cum
3681 4089 3800 4126 casu

2107 4163 2279 4216 etiam
2307 4163 2355 4216 si
2382 4162 2693 4216 occurrerit
2733 4162 2991 4232 periculi,
3024 4162 3349 4231 indagatur.
3383 4162 3449 4214 Et
3490 4169 3651 4215 certe
3693 4177 3800 4214 non

2106 4258 2321 4321 aperte,
2355 4256 2418 4304 ut
2453 4252 2638 4304 omnis
2682 4256 2940 4304 creatura
2974 4249 3264 4319 Evangelii
3309 4249 3798 4319 praedicationem,

301 4329 482 4382 crucis
540 4330 842 4381 oscitantes
901 4328 918 4361 τ
969 4330 1216 4383 frontem
1292 4347 1408 4383 non
1467 4329 1756 4394 muniunt,
1812 4329 1825 4382 Ι

2289 4338 2542 4408 recipiat,
2568 4338 2662 4391 sed
2695 4344 2756 4391 ut
2776 4339 3106 4407 praedicatio
3132 4338 3389 4390 Ecclesiae
3411 4339 3570 4390 omni
3587 4339 3797 4390 mundo

302 4416 586 4470 Christum
619 4433 734 4470 non
779 4422 974 4486 aperte
1002 4433 1191 4471 coram
1236 4435 1351 4484 eos,
1393 4419 1488 4471 scd
1519 4418 1727 4486 fugatis
1778 4434 1993 4471 sermo-

301 4505 470 4558 nibus
501 4505 842 4575 preferunt:
900 4505 1148 4560 Verbum
1201 4506 1319 4571 Dei,
1380 4511 1434 4558 et
1481 4504 1754 4574 Spiritum
1807 4513 1870 4558 ut
1913 4505 1996 4558 illi

301 4599 565 4646 asserunt
625 4595 979 4663 proﬁtentes,
1058 4610 1305 4663 suasque
1363 4593 1748 4646 confessiones
1802 4593 1991 4659 corde,

302 4682 462 4750 quasi
515 4682 627 4735 Deo
684 4683 875 4735 omnia
907 4682 1298 4752 inspicientes,
1361 4686 1666 4734 servantes.
1719 4680 1862 4743 Quid
1896 4679 1996 4748 ,his

301 4769 587 4836 omnibus,
621 4770 728 4822 nisi
763 4770 1093 4824 varietatem
1144 4768 1308 4839 pardi
1355 4770 1476 4822 zelo
1538 4768 1632 4820 l)ei
1681 4767 1996 4820 zelantibus

301 4857 409 4910 sibi
440 4859 626 4910 inesse
657 4858 987 4925 ostendunt,
1031 4857 1168 4911 dum
1214 4873 1333 4910 non
1362 4857 1606 4926 integre,
1641 4856 1734 4909 sed
1786 4855 1992 4922 medie,

303 4944 802 4998 Christianismum
832 4945 1193 4999 defendunt?
1227 4946 1354 4998 Haec
1388 4950 1581 4998 tamen
1607 4943 1800 4997 omnia
1841 4943 1992 4997 bona

371 5140 394 5163 ⁸
431 5131 551 5196 Ms.,
585 5131 678 5184 Αιι
705 5146 795 5184 ore
825 5131 1037 5186 harum.

371 5203 396 5242 ιτ
437 5203 532 5254 Ms.
593 5204 651 5254 in
678 5202 990 5269 purissimo.

371 5279 392 5303 ο
433 5271 592 5322 Forte
619 5274 964 5327 reclamante.

371 5337 398 5373 ἀ
439 5340 494 5391 Id
525 5347 608 5392 est
636 5341 974 5395 Mahometo.

337 5417 393 5486 ,ο
434 5409 555 5486 bis,
587 5412 750 5486 Elius
775 5427 804 5486 _:_
821 5413 1138 5486 legendum
1160 5420 1350 5467 autem
1382 5415 1506 5467 Haec
1535 5420 1584 5467 et
1616 5414 1788 5478 alias;
1820 5412 1996 5482 phra-

306 5479 382 5529 sis
418 5479 621 5532 Alvaro
651 5479 967 5536 familiaris.

376 5543 396 5584 ί
423 5548 559 5602 Ecce
591 5567 764 5620 quam
796 5556 1052 5608 vetustus
1082 5571 1206 5608 mos
1238 5555 1334 5608 ille
1371 5553 1642 5623 signandi
1683 5569 1742 5606 se
1773 5553 1834 5606 in
1867 5557 1997 5607 actu

2104 4428 2449 4497 generaliter
2476 4427 2712 4479 clareat:
2733 4443 2833 4496 per
2855 4426 3008 4496 quod
3040 4425 3424 4478 ministerium
3455 4431 3511 4478 et
3531 4426 3799 4495 praedica-

2104 4516 2325 4569 toribus
2351 4515 2630 4568 inferatur
2661 4515 2917 4567 debitum
2967 4513 3295 4582 praemium,
3353 4520 3411 4567 et
3451 4519 3796 4583 contempto-

2105 4604 2260 4657 ribus
2279 4604 2662 4674 justissimum
2693 4601 2975 4656 aeternum
2999 4603 3118 4654 sine
3142 4603 3256 4655 ﬁne
3287 4603 3665 4672 supplicium.
3693 4603 3794 4655 Nec

2105 4699 2330 4746 tantum
2386 4692 2485 4745 illa
2534 4692 2845 4761 apostolica
2896 4696 3157 4759 tempora
3214 4690 3613 4760 praedicationi
3670 4691 3794 4744 ﬁdei

2106 4787 2238 4833 sunt
2272 4779 2677 4845 contradenda,
2711 4779 2827 4832 imo
2859 4795 3158 4849 quousque
3188 4781 3376 4832 omnis
3425 4795 3568 4847 gens
3599 4785 3656 4832 et
3685 4780 3792 4831 lin-

2106 4884 2217 4938 gua
2247 4867 2457 4921 Christi
2506 4868 2810 4936 Evangelia
2865 4871 3120 4934 credant,
3172 4866 3505 4936 praedicatio
3541 4867 3792 4920 Ecclesiae

2105 4963 2188 5010 est
2215 4972 2318 5028 per
2347 4971 2520 5009 omne
2551 4957 2822 5009 saeculum
2851 4955 3203 5009 seminauda.
3241 4956 3382 5008 Puto
3413 4955 3567 5025 quod
3605 4956 3664 5008 in
3698 4957 3793 5008 hac

2103 5125 2480 5184 oscitationisl
2517 5127 2692 5181 Hodie
2721 5132 2913 5182 tamen
2932 5144 3013 5195 os,
3047 5144 3164 5180 non
3193 5127 3446 5181 frontem
3478 5127 3648 5197 signo
3683 5143 3789 5181 mu-

2102 5215 2320 5254 nimus.

2177 5283 2206 5324 ι’
2244 5271 2465 5323 Nonnus
2501 5285 2606 5321 vox
2652 5274 2737 5321 est
2789 5284 2902 5337 qua
2955 5270 3200 5338 majores
3250 5268 3588 5322 reverentia:
3635 5283 3789 5321 causa

2105 5341 2480 5410 appellamus.
2515 5338 2652 5391 Vide
2696 5339 2871 5392 Gloss.
2926 5340 3314 5408 Cangeanum.
3359 5339 3425 5392 Et
3466 5341 3642 5410 etiam
3688 5339 3785 5390 lin-

2104 5409 2232 5479 guae
2265 5411 2489 5479 Tagalae
2549 5425 2654 5462 vox
2687 5410 2746 5461 in
2795 5409 3138 5480 Philippiuis
3195 5410 3398 5462 insulis
3439 5409 3544 5461 sub
3602 5411 3786 5462 eadem

2107 5481 2361 5534 notione.
2392 5479 2642 5532 lnculcat
2666 5495 2794 5533 eam
2828 5479 3024 5534 auctor
3051 5480 3202 5533 infra
3232 5495 3393 5532 num.
3443 5479 3532 5545 34,
3565 5493 3785 5533 nonnum

2105 5551 2391 5604 Hilarium
2402 5589 2414 5602 .
