3860 6262
35 409 143 458 525

1379 409 1754 463 lNDICULUS
1794 407 2208 463 LUMINOSUS.
3459 418 3558 469 526

31 537 397 591 Ismaelitica
442 543 610 608 gente
656 538 848 591 nullus
891 539 1165 591 hactenus
1209 537 1420 591 exstitit
1467 538 1748 608 praedica—
1787 542 1832 591 A
1863 543 1920 590 et
1951 543 2078 591 ante
2113 538 2264 592 diem
2300 539 2503 607 judicii
2552 540 2756 610 impios
2785 543 2918 613 igne
2948 559 3310 598 consumens.
3351 547 3551 600 Nonne

30 631 149 689 tor,
184 643 294 696 per
325 627 481 696 quod
527 626 812 679 debitores
848 625 980 679 ﬁdei
1011 630 1364 678 tenerentur.
1400 627 1495 681 isti
1526 635 1549 659 α
1576 625 1751 685 enim,

35 720 100 766 ut
133 715 219 766 ita
246 715 457 780 dicam,
493 714 846 782 apostolatus
887 713 1062 785 vicem
1106 713 1164 764 in
1205 713 1434 766 eosdem
1474 719 1529 766 et
1583 729 1753 766 evan-

33 803 295 871 gelicam
328 803 796 873 praedicationem
817 802 1199 870 impleverunt
1220 801 1450 854 eosdem
1471 801 1754 854 debitores

32 891 179 943 ﬁdei
215 893 629 957 reddiderunt;
664 891 760 944 sed
795 906 910 942 non
945 893 988 956 Ι),
1024 906 1209 942 crassa
1240 889 1573 958 ignorantiae
1605 890 1755 942 nube

33 981 318 1043 contecti,
375 980 713 1050 mysterium
764 994 990 1031 currere
1023 977 1315 1048 Evangelii
1355 994 1471 1030 non
1501 978 1754 1030 videmus

35 1069 286 1120 aeterni.
327 1070 393 1121 Et
423 1067 952 1138 evangelizantibus
985 1066 1144 1136 genti
1170 1066 1474 1136 justitiam,
1507 1065 1567 1118 in
1598 1082 1712 1135 qua
1736 1075 1755 1099 ο

33 1155 266 1208 nullius
316 1157 652 1226 praedicatio
703 1157 978 1209 hactenus
1024 1155 1273 1226 praebuit
1307 1155 1478 1219 viam,
1519 1154 1755 1208 insaniae

36 1243 441 1297 vociferamus
499 1262 620 1297 esse
679 1245 1022 1309 vecordiam,
1093 1261 1209 1297 non
1269 1244 1754 1312 complementum

36 1332 576 1402 evangelizantium
625 1333 1045 1402 przescientiam
1094 1338 1489 1401 praesagatam.
1533 1331 1754 1395 Quanto

38 1435 308 1491 namque
363 1421 740 1491 philoSOphos
788 1437 959 1490 super
995 1437 1194 1473 omnes
1223 1421 1464 1473 aliarum
1496 1420 1755 1490 gentium

38 1524 97 1559 se
151 1525 290 1561 esse
333 1510 672 1578 gloriﬁcent,
724 1513 882 1562 tanto
932 1509 1004 1562 ab
1044 1508 1377 1574 humilibus,
1432 1513 1488 1561 et.
1534 1526 1567 1561 a
1611 1507 1756 1561 nihil

37 1601 270 1663 praeter
299 1597 587 1651 Christum
664 1598 995 1661 scientibus,
1066 1602 1120 1648 et
1197 1597 1348 1649 hunc
1401 1596 1754 1660 cruciﬁxum,

37 1684 265 1737 merito
287 1691 750 1739 contemnuntur.
785 1687 994 1740 Contra
1027 1702 1170 1754 quos
1203 1701 1453 1753 congrue
1485 1689 1540 1737 et
1569 1685 1754 1749 solite,

35 1771 318 1826 indoctos
346 1780 401 1828 et
434 1774 712 1828 mundiali
758 1774 1058 1842 disciplina
1086 1773 1346 1840 incultos,
1382 1774 1504 1842 ipsa
1542 1772 1756 1825 Veritas

40 1863 328 1928 parvulos
364 1863 539 1915 mittit
577 1863 904 1932 discipulos,
948 1868 1010 1915 ut
1050 1861 1243 1914 rustici
1276 1868 1328 1914 et
1375 1862 1474 1932 qui
1502 1868 1756 1914 contem-

41 1951 296 2017 ptibiles
320 1951 587 2004 videntur
637 1951 878 2015 mundo,
929 1951 1300 2020 philosophos
1342 1957 1399 2004 et
1443 1951 1622 2019 regali
1667 1950 1754 2002 in-

41 2042 163 2094 fula
222 2041 529 2093 decoratos
577 2040 764 2092 verbis
815 2039 1114 2108 impetuut,
1167 2039 1404 2109 pedibus
1435 2043 1752 2105 conterunt,

46 2145 411 2198 omnemque
469 2127 768 2197 potestatis
828 2133 1113 2180 tumorem
1163 2128 1424 2179 calcaneo
1473 2127 1606 2180 ﬁdei
1651 2143 1756 2196 pro

45 2216 235 2270 nihilo
326 2217 553 2269 ducant.
645 2218 759 2270 Hoc
839 2221 922 2268 est
987 2215 1141 2285 quod
1220 2215 1483 2284 egregius
1561 2215 1759 2268 doctor

47 2304 352 2358 Arnobius
427 2305 486 2357 in
558 2309 758 2357 octavo
830 2304 1051 2357 decimo
1114 2304 1334 2372 psalmo
1414 2303 1676 2373 exposuit
1742 2319 1755 2355 :

48 2395 321 2463 Nec.est,
389 2393 598 2463 inquit,
668 2393 765 2460 qui
827 2407 881 2444 se
937 2391 1232 2444 abscondat
1300 2407 1333 2443 a
1393 2393 1568 2444 calore
1621 2392 1755 2458 ejus.

49 2483 220 2534 Nulla
292 2481 463 2547 enim,
509 2481 721 2550 inquit,
769 2495 908 2549 gens
960 2480 1070 2532 erit
1112 2479 1172 2532 in
1222 2480 1429 2532 saeculo
1475 2480 1541 2532 ad
1598 2481 1758 2547 cujus

48 2569 329 2622 notitiam
411 2585 529 2622 non
612 2568 858 2637 attingat
947 2569 1099 2620 calor
1185 2567 1320 2620 ﬁdei
1399 2566 1755 2634 Christianae,

50 2659 106 2710 in
150 2674 279 2727 quo
324 2662 405 2710 est
443 2658 531 2710 lex
583 2655 811 2709 Domini
839 2655 1388 2725 inreprehensibilis,
1423 2660 1759 2708 convertens

48 2746 305 2811 animus,
391 2745 636 2797 invitans
713 2744 785 2796 ab
853 2759 1045 2796 errore
1111 2744 1182 2795 ad
1244 2743 1353 2795 iter
1421 2749 1661 2808 rectum,
1727 2761 1760 2797 a

49 2834 363 2886 mendacio
415 2835 482 2886 ad
543 2832 840 2885 veritatem
906 2847 918 2884 :
981 2831 1082 2884 ubi
1134 2837 1267 2883 sunt
1319 2833 1520 2884 laztitize
1576 2831 1752 2900 laeti/i-

50 2929 236 2975 cantes
306 2921 486 2975 corda.
562 2921 700 2974 Vere
751 2921 997 2972 calorem
1057 2919 1189 2972 tidei
1251 2919 1584 2972 Christianae
1636 2920 1758 2972 haec

51 3010 444 3063 Ismahelitica
498 3026 639 3080 gens
702 3009 925 3079 ignorat
988 3024 1000 3060 :
1067 3014 1123 3060 et
1185 3008 1473 3061 ministros
1532 3008 1760 3061 Domini

52 3099 188 3166 igne
249 3104 454 3151 urente
516 3113 848 3166 conspersos
918 3095 1190 3148 hactenus
1242 3095 1548 3148 nesciebat.
1608 3094 1757 3147 Facti

55 3203 282 3252 sumus,
320 3205 351 3238 ο
393 3186 526 3239 ﬁdei
573 3192 805 3252 nostrae,
851 3184 898 3236 si
945 3193 1135 3236 tamen
1167 3183 1416 3252 dignatis
1449 3199 1588 3243 esse,
1621 3199 1756 3235 con-

57 3284 264 3340 sortes,
300 3291 468 3328 canes
508 3274 672 3340 muti,
705 3289 821 3326 non
869 3274 1118 3326 valentes
1151 3273 1377 3325 latrare.
1434 3273 1683 3340 Impetus
1709 3273 1756 3338 εἰ,

58 3367 116 3419 in
171 3383 285 3419 nos
333 3373 418 3419 est
463 3366 690 3419 caeleste
735 3363 1099 3417 bibliothecae
1143 3362 1376 3415 cultoris
1425 3362 1757 3431 Hieronymi

59 3453 408 3506 sanctissimi
452 3453 690 3516 dictum,
720 3451 779 3504 in
812 3469 924 3522 quo
958 3452 1144 3504 nullut
1174 3455 1216 3515 θ,
1248 3449 1480 3518 exponit
1510 3449 1758 3518 prophe-

59 3543 236 3595 ticum
273 3559 288 3594 :
335 3543 702 3610 Speculatores
740 3544 864 3594 caci
891 3555 1090 3604 omnes,
1147 3537 1388 3591 universi
1427 3553 1583 3590 canes
1622 3540 1761 3590 muti

59 3647 162 3684 non
207 3632 452 3684 valentes
498 3632 703 3684 latrare
742 3629 878 3699 (Isa.
913 3645 1018 3694 va,
1060 3629 1167 3696 10).
1212 3625 1348 3680 Muti
1397 3625 1463 3679 ad
1514 3627 1757 3695 loquen-

59 3720 194 3773 dum
240 3727 442 3772 contra
491 3717 842 3772 adversarios
872 3717 933 3770 in
981 3721 1204 3769 nostros
1233 3715 1419 3768 rabidi
1463 3730 1631 3766 canes
1662 3730 1758 3765 su-

61 3824 209 3861 mus.
246 3807 360 3862 Sed
389 3808 490 3860 Dei
519 3807 707 3875 potius
740 3820 1050 3875 sequamur
1079 3805 1218 3856 vias.
1256 3802 1430 3856 Nobis
1454 3818 1588 3855 vero
1615 3801 1756 3871 lupi,

61 3895 196 3964 quia
242 3896 394 3948 circa
436 3896 626 3948 caulas
678 3895 942 3960 saeviunt,
988 3908 1184 3946 vocem
1226 3891 1631 3960 increpationis
1663 3895 1757 3942 tu-

61 3983 273 4036 lerunt.
320 3983 578 4036 Inaudito
626 3998 857 4052 genere,
890 3986 945 4034 et
995 3980 1195 4044 inviso,
1245 3979 1367 4048 lupi
1407 3982 1462 4030 et
1505 3992 1671 4031 canes
1701 3976 1760 4029 in

62 4088 198 4140 pace
229 4071 446 4124 reversi
471 4076 622 4124 sunt.

134 4165 221 4214 11.
269 4161 425 4213 Hanc
470 4176 604 4212 vero
657 4156 1008 4228 superbiam,
1065 4172 1238 4226 quam
1288 4153 1469 4208 nostri
1514 4153 1760 4206 humiles

65 4248 119 4300 in
165 4264 369 4300 causas
416 4246 513 4300 Dei
558 4247 866 4299 tenendam
915 4245 1274 4310 conlaudant,
1325 4260 1428 4313 per
1475 4245 1760 4312 majorum

67 4336 281 4388 scilicet
315 4335 578 4388 historias
605 4334 984 4404 requiramus,
1023 4337 1080 4386 et
1122 4349 1296 4402 quam
1343 4347 1540 4384 verum
1572 4330 1760 4396 profe-

68 4431 192 4476 rant
239 4423 700 4492 comprobemus.
751 4423 946 4474 Nonne
994 4421 1140 4474 Elias
1191 4420 1259 4473 ab
1308 4419 1577 4473 omnibus
1623 4435 1759 4489 pro-

72 4511 238 4580 pheta
271 4527 516 4580 maguus
556 4510 834 4564 habetur?
883 4514 940 4562 et
982 4515 1134 4562 certe
1175 4509 1296 4577 ipse
1344 4513 1447 4574 est,
1497 4508 1594 4577 qui
1644 4507 1764 4560 zelo

74 4599 167 4652 Dei
197 4615 318 4651 non
351 4599 532 4651 solum
561 4597 771 4665 verbis,
822 4597 918 4650 sed
951 4613 1084 4649 ense
1127 4595 1411 4649 accinctus
1451 4596 1598 4648 ultra
1627 4611 1762 4664 qua-

75 4688 408 4758 dringentos
461 4687 633 4740 Bahal
681 4702 800 4739 non
850 4687 1041 4740 timuit
1087 4687 1549 4757 prophetizantes
1597 4691 1760 4738 trun-

73 4793 195 4830 care
239 4778 488 4830 cultores
532 4777 625 4844 (III
671 4776 810 4840 Reg.
853 4779 1004 4840 xvm)
1053 4792 1065 4828 :
1111 4780 1168 4827 et
1212 4776 1356 4828 duos
1401 4773 1762 4843 quinquage-

73 4865 262 4918 narius
334 4863 468 4932 igne
540 4879 900 4927 consumens,
972 4863 1206 4916 tertium
1257 4878 1375 4915 non
1451 4861 1761 4915 molledine

75 4955 297 5019 mentis,
328 4958 385 5004 et
416 4951 739 5004 humilitate
769 4967 827 5003 se
860 4952 1248 5021 deprecantes,
1300 4950 1397 5002 sed
1443 4950 1706 5002 inlaesum
1746 4948 1764 4982 ί

73 5041 289 5094 dimisit
337 5040 444 5109 (1V
486 5038 622 5110 Reg.
685 5039 747 5107 ι),
800 5040 1004 5092 merito
1053 5039 1232 5108 ipsius
1263 5037 1452 5108 operis
1501 5053 1762 5106 compro-

75 5129 223 5194 bato,
261 5129 604 5181 clementem
639 5127 947 5180 Dominum
976 5127 1049 5180 ad
1089 5126 1395 5180 vindictam
1427 5141 1760 5195 provocans,

137 5307 160 5330 ³
188 5300 313 5362 Isti,
348 5296 410 5348 id
441 5301 542 5361 est,
582 5296 681 5366 qui
722 5296 1001 5349 Cordubae
1030 5296 1294 5348 ultronee
1324 5310 1442 5347 sese
1474 5293 1764 5366 judicibus

78 5368 429 5446 obtulerunt,
464 5367 531 5419 de
563 5364 766 5437 quibus
796 5374 854 5420 et
880 5383 984 5436 pro
1020 5367 1227 5436 quibus
1253 5365 1642 5436 apologeticus
1675 5364 1765 5417 hic

83 5445 328 5490 auctoris
354 5452 563 5489 sermo.

141 5511 162 5549 δ
197 5511 334 5576 Leg.
372 5507 468 5559 sed
493 5521 602 5572 nos,
651 5507 709 5561 id
760 5511 844 5559 est
876 5506 1180 5560 Christiani
1228 5506 1332 5567 illi.
1383 5506 1480 5576 qui
1521 5506 1580 5558 in
1614 5520 1761 5557 mar-

80 5578 282 5646 tyrium
319 5593 393 5628 eo
421 5582 671 5645 tempore
696 5583 918 5646 gestum
946 5577 1366 5645 improbabant.

145 5657 162 5680 ε
192 5648 254 5702 Id
277 5652 372 5700 est
400 5646 463 5698 in
490 5648 886 5701 Saracenorum
915 5657 1104 5717 gente.

1863 627 1984 696 ipse
2016 632 2100 680 est
2131 627 2231 696 qui
2260 628 2379 680 zelo
2413 628 2509 680 Dei
2555 634 2611 681 et
2658 631 2882 684 omissae
2930 632 3064 685 ﬁdei
3097 635 3301 687 ccelum
3333 634 3556 703 clausit,

1863 715 2042 768 nubes
2090 715 2403 784 prohibuit,
2464 723 2520 768 et
2555 724 2766 770 terram
2810 718 3087 772 idolatria:
3128 721 3554 776 inremediabili

1861 801 2102 870 penuria
2132 803 2296 871 panis
2328 802 2550 868 afﬂixit,
2602 804 2784 857 tribus
2827 806 2990 858 annis
3036 812 3090 859 et
3119 824 3213 860 sex
3260 809 3555 864 mensibus

1862 889 2073 942 imbres
2132 891 2464 960 prohibens,
2521 899 2577 945 et
2631 893 3227 949 misericordissimum
3287 899 3464 950 Deum
3525 915 3558 951 a

1863 977 2072 1045 pietate
2121 979 2284 1031 solita
2334 980 2588 1032 oratione
2640 981 3020 1050 suspendens,
3072 983 3217 1036 nulli
3260 984 3389 1053 pius
3439 986 3558 1038 exi-

1861 1070 2031 1131 stens,
2061 1066 2158 1118 sed
2201 1082 2570 1135 perseverans
2597 1067 2860 1137 immitis,
2894 1076 2950 1122 et
2981 1070 3164 1140 rigide
3192 1087 3294 1140 pro
3324 1072 3548 1126 ratione

1863 1154 2127 1217 crudelis,
2171 1171 2275 1208 nec
2319 1156 2472 1208 aetati
2519 1157 2726 1209 vetulae
2776 1159 3054 1226 parcens?
3085 1157 3182 1227 {Ill
3223 1161 3353 1225 Reg.
3403 1159 3555 1230 xvu.)

1867 1243 1929 1294 Et
1963 1243 2114 1311 quod
2149 1243 2328 1312 magis
2375 1244 2719 1297 crudelitatis
2773 1251 2828 1298 et
2856 1244 3186 1315 inreligiose
3220 1247 3397 1300 animi
3436 1263 3555 1300 esse

1864 1334 2087 1397 poterat
2141 1332 2390 1401 signum,
2453 1333 2738 1385 infantum
2808 1349 2840 1385 a
2891 1334 3134 1402 perﬁdia
3191 1334 3555 1390 innocentem

1863 1420 2145 1487 parentali
2173 1426 2421 1488 aetatem,
2455 1425 2634 1474 multo
2666 1438 2861 1475 severo
2891 1425 3051 1492 juxta
3079 1439 3179 1476 vos
3210 1425 3330 1477 zelo
3360 1430 3555 1478 contra

1863 1507 2204 1560 sententiam
2236 1509 2353 1576 Dei,
2387 1509 2754 1579 quajubetur
2798 1511 2976 1580 (Deut.
3023 1527 3168 1578 xxw,
3220 1513 3305 1581 16)
3341 1516 3402 1565 ut
3446 1529 3552 1581 pro

1865 1595 2038 1662 patris
2087 1596 2341 1665 nequitia
2389 1613 2505 1649 non
2557 1598 2860 1650 ulciscatur
2905 1600 3126 1667 parvuli
3177 1600 3389 1665 anima,
3437 1617 3552 1652 non

1869 1688 2086 1734 vercret
2145 1688 2332 1736 tantus
2403 1690 2458 1735 et
2520 1685 2647 1736 talis
2705 1685 2989 1754 propheta
3049 1691 3332 1739 truncare.
3399 1688 3553 1740 Hanc

1864 1771 2259 1823 crudelitatem
2300 1771 2514 1840 Moyses
2564 1772 2768 1840 legifer
2821 1773 2935 1836 Dei,
2991 1779 3045 1826 et
3092 1774 3297 1827 scholae
3345 1772 3550 1827 Altito-

1867 1859 2054 1911 nantis
2085 1876 2186 1929 per
2231 1859 2611 1929 quadraginta
2654 1861 2774 1912 dies
2822 1861 3152 1930 discipulus,
3204 1878 3321 1915 non
3365 1862 3551 1915 solum

1865 1949 1924 2000 in
1969 1948 2292 2016 .lEgyptium
2340 1949 2460 2000 zelo
2510 1948 2611 2000 Dei
2663 1965 2796 2000 usus
2830 1954 2914 2001 est
2957 1950 3162 2018 (Exod.
3200 1966 3259 2015 Il,
3304 1952 3406 2018 t2),
3452 1951 3551 2003 sed

1865 2035 1926 2086 in
1980 2035 2185 2088 tabulis
2235 2035 2414 2105 digito
2463 2036 2563 2088 Dei
2614 2037 2857 2105 scriptis,
2910 2053 3051 2106 quas
3096 2036 3407 2106 infringere
3440 2053 3552 2091 non

1865 2125 2206 2189 retractavit,
2266 2130 2482 2176 temere
2544 2124 2893 2177 sanctissime
2950 2130 3001 2178 et
3052 2125 3274 2178 liberali
3325 2126 3548 2179 fortitu-

1866 2211 1998 2265 dine
2048 2213 2185 2281 egit,
2230 2218 2284 2265 et
2333 2228 2436 2282 pro
2481 2212 2585 2264 hoc
2631 2229 2745 2265 non
2798 2214 2944 2266 iram
2996 2213 3116 2279 Dei,
3163 2214 3257 2266 sed
3311 2215 3554 2283 gratiam

1868 2301 2076 2354 meruit
2141 2301 2334 2369 (Exod.
2405 2316 2573 2365 xxxu,
2649 2300 2753 2371 16).
2839 2302 3000 2354 Forte
3076 2303 3182 2355 hac
3251 2303 3550 2356 severitate

1866 2388 2040 2441 homo
2087 2387 2595 2455 mansuetissimus,
2648 2403 2748 2457 per
2784 2388 3165 2458 quadraginta
3195 2389 3314 2442 dies
3347 2391 3554 2459 quibus

1867 2492 1996 2529 cum
2031 2476 2268 2530 Domino
2303 2480 2555 2528 moratus
2585 2481 2688 2540 est,
2721 2477 2974 2530 imbutos
2998 2477 3104 2530 fuit
3137 2493 3149 2530 :
3188 2478 3285 2546 qui
3325 2493 3454 2530 mox
3483 2478 3554 2531 ad

1869 2565 2093 2634 plebem
2147 2566 2612 2634 praevaricantem
2653 2565 2964 2630 descendit,
3016 2567 3260 2631 tabulas,
3307 2572 3370 2620 ut
3417 2566 3551 2632 dixi,

1868 2654 1970 2706 Dei
2018 2653 2318 2722 confregit,
2368 2660 2424 2706 et
2471 2655 2535 2707 ad
2587 2655 2867 2723 populum
2914 2655 3148 2708 veniens
3193 2655 3273 2707 ait
3323 2671 3336 2707 :
3383 2659 3556 2708 Ponat

1866 2745 1954 2794 vir
2007 2742 2254 2807 gladium
2302 2745 2447 2795 circa
2495 2745 2673 2808 femur
2722 2757 2925 2795 suum:
2976 2746 3048 2796 ite
3103 2748 3153 2796 et
3207 2743 3438 2796 recedite
3491 2743 3556 2796 de

1862 2835 2024 2898 porta
2049 2844 2217 2896 usque
2246 2831 2319 2882 ad
2343 2835 2557 2897 portam
2585 2846 2683 2897 per
2711 2830 2945 2883 medium
2976 2836 3295 2897 castrarum,
3332 2837 3382 2884 et
3412 2834 3553 2884 occi-

1868 2919 1963 2970 dat
1986 2921 2353 2986 unusquisque
2371 2921 2622 2984 fratrem,
2645 2923 2694 2970 et
2715 2922 2966 2982 amicum,
2984 2921 3357 2985 etpromimum
3377 2934 3551 2973 suum.

1868 3007 2285 3075 Ceciderantque
2323 3009 2378 3060 in
2410 3007 2497 3059 die
2540 3009 2631 3060 illo
2685 3009 2844 3074 quasi
2869 3010 3072 3072 viginti
3111 3009 3289 3061 millia
3314 3010 3556 3061 virorum

1797 3122 1838 3175 ρ
1869 3095 2068 3162 (Exod.
2121 3111 2292 3160 xxxu,
2341 3097 2446 3162 27).
2498 3094 2605 3148 Sed
2655 3100 2711 3147 et
2763 3096 2941 3148 Datan
2989 3100 3046 3148 et
3093 3095 3322 3162 Aviron,
3365 3100 3558 3149 contra

1865 3199 1923 3234 se
1954 3182 2210 3236 indebite
2257 3187 2688 3252 consurgentes,
2739 3199 2772 3236 a
2813 3188 2966 3236 terra
2994 3183 3350 3253 conspiciens
3384 3185 3556 3238 devo-

1867 3270 1979 3324 rari
2007 3272 2164 3323 nulla
2193 3271 2401 3340 pietate
2447 3271 2612 3324 solita
2650 3272 2914 3339 inﬂexus,
2947 3288 3058 3343 qua
3089 3288 3239 3341 saepe
3272 3289 3375 3342 pro
3406 3288 3554 3341 pras-

1864 3359 2162 3412 varicatori
2213 3360 2427 3428 populo
2480 3359 2785 3412 Dominum
2827 3359 3187 3428 deprecabat,
3235 3365 3556 3413 commotus

1864 3451 1946 3500 est
1976 3447 2156 3514 (Num.
2206 3449 2337 3516 xvx).
2393 3446 2503 3500 Sed
2541 3447 2795 3499 futuram
2844 3447 3149 3500 intendens
3197 3447 3553 3501 emundatio-

1865 3551 1999 3588 nem
2038 3535 2369 3599 multorum,
2414 3550 2609 3587 necem
2654 3535 3054 3604 aequanimiter
3103 3535 3368 3588 toleravit
3412 3551 3557 3604 pau-

1866 3639 2084 3676 corum.
2121 3625 2335 3676 Horum
2369 3623 2687 3675 crudelium
2729 3624 2987 3691 exempla
3036 3623 3510 3692 superabundant
3541 3639 3553 3675 :

1865 3717 1922 3764 et
1967 3710 2174 3763 divinas
2223 3710 2449 3779 paginae.
2507 3710 2574 3762 ab
2628 3710 2717 3762 his
2771 3710 3098 3763 auctoribus
3156 3711 3480 3763 crudelibus
3528 3723 3557 3763 Β

1864 3800 2108 3869 scriptae,
2163 3798 2325 3851 nobis
2385 3797 2884 3851 mansuetudinem
2954 3797 3304 3868 ingerentes,
3365 3799 3556 3851 hostes

1867 3887 1965 3941 Dei
1998 3888 2274 3940 insectare
2305 3886 2554 3955 perfecto
2585 3887 2718 3939 odio
2749 3892 3139 3956 suggerentes,
3174 3902 3346 3956 super
3383 3887 3554 3940 sacri-

1865 3976 2057 4030 ﬁcium
2106 3975 2515 4045 acceptabilem
2554 3973 2699 4027 hanc
2745 3975 3138 4028 crudelitatem
3183 3990 3356 4044 quam
3389 3981 3554 4044 puta-

1865 4065 1936 4119 tis
1967 4070 2022 4117 et
2049 4063 2234 4117 verbis
2265 4068 2320 4116 et
2350 4062 2619 4132 cperibus
2666 4063 2930 4116 clamant.
2981 4063 3120 4117 Inde
3152 4061 3384 4116 Samuel
3424 4078 3552 4116 cru-

1867 4153 2031 4221 delis,
2082 4152 2198 4206 imo
2248 4151 2528 4205 Creatoris
2557 4166 2749 4204 servus
2778 4150 2976 4215 ﬁdelis,
3011 4167 3205 4220 regem
3236 4150 3549 4221 pinguissi-

1867 4257 2025 4295 mum
2058 4246 2301 4305 truncat,
2335 4255 2506 4310 quem
2550 4239 2678 4309 pius
2721 4239 2853 4293 Saul
2897 4255 2996 4293 rex
3040 4245 3224 4292 vester
3266 4246 3561 4292 conservat

1871 4331 1913 4394 (I
1959 4333 2086 4395 Reg.
2139 4345 2229 4394 xv,
2281 4331 2388 4394 33).
2436 4327 2545 4381 Sed
2597 4329 2741 4381 Deus
2780 4327 3042 4380 omnium
3090 4326 3382 4386 crudelem
3432 4343 3559 4397 pro-

1801 4396 1843 4448 D
1868 4416 2030 4483 bans,
2063 4422 2120 4470 et
2165 4416 2364 4469 mitem
2412 4416 2743 4484 reprobans.
2794 4415 2992 4484 rejecit
3033 4415 3192 4484 pium
3225 4396 3472 4481 Saulem,
3505 4419 3560 4468 et

1869 4506 2038 4574 elegit
2087 4505 2411 4558 Samuelem
2457 4509 2697 4557 trucem.
2748 4504 2993 4556 Noverat
3033 4517 3282 4572 namque
3329 4503 3557 4556 Samuel

1869 4593 2116 4663 probans
2157 4592 2644 4662 indisciplinatum
2699 4591 3088 4658 molledinem,
3149 4597 3203 4644 et
3246 4590 3330 4642 Eli
3375 4591 3556 4659 magi-

1871 4687 2052 4734 strum
2084 4682 2406 4750 expulsum,
2440 4687 2494 4734 et
2518 4680 2798 4750 populum
2838 4679 3220 4742 Dominicum,
3256 4693 3384 4731 arca
3414 4677 3557 4747 legis

1870 4769 1931 4822 in
1998 4769 2452 4838 alienigenarum
2507 4772 2786 4836 potestate
2844 4768 3134 4820 redactum
3191 4768 3237 4818 ιι.
3306 4765 3453 4819 Dicit
3504 4771 3559 4819 et

1873 4858 2044 4910 David
2091 4873 2104 4910 :
2166 4859 2349 4911 Nonne
2389 4858 2486 4924 qui
2530 4861 2578 4908 te
2633 4855 2877 4918 oderant,
2936 4856 3180 4921 Domine,
3227 4854 3462 4917 oderam,
3510 4860 3560 4906 et

1869 4961 2032 5014 super
2071 4948 2316 4998 inimicos
2375 4949 2492 4996 tuos
2545 4941 2913 4996 tabescebam?
2963 4943 3200 5006 Perfecto
3264 4941 3386 4995 odio
3443 4941 3561 4994 ode-

1869 5049 1990 5087 ram
2038 5035 2178 5098 illos,
2250 5033 2460 5084 inimici
2509 5032 2650 5094 facti
2713 5033 2840 5081 sunt
2899 5030 3034 5081 mihi
3083 5029 3248 5095 (Psal.
3302 5043 3556 5094 cxxxvm,

1871 5123 1959 5193 2.1,
1992 5122 2099 5189 22).
2153 5126 2236 5171 An
2285 5117 2584 5187 ignoratur
2627 5117 2815 5168 zelum
2866 5115 3124 5178 Phinees,
3178 5119 3233 5168 et
3280 5115 3557 5170 exoratio-

1941 5287 1967 5323 ά
1997 5287 2115 5348 Ms,
2144 5287 2418 5351 impetum.

1941 5367 1962 5392 °
1995 5359 2156 5410 Forte
2187 5354 2344 5407 illud.

1943 5427 2282 5494 fLegerem,
2339 5440 2442 5477 non
2500 5422 2784 5476 molledine
2831 5426 3042 5488 mentis,
3104 5425 3196 5478 sed
3257 5425 3563 5479 humilitate

1873 5514 1928 5552 se
1947 5493 2347 5564 deprecantum,
2379 5496 2622 5548 inlaesum
2652 5493 2880 5564 dimisit.

1947 5582 1975 5622 ε
2004 5563 2122 5628 Με.,
2158 5565 2224 5617 ab
2255 5565 2348 5618 hos
2378 5572 2616 5618 auctores
2637 5563 2896 5618 crudeles.

1947 5642 1971 5680 h
2008 5639 2163 5690 Forte
2197 5652 2438 5688 arcam...
2472 5636 2762 5689 redactam.
