3860 6262
1683 340 1938 394 ALVARI
1978 340 2472 396 CORDUBENSIS.

320 491 454 530 nem
507 476 629 545 ejus
678 473 822 527 iram
873 470 1100 526 Domini
1152 469 1468 540 mitigantis
1520 480 1540 506 ει
1591 471 1774 540 (Num.
1825 469 2015 540 xxvn),
2057 470 2288 530 Aretis.
2363 470 2792 540 Conspexerunt
2849 470 3176 524 certaminis
3235 471 3500 540 praelium
3567 488 3580 524 :
3661 469 3849 542 adorsil

319 563 398 617 ita
430 566 490 615 ut
519 579 616 616 ore
659 560 994 631 prophetico
1026 560 1093 613 de
1137 575 1202 612 eo
1250 558 1495 628 Spiritus
1549 557 1698 610 dicat
1743 557 2014 610 divinus:
2129 565 2262 612 sunt
2309 559 2444 612 ﬁdei
2497 560 2674 612 lorica
2717 559 2902 612 induti
2933 560 3386 629 pulcherrimum
3417 561 3678 626 bellum;
3719 579 3810 632 pro-

318 653 478 707 Stetit
541 653 784 716 Phi'necs,
861 654 910 702 et
957 649 1246 702 exhoravit
1319 653 1368 700 et
1461 650 1687 699 cessavit
1742 648 2021 712 quassatio
2130 663 2268 717 pero
2340 663 2529 713 cursu,
2613 647 2858 716 impigro
2927 663 3146 716 gressu,
3209 655 3516 719 postquam
3583 652 3804 702 occisam

321 741 490 806 (Psal.
553 755 635 802 cv,
687 742 788 798 30).
837 739 899 790 Et
945 743 1095 790 certe
1144 735 1394 788 exoratio
1443 735 1541 787 illa
1591 750 1726 786 voce
1767 733 2022 787 Psalmo-
2132 752 2332 802 unum,
2375 743 2428 789 et
2485 737 2727 788 alterum
2776 736 3180 790 vulneratumi
3217 738 3504 801 viderunt,
3554 739 3630 792 ad
3665 751 3806 792 certa-

321 829 528 898 grapbi
561 831 926 897 praecantatis,
965 825 1140 894 gladii
1173 824 1410 877 immitis
1439 824 1499 874 in
1536 823 2021 892 contemptoribus
2132 823 2300 876 minis
2330 840 2598 894 campum
2623 825 2694 877 ob
2721 825 2920 894 gloriae
2951 827 3200 894 palmam
3225 831 3626 880 occurrerunt.

316 917 426 969 fuit
494 916 798 968 sententia.
877 914 1119 966 Videant
1181 912 1358 965 nostri
1417 911 1813 964 misericordes
1865 911 2014 963 hanc
2198 912 2288 965 ’13.
2347 912 2460 964 Viri
2515 917 2676 965 erant
2732 913 2952 966 strenui
3011 919 3067 966 et
3120 915 3440 982 bellatores,
3501 932 3808 986 pugnaeque

320 1004 719 1057 crudelitatem
770 1002 1156 1056 exorationem
1209 1000 1448 1053 existere
1503 1016 1515 1052 :
1567 1005 1624 1052 et
1661 999 1925 1052 desinant
1955 999 2016 1051 in
2129 999 2408 1068 spiritalis
2441 1001 2830 1054 desiderantes
2861 1018 3126 1070 agonem,
3187 1003 3284 1056 libi
3313 1020 3370 1056 se
3403 1007 3538 1056 talis
3597 1005 3812 1073 praebui:

321 1093 491 1145 rebus
519 1091 714 1145 divino
759 1106 1026 1144 sermone
1075 1089 1306 1142 sacratis
1347 1089 1619 1158 pietatem
1650 1093 1706 1140 et
1735 1086 2023 1140 bumilita-
2133 1087 2299 1153 actio,
2356 1089 2542 1158 qualis
2587 1089 2892 1158 optabatur
2941 1091 3178 1142 occasio.
3239 1091 3523 1144 Cohibere
3591 1109 3708 1144 non
3751 1110 3812 1144 τει-

322 1185 438 1233 tem
467 1181 844 1250 praetendere,
898 1195 1002 1249 pro
1048 1195 1160 1248 qua
1190 1179 1417 1230 Saulem
1449 1193 1482 1228 a
1512 1193 1690 1245 regno
1720 1177 2018 1245 rejectum,
2133 1175 2364 1228 luerunt
2407 1192 2657 1240 cursum,
2689 1177 2825 1246 quia
2859 1179 3046 1230 conati
3077 1187 3212 1230 sunt
3235 1179 3478 1248 implere
3513 1181 3724 1234 aeterni
3749 1185 3809 1234 sui

324 1276 381 1321 et
409 1269 493 1321 Eli
539 1268 855 1322 sacerdotio
908 1269 994 1320 vel
1039 1268 1153 1319 vita
1201 1267 1396 1334 legunt
1439 1271 1765 1335 exemptum
1814 1265 1861 1334 (ι
1889 1267 2017 1330 Reg.
2130 1263 2359 1316 Domini
2389 1263 2632 1332 jussum.
2688 1266 2833 1328 Quid
2861 1266 3236 1319 imbecillium
3266 1268 3634 1322 debilitatem
3669 1287 3812 1339 Oppo-

325 1373 384 1410 ni
439 1363 495 1410 et
545 1359 637 1426 iv).
693 1357 962 1410 Recolant
1016 1355 1374 1408 severitatem
1437 1354 1588 1406 Petri
1638 1359 1690 1406 et
1752 1353 1912 1406 Pauli
1959 1353 2020 1405 in
2131 1353 2240 1416 nis,
2273 1358 2329 1405 et
2361 1369 2434 1406 ne
2483 1339 2826 1407 terreantur"
2854 1354 3070 1408 inﬁrmi
3117 1356 3291 1409 fortes
3321 1356 3650 1426 infringis‘?
3675 1358 3726 1412 Si
3755 1359 3814 1410 in-

325 1444 616 1498 Simonem
647 1445 733 1497 vel
769 1445 1006 1497 Elimam
1039 1459 1255 1514 magos,
1305 1458 1405 1495 seu
1437 1443 1496 1494 in
1541 1442 1819 1495 Ananiam
1849 1445 2020 1511 atque
2131 1439 2349 1507 ﬁrmus,
2412 1441 2632 1507 debilis,
2722 1443 2926 1504 inanis,
3001 1444 3237 1496 timidus
3304 1461 3383 1511 es,
3451 1451 3509 1498 et
3586 1446 3810 1500 inﬂatus.

324 1532 582 1586 Saftiram
621 1533 770 1602 (Act.
815 1549 868 1598 v,
903 1549 1020 1596 vni,
1067 1532 1205 1597 xui).
1240 1533 1304 1584 Et
1331 1531 1430 1601 qui
1475 1531 1535 1582 in
1569 1531 1686 1583 suis
1731 1535 2021 1584 contume-
2131 1529 2378 1598 quiesce,
2431 1537 2487 1581 et
2533 1529 2650 1582 noli
2679 1537 2876 1583 contra
2918 1533 3066 1585 cives
3113 1534 3466 1586 certantibus
3523 1536 3810 1603 praeliare:

323 1622 416 1675 liis
472 1623 664 1686 erecti,
716 1619 868 1686 elati,
917 1621 1152 1690 superbi
1201 1625 1335 1672 sunt
1379 1623 1434 1671 et
1465 1619 1680 1684 inﬂexi,
1737 1623 1791 1672 et
1823 1623 2020 1671 contra
2131 1616 2228 1670 sed
2253 1617 2506 1670 residens
2535 1623 2589 1671 et
2610 1623 2874 1672 eventum
2901 1621 2982 1672 rei
3019 1627 3352 1690 exspectans
3389 1621 3544 1674 disce
3583 1623 3812 1692 linguam

324 1711 512 1764 hostes
567 1712 664 1764 Dei
719 1710 984 1772 humiles,
1040 1707 1343 1770 mansueti,
1401 1708 1686 1776 simplices
1744 1713 2024 1776 apparent
2064 1774 2075 1776 ξ
2130 1705 2368 1758 tacendo
2399 1706 2661 1762 frazuare.
2717 1708 2774 1762 Si
2808 1708 3034 1773 habilis,
3087 1709 3132 1760 si
3183 1709 3362 1774 fortis,
3422 1711 3470 1762 si
3523 1713 3735 1774 audax,
3783 1729 3812 1762 ει

327 1806 384 1853 et
441 1799 649 1868 quieti;
707 1798 924 1850 discant
974 1815 1004 1850 a
1055 1798 1274 1850 Christo
1316 1811 1506 1848 rerum
1560 1797 1823 1848 omnium
1885 1797 2018 1860 Deo,
2063 1774 2102 1826 Β
2132 1801 2418 1858 constans,
2469 1801 2526 1847 et
2555 1795 2807 1864 abjectus
2861 1797 2887 1830 κ
2943 1813 3002 1849 es
3055 1797 3206 1850 bello
3241 1799 3341 1850 Dei
3392 1805 3602 1852 contra
3661 1803 3812 1854 110':th

328 1904 498 1958 quam
530 1888 600 1940 ab
645 1886 913 1940 omnibus
943 1885 1259 1954 prophetis,
1291 1885 1584 1954 apostolis,
1619 1901 1714 1938 seu
1764 1885 2022 1937 Patribus
2132 1887 2196 1934 ut
2225 1887 2514 1942 strenuus,
2550 1890 2604 1936 et
2635 1900 2750 1936 non
2804 1889 2866 1937 ut
2908 1885 3144 1954 ignavus
3195 1892 3390 1938 contra
3439 1893 3596 1952 tuos,
3655 1891 3814 1957 jaruls

327 1976 624 2038 universis,
671 1975 739 2027 ad
783 1975 962 2028 inlata
1004 1974 1314 2044 opprobria
1358 1976 1592 2042 propria
1639 1973 1880 2026 existere
1915 1973 2019 2025 hu-
2132 1975 2357 2040 torque.
2406 1971 2590 2034 Quare
2643 1973 3023 2026 intentionem
3079 1975 3423 2038 mirabilem,
3483 1977 3742 2046 igneam,
3775 1991 3814 2030 ει

327 2066 512 2127 miles,
570 2070 627 2116 et
691 2063 895 2130 dejecti
944 2080 956 2115 :
1012 2070 1069 2115 et
1115 2079 1216 2130 pro
1269 2061 1580 2115 divinitatis
1633 2062 2022 2114 ulciscendum
2133 2060 2566 2126 resurrectionis
2611 2061 2964 2114 admiranda:
3015 2061 3393 2130 ﬁduciam,et
3421 2067 3540 2133 spei
3575 2067 3814 2135 gloriosae

329 2158 718 2222 contemptum
768 2151 940 2204 fortes
988 2155 1042 2203 et
1089 2150 1305 2219 rigidos
1351 2166 1472 2203 esse
1523 2149 1751 2216 debere,
1803 2155 1858 2202 et
1905 2165 2018 2201 non
2131 2148 2532 2212 constantiam,
2589 2153 2646 2200 et
2697 2150 2882 2202 zelum
2925 2150 3056 2202 ﬁdei
3102 2167 3165 2204 ac
3198 2151 3502 2221 religionis
3545 2156 3814 2207 catholica.-

327 2241 537 2311 pietate
577 2241 782 2292 horum
817 2240 1150 2308 incongrua,
1184 2238 1280 2290 sed
1319 2237 1650 2290 crudelitate
1683 2238 1785 2290 hac
1831 2241 2024 2290 sancta
2134 2237 2393 2305 gloriam,
2454 2253 2571 2290 non
2619 2239 2900 2290 advertis?
2953 2241 2984 2291 ι.
3021 2239 3132 2292 Cur
3185 2241 3316 2292 vita:
3350 2243 3734 2309 praepositum
3773 2253 3818 2312 ε,

326 2334 504 2382 utere.
537 2329 662 2382 Non
713 2333 797 2380 est
841 2326 994 2380 enim
1025 2327 1354 2388 crudelitas,
1409 2331 1470 2378 ut
1516 2325 1718 2378 beatus
1759 2326 2026 2394 Hierony-
2136 2328 2192 2376 et
2231 2325 2492 2377 ordinem
2541 2341 2785 2390 sacrum,
2814 2331 2870 2378 et
2908 2327 3280 2380 confessionis
3313 2329 3614 2396 prolixum
3647 2319 3818 2398 ἀίειιὼ

327 2433 455 2470 mus
510 2417 609 2480 ait,
663 2431 768 2485 pro
816 2416 929 2468 Deo
975 2415 1155 2484 pietas
1206 2429 1218 2466 :
1282 2415 1430 2484 quod
1491 2413 1550 2465 in
1600 2413 1847 2466 secundo
1881 2413 2024 2466 libro
2134 2412 2325 2478 situm,
2361 2417 2417 2466 et
2445 2413 2734 2466 internum
2763 2415 3000 2484 longum
3028 2415 3205 2467 animi
3234 2417 3528 2486 praelium,
3558 2425 3622 2470 et
3653 2427 3820 2470 contra

329 2505 705 2574 apertioribus
737 2503 981 2569 indiciis,
1040 2508 1097 2555 et
1133 2501 1586 2554 evidentioribus
1633 2501 2026 2571 probamentis
2133 2499 2425 2554 diabolum
2473 2503 2560 2554 vel
2612 2503 3054 2556 Amalecitarum
3115 2519 3332 2556 cuneos
3381 2507 3700 2559 erectionis
3749 2523 3820 2557 VL"

333 2605 398 2642 ex
429 2591 722 2642 doctorum
756 2591 997 2642 oraculis
1029 2589 1436 2658 comprobabo.
1490 2588 1598 2642 Sed
1643 2593 1760 2642 haec
1790 2595 1846 2642 et
1891 2589 2025 2642 alias
2131 2589 2334 2642 xillum
2365 2595 2462 2643 tua
2507 2593 2904 2660 persecutione
2941 2591 3242 2662 infringis?
3298 2594 3507 2663 thuid
3545 2597 3820 2648 catliolici~

333 2694 485 2731 nunc
515 2679 582 2731 ad
617 2679 972 2748 propositum
1007 2685 1376 2730 revertamus.
2136 2681 2193 2730 et
2222 2683 2428 2730 sanctas
2462 2678 2718 2730 Ecclesia:
2751 2679 2904 2746 ﬁliis,
2937 2685 2991 2732 et
3037 2681 3132 2748 pio
3187 2681 3456 2750 dogmate
3491 2683 3754 2748 eruditis,
3783 2691 3820 2734 et

405 2769 488 2819 12.
543 2767 864 2820 Persecutio
913 2767 1064 2819 unde
1114 2772 1236 2818 orta
1271 2767 1341 2818 sit
1368 2771 1564 2834 aperte
1599 2765 1882 2834 digestum
1914 2768 2016 2828 est,
2133 2765 2340 2819 Christi
2395 2765 2821 2834 sequipedibus,
2871 2777 2926 2820 et
2976 2786 3006 2820 a
3051 2770 3252 2821 mundi
3303 2771 3532 2822 actione
3581 2772 3816 2826 seclusis.

328 2857 384 2906 et
416 2855 542 2908 ideo
584 2856 654 2908 ad
684 2861 905 2908 nostros
937 2861 1286 2923 spontaneos
1317 2861 1594 2922 martyres
1628 2869 2022 2922 properemus.
2135 2860 2190 2906 et
2233 2855 2345 2907 Deo
2395 2856 2513 2906 solo
2565 2856 2932 2921 haerentibus,
2987 2857 3270 2909 mendacii
3303 2873 3538 2911 nzevum
3573 2860 3820 2912 inducis?

329 2943 456 2995 Zelo
491 2943 588 2995 Dei
619 2944 772 2995 Isaac
811 2943 1132 3012 religiosus,
1175 2957 1288 2994 non
1339 2942 1590 2994 humana
1635 2941 2026 3010 instigatione,
2137 2942 2248 2996 Cur
2305 2959 2420 2996 non
2470 2945 2700 3009 vereris,
2757 2944 2966 2997 bonam
3028 2951 3088 2997 ut
3137 2946 3371 3000 Mariam
3419 2948 3770 3017 eligentibns
3801 2962 3818 2988 δ

331 3031 429 3082 sed
476 3031 664 3082 divina
712 3038 1052 3096 commotus,
1091 3046 1194 3082 nec
1243 3030 1512 3082 usitatum
1568 3029 1770 3082 callem
1821 3029 2026 3081 nostris
2067 3037 2356 3130 Cpartem
2426 3031 2731 3098 adversari,
2792 3038 2848 3085 et
2897 3033 3120 3085 aemulis
3171 3035 3380 3087 Christi
3433 3036 3494 3088 in
3555 3038 3820 3090 sententi:

331 3118 706 3186 temporibus,
763 3120 858 3172 sed
893 3119 1279 3171 oblitteratum
1325 3117 1610 3178 incedens,
1663 3117 1966 3187 antiquum
2005 3119 2028 3158 Ι)
2069 3117 2106 3130 ν
2138 3119 2372 3172 ultionis
2403 3127 2597 3172 contra
2647 3125 2868 3174 sanctos
2917 3123 3130 3191 perﬁde
3181 3123 3314 3186 lata,
3367 3131 3658 3193 quantum
3701 3127 3754 3178 in
3781 3131 3820 3176 te

332 3207 745 3277 persecutionis
787 3208 1010 3259 fumum
1061 3221 1226 3274 aequo
1269 3221 1384 3256 non
1425 3204 1699 3257 sulferens
1748 3213 1768 3236 ο
1809 3206 2025 3272 animo,
2136 3213 2242 3274 est,
2290 3210 2648 3261 consentire?
2683 3210 2769 3261 Illi
2798 3210 3130 3263 occiderunt
3160 3211 3382 3280 gladiis,
3439 3229 3592 3282 quos
3645 3215 3820 3267 adscr-

325 3295 578 3365 judicem
608 3295 768 3358 adiit,
803 3301 858 3347 et
883 3311 948 3347 ea
979 3309 1107 3364 quas
1153 3293 1248 3345 ille
1277 3289 1326 3356 ἀ,
1367 3291 1593 3362 ﬂagello
1640 3293 1763 3345 diro
1795 3299 2025 3345 vexatus
2135 3312 2224 3348 sos
2251 3312 2367 3348 sua:
2398 3295 2530 3349 ﬁdei
2559 3297 2946 3366 probaverunt
2981 3304 3076 3351 :tu
3109 3300 3318 3353 occidis
3346 3303 3658 3354 sententiis
3701 3319 3820 3372 quos

331 3383 595 3452 negabat,
648 3399 777 3452 quas
836 3385 986 3435 inter
1017 3381 1250 3434 verbera
1306 3396 1364 3433 se
1427 3397 1543 3433 non
1591 3380 1794 3434 dixisse
1843 3381 2025 3450 jactor
2133 3383 2264 3437 ﬁdei
2309 3389 2421 3437 tua:
2455 3385 2762 3438 concordes
2807 3402 2922 3438 non
2973 3387 3172 3440 nescis.
3223 3388 3308 3440 Illi
3361 3405 3518 3442 eosa
3561 3393 3822 3444 mundiali

331 3472 534 3526 debilis
605 3472 969 3541 personabat,
1055 3471 1266 3522 athleta
1321 3469 1506 3532 fortis,
1569 3470 1808 3538 belliger
1864 3471 2022 3522 miles
2136 3472 2247 3524 vita
2277 3473 2476 3526 tollere
2509 3489 2830 3527 conavere:
2883 3480 2942 3527 tu
2999 3491 3094 3528 eos
3146 3493 3176 3528 a
3227 3477 3340 3529 vita
3391 3483 3612 3531 alterna
3643 3480 3824 3532 niteris

331 3560 732 3614 abundantiori
788 3558 1186 3628 prosecutione
1237 3557 1507 3622 ﬁrmavit,
1555 3559 1766 3626 potiori
1823 3559 2023 3628 przelio
2133 3575 2454 3630 segregare.
2490 3561 2592 3615 Sed
2627 3561 2771 3614 absit
2802 3567 2862 3614 ut
2915 3569 3289 3632 segregentur
3332 3581 3365 3617 a
3407 3567 3548 3633 vita,
3587 3568 3692 3636 qui
3723 3569 3822 3620 ani-

329 3649 648 3710 intentavit,
710 3653 764 3702 et
791 3649 1044 3719 ingenua
1092 3651 1281 3700 mente
1337 3647 1644 3711 inchoavit,
1699 3647 1924 3716 peregit
1977 3655 2018 3712 °,
2133 3662 2254 3698 mas
2315 3647 2690 3716 perdiderunt
2737 3665 2840 3717 pro
2890 3651 3024 3703 vita.
3083 3651 3263 3716 Absit,
3321 3659 3378 3705 et
3431 3657 3641 3722 procul
3691 3658 3756 3707 sit
3801 3673 3826 3706 a

328 3737 764 3802 consummavit,
843 3737 1132 3807 implevit;
1211 3741 1274 3788 ut
1353 3734 1681 3788 ostenderet
1755 3735 2022 3788 omnibus
2131 3733 2391 3786 sensibus
2436 3735 2664 3801 nostris,
2737 3741 2796 3788 ut
2863 3739 3107 3791 cultores
3175 3741 3445 3804 veritatis,
3510 3747 3574 3794 et
3637 3744 3822 3796 Christi

328 3825 460 3880 ﬁdei
516 3843 573 3880 se
626 3827 747 3880 zelo
806 3830 1158 3878 commotum
1209 3839 1222 3875 :
1286 3839 1400 3876 non
1433 3823 1636 3876 timore
1667 3823 2020 3876 necessitatis
2129 3827 2286 3876 tanto
2326 3829 2582 3893 tempore
2630 3824 3005 3890 confessores,
3038 3827 3336 3880 inludente
3373 3829 3608 3882 diabolo
3645 3840 3820 3884 extre-

327 3925 702 3984 praaventum,
755 3919 817 3966 ut
875 3912 1158 3967 constanti
1211 3911 1423 3964 ﬁducia
1473 3911 1718 3963 Ecclesia
1751 3911 2020 3980 praelians
2132 3926 2290 3963 mum
2351 3912 2644 3965 mendacio
2718 3914 3125 3968 concluderent
3180 3931 3430 3969 cursum.
3495 3917 3668 3971 Dicat
3725 3919 3822 3972 haec

325 4004 474 4056 bella
504 4010 697 4072 aperte
729 4003 1009 4071 proferret
1044 4007 1098 4054 et
1125 4001 1315 4069 patule
1345 3999 1500 4068 quod
1547 3999 1892 4069 quibusdam
1922 3999 2017 4051 in-
2133 3998 2435 4068 imperitia:
2465 3999 2654 4066 factio,
2689 4005 2743 4053 et
2793 4004 3114 4070 praedurata
3161 4005 3382 4056 occulto
3415 4005 3642 4058 Christo
3687 4007 3824 4074 justo

325 4091 486 4144 diciis
535 4106 707 4159 super
738 4087 1584 4158 comprehensumsatagebant
1617 4087 1879 4153 ﬁrmare;
1911 4099 1974 4140 ut
2003 4086 2022 4120 τ
2123 4087 2341 4155 judicio
2373 4089 2718 4141 insensibilis
2757 4090 3086 4156 multitudo,
3140 4098 3196 4144 et
3227 4108 3513 4145 summum
3562 4095 3824 4148 Christia-

325 4178 668 4248 produceret
745 4178 1018 4230 Dominus
1085 4174 1430 4227 athletarum
1493 4189 1726 4226 suarum
1804 4175 2018 4228 mundo
2130 4175 2354 4228 nissimi
2403 4177 2622 4230 ordinis
2666 4177 2908 4246 gradum
2955 4181 3216 4248 petulans
3267 4182 3525 4251 quisquis
3577 4185 3680 4236 ille
3717 4185 3824 4237 dia-

323 4267 642 4332 victoriam,
679 4271 733 4318 et
765 4265 1010 4316 militum
1041 4279 1274 4315 suorum
1310 4261 1439 4314 rudi
1489 4273 1518 4314 ε
1561 4261 1772 4314 mundo
1813 4279 2017 4332 propa-
2131 4263 2264 4316 bolo
2291 4263 2352 4316 in
2384 4263 2497 4317 ﬁne
2542 4271 2890 4334 prosternat,
2922 4275 2979 4320 et
3009 4269 3288 4338 evigilans
3333 4269 3454 4338 ipse
3495 4271 3668 4324 nobis
3701 4273 3824 4342 quid

325 4356 470 4408 laret
499 4354 896 4418 constantiam,
944 4359 993 4404 ct
1041 4351 1366 4403 ostenderet
1411 4349 1564 4418 quod
1605 4349 1664 4401 in
1696 4350 2018 4402 novissimis
2059 4369 2100 4422 D
2131 4353 2198 4406 de
2229 4353 2426 4406 ceteris
2459 4355 2756 4408 ordinibus
2789 4356 3016 4422 sentiat,
3071 4357 3115 4409 si
3165 4357 3308 4410 forte
3350 4361 3512 4420 valet,
3557 4367 3822 4430 exponat.

322 4443 674 4514 temporibus
703 4445 728 4484 h
761 4442 999 4494 victores
1031 4439 1286 4503 haberet,
1320 4438 1419 4508 qui
1469 4437 1617 4490 bella
1667 4437 1913 4503 Domini,
1962 4443 2016 4491 et
2131 4441 2328 4493 Nostra
2359 4457 2491 4494 vero
2523 4458 2699 4510 egena
2733 4443 2878 4495 dolis
2905 4444 3262 4512 simplicitas,
3308 4451 3365 4498 et
3399 4447 3658 4499 Ecclesiae.
3695 4465 3824 4516 pura

319 4534 592 4586 instinctu
657 4548 771 4601 quo
839 4531 1008 4599 prisci
1075 4529 1088 4560 ¹
1147 4527 1593 4592 intentaverant,
1663 4528 2009 4595 praeliarent.
2127 4529 2420 4582 nobiscum
2473 4533 2625 4582 casta
2677 4531 2996 4596 sinceritas;
3051 4538 3108 4584 et
3155 4533 3532 4586 confessionis
3561 4537 3824 4588 ordinem

321 4623 464 4686 Quid
499 4623 558 4674 in
589 4622 694 4674 hoc
733 4619 1082 4689 culpandum
1114 4617 1358 4669 ducitis?
1392 4616 1526 4668 Ecce
1559 4615 2011 4683 persecutionem
2124 4616 2314 4669 divino
2363 4617 2568 4685 spiritu
2632 4618 2880 4671 celebrat
2931 4619 3083 4684 duci,
3136 4625 3192 4672 et
3249 4621 3547 4673 veritatem
3593 4624 3824 4691 regibus

319 4711 390 4764 ab
425 4710 666 4763 ethnicis
701 4715 892 4762 natam
936 4705 1326 4776 probavimus.
1367 4705 1500 4756 Ecce
1533 4708 1590 4756 et
1621 4710 1845 4756 nostros
1891 4705 2011 4756 zelo
2123 4704 2450 4757 nuntiantes
2523 4705 2859 4760 inlustratos
2937 4708 3138 4762 asserit
3218 4707 3431 4762 Christi
3497 4713 3820 4780 repectionc

320 4800 442 4864 Dei,
490 4814 604 4852 non
655 4797 974 4858 hominum,
1019 4793 1395 4848 insurrexisse
1445 4791 1819 4845 ﬁrmavimus.
1865 4792 2012 4856 Quid
2121 4792 2290 4845 felici.

319 4889 378 4943 in
409 4889 515 4942 hoc
542 4885 892 4956 culpandum
940 4882 1192 4954 putatis?
1243 4896 1436 4950 quasso
1486 4879 1708 4932 edicere
1749 4895 1864 4932 non
1898 4897 2013 4933 mo—
2196 4881 2278 4932 14.
2314 4879 2420 4933 Sed
2455 4879 2697 4949 objicitis
2749 4899 2761 4936 :
2813 4884 3015 4936 Eorum
3071 4885 3366 4938 occasione
3415 4886 3665 4940 basilica:
3729 4889 3818 4942 Dei

385 5065 413 5094 ιι
446 5041 575 5109 Leg.
612 5039 965 5109 mitigarntcm.
2189 5043 2220 5109 tr
2248 5030 2538 5109 at_s.,__mde
2559 5031 2776 5109 mando.
2806 5033 3048 5109 Moralis,
3081 5035 3215 5109 rude
3239 5038 3448 5090 saeculo.

385 5115 410 5151 ιι
443 5101 562 5173 Ms;
594 5101 919 5172 antiquitus,
2187 5101 2214 5173 ξι
2241 5101 2344 5173 ilic
2367 5101 2576 5173 iterum
2601 5102 2834 5155 Morales
2863 5104 3098 5164 addidit,
3131 5108 3317 5158 etiam.

385 5189 403 5213 ε
436 5181 512 5232 M5
543 5168 558 5237 ς
586 5193 690 5230 non
711 5168 1030 5242 summ-ens.
1313 5241 1325 5244 _
1364 5241 1374 5244 _
1539 5241 1552 5244 _
1672 5241 1683 5244 _
1830 5240 1855 5244 Δ
1915 5239 1930 5244 _
2188 5168 2200 5201 ί
2232 5171 2392 5244 idem
2425 5171 2638 5224 ibidem
2671 5189 2693 5244 :7
2717 5177 2886 5240 primi
2907 5177 3305 5228 intentatorum
3326 5179 3734 5244 praliarmtur.

383 5251 410 5291 d
444 5251 678 5302 Morales
707 5239 988 5318 iri—divum
1035 5245 1254 5310 Eulog,
1303 5241 1398 5318 fol.
1539 5241 1594 5318 b,
1627 5241 1783 5318 alter:
1820 5239 2004 5318 Codex
2123 5311 2138 5318 _
2227 5240 2494 5318 Sanctum
2565 5239 2885 5318 lfcrfectum
2945 5245 3182 5311 scilicet,
3241 5239 3676 5318 interemptum,
3751 5259 3804 5302 et

311 5335 446 5372 vero
489 5335 617 5380 ms.,
651 5319 761 5368 ille.
819 5316 951 5368 Vide
1004 5331 1176 5384 supra
1207 5331 1258 5366 ιι.
1309 5315 1358 5373 3,
1398 5313 1490 5365 ubi
1525 5313 1595 5365 de
1639 5311 1701 5384 5ἱ
1747 5311 2003 5384 Perfecto
2112 5311 2386 5384 Joannem
2417 5311 2792 5380 ilagellatum.

313 5389 508 5458 (quem
558 5390 650 5441 hic
703 5391 900 5438 auctor
951 5382 1175 5438 videtur
1220 5385 1466 5452 signare)
1498 5384 1578 5435 ait
1623 5383 1742 5433 :Se
1787 5382 1882 5434 hoc
1910 5396 2003 5449 pc-
2182 5382 2378 5458 ξεί-[λος.
2413 5389 2594 5458 aptus.

307 5446 455 5513 initus
485 5475 590 5512 non
619 5459 844 5518 dmissa,
870 5463 974 5508 etc.
1273 5446 1300 5452 '
1451 5446 1460 5452 '
1671 5525 1699 5528 μ
1910 5446 1922 5449 “
2182 5446 2195 5482 ¹
2229 5446 2592 5528 avertis,
2618 5451 2908 5528 sicutalibi
2924 5469 3040 5508 non
3062 5457 3542 5528 semelavertepro
3561 5459 3796 5516 aduerte.

377 5543 400 5572 ο
431 5529 688 5594 Moralcs,
719 5529 1011 5586 inchoavit,
1043 5528 1280 5594 ingenua
1309 5529 1477 5578 morte
1495 5525 1720 5590 peregit.
2183 5529 2220 5554 ω
2242 5522 2446 5594 illlelius
2471 5526 2824 5590 propositum.

376 5597 398 5634 ί
433 5603 584 5653 [dem
619 5598 858 5662 addidit,
901 5601 1082 5650 etiam.
1112 5593 1120 5594 ί
2177 5605 2202 5632 ιι
2237 5593 2356 5656 Ma,
2385 5594 2728 5657 degentibus.
