3860 6262
66 271 195 318 2129

1417 266 1784 322 INDICULUS
1825 266 2243 322 LUMINOSUS.

3479 272 3580 323 530

67 404 331 456 viduatae
398 417 430 454 a
486 399 870 453 sacerdotibus
937 408 1206 475 manent,=
1257 407 1310 456 et
1379 403 1770 474 persecutione
1811 406 1853 456 A
1884 402 2314 456 obtendendum
2363 407 2448 456 est
2491 403 2561 456 de
2609 402 2719 456 illis
2763 420 2903 475 quos
2960 404 3337 458 ecclesiastico
3394 405 3574 460 inter-

64 496 375 561 grassante
405 488 768 542 interdictum
815 493 898 542 est
932 491 1269 544 sacriticium
1317 492 1476 562 juge.
1525 493 1604 544 Ad
1650 492 1771 545 haec

65 595 248 632 verax
296 577 372 630 sic
420 577 728 646 respondet
776 578 1073 646 professio.
1131 581 1353 644 Nostra,
1409 587 1601 634 nostra
1647 581 1769 634 haec

61 669 336 721 fecerunt
364 666 586 730 delicta,
623 681 752 735 quia
788 672 984 718 contra
1016 673 1291 737 martyres
1330 669 1444 734 Dei,
1483 669 1598 722 imo
1627 685 1767 722 con-

62 763 161 808 tra
218 756 396 824 ipsum
447 756 774 820 Dominum,
837 760 921 807 est
967 755 1263 824 insurgere
1323 774 1476 811 ausa.
1540 758 1767 811 Recolat

59 843 394 896 fraternalis
421 849 621 895 vestrae
650 843 894 912 collegio
925 854 968 908 ³,
999 850 1210 914 quanta
1261 851 1316 898 et
1363 847 1552 914 qualia
1600 863 1766 899 vesa-

63 931 184 983 niae
237 929 495 982 commoti
543 932 793 999 procella
842 937 1039 985 contra
1093 933 1270 985 Deum
1321 933 1691 986 rebellionem
1740 937 1766 976 Β

62 1018 319 1087 arripuit
351 1034 552 1070 arma:
606 1026 662 1072 et
703 1024 840 1072 tunc
887 1019 1094 1073 sanctis
1142 1022 1487 1092 martyribus
1537 1039 1760 1076 naevum

63 1106 253 1169 hunc,
297 1106 338 1158 si
383 1106 550 1170 valet,
598 1107 849 1160 inducat.
900 1108 1099 1160 Nonne
1140 1109 1247 1177 ipsi
1289 1110 1385 1178 qui
1429 1109 1763 1163 videbantur

64 1197 371 1258 columnae,
403 1194 499 1264 qui
529 1194 882 1264 putabantur
913 1195 1171 1248 Ecclesiae
1204 1202 1400 1266 petras,
1434 1197 1533 1266 qui
1561 1199 1760 1251 crede-

63 1286 285 1338 bantur
329 1283 508 1348 electi,
563 1284 724 1335 nullo
789 1289 1046 1352 cogente,
1109 1284 1338 1337 nemine
1399 1291 1756 1354 provocante,

59 1373 317 1441 judicem
349 1371 608 1424 adierunt
644 1382 686 1437 ε,
721 1376 779 1424 et
815 1372 871 1424 in
913 1372 1212 1441 pra-sentia
1247 1373 1607 1442 Cynicorum,
1643 1375 1759 1428 imo

64 1460 490 1530 Epicureorum,
551 1459 651 1512 Dei
705 1466 987 1529 martyres
1040 1461 1496 1516 infamaverunt?
1555 1463 1758 1516 Nonne

68 1557 325 1619 pastores
365 1547 589 1613 Christi,
635 1547 895 1600 doctores
947 1549 1225 1615 Ecclesiae,
1279 1550 1554 1618 episcopi,
1581 1551 1754 1604 abba-

66 1644 166 1701 tes,
215 1635 586 1705 presbyteros,
620 1651 885 1704 proceres
916 1642 972 1689 et
1003 1637 1276 1706 magnati,
1325 1637 1619 1690 haereticos
1659 1655 1755 1691 eos

71 1742 186 1779 esse
221 1725 439 1793 publice
469 1725 896 1777 clamaveruut?
927 1730 983 1777 et
1013 1725 1237 1794 publica
1259 1726 1608 1795 professione
1633 1727 1754 1780 sine

67 1812 490 1882 desquisitione,
539 1812 753 1882 absque
805 1813 1277 1882 interrogatione,
1330 1830 1457 1882 quae
1503 1831 1606 1867 nec
1648 1815 1755 1868 im-

72 1903 319 1955 minente
361 1899 555 1953 mortis
603 1901 887 1953 sententia
933 1907 1092 1954 erant
1141 1903 1400 1966 dicenda,
1443 1908 1757 1971 spontanea

74 1991 375 2054 voluntate,
427 1996 483 2041 et
531 1988 709 2041 libero
767 1989 975 2041 mentis
1031 1990 1291 2055 arbitrio,
1354 1992 1755 2059 protulerunt?

75 2079 277 2132 calcata
312 2077 515 2130 scilicet
554 2077 921 2144 conscientia,
956 2083 1011 2130 et
1049 2077 1160 2130 ﬁde
1195 2079 1474 2147 despecta,
1513 2081 1753 2132 menda—

77 2168 154 2218 cio
193 2165 396 2228 cuncti,
439 2166 549 2218 heu
598 2165 747 2233 proh
793 2163 984 2217 dolor!
1029 2166 1348 2218 servierunt
1387 2183 1398 2220 :
1436 2173 1490 2218 et
1522 2183 1664 2237 quos
1696 2169 1754 2220 in

76 2255 340 2307 catholica
370 2255 476 2307 fide
507 2260 668 2306 natos
715 2257 770 2305 et
817 2253 1013 2306 matris
1050 2255 1301 2307 Ecclesiae
1333 2255 1604 2308 uberibus
1640 2273 1753 2308 nu-

83 2344 228 2395 tritus
276 2347 563 2406 noverant,
612 2342 947 2394 meretriceo
992 2343 1318 2408 concubitu,
1367 2350 1422 2396 et
1461 2344 1752 2397 adultero-

77 2448 189 2483 rum
222 2430 346 2482 cibo
377 2435 563 2498 pastos
595 2445 715 2482 esse
747 2430 1068 2482 firmarunt.

149 2521 225 2571 15.
263 2519 321 2570 Et
355 2525 508 2569 estne
539 2517 748 2587 aliquis
780 2517 847 2570 de
880 2519 1106 2587 flagello
1138 2518 1238 2587 qui
1271 2519 1457 2572 adhuc
1497 2537 1752 2590 conque-

85 2616 158 2660 rat
194 2607 382 2675 digne,
417 2622 544 2658 cum
579 2623 750 2658 causa
786 2606 965 2675 ipsius
993 2612 1282 2676 patentem
1320 2607 1471 2660 videt
1501 2609 1749 2678 flagelli?

86 2697 266 2749 Nonne
300 2695 656 2764 perspicuum
686 2696 711 2736 ἀ
741 2701 828 2746 est
857 2695 1009 2764 quod
1041 2694 1131 2746 isti
1161 2711 1358 2747 omnes
1390 2696 1752 2750 mendacium

83 2785 295 2836 fuerunt
326 2782 582 2852 professi,
627 2788 685 2834 et
719 2785 1034 2836 secundum
1078 2783 1338 2836 Veritatis
1369 2784 1603 2850 dictum,
1639 2786 1750 2838 hu-

81 2873 161 2941 jus
191 2873 417 2925 extremi
447 2872 720 2940 temporis
746 2872 1053 2941 designans
1082 2885 1103 2908 °
1129 2873 1469 2941 periculum,
1507 2874 1748 2926 scanda-

1795 1700 1836 1752 Β

1881 491 2152 555 diximus,
2187 497 2242 543 et
2285 509 2314 543 a
2347 491 2553 560 quibus
2587 507 2656 543 ne
2689 491 2996 562 aliquando
3030 493 3096 546 ad
3146 494 3408 564 martyrii
3449 511 3577 547 sur-

1879 585 2078 650 gerent
2116 580 2366 648 palmam
2392 581 2786 647 juramentum
2821 581 3199 634 extorsimus?
3244 583 3450 652 quibus
3486 600 3573 635 er-

1878 682 2035 718 rores
2075 666 2379 734 gentilium
2416 667 2729 734 infringere
2771 669 3072 734 vetuimus,
3109 673 3163 721 et
3206 670 3572 725 maledictum

1878 770 1947 807 ne
1999 754 2495 808 maledictionibus
2550 755 2896 823 impeti-rent
2955 757 3254 826 Evangelio
3303 764 3358 810 et
3404 775 3569 812 cruce

1877 843 2074 895 educta
2104 843 2159 895 vi
2191 844 2386 912 jurare
2427 843 2768 912 improbiter
2798 843 3050 909 fecimus,
3086 845 3200 897 imo
3232 845 3484 898 feraliter
3514 852 3570 900 et

1874 930 2128 983 belluino
2160 935 2377 983 terrore
2404 931 2718 1000 coegimus,
2755 931 3035 983 minantes
3066 931 3318 986 inaudita
3349 935 3566 1004 suppli-

1874 1017 1976 1082 cia,
2012 1025 2067 1072 et
2095 1026 2456 1072 monstruosa
2491 1025 2893 1088 promittentes
2922 1020 3348 1074 truncationum
3383 1039 3568 1077 mem-

1870 1105 2104 1159 brorum
2143 1108 2290 1160 varia
2341 1113 2397 1160 et
2438 1107 2724 1160 horrenda
2771 1107 2945 1173 dictu,
2979 1109 3270 1174 audituve,
3304 1109 3568 1180 ﬂagella?

1873 1195 1938 1248 Et
1983 1212 2063 1248 ναξ
2097 1194 2294 1249 nobis!
2343 1201 2540 1249 contra
2575 1197 2942 1266 Evangelium
2992 1197 3296 1266 Evangelio
3347 1199 3433 1251 usi
3473 1217 3565 1252 su-

1871 1298 1997 1336 mus
2034 1301 2047 1337 :
2096 1284 2353 1355 quisquis
2386 1300 2634 1355 namque
2666 1284 3001 1337 maledicere
3036 1286 3322 1353 prohibet,
3371 1287 3566 1358 utique

1869 1371 2208 1425 benedicere
2234 1373 2417 1442 jubet.
2461 1374 2768 1426 Pensemus
2799 1373 2906 1425 hoc
2938 1374 2995 1425 in
3028 1373 3165 1433 loco,
3199 1375 3245 1426 si
3280 1375 3438 1428 vobis
3463 1377 3563 1444 ju-

1869 1465 2018 1512 stum
2071 1461 2314 1527 videtur,
2348 1466 2570 1513 nostras
2603 1462 2658 1512 in
2695 1461 2922 1530 publico
2961 1462 3287 1528 mendaces;
3332 1469 3387 1516 et
3432 1464 3566 1516 illo-

1867 1563 1997 1600 rum
2047 1549 2430 1618 professiones
2471 1566 2712 1602 veraces.
2749 1550 2836 1602 llli
2877 1550 3145 1604 dixerunt
3189 1552 3340 1622 quod
3373 1554 3562 1606 omnis

1867 1636 2116 1688 Ecclesia
2146 1637 2419 1706 praedicat
2451 1653 2463 1689 :
2501 1653 2603 1689 nos
2651 1637 2898 1689 diximus
2947 1638 3098 1706 quod
3149 1645 3349 1692 cuncta
3399 1640 3559 1694 Chri-

1868 1724 2128 1778 stianitas
2187 1725 2443 1778 infamat.
2503 1725 2587 1777 1111
2646 1725 3207 1795 pseudoprophetam
3254 1729 3559 1782 maledixe-

1867 1818 2045 1866 runt:
2088 1829 2190 1865 nos
2231 1815 2476 1866 cultores
2508 1814 2533 1854 ιι
2567 1812 2772 1867 Christi
2818 1813 3183 1867 detraximus.
3234 1815 3317 1868 Illi
3360 1833 3561 1884 perse--

1865 1904 2091 1953 cutores
2143 1901 2529 1965 ethnicorum;
2582 1917 2685 1953 nos
2743 1907 3136 1970 persecutores
3197 1902 3559 1957 Christicola-

1864 2005 2012 2041 rum.
2069 1989 2154 2041 llli
2207 1990 2448 2041 audaces
2501 1994 2556 2041 et
2603 1989 2775 2041 erecti
2837 1995 3036 2042 contra
3090 1990 3403 2057 diabolum,
3455 2009 3557 2044 nos

1864 2076 2095 2145 superbi
2139 2084 2336 2129 contra
2384 2077 2706 2130 Dominum.
2752 2077 2837 2130 llli
2881 2083 3077 2130 contra
3118 2095 3311 2147 regem
3357 2097 3554 2149 super-

1861 2163 2094 2217 bierunt
2136 2171 2428 2217 terrenum
2479 2182 2492 2218 :
2543 2181 2646 2218 nos
2695 2171 2890 2218 contra
2931 2181 3123 2234 regem
3167 2165 3554 2221 immortalem

1861 2257 2160 2306 aeternum.
2213 2254 2297 2306 llli
2343 2269 2469 2322 quae
2519 2253 2686 2305 corde
2735 2253 3075 2315 retinebant,
3119 2270 3214 2306 ore
3256 2261 3387 2308 sunt
3426 2271 3556 2324 pro-

1861 2341 1995 2394 fessi
2029 2358 2040 2394 :
2076 2358 2178 2394 nos
2213 2341 2366 2393 aliud
2398 2341 2588 2405 corde,
2624 2341 2778 2393 aliud
2828 2357 2926 2393 ore
2977 2342 3233 2410 professi.
3287 2343 3374 2395 Illi
3424 2360 3553 2420 cop-

1861 2429 2102 2483 fessores
2135 2435 2190 2482 et
2221 2435 2408 2496 testes,
2452 2435 2512 2481 ut
2559 2429 2694 2491 dixi,
2749 2444 2976 2482 veraces
3028 2446 3039 2483 :
3092 2446 3217 2495 nos,
3263 2447 3345 2484 vae
3378 2431 3547 2485 mihi!

1863 2519 2125 2572 tinctores
2166 2519 2411 2571 fallaces.
2463 2517 2794 2572 Carnalibus
2844 2534 2976 2569 vero
3024 2523 3076 2570 et
3127 2518 3318 2571 minus
3359 2521 3553 2590 peritis

1861 2607 2187 2659 scandalum
2232 2605 2386 2658 nasci
2427 2611 2687 2674 tempore
2729 2605 3007 2674 martyrii.
3042 2606 3240 2659 beatus
3273 2614 3325 2659 et
3357 2609 3551 2661 lumen

1861 2700 2054 2748 noster
2085 2694 2335 2747 Isidorus
2375 2694 2432 2746 in
2466 2710 2656 2746 rerum
2691 2700 2908 2746 naturae
2960 2695 3104 2747 libro
3153 2695 3398 2749 evidenti
3430 2697 3552 2750 elo-

1860 2783 1994 2852 quio
2029 2789 2084 2835 et
2115 2788 2246 2850 apta
2278 2781 2462 2851 figura
2487 2782 2680 2840 Stella:
2702 2782 3000 2850 cujusdam
3028 2783 3275 2836 Horione
3297 2785 3547 2838 nuntiat.

1859 2870 2143 2923 Horiones
2191 2876 2402 2933 autem,
2452 2870 2658 2940 inquit,
2710 2871 3034 2940 significant
3073 2877 3372 2941 martyres,
3417 2890 3550 2928 nam

83 2960 216 3011 lizati
271 2959 469 3011 electi?
525 2959 744 3029 (Matth.
806 2974 954 3024 xxrv,
1008 2959 1120 3028 24).
1183 2960 1357 3012 Electi
1406 2961 1557 3014 enim
1609 2962 1745 3030 quia
1785 2969 1825 3021 C
1858 2959 2002 3011 sicut
2045 2959 2165 3011 istae
2209 2964 2521 3011 nascuntur
2560 2959 2618 3011 in
2659 2961 2799 3012 caelo
2832 2966 3090 3028 tempore
3125 2961 3350 3029 hiemis,
3383 2962 3459 3014 ita
3491 2963 3548 3015 in

83 3048 435 3116 speculatores
463 3047 653 3116 gregis
686 3046 805 3112 Dei,
839 3052 896 3098 et
925 3048 1096 3099 sacris
1128 3048 1427 3101 ordinibus
1450 3049 1701 3102 decorati
1728 3067 1740 3104 :

83 3135 158 3185 sed
200 3134 576 3198 scaudalizati,
623 3134 759 3188 dum
804 3134 1122 3198 veritatem,
1166 3152 1294 3204 quae
1342 3136 1593 3189 Christus
1639 3145 1740 3204 est,

83 3222 319 3275 timentes
351 3223 572 3291 publice
610 3228 950 3288 contestare,
992 3223 1197 3276 falsum
1247 3225 1429 3277 conati
1477 3231 1610 3277 sunt
1649 3242 1740 3277 ro-

85 3310 276 3363 borare.
309 3312 496 3364 Pcrdes
527 3327 631 3376 eos,
670 3311 749 3364 ait
794 3311 1083 3381 Scriptura
1123 3315 1218 3379 qui
1263 3314 1558 3382 loquuntur
1605 3331 1743 3366 men-

83 3399 267 3451 dacium
314 3401 474 3468 (Psal.
521 3417 572 3464 v,
619 3400 696 3469 ⁸7).
753 3401 816 3453 Et
868 3417 880 3453 :
936 3401 1004 3454 Os
1055 3401 1199 3469 quod
1243 3405 1501 3454 mentitur
1546 3403 1742 3456 occidit

86 3489 288 3539 animam
322 3488 473 3555 (Sep.
512 3505 547 3553 ι,
598 3489 706 3555 lt),
755 3489 935 3540 multo
980 3489 1163 3558 magis
1202 3490 1518 3559 propriam,
1567 3507 1737 3559 quam

86 3583 358 3629 externam.
408 3577 544 3629 Nam
609 3585 667 3628 ut
723 3576 934 3628 veritas
994 3576 1252 3630 Christus
1304 3591 1386 3630 est
1443 3578 1736 3639 Dominus,

88 3663 148 3713 ita
196 3664 537 3717 mendacium
598 3665 983 3717 Antichristus
1041 3665 1323 3718 diabolus.
1382 3666 1739 3735 Respuentes

87 3766 295 3820 quoque,
333 3760 389 3804 ut
420 3753 499 3805 ait
528 3754 836 3821 Apostolus
867 3752 1040 3821 (Rom.
1078 3769 1114 3818 ι,
1150 3756 1262 3820 25),
1294 3754 1611 3819 veritatem,
1647 3772 1738 3806 re-

88 3837 262 3906 cipient
283 3841 661 3906 mendacium,
691 3841 795 3893 hoc
827 3846 930 3905 est,
957 3841 1143 3910 ipsum
1166 3841 1388 3894 hostem
1419 3847 1734 3896 extremum

88 3928 250 3981 ultimo
290 3929 500 3998 judicio
545 3929 1013 3996 condemnatum,
1065 3929 1278 3982 diaboli
1326 3947 1630 3996 organum,
1683 3936 1738 3984 et

91 4017 306 4070 omnium
339 4017 648 4070 falsitatum
681 4017 1010 4087 aptissimus
1043 4017 1241 4070 titulus
1271 4016 1303 4070 ί,
1341 4018 1489 4071 Nihil
1525 4019 1734 4089 quippe

95 4103 293 4165 veritati,
340 4105 443 4158 nisi
494 4105 708 4158 falsitas
759 4105 1132 4158 contravenit.
1187 4106 1250 4158 Et
1293 4105 1445 4158 aliud
1493 4107 1734 4160 dubium

95 4191 213 4258 quod
247 4193 338 4261 qui
378 4194 734 4245 mendacium
785 4192 941 4258 dicit,
994 4209 1025 4244 a
1075 4194 1186 4246 Deo
1235 4192 1332 4262 qui
1379 4193 1582 4245 veritas
1627 4200 1730 4260 est,

1851 3047 2096 3099 Ecclesia
2130 3053 2409 3116 martyres
2453 3047 2774 3116 procedunt
2813 3055 3069 3117 tempore
3114 3049 3546 3118 persecutionis.

1854 3136 2293 3188 Procedentibus
2347 3135 2692 3190 Horionibus
2742 3152 2897 3188 mare
2943 3137 3226 3203 turbatur,
3262 3143 3317 3191 et
3349 3144 3500 3191 terra
3533 3155 3545 3193 ε

1853 3223 2068 3276 obortis
2101 3241 2232 3276 vero
2265 3224 2610 3294 martyribus
2640 3229 2996 3277 terrenorum
3024 3231 3078 3278 et
3098 3225 3356 3279 fidelium
3377 3228 3549 3280 corda

1851 3317 2188 3381 tempestate
2215 3313 2521 3381 jactentur.

1928 3403 2007 3453 l6.
2060 3401 2164 3453 Sed
2220 3401 2452 3452 forsitan
2503 3400 2712 3469 aliquis
2760 3401 3185 3454 simulationem
3245 3401 3303 3455 in
3361 3403 3544 3456 causis

1848 3488 2057 3542 talibus
2095 3489 2456 3556 dispensator
2497 3489 2568 3540 ile
2605 3489 2616 3522 ί
2651 3489 2853 3540 assrrit
2884 3489 3136 3557 dignam,
3175 3496 3231 3542 et
3261 3493 3544 3559 apostolo-

1850 3591 1976 3628 rum
2010 3576 2345 3627 auctoritate
2392 3575 2475 3627 vel
2519 3575 2660 3643 legis
2691 3575 2836 3628 hanc
2866 3575 3064 3628 frivole
3110 3575 3354 3629 intendit
3383 3576 3542 3630 affir-

1851 3680 2024 3717 mare.
2080 3666 2418 3716 Percurrant
2463 3663 2709 3715 breviter
2757 3663 2909 3730 ipsas
2969 3663 3412 3733 dispensatorias
3459 3682 3543 3716 ra-

1848 3753 2053 3816 tiones,
2087 3755 2140 3802 et
2172 3756 2365 3819 aperte
2409 3750 2698 3802 invenient
2729 3750 2950 3802 nullum
3003 3751 3060 3802 in
3105 3752 3287 3803 causis
3338 3753 3542 3821 princi-

1847 3840 2071 3909 palibus
2134 3839 2456 3891 officiosum
2526 3837 2890 3890 mendacium
2957 3839 3368 3908 frequentasse.
3430 3841 3542 3893 Nec

1846 3928 1991 3981 hanc
2023 3944 2154 3979 usus
2199 3926 2373 3979 fuisse
2417 3927 2472 3979 in
2509 3925 2826 3994 periculum
2861 3925 3089 3991 animae,
3133 3927 3227 3980 sed
3265 3927 3361 3980 ubi
3401 3930 3541 3981 mul-

1846 4021 2032 4069 torum
2068 4017 2331 4077 salutem,
2365 4031 2648 4084 suumque
2687 4014 2746 4066 in
2790 4014 3045 4068 futurum
3089 4014 3402 4085 principale
3434 4033 3540 4069 no-

1845 4107 2045 4156 verant.
2079 4102 2417 4170 dispositum
2453 4101 2829 4154 saluberrime
2861 4103 3165 4171 parturire.
3201 4103 3358 4166 Quod
3387 4103 3540 4172 regis

1846 4190 2056 4246 Israeli
2096 4189 2388 4242 simulatio
2435 4189 2745 4242 facietenus
2788 4191 3060 4258 proferet,
3108 4190 3205 4260 qui
3237 4207 3292 4243 se
3324 4191 3538 4244 idolum

99 4293 195 4330 mox
229 4281 443 4334 recedit.
488 4282 550 4334 Et
592 4297 709 4334 non
758 4280 944 4332 solum
995 4281 1356 4333 mendacium
1404 4281 1463 4334 in
1515 4282 1732 4335 levibus
1773 4261 1815 4314 D
1847 4280 1986 4332 velle
2016 4279 2202 4331 colere
2242 4277 2531 4347 professus
2573 4281 2680 4342 est,
2731 4276 2856 4330 ideo
2903 4282 2968 4331 ut
3014 4279 3371 4333 sacerdotum
3419 4279 3539 4332 lati-

98 4370 139 4415 ct
159 4366 334 4420 mediis
366 4383 394 4423 tr
422 4369 771 4422 incurrimus
805 4369 1008 4434 causis,
1041 4385 1241 4422 verum
1272 4369 1442 4422 etiam
1476 4369 1533 4423 in
1563 4371 1735 4424 rebus

100 4455 290 4508 summis
333 4464 388 4511 et
431 4457 734 4527 principali
785 4458 1021 4510 nomine
1079 4458 1440 4510 consecratis.
1493 4460 1556 4512 In
1611 4459 1734 4528 ipsa

100 4543 366 4608 specialiter
397 4546 528 4600 ﬁdei
563 4546 802 4599 veritate
840 4545 1254 4615 persecutionis
1299 4545 1535 4600 articulo
1565 4564 1736 4602 coar—

103 4631 214 4696 ctati,
244 4648 334 4685 nos
366 4636 540 4687 multo
573 4635 972 4688 amaritudinis
1008 4635 1310 4688 infecimus
1342 4635 1492 4702 felle,
1529 4641 1585 4689 et
1615 4637 1731 4689 cul-

103 4719 215 4769 tores
253 4721 439 4775 Christi
490 4723 784 4777 haereseon
834 4724 1119 4790 scandalo,
1167 4724 1400 4794 quando
1452 4724 1513 4777 in
1568 4725 1735 4778 nobis

106 4805 288 4871 exstitit,
320 4809 606 4864 induimus
638 4811 787 4865 olida
819 4811 985 4881 pelle.
1031 4813 1146 4865 Hoc
1187 4811 1338 4882 quod
1371 4811 1506 4865 foris
1539 4811 1597 4865 in
1628 4829 1731 4883 pu-

105 4887 234 4957 blico,
273 4901 324 4948 et
363 4900 737 4967 potestatibus
780 4917 884 4954 nos
918 4901 1325 4955 devacantibus
1370 4900 1504 4954 feris
1546 4906 1730 4954 actum

107 4983 181 5041 est,
221 4981 432 5041 forsitan
481 4988 692 5042 alicubi
739 4989 950 5060 poterit
997 4989 1177 5042 videri
1225 4988 1474 5041 inultum
1527 5005 1540 5042 :
1594 4989 1730 5058 quid

156 5130 175 5154 ⁸
197 5123 244 5175 ld
272 5134 348 5181 est
375 5131 622 5186 collectio.

160 5193 178 5231 δ
199 5193 340 5250 Forte
365 5201 594 5255 rebellio.

162 5270 177 5292 ⁶
204 5264 266 5316 Ms
292 5309 304 5332 ,
333 5271 634 5325 audierunt.

160 5332 180 5411 εξ
205 5333 306 5411 llis,
332 5345 666 5411 perspicuum
695 5346 773 5396 est
801 5357 952 5411 quos.

163 5405 181 5478 ξ
203 5403 304 5478 945.,
327 5403 704 5478 destinantem.

165 5466 180 5503 ί
203 5466 302 5542 Ms,
325 5466 655 5537 Mitissimum
687 5484 923 5537 titulum.

1844 4367 1977 4422 bula
2007 4383 2109 4437 per
2137 4367 2359 4418 diversa
2392 4371 2663 4435 vagantes
2703 4365 2853 4419 facili
2895 4371 3098 4419 eventu
3127 4373 3538 4436 prosterneret,

1847 4456 2038 4510 dicens
2086 4472 2098 4508 :
2149 4457 2479 4520 Congregate
2529 4456 2668 4507 mihi
2716 4470 2892 4508 omnes
2936 4455 3236 4508 sacerdotes
3277 4457 3431 4510 BaaI.
3473 4458 3540 4510 Si

1845 4547 1986 4599 enim
2023 4544 2172 4598 Acab
2204 4545 2429 4596 servivit
2461 4543 2736 4596 Bathalim
2766 4545 2824 4595 in
2853 4545 3063 4610 paucis,
3096 4559 3187 4608 ego
3221 4545 3452 4596 serviam
3481 4546 3537 4596 in

1842 4635 2027 4687 multis
2059 4632 2171 4701 (IV
2197 4633 2326 4697 Reg.
2373 4646 2427 4694 x,
2483 4631 2586 4696 18).
2623 4631 2714 4685 Sic
2753 4636 2808 4684 et
2849 4631 3020 4684 David
3053 4636 3294 4684 mortem
3329 4647 3536 4699 corpo-

1841 4719 1941 4785 ris,
1976 4735 2089 4772 non
2134 4719 2363 4784 animae,
2405 4718 2709 4772 imminere
2753 4720 3078 4789 respiciens,
3123 4719 3406 4773 insaniam
3436 4719 3537 4773 fin-

1843 4807 1923 4860 xit
1951 4809 2000 4874 (I
2027 4810 2154 4873 Reg.
2191 4823 2302 4871 xxr,
2339 4805 2444 4874 13),
2479 4811 2536 4858 et
2568 4807 2834 4860 letbalem
2873 4824 3065 4860 casum
3100 4825 3213 4862 non
3249 4808 3405 4873 ﬁdei,
3437 4807 3534 4860 sed

1842 4895 2111 4961 membri,
2162 4909 2332 4963 quam
2367 4892 2683 4946 incurrerat
2717 4894 3001 4948 devitavit.
3035 4898 3151 4950 Hoc
3196 4896 3362 4948 modo
3394 4897 3535 4950 Pau-

1841 4985 1932 5038 lus
1962 4984 2048 5036 vel
2097 4980 2286 5034 caateri
2334 4979 2588 5034 seniores
2641 4982 2884 5052 apostoli
2935 4983 3230 5037 simulasse
3268 4984 3535 5037 credendi

1916 5145 1946 5185 ε
1975 5131 2034 5184 Id
2059 5132 2142 5182 est
2171 5127 2573 5182 mediocribus.

1913 5203 1942 5243 ιι
1974 5202 2032 5254 L.
2062 5199 2375 5254 cultoribus.

1916 5270 1929 5304 ί
1973 5272 2031 5324 F.
2079 5270 2490 5336 dispensatorie,
2544 5285 2675 5323 cum
2718 5269 2907 5323 statim
2957 5269 3388 5339 dispensatorias
3421 5287 3536 5324 me-

1846 5343 2030 5394 moret
2053 5341 2308 5392 rationes.

1912 5412 1927 5454 1
1949 5411 2102 5475 Jehu,
2136 5407 2369 5465 scilicet.
