3860 6262
275 253 368 303 531

1641 247 1905 301 ALVARI
1946 246 2422 301 CORDUBENSIS

3695 243 3786 292 533

276 385 411 436 sunt
438 381 578 452 legis
607 379 974 434 caeremonias
1004 379 1314 448 implevere
1356 381 1498 446 (Act.
1529 383 1661 444 xxx),
1701 383 1763 432 ut
1792 378 1960 432 saluti
2001 379 2050 434 A
2079 382 2216 444 tem,
2249 383 2303 431 et
2331 378 2710 447 injucundum
2743 377 3032 430 infernum
3067 393 3079 430 :
3123 377 3280 430 unde
3309 379 3371 429 et
3405 373 3668 428 tradidit
3693 389 3790 424 nos

275 471 532 541 gentium
563 484 666 538 per
704 468 851 521 hanc
897 467 1382 538 dispensationem
1415 467 1577 520 ﬁeret
1609 469 1969 534 consultum;

275 557 750 628 parvipendentes
767 557 1051 625 privatum
1075 555 1441 624 dispendium
1460 555 1518 608 in
1541 557 1970 625 comparatione

273 647 446 700 totius
477 645 700 710 mundi,
730 644 822 698 cui
850 661 914 697 ex
942 645 1049 697 hoc
1081 644 1420 697 imminebat
1468 645 1807 698 remedium.
1860 647 1972 698 Nec

277 733 348 787 ad
395 733 553 786 idola
602 733 842 786 colenda
883 731 1078 784 inﬂexi
1112 775 1124 798 ,
1177 733 1273 786 sed
1326 732 1396 786 ad
1443 733 1816 786 caeremonias
1875 733 1974 786 Dei

277 819 388 872 vivi
431 825 582 884 sunt,
631 819 766 872 licet
798 818 918 887 jam
951 818 1050 871 illo
1082 823 1342 887 tempore
1397 817 1656 884 abolitas,
1691 820 1970 872 conversi.

351 909 436 959 l7.
497 907 595 960 Hm
648 905 1014 959 auctoritates
1070 907 1181 958 alio
1240 906 1299 958 in
1353 909 1609 975 tempore
1679 913 1811 960 sunt
1869 907 1974 960 fre-

279 995 646 1064 quentandae,
681 1009 784 1046 nec
814 993 872 1045 in
911 993 1240 1062 principali,
1283 998 1348 1046 ut
1376 993 1643 1056 diximus,
1679 995 1812 1048 ﬁdei
1844 1011 1973 1048 san—

280 1088 384 1136 ctae
414 1083 572 1135 cultu
601 1086 849 1146 utendae,
883 1082 980 1134 sed
1011 1082 1425 1150 subsequenter
1465 1083 1524 1134 in
1559 1085 1738 1136 salute
1769 1099 1974 1152 corpo-

280 1171 362 1224 ris
411 1176 466 1224 et
505 1171 805 1224 hominum
863 1171 1078 1240 absque
1131 1171 1475 1222 detrimento
1529 1170 1662 1222 ﬁdei
1720 1187 1976 1241 compro-

281 1259 506 1313 banda'.
559 1258 913 1312 Mendacium
973 1274 1104 1311 vero
1159 1264 1214 1311 et
1270 1257 1696 1311 simulationem
1747 1260 1976 1328 penitus

281 1347 612 1417 fugiendam
657 1346 716 1399 in
758 1363 816 1400 re
857 1346 1068 1410 divina,
1113 1347 1447 1400 auctoritate
1498 1351 1716 1399 sacrata
1762 1347 1976 1400 Eleaza-

283 1452 378 1488 rus
408 1435 468 1488 in
511 1435 654 1488 libro
694 1434 941 1488 secundo
986 1435 1438 1488 Machabmorum
1487 1435 1849 1488 luminositer
1877 1436 1976 1489 do-

284 1528 373 1576 cet
416 1540 429 1576 :
481 1522 578 1592 qui
635 1521 704 1574 ab
755 1522 951 1575 amicis
999 1523 1346 1586 admonitus,
1405 1528 1467 1575 ut
1512 1529 1730 1576 secreto
1782 1539 1978 1576 carnes

283 1612 419 1664 alias
451 1615 658 1680 praeter
701 1610 1115 1676 immolatitias,
1155 1612 1240 1663 vel
1269 1610 1464 1662 suillas
1497 1611 1712 1675 ederet,
1743 1610 1976 1663 simula-

283 1705 485 1769 retque
543 1715 600 1752 se
655 1699 976 1769 prohibitas
1033 1700 1348 1766 comedere,
1409 1715 1548 1769 quas
1605 1716 1700 1753 rex
1764 1699 1977 1770 impius

285 1789 436 1841 vesci
465 1788 744 1840 instanter
772 1789 1032 1857 urgebat,
1068 1793 1130 1840 ut
1169 1793 1225 1840 et
1271 1793 1514 1840 mortem
1566 1788 1850 1852 evaderet,
1905 1790 1980 1840 le-

289 1877 490 1947 gisque
523 1893 636 1929 non
666 1877 1068 1945 prmvaricaret
1099 1877 1418 1939 decretum;
1471 1876 1804 1929 simulatum
1850 1893 1980 1929 con—

287 1963 521 2034 tempsit
568 1965 887 2028 deludium,
939 1969 1002 2016 ut
1041 1965 1400 2032 propalatum
1440 1973 1464 1998 ⁸
1510 1965 1816 2018 sustineret
1863 1969 1977 2018 tro-

289 2069 503 2121 pinum,
545 2053 818 2104 secuturis
863 2052 1084 2105 StBClliiS
1125 2052 1352 2105 virtutis
1401 2058 1515 2106 tuae
1561 2069 1665 2123 per
1701 2055 1810 2106 hoc
1849 2053 1982 2106 insi-

290 2157 474 2194 nuans
533 2141 906 2210 exemplabile
972 2141 1403 2194 documentum.
1465 2144 1584 2196 Non
1639 2145 1780 2195 enim
1830 2145 1982 2196 aetati

289 2235 485 2282 nostrae
536 2229 758 2294 dignum
810 2235 905 2294 est,
955 2229 1163 2298 inquit,
1213 2232 1430 2296 ﬁngere,
1483 2235 1540 2282 ut
1585 2231 1747 2282 mulli
1796 2231 1980 2285 adole-

291 2319 516 2370 scentuli
569 2318 896 2371 arbitrantes
951 2318 1281 2371 Eleazarum
1349 2322 1650 2384 nonaginta
1715 2335 1981 2373 annorum

295 2403 554 2458 tﬁmsisse
583 2405 657 2458 ad
683 2409 853 2458 vitam
883 2406 1329 2472 alienigenarum,
1363 2411 1412 2458 et
1443 2409 1555 2474 ipsi
1569 2411 1795 2474 propter
1811 2423 1982 2460 meam

294 2494 716 2560 simulationem,
765 2497 813 2546 et
859 2499 1082 2561 propter
1129 2494 1397 2546 modicum
1444 2495 1816 2562 corruptibilis
1857 2497 1984 2547 vita:

298 2583 503 2647 tempus
542 2581 909 2648 decipiantur,
953 2586 1001 2633 et
1039 2597 1139 2650 per
1179 2581 1272 2634 hoc
1315 2582 1580 2634 maculam
1627 2585 1791 2649 atque
1831 2597 1980 2634 ease-

296 2669 588 2719 erationem
643 2683 768 2720 meai
829 2670 1110 2720 senectutis
1176 2671 1510 2736 conquiram.
1572 2671 1711 2723 Nam
1767 2671 1869 2722 etsi
1926 2672 1984 2721 in

293 2757 551 2822 presenti
591 2759 823 2824 tempore
861 2757 1145 2824 suppliciis
1178 2757 1452 2808 hominum
1481 2759 1710 2824 eripiar,
1742 2757 1836 2810 sed
1865 2773 1982 2809 ma-

293 2857 394 2894 nus
445 2847 822 2911 omnipotentis
877 2859 1046 2910 neque
1089 2846 1245 2896 vivus
1292 2859 1461 2911 neque
1502 2845 1789 2910 defunctus
1840 2843 1986 2911 effu—

2079 466 2359 518 Dominus
2405 466 2504 536 qui
2529 465 2816 536 justitiam
2848 465 3060 536 diligit,
3098 470 3155 518 et
3184 465 3347 534 cujus
3379 465 3586 515 vultus
3627 463 3788 530 aequi-

2080 559 2254 607 tatem
2308 553 2564 606 decernit
2610 555 2778 622 (Psal.
2829 553 2908 623 x),
2955 553 3064 622 ipsi
3111 553 3308 606 bestias
3359 550 3784 604 conrodendos-

2082 642 2387 696 Suscitavit
2434 642 2588 694 enim
2634 658 2805 708 super
2847 657 2951 693 nos
2979 641 3168 710 ipsum
3204 641 3371 710 quasi
3401 639 3656 708 praprie
3687 654 3788 690 ma-

2083 730 2376 792 ledictum,
2418 730 2517 799 qui
2556 745 2784 782 omnem
2825 728 3265 781 tiliristianitatis
3296 729 3590 798 gradum,
3627 733 3680 778 et
3709 731 3784 777 to-

2082 818 2196 870 tius
2251 818 2508 870 Ecclesim
2560 821 2772 869 statum
2832 817 3100 870 contrivit
3148 833 3160 868 :
3211 831 3436 885 nosque
3493 815 3698 882 digne,
3743 817 3788 866 et

2076 905 2250 973 juste,
2301 905 2526 971 merito,
2575 910 2899 958 terratenus
2944 904 3280 975 coaequavit.
3315 905 3460 957 Nam
3499 903 3650 956 dum
3685 919 3788 954 ma-

2083 993 2321 1045 ledicere
2361 993 2560 1046 leviter
2601 998 2822 1046 sanctos
2864 994 2964 1046 Dei
3005 995 3197 1045 nostra
3239 1009 3354 1045 non
3403 992 3622 1044 timuit
3669 991 3786 1042 levi-

2084 1087 2190 1146 tas,
2227 1087 2282 1134 et
2311 1083 2678 1135 maledictum
2711 1082 3036 1148 defendere,
3078 1082 3196 1134 imo
3249 1081 3520 1148 quotidie
3567 1081 3790 1150 publica

2084 1185 2347 1222 sermone
2401 1171 2635 1223 laudare
2694 1170 2754 1222 in
2813 1170 3056 1222 Ecclesia
3122 1186 3184 1222 ex
3251 1169 3622 1239 pracellenti
3681 1169 3794 1219 loca

2084 1264 2279 1311 nostra
2337 1259 2564 1312 conavit
2621 1258 2942 1324 temeritas;
3003 1257 3156 1311 illico
3209 1257 3370 1327 quasi
3433 1274 3506 1310 ex
3571 1257 3792 1310 inferno

2083 1347 2428 1416 productum
2492 1347 2680 1416 ipsum
2737 1363 2910 1417 quem
2968 1345 3336 1418 praeconabili
3399 1362 3543 1398 voce
3607 1345 3792 1398 defen-

2086 1436 2297 1500 dendo,
2332 1437 2496 1506 quasi
2537 1436 2908 1498 laudavimus,
2956 1440 3144 1487 erecto
3178 1435 3234 1486 in
3281 1434 3442 1502 apice
3479 1449 3668 1503 super
3699 1449 3790 1485 nos

2081 1524 2237 1592 justo
2283 1525 2382 1576 Dei
2423 1525 2638 1594 judicio
2685 1524 2995 1588 doluimus,
3043 1539 3216 1594 quem
3262 1539 3376 1575 non
3421 1523 3660 1584 mitem,
3705 1521 3790 1573 sed

2087 1613 2375 1666 crudelem
2420 1618 2476 1666 et
2508 1613 2720 1678 dirum,
2753 1617 2921 1682 atque
2946 1613 3216 1681 jugulum
3249 1611 3304 1664 in
3346 1613 3568 1664 nostris
3611 1610 3788 1662 cervi-

2088 1701 2247 1754 cibus
2287 1706 2586 1754 acuentem
2630 1701 2901 1753 hactenus
2934 1699 3299 1752 sustinemus.
3335 1699 3634 1768 Iniquitas
3667 1713 3788 1749 nam

2087 1793 2279 1842 nostra
2331 1789 2391 1841 in
2453 1789 2660 1842 vertice
2717 1793 2912 1841 nostro
2973 1787 3268 1841 descendit
3324 1788 3499 1854 (Psal.
3563 1787 3692 1850 vn),
3745 1791 3788 1837 et

2090 1877 2308 1928 malitia
2337 1877 2586 1930 calcanei
2619 1877 2793 1929 nostri
2831 1893 2933 1929 nos
2965 1875 3339 1928 circumdedit
3369 1874 3541 1944 (Psal.
3588 1889 3786 1927 xnvnu.

2090 1965 2200 2018 Nec
2233 1980 2580 2034 conquerere
2623 1966 2692 2018 de
2727 1965 3109 2035 quorumdam
3153 1963 3644 2028 Christianorum,
3685 1963 3790 2014 imo

2087 2053 2550 2122 publicanorum,
2589 2053 3001 2105 insurrectione
3032 2051 3328 2114 debemus,
3370 2053 3474 2120 qui
3507 2051 3630 2120 ipsi
3665 2067 3788 2104 con-

2089 2145 2175 2193 tra
2205 2145 2411 2194 nostrzn
2443 2141 2576 2194 ﬁdei
2606 2143 2849 2193 cultores
2879 2140 3249 2202 surreximus,
3296 2145 3352 2192 et
3401 2140 3460 2192 in
3505 2147 3788 2210 quantum

2089 2227 2382 2297 potuimus
2425 2233 2647 2280 sanctos
2683 2229 2781 2280 Dei
2813 2227 3110 2280 dicacibus
3155 2227 3342 2280 verbis
3391 2227 3788 2280 maledicendo

2089 2317 2468 2386 turpavimus.
2511 2317 2574 2369 Et
2616 2316 2746 2369 licet
2783 2316 2887 2368 iste
2925 2321 3258 2384 persecutor
3301 2315 3570 2368 Ecclesia),
3613 2316 3792 2386 publi-

2091 2420 2265 2456 canus
2305 2405 2572 2462 multum.
2605 2405 2976 2474 permittente
3019 2405 3154 2466 Deo,
3200 2410 3400 2455 contra
3445 2403 3588 2457 ﬁdei
3625 2421 3742 2457 suae
3769 2417 3789 2444 ε

2094 2493 2248 2544 canis
2303 2493 2611 2545 surrexerit
2669 2493 2923 2557 rabidus,
2982 2496 3038 2543 et
3099 2490 3412 2560 pra‘buerit
3479 2492 3792 2560 gentilibus

2094 2580 2348 2650 gladium
2399 2581 2466 2634 ad
2515 2581 2795 2650 populum
2847 2579 3076 2632 Domini
3116 2579 3540 2648 jugulandum;
3601 2585 3790 2632 tamen

2095 2669 2238 2720 sicut
2277 2669 2666 2721 conﬁtendum
2710 2673 2814 2734 est,
2859 2669 2966 2721 hoc
3007 2667 3270 2720 ﬁdelibus
3303 2667 3456 2734 juste
3502 2673 3562 2720 et
3595 2669 3792 2720 merito

2094 2757 2570 2824 praevaricationis
2614 2756 2898 2820 evenisse;
2951 2755 3030 2808 ita
3079 2772 3108 2807 e
3151 2755 3442 2808 contrario
3495 2755 3790 2808 fatendum

2095 2849 2196 2902 est,
2231 2844 2394 2896 illum
2438 2845 2650 2896 diaboli
2691 2843 2966 2896 membris
3005 2841 3025 2877 ἲ
3067 2843 3395 2906 adhaesisse,
3441 2847 3499 2896 et
3551 2844 3621 2897 ad
3671 2861 3790 2913 pro-

295 2932 463 2994 giam.
519 2931 871 2996 Quamobrem
921 2934 1140 2997 fortiter
1191 2935 1306 2985 vita
1357 2933 1676 2998 ere-cedendo,
1722 2937 1987 2986 senectute
2027 2965 2066 3018 ρ
2095 2931 2382 2984 bationem
2419 2933 2672 2985 Ecclesiae
2703 2937 2760 2984 et
2788 2932 3084 3000 palearum
3115 2931 3548 2984 ventilationem
3583 2933 3788 2984 instin-

297 3017 515 3085 quidem
579 3019 778 3085 dignus
843 3020 1137 3087 apparebo,
1197 3020 1619 3072 adolescentibus
1684 3023 1986 3088 exemplum

295 3107 438 3170 forte
492 3107 819 3174 relinquam,
875 3109 925 3158 si
977 3111 1227 3174 prompto
1278 3110 1458 3160 animo
1516 3123 1578 3160 ac
1623 3109 1844 3172 fortiter
1883 3125 1984 3176 pro

296 3195 641 3259 gravissimis
679 3198 728 3247 et
757 3197 1118 3247 sanctissimis
1160 3195 1362 3260 legibus
1409 3195 1629 3248 honesta
1667 3201 1834 3249 morte
1859 3213 1981 3265 per-

296 3283 506 3347 fungar
555 3283 632 3350 (II
673 3281 846 3335 Much.
904 3297 978 3344 vi,
1027 3283 1237 3350 24-28).
1291 3285 1400 3336 Iste
1431 3284 1584 3336 enim
1620 3287 1676 3336 et
1715 3284 1984 3338 simulare

298 3369 491 3436 potuit
521 3369 642 3422 sine
683 3369 1135 3438 transgressione
1173 3369 1405 3434 inlicita,
1459 3376 1516 3423 et
1562 3371 1712 3424 licita
1755 3387 1870 3425 non
1916 3373 1986 3425 si-

301 3457 608 3525 mulanter,
641 3459 736 3511 sed
780 3474 912 3510 vere
941 3458 1100 3510 fuere
1140 3475 1152 3510 :
1197 3459 1292 3511 sed
1333 3459 1540 3522 renuit,
1587 3465 1642 3512 et
1672 3461 1983 3529 pretiosam

297 3552 540 3600 mortem
578 3564 681 3617 pro
725 3546 967 3600 Domino
998 3555 1054 3599 et
1087 3547 1342 3616 legitima
1369 3551 1392 3590 b
1421 3548 1542 3617 ejus
1573 3549 1770 3602 volens
1801 3542 1986 3602 incuri

297 3637 388 3700 rit,
423 3636 616 3690 dicens
646 3636 701 3690 in
735 3636 823 3688 sui
854 3637 1125 3688 transitus
1157 3636 1292 3688 hora
1335 3650 1347 3688 :
1394 3639 1632 3700 Domine,
1683 3639 1780 3704 qui
1823 3637 1984 3691 habes

294 3730 538 3778 sanctam
589 3728 886 3790 scientiam,
944 3727 1230 3790 manifeste
1293 3727 1398 3778 scis
1464 3731 1520 3776 tu
1583 3727 1714 3794 quia
1775 3739 1893 3777 cum
1949 3741 1984 3778 ιι

294 3819 460 3866 morte
499 3817 703 3882 possim
749 3815 973 3867 liberari
1018 3814 1182 3866 dm'os
1213 3823 1232 3845 θ
1274 3815 1514 3881 corporis
1559 3815 1795 3866 sustineo
1841 3813 1984 3866 dolo-

292 3915 378 3954 res
428 3921 443 3954 :
488 3902 780 3956 secundum
823 3903 1060 3954 animam
1101 3917 1224 3954 vero
1265 3907 1488 3968 prOpter
1542 3903 1784 3953 timorem
1833 3905 1983 3953 tuum

295 3991 517 4043 libenter
565 3991 672 4042 haec
715 3992 901 4058 patior
946 3989 1138 4058 (ΙΙ)ἱά.,
1201 3989 1311 4056 30).
1373 3989 1551 4057 Hujus
1600 3989 1826 4041 imitare
1884 3989 1978 4042 de-

293 4078 410 4130 cuit
446 4078 658 4129 factum
701 4077 1014 4144 probabile,
1063 4079 1120 4129 et
1167 4093 1281 4129 non
1326 4093 1499 4145 prosu
1540 4076 1664 4128 illas
1696 4075 1722 4110 ἀ
1761 4093 1978 4144 carnes,

293 4168 357 4216 ut
385 4164 507 4232 ipse
538 4164 874 4216 venerabilis
902 4180 1091 4230 senex,
1128 4165 1224 4217 sed
1254 4181 1355 4233 pro
1389 4163 1642 4226 veritate,
1677 4181 1806 4233 quae
1838 4166 1982 4217 Deus

2095 3024 2187 3072 ctu
2229 3021 2454 3072 Domini
2501 3025 2556 3073 et
2602 3020 2818 3090 peccati
2858 3021 3054 3072 aculeo
3097 3020 3384 3088 prosilisse
3429 3037 3444 3072 :
3495 3021 3668 3088 cujus
3715 3037 3788 3074 re-

2094 3109 2391 3172 surrectio,
2443 3109 2572 3161 licet
2619 3107 2996 3177 permissione
3049 3107 3480 3176 omnipotentis,
3547 3115 3608 3161 ut
3659 3109 3788 3160 dixi-

2096 3211 2244 3258 mus,
2289 3197 2561 3250 hactenus
2604 3196 3022 3266 przetendatur;
3075 3201 3266 3248 tamen
3315 3199 3446 3263 post
3487 3203 3784 3263 peractum

2093 3284 2478 3338 ventilationis
2545 3286 2629 3337 vel
2695 3284 3050 3354 probationis
3118 3283 3423 3353 judicium,
3494 3285 3782 3346 severiori,

2093 3371 2211 3424 imo
2261 3389 2392 3426 vero
2427 3373 2645 3443 judicio
2695 3373 2993 3442 punietur,
3053 3377 3116 3426 ut
3164 3377 3219 3425 et
3271 3373 3481 3426 Christi
3539 3373 3786 3426 Ecclesia

2091 3461 2448 3528 probationis
2487 3461 2712 3514 camino
2760 3462 3048 3522 clarescat,
3104 3465 3159 3513 et
3207 3461 3395 3512 hostes
3444 3459 3574 3529 ejus
3615 3461 3787 3529 digna

2093 3549 2373 3602 sententia
2423 3549 2834 3602 tenebrescant.
2892 3549 3038 3612 Quid
3105 3548 3259 3600 enim
3319 3564 3520 3600 aerum
3579 3549 3785 3602 incom-

2092 3638 2419 3702 moditates,
2462 3637 2598 3707 quid
2641 3637 3006 3691 inclementia
3052 3637 3198 3701 casti,
3245 3637 3384 3706 quid
3425 3637 3784 3690 immensitas

2091 3726 2388 3790 imbrium,
2423 3724 2559 3794 quid
2608 3725 2785 3778 fames
2829 3726 3200 3794 populorum,
3235 3724 3342 3776 nisi
3374 3724 3520 3776 iram
3553 3725 3780 3778 Domini

2091 3816 2360 3881 clamant,
2397 3819 2453 3866 et.
2485 3813 2790 3867 vindictam
2828 3815 2948 3884 jam
2992 3814 3226 3883 jamque
3267 3812 3572 3865 imminere
3609 3811 3778 3865 mini—

2090 3907 2217 3958 tant
2255 3907 2313 3955 et
2358 3901 2686 3955 intentant?
2730 3902 2966 3970 Templa
3009 3901 3164 3954 enim
3195 3901 3404 3955 Christi
3439 3917 3472 3951 a
3505 3899 3780 3953 sacriﬁcio

2091 3992 2366 4056 desolata,
2401 3996 2456 4043 et
2485 3991 2610 4044 loca
2635 3995 2824 4043 sancta
2848 3991 2917 4043 ab
2942 3990 3182 4043 ethnicis
3204 3989 3530 4058 exstirpata,
3553 3993 3614 4041 et
3633 4005 3666 4040 a
3685 4004 3781 4058 pu-

2091 4081 2240 4134 blico
2298 4079 2496 4132 eadem
2551 4079 2672 4132 loca
2731 4079 2830 4132 Dei
2884 4079 3187 4140 destructa,
3245 4093 3414 4131 censu
3476 4077 3780 4130 crudeliter

2091 4173 2417 4238 aggravata,
2465 4183 2568 4235 per
2615 4167 3108 4220 incommoditates
3154 4183 3372 4230 aerum,
3418 4170 3474 4218 et
3517 4165 3780 4219 distribu-

293 4257 400 4316 est,
443 4267 624 4320 usque
663 4251 734 4303 ad
769 4252 1102 4304 eﬁ'usionem
1146 4252 1444 4319 sanguinis
1492 4253 1743 4320 oportuit
1786 4253 1976 4304 decer-
2019 4257 2060 4309 D
2093 4258 2279 4310 tiones
2318 4256 2600 4324 gentium,
2647 4259 2703 4308 et
2749 4255 3102 4308 incursiones
3145 4254 3529 4307 vindicaliitur
3577 4267 3608 4308 Β
3645 4270 3779 4323 prm-

291 4345 431 4394 tare.
467 4340 595 4392 Hinc
627 4355 731 4409 pro
758 4339 961 4391 horum
993 4339 1259 4392 simulato
1293 4339 1427 4392 ﬁdei
1453 4339 1798 4393 documento
1833 4356 1844 4392 :
1883 4341 1980 4394 sed

291 4427 426 4480 satis
454 4427 561 4480 hoc
591 4428 711 4480 loco
741 4426 1041 4496 digestum.

368 4519 448 4570 18.
503 4517 663 4568 Nunc
711 4516 780 4568 ad
831 4532 897 4568 ea
941 4531 1070 4585 quae.
1117 4531 1395 4584 cmperam
1443 4515 1606 4569 ﬂecto
1651 4517 1974 4584 articulum,

290 4609 347 4658 et
393 4605 640 4675 probare
690 4607 882 4657 nostro
929 4603 1067 4656 vitio
1124 4603 1366 4657 inlatum
1425 4605 1632 4656 iterum
1687 4605 1977 4658 intentabo

289 4694 601 4764 ﬂagellum.
654 4693 859 4746 Nostra
904 4693 1046 4754 haec,
1097 4693 1317 4756 fratres,
1379 4699 1576 4746 nostra
1628 4693 1842 4746 desidia
1888 4712 1980 4764 pe-

288 4782 437 4852 perit
469 4781 640 4846 mala,
689 4787 877 4834 nostra
917 4780 1237 4850 impuritas,
1281 4788 1473 4833 nostra
1523 4781 1736 4846 levitas,
1788 4786 1978 4835 nostra

287 4885 516 4924 morum
554 4869 908 4932 obscaenitas,
952 4869 1086 4922 dum
1134 4868 1420 4931 timemus,
1473 4869 1574 4922 ubi
1619 4885 1734 4922 non
1785 4875 1866 4922 est
1906 4869 1972 4922 ti-

286 4973 434 5024 mor,
469 4964 526 5012 et
559 4957 1028 5027 parvipendimus
1065 4972 1077 5008 :
1121 4973 1224 5026 pro
1262 4973 1328 5009 eo
1361 4959 1511 5028 quod
1548 4958 1809 5011 differtur
1837 4975 1974 5028 sup~

287 5047 526 5114 plicium
556 5045 996 5114 sempiternum,
1031 5044 1207 5098 secuti
1237 5061 1434 5098 sumus
1464 5047 1805 5099 horrendam
1829 5063 1978 5099 mor-

356 5212 383 5238 α
412 5205 470 5258 F.
496 5207 890 5272 praeparatum.

355 5277 382 5316 b
411 5275 470 5327 L.
505 5275 737 5327 licitis...
766 5275 1041 5340 legitimis.

357 5353 378 5377 ο
409 5344 536 5406 Ms.,
567 5345 732 5398 dolos.

357 5411 384 5448 ἀ
417 5414 473 5464 L.
507 5429 606 5481 pro
633 5415 825 5467 suillas
856 5433 872 5467 :
906 5431 969 5468 ac
1000 5416 1217 5485 corrige
1251 5433 1350 5485 pro
1379 5419 1558 5472 suillis
1589 5417 1862 5484 carnibus,
1895 5418 1972 5471 sic

285 5488 352 5536 ut
379 5485 570 5536 statim
600 5485 738 5537 dicit
763 5499 864 5553 pro
893 5490 1136 5540 veritate.

2089 4347 2319 4399 liorum.
2351 4346 2478 4398 Herc
2509 4344 2662 4396 enim
2692 4344 2878 4397 omnis
2903 4345 3068 4414 plaga
3091 4343 3358 4397 ﬁdelibus
3378 4343 3446 4396 ad
3475 4343 3776 4412 praemium

2089 4433 2338 4504 proﬁcit,
2387 4431 2712 4484 inﬁdelibus
2764 4432 2834 4485 ad
2877 4433 3219 4502 supplicium
3271 4431 3490 4484 crescit.
3545 4431 3776 4484 Munda-

2089 4537 2220 4574 mur
2263 4537 2512 4590 namque
2559 4537 2663 4587 per
2711 4521 2902 4574 saeculi
2953 4521 3114 4572 istius
3163 4535 3477 4588 pressuras,
3513 4519 3560 4572 si
3589 4525 3774 4571 tamen

2087 4608 2490 4676 resipiscentes
2563 4613 2784 4660 nostras
2859 4607 3308 4675 disposuerimus
3375 4622 3576 4658 curare
3641 4622 3773 4675 quas

2087 4697 2476 4749 contraximus
2524 4695 2736 4766 culpas.
2786 4696 3062 4749 Caeterum
3107 4695 3152 4746 si
3198 4695 3254 4747 in
3299 4711 3491 4748 errore
3541 4693 3772 4763 pristino

2085 4783 2463 4852 perdurantes
2509 4783 2791 4836 obstinata
2839 4789 3051 4860 mente,
3099 4787 3154 4835 et
3203 4783 3544 4836 indomabili
3589 4782 3766 4838 corde.

2087 4872 2321 4942 obliqua
2360 4871 2889 4940 praicalcaverimus
2931 4871 3154 4938 itinera,
3205 4871 3520 4924 cavendum
3565 4877 3660 4936 est,
3699 4885 3768 4921 ne

2084 4960 2516 5014 clementissimi
2562 4961 2741 5029 patris
2781 4961 2848 5014 ad
2889 4961 3104 5028 majora
3145 4959 3475 5013 ulciscenda
3511 4974 3766 5030 provoce-

2083 5065 2212 5101 mus
2263 5047 2616 5112 sententiam,
2671 5053 2729 5101 et
2783 5065 2898 5101 non
2955 5047 3432 5117 redemptionem,
3494 5047 3592 5100 sed
3645 5046 3762 5116 gla—

2153 5215 2174 5239 °
2223 5207 2386 5260 Deest
2431 5204 2652 5274 aliquid
2701 5220 2715 5257 :
2771 5205 2854 5258 vel
2903 5210 3088 5259 contra
3141 5205 3302 5274 ﬁdem
3357 5221 3514 5259 suam
3571 5185 3758 5273 legen-

2082 5276 2239 5330 dum.

2153 5345 2172 5380 ί
2202 5347 2324 5412 Ms.,
2355 5345 2699 5399 membribus.

2155 5429 2183 5470 ε
2213 5417 2387 5468 Bravo
2423 5433 2434 5468 :
2469 5417 2800 5477 vindicatur,
2832 5431 2961 5485 pag.
3005 5416 3121 5470 134.
