  <div class='ocr_page' id='page_1' title='image "/cluster/home/n/w/nwhite01/storage/ocr_20150623/121/uva.x000827051/276.png"; bbox 0 0 3860 6262; ppageno 0'>
   <div class='ocr_carea' id='block_1_1' title="bbox 30 264 2227 324">
    <p class='ocr_par' dir='ltr' id='par_1_1' title="bbox 30 264 2227 324">
     <span class='ocr_line' id='line_1_1' title="bbox 30 264 2227 324; baseline 0.003 -10"><span class='ocrx_word' id='word_1_1' title='bbox 30 264 160 316; x_wconf 79' lang='grc'>533</span> <span class='ocrx_word' id='word_1_2' title='bbox 1425 266 1785 322; x_wconf 76' lang='lat' dir='ltr'>INDICULUS</span> <span class='ocrx_word' id='word_1_3' title='bbox 1828 268 2227 324; x_wconf 75' lang='lat' dir='ltr'>LUMINOSUS.</span> 
     </span>
    </p>
   </div>
   <div class='ocr_carea' id='block_1_2' title="bbox 3475 277 3575 329">
    <p class='ocr_par' dir='ltr' id='par_1_2' title="bbox 3475 277 3575 329">
     <span class='ocr_line' id='line_1_2' title="bbox 3475 277 3575 329; baseline 0.02 -2"><span class='ocrx_word' id='word_1_4' title='bbox 3475 277 3575 329; x_wconf 62' lang='lat'>53}</span> 
     </span>
    </p>
   </div>
   <div class='ocr_carea' id='block_1_3' title="bbox 26 396 3573 472">
    <p class='ocr_par' dir='ltr' id='par_1_3' title="bbox 26 396 3573 472">
     <span class='ocr_line' id='line_1_3' title="bbox 26 396 3573 472; baseline 0.003 -23"><span class='ocrx_word' id='word_1_5' title='bbox 26 396 228 453; x_wconf 85' lang='lat' dir='ltr'>dium</span> <span class='ocrx_word' id='word_1_6' title='bbox 260 401 663 471; x_wconf 76' lang='lat' dir='ltr'>temporalem,</span> <span class='ocrx_word' id='word_1_7' title='bbox 696 401 815 454; x_wconf 92' lang='lat' dir='ltr'>imo</span> <span class='ocrx_word' id='word_1_8' title='bbox 858 405 1127 466; x_wconf 89' lang='lat' dir='ltr'>mortem,</span> <span class='ocrx_word' id='word_1_9' title='bbox 1164 400 1525 453; x_wconf 88' lang='lat' dir='ltr'>incurramus</span> <span class='ocrx_word' id='word_1_10' title='bbox 1560 415 1761 469; x_wconf 90' lang='lat' dir='ltr'>perpe-</span> <span class='ocrx_word' id='word_1_11' title='bbox 1806 403 1848 453; x_wconf 84' lang='lat' dir='ltr'><strong>A</strong></span> <span class='ocrx_word' id='word_1_12' title='bbox 1877 404 2111 452; x_wconf 77' lang='lat' dir='ltr'>conatus</span> <span class='ocrx_word' id='word_1_13' title='bbox 2166 401 2366 467; x_wconf 81' lang='lat' dir='ltr'>adfuit,</span> <span class='ocrx_word' id='word_1_14' title='bbox 2418 402 2644 455; x_wconf 76' lang='lat' dir='ltr'>tramite</span> <span class='ocrx_word' id='word_1_15' title='bbox 2706 403 2861 455; x_wconf 82' lang='lat' dir='ltr'>brevi</span> <span class='ocrx_word' id='word_1_16' title='bbox 2920 403 3280 472; x_wconf 82' lang='lat' dir='ltr'>digessimus.</span> <span class='ocrx_word' id='word_1_17' title='bbox 3332 406 3397 458; x_wconf 89' lang='lat' dir='ltr'>Et</span> <span class='ocrx_word' id='word_1_18' title='bbox 3443 405 3573 459; x_wconf 90' lang='lat' dir='ltr'>licet</span> 
     </span>
    </p>
   </div>
   <div class='ocr_carea' id='block_1_4' title="bbox 32 488 3573 557">
    <p class='ocr_par' dir='ltr' id='par_1_4' title="bbox 32 488 3573 557">
     <span class='ocr_line' id='line_1_4' title="bbox 32 488 3573 557; baseline 0.003 -21"><span class='ocrx_word' id='word_1_19' title='bbox 32 493 251 540; x_wconf 84' lang='lat' dir='ltr'>tuam.</span> <span class='ocrx_word' id='word_1_20' title='bbox 1884 488 2266 556; x_wconf 88' lang='lat' dir='ltr'>incomposita</span> <span class='ocrx_word' id='word_1_21' title='bbox 2318 488 2488 541; x_wconf 86' lang='lat' dir='ltr'>dictio</span> <span class='ocrx_word' id='word_1_22' title='bbox 2545 506 2773 543; x_wconf 86' lang='lat' dir='ltr'>sensum</span> <span class='ocrx_word' id='word_1_23' title='bbox 2822 491 3048 544; x_wconf 81' lang='lat' dir='ltr'>lectoris</span> <span class='ocrx_word' id='word_1_24' title='bbox 3088 497 3339 557; x_wconf 79' lang='lat' dir='ltr'>enervet,</span> <span class='ocrx_word' id='word_1_25' title='bbox 3381 497 3573 547; x_wconf 88' lang='lat' dir='ltr'>tamen</span> 
     </span>
    </p>
   </div>
   <div class='ocr_carea' id='block_1_5' title="bbox 120 575 3572 649">
    <p class='ocr_par' dir='ltr' id='par_1_5' title="bbox 120 575 3572 649">
     <span class='ocr_line' id='line_1_5' title="bbox 120 575 3572 649; baseline 0.002 -24"><span class='ocrx_word' id='word_1_26' title='bbox 120 576 220 626; x_wconf 84' lang='grc'>19.</span> <span class='ocrx_word' id='word_1_27' title='bbox 264 575 440 628; x_wconf 71' lang='lat' dir='ltr'>Miror</span> <span class='ocrx_word' id='word_1_28' title='bbox 484 582 676 630; x_wconf 89' lang='lat' dir='ltr'>tamen</span> <span class='ocrx_word' id='word_1_29' title='bbox 708 576 929 647; x_wconf 84' lang='lat' dir='ltr'>aliquos</span> <span class='ocrx_word' id='word_1_30' title='bbox 962 576 1219 629; x_wconf 85' lang='lat' dir='ltr'>invenire</span> <span class='ocrx_word' id='word_1_31' title='bbox 1253 593 1597 647; x_wconf 74' lang='lat' dir='ltr'>praeparvos,</span> <span class='ocrx_word' id='word_1_32' title='bbox 1648 578 1770 629; x_wconf 88' lang='lat' dir='ltr'>for-</span> <span class='ocrx_word' id='word_1_33' title='bbox 1882 575 2145 628; x_wconf 81' lang='lat' dir='ltr'>instantis</span> <span class='ocrx_word' id='word_1_34' title='bbox 2205 577 2428 629; x_wconf 84' lang='lat' dir='ltr'>devotio</span> <span class='ocrx_word' id='word_1_35' title='bbox 2488 594 2605 629; x_wconf 90' lang='lat' dir='ltr'>non</span> <span class='ocrx_word' id='word_1_36' title='bbox 2656 578 2870 632; x_wconf 89' lang='lat' dir='ltr'>inculta</span> <span class='ocrx_word' id='word_1_37' title='bbox 2925 580 3278 648; x_wconf 86' lang='lat' dir='ltr'>pensabitur,</span> <span class='ocrx_word' id='word_1_38' title='bbox 3341 580 3389 632; x_wconf 89' lang='lat' dir='ltr'>si</span> <span class='ocrx_word' id='word_1_39' title='bbox 3458 596 3572 649; x_wconf 90' lang='lat' dir='ltr'>quo</span> 
     </span>
    </p>
   </div>
   <div class='ocr_carea' id='block_1_6' title="bbox 33 664 3572 737">
    <p class='ocr_par' dir='ltr' id='par_1_6' title="bbox 33 664 3572 737">
     <span class='ocr_line' id='line_1_6' title="bbox 33 664 3572 737; baseline 0.003 -25"><span class='ocrx_word' id='word_1_40' title='bbox 33 677 151 713; x_wconf 86' lang='lat' dir='ltr'>san</span> <span class='ocrx_word' id='word_1_41' title='bbox 210 679 336 715; x_wconf 85' lang='lat' dir='ltr'>non</span> <span class='ocrx_word' id='word_1_42' title='bbox 372 665 653 725; x_wconf 85' lang='lat' dir='ltr'>homines,</span> <span class='ocrx_word' id='word_1_43' title='bbox 687 665 784 717; x_wconf 89' lang='lat' dir='ltr'>sed</span> <span class='ocrx_word' id='word_1_44' title='bbox 820 682 946 717; x_wconf 83' lang='lat' dir='ltr'>vere</span> <span class='ocrx_word' id='word_1_45' title='bbox 979 681 1108 717; x_wconf 89' lang='lat' dir='ltr'>cum</span> <span class='ocrx_word' id='word_1_46' title='bbox 1156 665 1541 718; x_wconf 88' lang='lat' dir='ltr'>minoratione</span> <span class='ocrx_word' id='word_1_47' title='bbox 1574 665 1768 718; x_wconf 90' lang='lat' dir='ltr'>dicen-</span> <span class='ocrx_word' id='word_1_48' title='bbox 1884 664 2074 715; x_wconf 86' lang='lat' dir='ltr'>animo</span> <span class='ocrx_word' id='word_1_49' title='bbox 2121 670 2372 733; x_wconf 80' lang='lat' dir='ltr'>coeptum</span> <span class='ocrx_word' id='word_1_50' title='bbox 2407 670 2506 729; x_wconf 87' lang='lat' dir='ltr'>est,</span> <span class='ocrx_word' id='word_1_51' title='bbox 2542 666 2859 718; x_wconf 85' lang='lat' dir='ltr'>Christiano</span> <span class='ocrx_word' id='word_1_52' title='bbox 2892 667 3060 719; x_wconf 86' lang='lat' dir='ltr'>modo</span> <span class='ocrx_word' id='word_1_53' title='bbox 3090 668 3343 727; x_wconf 86' lang='lat' dir='ltr'>libretur,</span> <span class='ocrx_word' id='word_1_54' title='bbox 3378 669 3572 737; x_wconf 86' lang='lat' dir='ltr'>Neque</span> 
     </span>
    </p>
   </div>
   <div class='ocr_carea' id='block_1_7' title="bbox 34 748 3573 821">
    <p class='ocr_par' dir='ltr' id='par_1_7' title="bbox 34 748 3573 821">
     <span class='ocr_line' id='line_1_7' title="bbox 34 748 3573 821; baseline 0.003 -22"><span class='ocrx_word' id='word_1_55' title='bbox 34 748 154 800; x_wconf 86' lang='lat' dir='ltr'>dos</span> <span class='ocrx_word' id='word_1_56' title='bbox 184 750 600 817; x_wconf 79' lang='lat' dir='ltr'>homunculus,</span> <span class='ocrx_word' id='word_1_57' title='bbox 632 751 1768 821; x_wconf 71' lang='lat' dir='ltr'>quipraesuleminfamantmaledictum,</span> <span class='ocrx_word' id='word_1_58' title='bbox 1883 752 2033 804; x_wconf 89' lang='lat' dir='ltr'>enim</span> <span class='ocrx_word' id='word_1_59' title='bbox 2070 758 2186 805; x_wconf 87' lang='lat' dir='ltr'>tam</span> <span class='ocrx_word' id='word_1_60' title='bbox 2234 754 2409 805; x_wconf 87' lang='lat' dir='ltr'>densa</span> <span class='ocrx_word' id='word_1_61' title='bbox 2461 753 2807 805; x_wconf 68' lang='lat' dir='ltr'>hebetudine</span> <span class='ocrx_word' id='word_1_62' title='bbox 2840 759 3055 819; x_wconf 84' lang='lat' dir='ltr'>teneor,</span> <span class='ocrx_word' id='word_1_63' title='bbox 3094 761 3155 807; x_wconf 88' lang='lat' dir='ltr'>ut</span> <span class='ocrx_word' id='word_1_64' title='bbox 3206 756 3318 808; x_wconf 90' lang='lat' dir='ltr'>mei</span> <span class='ocrx_word' id='word_1_65' title='bbox 3367 756 3573 808; x_wconf 87' lang='lat' dir='ltr'>oblitus</span> 
     </span>
    </p>
   </div>
   <div class='ocr_carea' id='block_1_8' title="bbox 37 838 3573 913">
    <p class='ocr_par' dir='ltr' id='par_1_8' title="bbox 37 838 3573 913">
     <span class='ocr_line' id='line_1_8' title="bbox 37 838 3573 913; baseline 0.002 -25"><span class='ocrx_word' id='word_1_66' title='bbox 37 853 71 903; x_wconf 58' lang='grc' dir='ltr'>δ’</span> <span class='ocrx_word' id='word_1_67' title='bbox 136 840 502 908; x_wconf 69' lang='lat' dir='ltr'>martyrium</span> <span class='ocrx_word' id='word_1_68' title='bbox 550 855 716 908; x_wconf 66' lang='lat' dir='ltr'>aequo</span> <span class='ocrx_word' id='word_1_69' title='bbox 748 839 941 891; x_wconf 87' lang='lat' dir='ltr'>animo</span> <span class='ocrx_word' id='word_1_70' title='bbox 975 838 1255 891; x_wconf 74' lang='lat' dir='ltr'>sufferunt</span> <span class='ocrx_word' id='word_1_71' title='bbox 1287 840 1648 905; x_wconf 72' lang='lat' dir='ltr'>detestatum,</span> <span class='ocrx_word' id='word_1_72' title='bbox 1677 855 1769 892; x_wconf 88' lang='lat' dir='ltr'>ve-</span> <span class='ocrx_word' id='word_1_73' title='bbox 1882 857 1985 910; x_wconf 87' lang='lat' dir='ltr'>per</span> <span class='ocrx_word' id='word_1_74' title='bbox 2034 858 2160 911; x_wconf 70' lang='lat' dir='ltr'>qum</span> <span class='ocrx_word' id='word_1_75' title='bbox 2215 842 2516 909; x_wconf 76' lang='lat' dir='ltr'>displicere</span> <span class='ocrx_word' id='word_1_76' title='bbox 2571 842 2709 894; x_wconf 80' lang='lat' dir='ltr'>viris</span> <span class='ocrx_word' id='word_1_77' title='bbox 2766 841 3013 893; x_wconf 82' lang='lat' dir='ltr'>strenuis</span> <span class='ocrx_word' id='word_1_78' title='bbox 3061 842 3254 909; x_wconf 84' lang='lat' dir='ltr'>timeo,</span> <span class='ocrx_word' id='word_1_79' title='bbox 3304 860 3406 913; x_wconf 91' lang='lat' dir='ltr'>per</span> <span class='ocrx_word' id='word_1_80' title='bbox 3451 844 3573 896; x_wconf 67' lang='lat' dir='ltr'>hare</span> 
     </span>
    </p>
   </div>
   <div class='ocr_carea' id='block_1_9' title="bbox 38 926 3571 1000">
    <p class='ocr_par' dir='ltr' id='par_1_9' title="bbox 38 926 3571 1000">
     <span class='ocr_line' id='line_1_9' title="bbox 38 926 3571 1000; baseline 0.003 -25"><span class='ocrx_word' id='word_1_81' title='bbox 38 930 345 979; x_wconf 83' lang='lat' dir='ltr'>nerantes</span> <span class='ocrx_word' id='word_1_82' title='bbox 393 927 533 979; x_wconf 90' lang='lat' dir='ltr'>letas</span> <span class='ocrx_word' id='word_1_83' title='bbox 563 935 586 958; x_wconf 68' lang='grc'>⁸</span> <span class='ocrx_word' id='word_1_84' title='bbox 616 926 1013 996; x_wconf 88' lang='lat' dir='ltr'>episcoporum</span> <span class='ocrx_word' id='word_1_85' title='bbox 1047 927 1105 979; x_wconf 89' lang='lat' dir='ltr'>in</span> <span class='ocrx_word' id='word_1_86' title='bbox 1144 928 1447 997; x_wconf 67' lang='lat' dir='ltr'>praesulem</span> <span class='ocrx_word' id='word_1_87' title='bbox 1481 931 1771 980; x_wconf 87' lang='lat' dir='ltr'>currentes</span> <span class='ocrx_word' id='word_1_88' title='bbox 1884 929 2065 982; x_wconf 86' lang='lat' dir='ltr'>laudis</span> <span class='ocrx_word' id='word_1_89' title='bbox 2124 946 2214 982; x_wconf 90' lang='lat' dir='ltr'>me</span> <span class='ocrx_word' id='word_1_90' title='bbox 2275 936 2528 999; x_wconf 87' lang='lat' dir='ltr'>reputem</span> <span class='ocrx_word' id='word_1_91' title='bbox 2592 929 2834 997; x_wconf 82' lang='lat' dir='ltr'>gloriam</span> <span class='ocrx_word' id='word_1_92' title='bbox 2891 930 3235 984; x_wconf 87' lang='lat' dir='ltr'>incurrisse:</span> <span class='ocrx_word' id='word_1_93' title='bbox 3286 933 3419 1000; x_wconf 85' lang='lat' dir='ltr'>quia</span> <span class='ocrx_word' id='word_1_94' title='bbox 3466 948 3571 985; x_wconf 87' lang='lat' dir='ltr'>nec</span> 
     </span>
    </p>
   </div>
   <div class='ocr_carea' id='block_1_10' title="bbox 40 1016 3568 1089">
    <p class='ocr_par' dir='ltr' id='par_1_10' title="bbox 40 1016 3568 1089">
     <span class='ocr_line' id='line_1_10' title="bbox 40 1016 3568 1089; baseline 0.002 -25"><span class='ocrx_word' id='word_1_95' title='bbox 40 1016 412 1080; x_wconf 79' lang='lat' dir='ltr'>sententias,</span> <span class='ocrx_word' id='word_1_96' title='bbox 444 1016 945 1068; x_wconf 83' lang='lat' dir='ltr'>maledictionibus</span> <span class='ocrx_word' id='word_1_97' title='bbox 976 1016 1522 1071; x_wconf 82' lang='lat' dir='ltr'>etdetestationibus</span> <span class='ocrx_word' id='word_1_98' title='bbox 1551 1016 1767 1084; x_wconf 87' lang='lat' dir='ltr'>plenas.</span> <span class='ocrx_word' id='word_1_99' title='bbox 1881 1017 1941 1071; x_wconf 91' lang='lat' dir='ltr'>in</span> <span class='ocrx_word' id='word_1_100' title='bbox 1990 1018 2311 1070; x_wconf 81' lang='lat' dir='ltr'>liberalium</span> <span class='ocrx_word' id='word_1_101' title='bbox 2354 1017 2563 1070; x_wconf 86' lang='lat' dir='ltr'>artium</span> <span class='ocrx_word' id='word_1_102' title='bbox 2596 1018 2896 1086; x_wconf 85' lang='lat' dir='ltr'>disciplina</span> <span class='ocrx_word' id='word_1_103' title='bbox 2940 1035 3053 1071; x_wconf 89' lang='lat' dir='ltr'>non</span> <span class='ocrx_word' id='word_1_104' title='bbox 3100 1019 3388 1072; x_wconf 85' lang='lat' dir='ltr'>excultum</span> <span class='ocrx_word' id='word_1_105' title='bbox 3438 1037 3568 1089; x_wconf 89' lang='lat' dir='ltr'>pro-</span> 
     </span>
    </p>
   </div>
   <div class='ocr_carea' id='block_1_11' title="bbox 40 1103 3571 1175">
    <p class='ocr_par' dir='ltr' id='par_1_11' title="bbox 40 1103 3571 1175">
     <span class='ocr_line' id='line_1_11' title="bbox 40 1103 3571 1175; baseline 0.001 -21"><span class='ocrx_word' id='word_1_106' title='bbox 40 1103 115 1154; x_wconf 85' lang='lat' dir='ltr'>Et</span> <span class='ocrx_word' id='word_1_107' title='bbox 161 1104 383 1156; x_wconf 87' lang='lat' dir='ltr'>eodem</span> <span class='ocrx_word' id='word_1_108' title='bbox 418 1104 622 1157; x_wconf 86' lang='lat' dir='ltr'>mentis</span> <span class='ocrx_word' id='word_1_109' title='bbox 655 1104 849 1173; x_wconf 84' lang='lat' dir='ltr'>vigore</span> <span class='ocrx_word' id='word_1_110' title='bbox 880 1104 1178 1157; x_wconf 87' lang='lat' dir='ltr'>adversum</span> <span class='ocrx_word' id='word_1_111' title='bbox 1208 1103 1339 1157; x_wconf 88' lang='lat' dir='ltr'>ﬁdei</span> <span class='ocrx_word' id='word_1_112' title='bbox 1372 1104 1769 1172; x_wconf 86' lang='lat' dir='ltr'>episcoporum</span> <span class='ocrx_word' id='word_1_113' title='bbox 1881 1107 2069 1174; x_wconf 86' lang='lat' dir='ltr'>prium</span> <span class='ocrx_word' id='word_1_114' title='bbox 2118 1106 2320 1174; x_wconf 85' lang='lat' dir='ltr'>ignoro</span> <span class='ocrx_word' id='word_1_115' title='bbox 2366 1106 2641 1169; x_wconf 88' lang='lat' dir='ltr'>studium,</span> <span class='ocrx_word' id='word_1_116' title='bbox 2697 1112 2752 1158; x_wconf 88' lang='lat' dir='ltr'>et</span> <span class='ocrx_word' id='word_1_117' title='bbox 2797 1106 3166 1159; x_wconf 90' lang='lat' dir='ltr'>nescientiam</span> <span class='ocrx_word' id='word_1_118' title='bbox 3217 1123 3404 1160; x_wconf 88' lang='lat' dir='ltr'>meam</span> <span class='ocrx_word' id='word_1_119' title='bbox 3453 1109 3571 1175; x_wconf 87' lang='lat' dir='ltr'>ipse</span> 
     </span>
    </p>
   </div>
   <div class='ocr_carea' id='block_1_12' title="bbox 42 1192 3569 1263">
    <p class='ocr_par' dir='ltr' id='par_1_12' title="bbox 42 1192 3569 1263">
     <span class='ocr_line' id='line_1_12' title="bbox 42 1192 3569 1263; baseline 0.002 -22"><span class='ocrx_word' id='word_1_120' title='bbox 42 1192 330 1243; x_wconf 83' lang='lat' dir='ltr'>colentes</span> <span class='ocrx_word' id='word_1_121' title='bbox 388 1192 700 1257; x_wconf 87' lang='lat' dir='ltr'>decretum,</span> <span class='ocrx_word' id='word_1_122' title='bbox 737 1192 1036 1263; x_wconf 89' lang='lat' dir='ltr'>sacrilegio</span> <span class='ocrx_word' id='word_1_123' title='bbox 1071 1199 1127 1245; x_wconf 91' lang='lat' dir='ltr'>et</span> <span class='ocrx_word' id='word_1_124' title='bbox 1162 1192 1556 1261; x_wconf 87' lang='lat' dir='ltr'>blasphemiis,</span> <span class='ocrx_word' id='word_1_125' title='bbox 1593 1195 1652 1243; x_wconf 88' lang='lat' dir='ltr'>ut</span> <span class='ocrx_word' id='word_1_126' title='bbox 1683 1192 1771 1243; x_wconf 89' lang='lat' dir='ltr'>le-</span> <span class='ocrx_word' id='word_1_127' title='bbox 1882 1209 1996 1246; x_wconf 91' lang='lat' dir='ltr'>non</span> <span class='ocrx_word' id='word_1_128' title='bbox 2044 1194 2253 1260; x_wconf 89' lang='lat' dir='ltr'>nescio,</span> <span class='ocrx_word' id='word_1_129' title='bbox 2300 1199 2355 1245; x_wconf 90' lang='lat' dir='ltr'>et</span> <span class='ocrx_word' id='word_1_130' title='bbox 2389 1194 2543 1263; x_wconf 89' lang='lat' dir='ltr'>quod</span> <span class='ocrx_word' id='word_1_131' title='bbox 2585 1194 2911 1260; x_wconf 78' lang='lat' dir='ltr'>magisterio</span> <span class='ocrx_word' id='word_1_132' title='bbox 2950 1196 3201 1247; x_wconf 87' lang='lat' dir='ltr'>humano</span> <span class='ocrx_word' id='word_1_133' title='bbox 3234 1212 3349 1247; x_wconf 88' lang='lat' dir='ltr'>non</span> <span class='ocrx_word' id='word_1_134' title='bbox 3379 1196 3569 1257; x_wconf 83' lang='lat' dir='ltr'>didici,</span> 
     </span>
    </p>
   </div>
   <div class='ocr_carea' id='block_1_13' title="bbox 42 1277 3571 1351">
    <p class='ocr_par' dir='ltr' id='par_1_13' title="bbox 42 1277 3571 1351">
     <span class='ocr_line' id='line_1_13' title="bbox 42 1277 3571 1351; baseline 0.001 -23"><span class='ocrx_word' id='word_1_135' title='bbox 42 1279 208 1331; x_wconf 82' lang='lat' dir='ltr'>viter</span> <span class='ocrx_word' id='word_1_136' title='bbox 249 1286 478 1350; x_wconf 81' lang='lat' dir='ltr'>putant,</span> <span class='ocrx_word' id='word_1_137' title='bbox 511 1280 569 1332; x_wconf 89' lang='lat' dir='ltr'>in</span> <span class='ocrx_word' id='word_1_138' title='bbox 618 1282 954 1350; x_wconf 73' lang='lat' dir='ltr'>tyrunculos</span> <span class='ocrx_word' id='word_1_139' title='bbox 984 1280 1192 1334; x_wconf 84' lang='lat' dir='ltr'>Christi</span> <span class='ocrx_word' id='word_1_140' title='bbox 1222 1281 1539 1333; x_wconf 84' lang='lat' dir='ltr'>refertum:</span> <span class='ocrx_word' id='word_1_141' title='bbox 1585 1277 1770 1330; x_wconf 89' lang='lat' dir='ltr'>homi-</span> <span class='ocrx_word' id='word_1_142' title='bbox 1882 1283 2148 1335; x_wconf 67' lang='lat' dir='ltr'>exhibere</span> <span class='ocrx_word' id='word_1_143' title='bbox 2193 1282 2337 1347; x_wconf 83' lang='lat' dir='ltr'>aliis,</span> <span class='ocrx_word' id='word_1_144' title='bbox 2385 1288 2448 1335; x_wconf 89' lang='lat' dir='ltr'>ut</span> <span class='ocrx_word' id='word_1_145' title='bbox 2500 1288 2632 1351; x_wconf 88' lang='lat' dir='ltr'>pote</span> <span class='ocrx_word' id='word_1_146' title='bbox 2663 1283 2916 1351; x_wconf 87' lang='lat' dir='ltr'>ignarus,</span> <span class='ocrx_word' id='word_1_147' title='bbox 2950 1299 3066 1334; x_wconf 91' lang='lat' dir='ltr'>non</span> <span class='ocrx_word' id='word_1_148' title='bbox 3110 1283 3279 1337; x_wconf 88' lang='lat' dir='ltr'>valui.</span> <span class='ocrx_word' id='word_1_149' title='bbox 3323 1284 3390 1336; x_wconf 85' lang='lat' dir='ltr'>Et</span> <span class='ocrx_word' id='word_1_150' title='bbox 3420 1289 3571 1337; x_wconf 88' lang='lat' dir='ltr'>certe</span> 
     </span>
    </p>
   </div>
   <div class='ocr_carea' id='block_1_14' title="bbox 45 1366 3567 1440">
    <p class='ocr_par' dir='ltr' id='par_1_14' title="bbox 45 1366 3567 1440">
     <span class='ocr_line' id='line_1_14' title="bbox 45 1366 3567 1440; baseline 0.001 -21"><span class='ocrx_word' id='word_1_151' title='bbox 45 1384 200 1420; x_wconf 84' lang='lat' dir='ltr'>num</span> <span class='ocrx_word' id='word_1_152' title='bbox 254 1369 688 1422; x_wconf 83' lang='lat' dir='ltr'>maledictiones</span> <span class='ocrx_word' id='word_1_153' title='bbox 722 1368 779 1421; x_wconf 90' lang='lat' dir='ltr'>in</span> <span class='ocrx_word' id='word_1_154' title='bbox 822 1369 1089 1439; x_wconf 88' lang='lat' dir='ltr'>episcopo</span> <span class='ocrx_word' id='word_1_155' title='bbox 1131 1368 1507 1431; x_wconf 83' lang='lat' dir='ltr'>attendentes,</span> <span class='ocrx_word' id='word_1_156' title='bbox 1560 1370 1615 1419; x_wconf 87' lang='lat' dir='ltr'>et</span> <span class='ocrx_word' id='word_1_157' title='bbox 1663 1366 1769 1418; x_wconf 88' lang='lat' dir='ltr'>hu-</span> <span class='ocrx_word' id='word_1_158' title='bbox 1882 1369 2186 1432; x_wconf 83' lang='lat' dir='ltr'>rusticitas,</span> <span class='ocrx_word' id='word_1_159' title='bbox 2232 1386 2359 1440; x_wconf 68' lang='lat' dir='ltr'>qua:</span> <span class='ocrx_word' id='word_1_160' title='bbox 2406 1370 2546 1422; x_wconf 87' lang='lat' dir='ltr'>mihi</span> <span class='ocrx_word' id='word_1_161' title='bbox 2580 1371 2816 1421; x_wconf 83' lang='lat' dir='ltr'>vernula</span> <span class='ocrx_word' id='word_1_162' title='bbox 2862 1370 3039 1421; x_wconf 64' lang='lat' dir='ltr'>lueret</span> <span class='ocrx_word' id='word_1_163' title='bbox 3072 1370 3300 1423; x_wconf 65' lang='lat' dir='ltr'>incultae</span> <span class='ocrx_word' id='word_1_164' title='bbox 3335 1371 3567 1439; x_wconf 76' lang='lat' dir='ltr'>linguae,</span> 
     </span>
    </p>
   </div>
   <div class='ocr_carea' id='block_1_15' title="bbox 46 1450 3570 1526">
    <p class='ocr_par' dir='ltr' id='par_1_15' title="bbox 46 1450 3570 1526">
     <span class='ocr_line' id='line_1_15' title="bbox 46 1450 3570 1526; baseline 0.001 -19"><span class='ocrx_word' id='word_1_165' title='bbox 46 1470 271 1506; x_wconf 87' lang='lat' dir='ltr'>manas</span> <span class='ocrx_word' id='word_1_166' title='bbox 322 1456 479 1525; x_wconf 84' lang='lat' dir='ltr'>leges</span> <span class='ocrx_word' id='word_1_167' title='bbox 514 1471 738 1508; x_wconf 87' lang='lat' dir='ltr'>summa</span> <span class='ocrx_word' id='word_1_168' title='bbox 769 1455 1197 1508; x_wconf 84' lang='lat' dir='ltr'>conservatione</span> <span class='ocrx_word' id='word_1_169' title='bbox 1228 1458 1595 1519; x_wconf 72' lang='lat' dir='ltr'>venerantes;</span> <span class='ocrx_word' id='word_1_170' title='bbox 1626 1450 1768 1503; x_wconf 82' lang='lat' dir='ltr'>divi-</span> <span class='ocrx_word' id='word_1_171' title='bbox 1882 1457 2179 1526; x_wconf 83' lang='lat' dir='ltr'>imponere</span> <span class='ocrx_word' id='word_1_172' title='bbox 2213 1458 2501 1510; x_wconf 84' lang='lat' dir='ltr'>silentium</span> <span class='ocrx_word' id='word_1_173' title='bbox 2537 1458 2752 1520; x_wconf 86' lang='lat' dir='ltr'>debuit,</span> <span class='ocrx_word' id='word_1_174' title='bbox 2779 1464 2835 1510; x_wconf 86' lang='lat' dir='ltr'>et</span> <span class='ocrx_word' id='word_1_175' title='bbox 2871 1474 2937 1509; x_wconf 90' lang='lat' dir='ltr'>ne</span> <span class='ocrx_word' id='word_1_176' title='bbox 2973 1458 3328 1525; x_wconf 76' lang='lat' dir='ltr'>peritissimis</span> <span class='ocrx_word' id='word_1_177' title='bbox 3360 1466 3414 1511; x_wconf 90' lang='lat' dir='ltr'>et</span> <span class='ocrx_word' id='word_1_178' title='bbox 3454 1460 3570 1510; x_wconf 88' lang='lat' dir='ltr'>elo-</span> 
     </span>
    </p>
   </div>
   <div class='ocr_carea' id='block_1_16' title="bbox 46 1540 3568 1615">
    <p class='ocr_par' dir='ltr' id='par_1_16' title="bbox 46 1540 3568 1615">
     <span class='ocr_line' id='line_1_16' title="bbox 46 1540 3568 1615; baseline 0.001 -22"><span class='ocrx_word' id='word_1_179' title='bbox 46 1557 153 1593; x_wconf 80' lang='lat' dir='ltr'>nas</span> <span class='ocrx_word' id='word_1_180' title='bbox 205 1559 351 1596; x_wconf 82' lang='lat' dir='ltr'>vero</span> <span class='ocrx_word' id='word_1_181' title='bbox 397 1543 724 1595; x_wconf 85' lang='lat' dir='ltr'>sanctiones</span> <span class='ocrx_word' id='word_1_182' title='bbox 772 1548 970 1596; x_wconf 89' lang='lat' dir='ltr'>contra</span> <span class='ocrx_word' id='word_1_183' title='bbox 1012 1542 1234 1595; x_wconf 88' lang='lat' dir='ltr'>hostem</span> <span class='ocrx_word' id='word_1_184' title='bbox 1279 1540 1542 1593; x_wconf 70' lang='lat' dir='ltr'>Ecclesiae.</span> <span class='ocrx_word' id='word_1_185' title='bbox 1590 1543 1768 1591; x_wconf 88' lang='lat' dir='ltr'>teme-</span> <span class='ocrx_word' id='word_1_186' title='bbox 1882 1546 2131 1615; x_wconf 64' lang='lat' dir='ltr'>quentia;</span> <span class='ocrx_word' id='word_1_187' title='bbox 2183 1546 2485 1614; x_wconf 73' lang='lat' dir='ltr'>splendore</span> <span class='ocrx_word' id='word_1_188' title='bbox 2519 1545 2869 1614; x_wconf 81' lang='lat' dir='ltr'>fulgentibus</span> <span class='ocrx_word' id='word_1_189' title='bbox 2913 1561 3003 1597; x_wconf 92' lang='lat' dir='ltr'>me</span> <span class='ocrx_word' id='word_1_190' title='bbox 3047 1544 3372 1615; x_wconf 86' lang='lat' dir='ltr'>importune</span> <span class='ocrx_word' id='word_1_191' title='bbox 3405 1546 3568 1611; x_wconf 84' lang='lat' dir='ltr'>inge-</span> 
     </span>
    </p>
   </div>
   <div class='ocr_carea' id='block_1_17' title="bbox 45 1627 3561 1703">
    <p class='ocr_par' dir='ltr' id='par_1_17' title="bbox 45 1627 3561 1703">
     <span class='ocr_line' id='line_1_17' title="bbox 45 1627 3561 1703; baseline 0.001 -22"><span class='ocrx_word' id='word_1_192' title='bbox 45 1635 283 1693; x_wconf 87' lang='lat' dir='ltr'>rantes,</span> <span class='ocrx_word' id='word_1_193' title='bbox 333 1635 391 1683; x_wconf 90' lang='lat' dir='ltr'>et</span> <span class='ocrx_word' id='word_1_194' title='bbox 439 1630 781 1685; x_wconf 86' lang='lat' dir='ltr'>damnantes</span> <span class='ocrx_word' id='word_1_195' title='bbox 830 1631 1039 1685; x_wconf 87' lang='lat' dir='ltr'>Christi</span> <span class='ocrx_word' id='word_1_196' title='bbox 1097 1636 1373 1699; x_wconf 72' lang='lat' dir='ltr'>martyres</span> <span class='ocrx_word' id='word_1_197' title='bbox 1424 1627 1769 1681; x_wconf 87' lang='lat' dir='ltr'>conlaudan-</span> <span class='ocrx_word' id='word_1_198' title='bbox 1807 1676 1847 1703; x_wconf 61' lang='grc' dir='ltr'><strong>η</strong></span> <span class='ocrx_word' id='word_1_199' title='bbox 1882 1650 2090 1698; x_wconf 73' lang='lat' dir='ltr'>rei-em,</span> <span class='ocrx_word' id='word_1_200' title='bbox 2150 1633 2572 1703; x_wconf 82' lang='lat' dir='ltr'>sapientissime</span> <span class='ocrx_word' id='word_1_201' title='bbox 2628 1633 2864 1686; x_wconf 79' lang='lat' dir='ltr'>fortasse</span> <span class='ocrx_word' id='word_1_202' title='bbox 2925 1633 3134 1703; x_wconf 88' lang='lat' dir='ltr'>aliquis</span> <span class='ocrx_word' id='word_1_203' title='bbox 3190 1647 3218 1688; x_wconf 70' lang='grc' dir='ltr'><strong>ς</strong></span> <span class='ocrx_word' id='word_1_204' title='bbox 3272 1634 3561 1703; x_wconf 87' lang='lat' dir='ltr'>opinatur,</span> 
     </span>
    </p>
   </div>
   <div class='ocr_carea' id='block_1_18' title="bbox 48 1676 3567 1791">
    <p class='ocr_par' dir='ltr' id='par_1_18' title="bbox 48 1676 3567 1791">
     <span class='ocr_line' id='line_1_18' title="bbox 48 1676 3561 1703; baseline 0.001 -21"><span class='ocrx_word' id='word_1_205' title='bbox 48 1676 283 1693; x_wconf 57' lang='grc' dir='ltr'>--η-,η</span> <span class='ocrx_word' id='word_1_206' title='bbox 337 1676 391 1683; x_wconf 63' lang='grc' dir='ltr'>ν-</span> <span class='ocrx_word' id='word_1_207' title='bbox 442 1676 780 1685; x_wconf 54' lang='grc' dir='ltr'>--κω---η</span> <span class='ocrx_word' id='word_1_208' title='bbox 834 1676 1039 1685; x_wconf 50' lang='lat' dir='ltr'>mum-</span> <span class='ocrx_word' id='word_1_209' title='bbox 1098 1676 1369 1699; x_wconf 41' lang='grc' dir='ltr'>---μνη</span> <span class='ocrx_word' id='word_1_210' title='bbox 1429 1676 1744 1681; x_wconf 54' lang='grc' dir='ltr'>---νη-π</span> <span class='ocrx_word' id='word_1_211' title='bbox 1884 1676 2090 1698; x_wconf 40' lang='lat' dir='ltr'>unum,</span> <span class='ocrx_word' id='word_1_212' title='bbox 2151 1676 2572 1703; x_wconf 52' lang='lat' dir='ltr'>-..,..-....u....-.v</span> <span class='ocrx_word' id='word_1_213' title='bbox 2628 1676 2864 1686; x_wconf 58' lang='grc' dir='ltr'>,νηυυυν</span> <span class='ocrx_word' id='word_1_214' title='bbox 2925 1676 3134 1703; x_wconf 66' lang='lat'>.....,...-</span> <span class='ocrx_word' id='word_1_215' title='bbox 3190 1676 3213 1688; x_wconf 78' lang='lat'>-</span> <span class='ocrx_word' id='word_1_216' title='bbox 3274 1676 3561 1703; x_wconf 52' lang='lat' dir='ltr'>vrum&quot;...</span> 
     </span>
     <span class='ocr_line' id='line_1_19' title="bbox 48 1676 3567 1791; baseline 0.001 -20"><span class='ocrx_word' id='word_1_217' title='bbox 48 1727 134 1772; x_wconf 86' lang='lat' dir='ltr'>tes</span> <span class='ocrx_word' id='word_1_218' title='bbox 191 1722 220 1760; x_wconf 82' lang='lat' dir='ltr'>b</span> <span class='ocrx_word' id='word_1_219' title='bbox 259 1737 271 1771; x_wconf 90' lang='lat'>:</span> <span class='ocrx_word' id='word_1_220' title='bbox 324 1735 428 1772; x_wconf 85' lang='lat' dir='ltr'>nec</span> <span class='ocrx_word' id='word_1_221' title='bbox 460 1722 671 1789; x_wconf 89' lang='lat' dir='ltr'>apertis</span> <span class='ocrx_word' id='word_1_222' title='bbox 703 1721 883 1773; x_wconf 86' lang='lat' dir='ltr'>oculis</span> <span class='ocrx_word' id='word_1_223' title='bbox 910 1727 963 1773; x_wconf 89' lang='lat' dir='ltr'>et</span> <span class='ocrx_word' id='word_1_224' title='bbox 994 1725 1239 1772; x_wconf 86' lang='lat' dir='ltr'>reserato</span> <span class='ocrx_word' id='word_1_225' title='bbox 1271 1718 1485 1770; x_wconf 84' lang='lat' dir='ltr'>lumine</span> <span class='ocrx_word' id='word_1_226' title='bbox 1516 1734 1575 1770; x_wconf 92' lang='lat' dir='ltr'>se</span> <span class='ocrx_word' id='word_1_227' title='bbox 1614 1716 1768 1785; x_wconf 81' lang='lat' dir='ltr'>juste</span> <span class='ocrx_word' id='word_1_228' title='bbox 1807 1676 1849 1729; x_wconf 78' lang='grc' dir='ltr'><strong>Β</strong></span> <span class='ocrx_word' id='word_1_229' title='bbox 1881 1722 2052 1775; x_wconf 84' lang='lat' dir='ltr'>fuisse</span> <span class='ocrx_word' id='word_1_230' title='bbox 2087 1722 2403 1775; x_wconf 84' lang='lat' dir='ltr'>vitandum.</span> <span class='ocrx_word' id='word_1_231' title='bbox 2462 1722 2570 1775; x_wconf 87' lang='lat' dir='ltr'>Sed</span> <span class='ocrx_word' id='word_1_232' title='bbox 2621 1737 2727 1791; x_wconf 86' lang='lat' dir='ltr'>ego</span> <span class='ocrx_word' id='word_1_233' title='bbox 2779 1737 2894 1773; x_wconf 89' lang='lat' dir='ltr'>non</span> <span class='ocrx_word' id='word_1_234' title='bbox 2938 1737 3110 1791; x_wconf 90' lang='lat' dir='ltr'>quam</span> <span class='ocrx_word' id='word_1_235' title='bbox 3158 1728 3415 1789; x_wconf 83' lang='lat' dir='ltr'>venuste,</span> <span class='ocrx_word' id='word_1_236' title='bbox 3469 1723 3567 1773; x_wconf 84' lang='lat' dir='ltr'>sed</span> 
     </span>
    </p>
   </div>
   <div class='ocr_carea' id='block_1_19' title="bbox 52 1807 1769 1873">
    <p class='ocr_par' dir='ltr' id='par_1_19' title="bbox 52 1807 1769 1873">
     <span class='ocr_line' id='line_1_20' title="bbox 52 1807 1769 1873; baseline -0.002 -12"><span class='ocrx_word' id='word_1_237' title='bbox 52 1808 380 1861; x_wconf 88' lang='lat' dir='ltr'>maledicto</span> <span class='ocrx_word' id='word_1_238' title='bbox 414 1808 607 1862; x_wconf 83' lang='lat' dir='ltr'>vident</span> <span class='ocrx_word' id='word_1_239' title='bbox 654 1808 930 1873; x_wconf 85' lang='lat' dir='ltr'>addictos,</span> <span class='ocrx_word' id='word_1_240' title='bbox 963 1810 1098 1861; x_wconf 90' lang='lat' dir='ltr'>dum</span> <span class='ocrx_word' id='word_1_241' title='bbox 1148 1807 1607 1861; x_wconf 88' lang='lat' dir='ltr'>benedictionem</span> <span class='ocrx_word' id='word_1_242' title='bbox 1657 1821 1769 1857; x_wconf 91' lang='lat' dir='ltr'>no-</span> 
     </span>
    </p>
   </div>
   <div class='ocr_carea' id='block_1_20' title="bbox 50 1893 1769 1966">
    <p class='ocr_par' dir='ltr' id='par_1_20' title="bbox 50 1893 1769 1966">
     <span class='ocr_line' id='line_1_21' title="bbox 50 1893 1769 1966; baseline -0.002 -17"><span class='ocrx_word' id='word_1_243' title='bbox 50 1897 278 1959; x_wconf 80' lang='lat' dir='ltr'>lentes,</span> <span class='ocrx_word' id='word_1_244' title='bbox 336 1896 541 1949; x_wconf 88' lang='lat' dir='ltr'>Christi</span> <span class='ocrx_word' id='word_1_245' title='bbox 615 1902 1086 1966; x_wconf 88' lang='lat' dir='ltr'>contempserunt</span> <span class='ocrx_word' id='word_1_246' title='bbox 1140 1895 1373 1949; x_wconf 90' lang='lat' dir='ltr'>amicos.</span> <span class='ocrx_word' id='word_1_247' title='bbox 1444 1897 1557 1949; x_wconf 90' lang='lat' dir='ltr'>Cur</span> <span class='ocrx_word' id='word_1_248' title='bbox 1613 1893 1769 1947; x_wconf 79' lang='lat' dir='ltr'>enim</span> 
     </span>
    </p>
   </div>
   <div class='ocr_carea' id='block_1_21' title="bbox 58 1984 1769 2054">
    <p class='ocr_par' dir='ltr' id='par_1_21' title="bbox 58 1984 1769 2054">
     <span class='ocr_line' id='line_1_22' title="bbox 58 1984 1769 2054; baseline -0.002 -16"><span class='ocrx_word' id='word_1_249' title='bbox 58 1985 485 2038; x_wconf 84' lang='lat' dir='ltr'>Biothenatum</span> <span class='ocrx_word' id='word_1_250' title='bbox 519 1994 539 2018; x_wconf 71' lang='grc' dir='ltr'><strong>θ</strong></span> <span class='ocrx_word' id='word_1_251' title='bbox 568 1986 872 2054; x_wconf 65' lang='lat' dir='ltr'>praesulem</span> <span class='ocrx_word' id='word_1_252' title='bbox 905 1990 1152 2038; x_wconf 88' lang='lat' dir='ltr'>renuant</span> <span class='ocrx_word' id='word_1_253' title='bbox 1181 1984 1390 2049; x_wconf 89' lang='lat' dir='ltr'>nescio,</span> <span class='ocrx_word' id='word_1_254' title='bbox 1428 1984 1565 2036; x_wconf 92' lang='lat' dir='ltr'>dum</span> <span class='ocrx_word' id='word_1_255' title='bbox 1601 1986 1769 2035; x_wconf 89' lang='lat' dir='ltr'>testes</span> 
     </span>
    </p>
   </div>
   <div class='ocr_carea' id='block_1_22' title="bbox 57 2070 1766 2125">
    <p class='ocr_par' dir='ltr' id='par_1_22' title="bbox 57 2070 1766 2125">
     <span class='ocr_line' id='line_1_23' title="bbox 57 2070 1766 2125; baseline -0.002 -1"><span class='ocrx_word' id='word_1_256' title='bbox 57 2072 284 2124; x_wconf 79' lang='lat' dir='ltr'>Christi</span> <span class='ocrx_word' id='word_1_257' title='bbox 332 2077 388 2125; x_wconf 89' lang='lat' dir='ltr'>et</span> <span class='ocrx_word' id='word_1_258' title='bbox 415 2071 670 2125; x_wconf 73' lang='lat' dir='ltr'>veritatis</span> <span class='ocrx_word' id='word_1_259' title='bbox 703 2072 993 2125; x_wconf 88' lang='lat' dir='ltr'>ministros</span> <span class='ocrx_word' id='word_1_260' title='bbox 1041 2070 1396 2125; x_wconf 88' lang='lat' dir='ltr'>damnationi</span> <span class='ocrx_word' id='word_1_261' title='bbox 1428 2086 1572 2123; x_wconf 81' lang='lat' dir='ltr'>verae</span> <span class='ocrx_word' id='word_1_262' title='bbox 1600 2070 1625 2110; x_wconf 81' lang='grc' dir='ltr'><em>ά</em></span> <span class='ocrx_word' id='word_1_263' title='bbox 1675 2085 1766 2120; x_wconf 89' lang='lat' dir='ltr'>as-</span> 
     </span>
    </p>
   </div>
   <div class='ocr_carea' id='block_1_23' title="bbox 56 2160 1768 2230">
    <p class='ocr_par' dir='ltr' id='par_1_23' title="bbox 56 2160 1768 2230">
     <span class='ocr_line' id='line_1_24' title="bbox 56 2160 1768 2230; baseline 0.001 -21"><span class='ocrx_word' id='word_1_264' title='bbox 56 2163 287 2224; x_wconf 81' lang='lat' dir='ltr'>serant,</span> <span class='ocrx_word' id='word_1_265' title='bbox 367 2164 423 2212; x_wconf 91' lang='lat' dir='ltr'>et</span> <span class='ocrx_word' id='word_1_266' title='bbox 468 2176 727 2230; x_wconf 88' lang='lat' dir='ltr'>congruo</span> <span class='ocrx_word' id='word_1_267' title='bbox 782 2162 1071 2230; x_wconf 80' lang='lat' dir='ltr'>subjacere</span> <span class='ocrx_word' id='word_1_268' title='bbox 1125 2160 1363 2229; x_wconf 90' lang='lat' dir='ltr'>judicio.</span> <span class='ocrx_word' id='word_1_269' title='bbox 1424 2160 1768 2228; x_wconf 80' lang='lat' dir='ltr'>Aperiamus</span> 
     </span>
    </p>
   </div>
   <div class='ocr_carea' id='block_1_24' title="bbox 58 2247 1765 2317">
    <p class='ocr_par' dir='ltr' id='par_1_24' title="bbox 58 2247 1765 2317">
     <span class='ocr_line' id='line_1_25' title="bbox 58 2247 1765 2317; baseline 0.001 -19"><span class='ocrx_word' id='word_1_270' title='bbox 58 2262 198 2315; x_wconf 84' lang='lat' dir='ltr'>ergo</span> <span class='ocrx_word' id='word_1_271' title='bbox 234 2247 434 2299; x_wconf 90' lang='lat' dir='ltr'>oculos</span> <span class='ocrx_word' id='word_1_272' title='bbox 464 2260 485 2282; x_wconf 76' lang='grc' dir='ltr'><strong><em>ο</em></strong></span> <span class='ocrx_word' id='word_1_273' title='bbox 516 2248 721 2314; x_wconf 87' lang='lat' dir='ltr'>cordis,</span> <span class='ocrx_word' id='word_1_274' title='bbox 772 2253 829 2301; x_wconf 90' lang='lat' dir='ltr'>et</span> <span class='ocrx_word' id='word_1_275' title='bbox 852 2249 1133 2317; x_wconf 87' lang='lat' dir='ltr'>judicium</span> <span class='ocrx_word' id='word_1_276' title='bbox 1186 2248 1411 2302; x_wconf 86' lang='lat' dir='ltr'>Domini</span> <span class='ocrx_word' id='word_1_277' title='bbox 1439 2248 1659 2317; x_wconf 90' lang='lat' dir='ltr'>justum</span> <span class='ocrx_word' id='word_1_278' title='bbox 1704 2247 1765 2299; x_wconf 91' lang='lat' dir='ltr'>in</span> 
     </span>
    </p>
   </div>
   <div class='ocr_carea' id='block_1_25' title="bbox 60 2334 1767 2389">
    <p class='ocr_par' dir='ltr' id='par_1_25' title="bbox 60 2334 1767 2389">
     <span class='ocr_line' id='line_1_26' title="bbox 60 2334 1767 2389; baseline 0.001 -3"><span class='ocrx_word' id='word_1_279' title='bbox 60 2336 231 2386; x_wconf 84' lang='lat' dir='ltr'>nobis</span> <span class='ocrx_word' id='word_1_280' title='bbox 271 2334 560 2387; x_wconf 75' lang='lat' dir='ltr'>videamus</span> <span class='ocrx_word' id='word_1_281' title='bbox 591 2334 854 2388; x_wconf 60' lang='lat' dir='ltr'>saevisse:</span> <span class='ocrx_word' id='word_1_282' title='bbox 893 2342 946 2389; x_wconf 90' lang='lat' dir='ltr'>et</span> <span class='ocrx_word' id='word_1_283' title='bbox 990 2338 1317 2389; x_wconf 85' lang='lat' dir='ltr'>desinamus</span> <span class='ocrx_word' id='word_1_284' title='bbox 1348 2352 1379 2388; x_wconf 87' lang='lat' dir='ltr'>a</span> <span class='ocrx_word' id='word_1_285' title='bbox 1419 2335 1767 2388; x_wconf 88' lang='lat' dir='ltr'>contumelio</span> 
     </span>
    </p>
   </div>
   <div class='ocr_carea' id='block_1_26' title="bbox 60 2423 1769 2493">
    <p class='ocr_par' dir='ltr' id='par_1_26' title="bbox 60 2423 1769 2493">
     <span class='ocr_line' id='line_1_27' title="bbox 60 2423 1769 2493; baseline 0 -19"><span class='ocrx_word' id='word_1_286' title='bbox 60 2428 411 2491; x_wconf 76' lang='lat' dir='ltr'>martyrum,</span> <span class='ocrx_word' id='word_1_287' title='bbox 471 2436 541 2474; x_wconf 89' lang='lat' dir='ltr'>ne</span> <span class='ocrx_word' id='word_1_288' title='bbox 595 2438 700 2473; x_wconf 84' lang='lat' dir='ltr'>nos</span> <span class='ocrx_word' id='word_1_289' title='bbox 759 2423 898 2475; x_wconf 87' lang='lat' dir='ltr'>ultio</span> <span class='ocrx_word' id='word_1_290' title='bbox 946 2424 1093 2493; x_wconf 91' lang='lat' dir='ltr'>regis</span> <span class='ocrx_word' id='word_1_291' title='bbox 1143 2424 1343 2476; x_wconf 75' lang='lat' dir='ltr'>reterni</span> <span class='ocrx_word' id='word_1_292' title='bbox 1412 2423 1769 2492; x_wconf 89' lang='lat' dir='ltr'>incorreptos</span> 
     </span>
    </p>
   </div>
   <div class='ocr_carea' id='block_1_27' title="bbox 58 2508 1766 2578">
    <p class='ocr_par' dir='ltr' id='par_1_27' title="bbox 58 2508 1766 2578">
     <span class='ocr_line' id='line_1_28' title="bbox 58 2508 1766 2578; baseline 0.002 -19"><span class='ocrx_word' id='word_1_293' title='bbox 58 2510 347 2578; x_wconf 84' lang='lat' dir='ltr'>perducat</span> <span class='ocrx_word' id='word_1_294' title='bbox 399 2508 469 2561; x_wconf 87' lang='lat' dir='ltr'>ad</span> <span class='ocrx_word' id='word_1_295' title='bbox 515 2512 814 2563; x_wconf 87' lang='lat' dir='ltr'>tartarum.</span> <span class='ocrx_word' id='word_1_296' title='bbox 868 2511 1143 2564; x_wconf 87' lang='lat' dir='ltr'>Curemus</span> <span class='ocrx_word' id='word_1_297' title='bbox 1196 2517 1262 2565; x_wconf 90' lang='lat' dir='ltr'>ut</span> <span class='ocrx_word' id='word_1_298' title='bbox 1298 2528 1411 2564; x_wconf 90' lang='lat' dir='ltr'>non</span> <span class='ocrx_word' id='word_1_299' title='bbox 1447 2516 1609 2564; x_wconf 79' lang='lat' dir='ltr'>exeat</span> <span class='ocrx_word' id='word_1_300' title='bbox 1649 2527 1766 2564; x_wconf 89' lang='lat' dir='ltr'>ma-</span> 
     </span>
    </p>
   </div>
   <div class='ocr_carea' id='block_1_28' title="bbox 62 2597 1768 2669">
    <p class='ocr_par' dir='ltr' id='par_1_28' title="bbox 62 2597 1768 2669">
     <span class='ocr_line' id='line_1_29' title="bbox 62 2597 1768 2669; baseline 0.001 -19"><span class='ocrx_word' id='word_1_301' title='bbox 62 2597 437 2668; x_wconf 81' lang='lat' dir='ltr'>gniloquium</span> <span class='ocrx_word' id='word_1_302' title='bbox 487 2612 554 2649; x_wconf 80' lang='lat' dir='ltr'>ex</span> <span class='ocrx_word' id='word_1_303' title='bbox 602 2614 698 2650; x_wconf 90' lang='lat' dir='ltr'>ore</span> <span class='ocrx_word' id='word_1_304' title='bbox 747 2604 962 2661; x_wconf 89' lang='lat' dir='ltr'>nostro,</span> <span class='ocrx_word' id='word_1_305' title='bbox 1005 2599 1161 2663; x_wconf 63' lang='lat' dir='ltr'>et,iu</span> <span class='ocrx_word' id='word_1_306' title='bbox 1202 2602 1407 2653; x_wconf 70' lang='lat' dir='ltr'>emtum</span> <span class='ocrx_word' id='word_1_307' title='bbox 1450 2615 1661 2669; x_wconf 87' lang='lat' dir='ltr'>ponere</span> <span class='ocrx_word' id='word_1_308' title='bbox 1706 2615 1768 2651; x_wconf 92' lang='lat' dir='ltr'>os</span> 
     </span>
    </p>
   </div>
   <div class='ocr_carea' id='block_1_29' title="bbox 63 2686 1769 2757">
    <p class='ocr_par' dir='ltr' id='par_1_29' title="bbox 63 2686 1769 2757">
     <span class='ocr_line' id='line_1_30' title="bbox 63 2686 1769 2757; baseline 0.001 -19"><span class='ocrx_word' id='word_1_309' title='bbox 63 2692 339 2738; x_wconf 85' lang='lat' dir='ltr'>nostrum</span> <span class='ocrx_word' id='word_1_310' title='bbox 395 2686 562 2755; x_wconf 70' lang='lat' dir='ltr'>(Psal.</span> <span class='ocrx_word' id='word_1_311' title='bbox 613 2686 781 2755; x_wconf 79' lang='lat' dir='ltr'>Lxxu)</span> <span class='ocrx_word' id='word_1_312' title='bbox 831 2686 1103 2751; x_wconf 84' lang='lat' dir='ltr'>vitemus;</span> <span class='ocrx_word' id='word_1_313' title='bbox 1146 2687 1386 2740; x_wconf 85' lang='lat' dir='ltr'>scientes</span> <span class='ocrx_word' id='word_1_314' title='bbox 1425 2688 1558 2757; x_wconf 87' lang='lat' dir='ltr'>quia</span> <span class='ocrx_word' id='word_1_315' title='bbox 1605 2686 1769 2739; x_wconf 89' lang='lat' dir='ltr'>mise-</span> 
     </span>
    </p>
   </div>
   <div class='ocr_carea' id='block_1_30' title="bbox 64 2774 1763 2844">
    <p class='ocr_par' dir='ltr' id='par_1_30' title="bbox 64 2774 1763 2844">
     <span class='ocr_line' id='line_1_31' title="bbox 64 2774 1763 2844; baseline -0.002 -16"><span class='ocrx_word' id='word_1_316' title='bbox 64 2775 321 2828; x_wconf 89' lang='lat' dir='ltr'>ricordia</span> <span class='ocrx_word' id='word_1_317' title='bbox 366 2779 420 2827; x_wconf 89' lang='lat' dir='ltr'>et</span> <span class='ocrx_word' id='word_1_318' title='bbox 450 2774 536 2827; x_wconf 86' lang='lat' dir='ltr'>ira</span> <span class='ocrx_word' id='word_1_319' title='bbox 582 2776 654 2828; x_wconf 87' lang='lat' dir='ltr'>ab</span> <span class='ocrx_word' id='word_1_320' title='bbox 703 2774 801 2827; x_wconf 93' lang='lat' dir='ltr'>illo</span> <span class='ocrx_word' id='word_1_321' title='bbox 843 2774 951 2828; x_wconf 89' lang='lat' dir='ltr'>cito</span> <span class='ocrx_word' id='word_1_322' title='bbox 994 2775 1342 2844; x_wconf 80' lang='lat' dir='ltr'>proximaut,</span> <span class='ocrx_word' id='word_1_323' title='bbox 1383 2781 1437 2827; x_wconf 91' lang='lat' dir='ltr'>et</span> <span class='ocrx_word' id='word_1_324' title='bbox 1477 2776 1763 2841; x_wconf 86' lang='lat' dir='ltr'>timentes,</span> 
     </span>
    </p>
   </div>
   <div class='ocr_carea' id='block_1_31' title="bbox 64 2861 1767 2931">
    <p class='ocr_par' dir='ltr' id='par_1_31' title="bbox 64 2861 1767 2931">
     <span class='ocr_line' id='line_1_32' title="bbox 64 2861 1767 2931; baseline -0.001 -16"><span class='ocrx_word' id='word_1_325' title='bbox 64 2878 133 2915; x_wconf 89' lang='lat' dir='ltr'>ne</span> <span class='ocrx_word' id='word_1_326' title='bbox 166 2861 367 2915; x_wconf 88' lang='lat' dir='ltr'>subito</span> <span class='ocrx_word' id='word_1_327' title='bbox 399 2862 555 2914; x_wconf 86' lang='lat' dir='ltr'>furor</span> <span class='ocrx_word' id='word_1_328' title='bbox 586 2862 709 2930; x_wconf 88' lang='lat' dir='ltr'>ejus</span> <span class='ocrx_word' id='word_1_329' title='bbox 736 2863 970 2915; x_wconf 86' lang='lat' dir='ltr'>veniens</span> <span class='ocrx_word' id='word_1_330' title='bbox 996 2863 1286 2931; x_wconf 88' lang='lat' dir='ltr'>disperdat</span> <span class='ocrx_word' id='word_1_331' title='bbox 1312 2880 1416 2916; x_wconf 89' lang='lat' dir='ltr'>nos</span> <span class='ocrx_word' id='word_1_332' title='bbox 1455 2880 1468 2915; x_wconf 91' lang='lat'>:</span> <span class='ocrx_word' id='word_1_333' title='bbox 1503 2879 1574 2916; x_wconf 89' lang='lat' dir='ltr'>ne</span> <span class='ocrx_word' id='word_1_334' title='bbox 1604 2862 1767 2916; x_wconf 86' lang='lat' dir='ltr'>nobis</span> 
     </span>
    </p>
   </div>
   <div class='ocr_carea' id='block_1_32' title="bbox 1880 1809 3567 1880">
    <p class='ocr_par' dir='ltr' id='par_1_32' title="bbox 1880 1809 3567 1880">
     <span class='ocr_line' id='line_1_33' title="bbox 1880 1809 3567 1880; baseline 0.001 -19"><span class='ocrx_word' id='word_1_335' title='bbox 1880 1826 2053 1880; x_wconf 90' lang='lat' dir='ltr'>quam</span> <span class='ocrx_word' id='word_1_336' title='bbox 2085 1826 2217 1863; x_wconf 90' lang='lat' dir='ltr'>vere</span> <span class='ocrx_word' id='word_1_337' title='bbox 2247 1810 2555 1862; x_wconf 86' lang='lat' dir='ltr'>scriberem</span> <span class='ocrx_word' id='word_1_338' title='bbox 2596 1810 2851 1878; x_wconf 89' lang='lat' dir='ltr'>cogitans</span> <span class='ocrx_word' id='word_1_339' title='bbox 2882 1809 3281 1879; x_wconf 86' lang='lat' dir='ltr'>parvipendidi</span> <span class='ocrx_word' id='word_1_340' title='bbox 3308 1809 3567 1878; x_wconf 87' lang='lat' dir='ltr'>philoso-</span> 
     </span>
    </p>
   </div>
   <div class='ocr_carea' id='block_1_33' title="bbox 1878 1896 3569 1968">
    <p class='ocr_par' dir='ltr' id='par_1_33' title="bbox 1878 1896 3569 1968">
     <span class='ocr_line' id='line_1_34' title="bbox 1878 1896 3569 1968; baseline -0.002 -18"><span class='ocrx_word' id='word_1_341' title='bbox 1878 1898 2127 1968; x_wconf 89' lang='lat' dir='ltr'>phorum</span> <span class='ocrx_word' id='word_1_342' title='bbox 2160 1899 2415 1950; x_wconf 89' lang='lat' dir='ltr'>omnium</span> <span class='ocrx_word' id='word_1_343' title='bbox 2450 1896 2699 1961; x_wconf 88' lang='lat' dir='ltr'>laudem,</span> <span class='ocrx_word' id='word_1_344' title='bbox 2734 1913 2836 1949; x_wconf 92' lang='lat' dir='ltr'>nec</span> <span class='ocrx_word' id='word_1_345' title='bbox 2873 1897 2940 1949; x_wconf 91' lang='lat' dir='ltr'>ad</span> <span class='ocrx_word' id='word_1_346' title='bbox 2973 1896 3366 1948; x_wconf 78' lang='lat' dir='ltr'>defensionem</span> <span class='ocrx_word' id='word_1_347' title='bbox 3400 1896 3569 1965; x_wconf 83' lang='lat' dir='ltr'>justi-</span> 
     </span>
    </p>
   </div>
   <div class='ocr_carea' id='block_1_34' title="bbox 1878 1982 3569 2052">
    <p class='ocr_par' dir='ltr' id='par_1_34' title="bbox 1878 1982 3569 2052">
     <span class='ocr_line' id='line_1_35' title="bbox 1878 1982 3569 2052; baseline -0.002 -14"><span class='ocrx_word' id='word_1_348' title='bbox 1878 1986 1972 2039; x_wconf 69' lang='lat' dir='ltr'>tiee</span> <span class='ocrx_word' id='word_1_349' title='bbox 2019 1985 2167 2038; x_wconf 88' lang='lat' dir='ltr'>labia</span> <span class='ocrx_word' id='word_1_350' title='bbox 2206 2000 2335 2037; x_wconf 88' lang='lat' dir='ltr'>mea</span> <span class='ocrx_word' id='word_1_351' title='bbox 2384 1984 2670 2037; x_wconf 77' lang='lat' dir='ltr'>inerudite.</span> <span class='ocrx_word' id='word_1_352' title='bbox 2704 1983 2902 2052; x_wconf 83' lang='lat' dir='ltr'>lingua</span> <span class='ocrx_word' id='word_1_353' title='bbox 2932 1982 3249 2052; x_wconf 88' lang='lat' dir='ltr'>prohibuit,</span> <span class='ocrx_word' id='word_1_354' title='bbox 3291 1983 3424 2051; x_wconf 89' lang='lat' dir='ltr'>quia</span> <span class='ocrx_word' id='word_1_355' title='bbox 3453 1999 3569 2034; x_wconf 85' lang='lat' dir='ltr'>non</span> 
     </span>
    </p>
   </div>
   <div class='ocr_carea' id='block_1_35' title="bbox 1877 2071 3569 2143">
    <p class='ocr_par' dir='ltr' id='par_1_35' title="bbox 1877 2071 3569 2143">
     <span class='ocr_line' id='line_1_36' title="bbox 1877 2071 3569 2143; baseline -0.003 -17"><span class='ocrx_word' id='word_1_356' title='bbox 1877 2074 2199 2143; x_wconf 90' lang='lat' dir='ltr'>imputatur</span> <span class='ocrx_word' id='word_1_357' title='bbox 2240 2074 2589 2142; x_wconf 76' lang='lat' dir='ltr'>praeputium</span> <span class='ocrx_word' id='word_1_358' title='bbox 2621 2072 2735 2125; x_wconf 88' lang='lat' dir='ltr'>oris</span> <span class='ocrx_word' id='word_1_359' title='bbox 2769 2072 2860 2124; x_wconf 92' lang='lat' dir='ltr'>cui</span> <span class='ocrx_word' id='word_1_360' title='bbox 2905 2071 3260 2124; x_wconf 88' lang='lat' dir='ltr'>circumcisio</span> <span class='ocrx_word' id='word_1_361' title='bbox 3298 2072 3454 2140; x_wconf 80' lang='lat' dir='ltr'>jussu</span> <span class='ocrx_word' id='word_1_362' title='bbox 3488 2076 3569 2122; x_wconf 83' lang='lat' dir='ltr'>est</span> 
     </span>
    </p>
   </div>
   <div class='ocr_carea' id='block_1_36' title="bbox 1878 2158 3568 2230">
    <p class='ocr_par' dir='ltr' id='par_1_36' title="bbox 1878 2158 3568 2230">
     <span class='ocr_line' id='line_1_37' title="bbox 1878 2158 3568 2230; baseline -0.004 -15"><span class='ocrx_word' id='word_1_363' title='bbox 1878 2161 2079 2215; x_wconf 88' lang='lat' dir='ltr'>cordis.</span> <span class='ocrx_word' id='word_1_364' title='bbox 2116 2161 2297 2213; x_wconf 86' lang='lat' dir='ltr'>Habet</span> <span class='ocrx_word' id='word_1_365' title='bbox 2324 2177 2571 2230; x_wconf 86' lang='lat' dir='ltr'>namque</span> <span class='ocrx_word' id='word_1_366' title='bbox 2602 2160 2950 2228; x_wconf 60' lang='lat' dir='ltr'>praeputium</span> <span class='ocrx_word' id='word_1_367' title='bbox 2983 2158 3221 2211; x_wconf 89' lang='lat' dir='ltr'>subdola</span> <span class='ocrx_word' id='word_1_368' title='bbox 3249 2163 3303 2210; x_wconf 87' lang='lat' dir='ltr'>et</span> <span class='ocrx_word' id='word_1_369' title='bbox 3331 2158 3568 2227; x_wconf 86' lang='lat' dir='ltr'>palpans</span> 
     </span>
    </p>
   </div>
   <div class='ocr_carea' id='block_1_37' title="bbox 1877 2248 3569 2314">
    <p class='ocr_par' dir='ltr' id='par_1_37' title="bbox 1877 2248 3569 2314">
     <span class='ocr_line' id='line_1_38' title="bbox 1877 2248 3569 2314; baseline -0.004 -10"><span class='ocrx_word' id='word_1_370' title='bbox 1877 2250 2124 2304; x_wconf 80' lang='lat' dir='ltr'>invectio</span> <span class='ocrx_word' id='word_1_371' title='bbox 2160 2249 2467 2309; x_wconf 66' lang='lat' dir='ltr'>atl‘raenata,</span> <span class='ocrx_word' id='word_1_372' title='bbox 2513 2254 2569 2301; x_wconf 91' lang='lat' dir='ltr'>et</span> <span class='ocrx_word' id='word_1_373' title='bbox 2622 2254 2802 2300; x_wconf 87' lang='lat' dir='ltr'>metas</span> <span class='ocrx_word' id='word_1_374' title='bbox 2851 2248 3177 2299; x_wconf 89' lang='lat' dir='ltr'>transiliens</span> <span class='ocrx_word' id='word_1_375' title='bbox 3230 2250 3569 2314; x_wconf 82' lang='lat' dir='ltr'>exaggerata</span> 
     </span>
    </p>
   </div>
   <div class='ocr_carea' id='block_1_38' title="bbox 1877 2334 3568 2407">
    <p class='ocr_par' dir='ltr' id='par_1_38' title="bbox 1877 2334 3568 2407">
     <span class='ocr_line' id='line_1_39' title="bbox 1877 2334 3568 2407; baseline -0.003 -17"><span class='ocrx_word' id='word_1_376' title='bbox 1877 2338 2147 2407; x_wconf 87' lang='lat' dir='ltr'>fatuaque</span> <span class='ocrx_word' id='word_1_377' title='bbox 2192 2338 2470 2390; x_wconf 87' lang='lat' dir='ltr'>dissoluta</span> <span class='ocrx_word' id='word_1_378' title='bbox 2516 2336 2619 2401; x_wconf 90' lang='lat' dir='ltr'>ira,</span> <span class='ocrx_word' id='word_1_379' title='bbox 2670 2336 2756 2388; x_wconf 87' lang='lat' dir='ltr'>vel</span> <span class='ocrx_word' id='word_1_380' title='bbox 2807 2335 2922 2387; x_wconf 90' lang='lat' dir='ltr'>risu</span> <span class='ocrx_word' id='word_1_381' title='bbox 2956 2334 3218 2386; x_wconf 84' lang='lat' dir='ltr'>contexio</span> <span class='ocrx_word' id='word_1_382' title='bbox 3265 2335 3311 2387; x_wconf 65' lang='grc' dir='ltr'>ιι.</span> <span class='ocrx_word' id='word_1_383' title='bbox 3356 2334 3460 2386; x_wconf 86' lang='lat' dir='ltr'>Sed</span> <span class='ocrx_word' id='word_1_384' title='bbox 3512 2340 3568 2385; x_wconf 88' lang='lat' dir='ltr'>et</span> 
     </span>
    </p>
   </div>
   <div class='ocr_carea' id='block_1_39' title="bbox 1880 2421 3566 2494">
    <p class='ocr_par' dir='ltr' id='par_1_39' title="bbox 1880 2421 3566 2494">
     <span class='ocr_line' id='line_1_40' title="bbox 1880 2421 3566 2494; baseline -0.004 -16"><span class='ocrx_word' id='word_1_385' title='bbox 1880 2430 2141 2479; x_wconf 86' lang='lat' dir='ltr'>accurata</span> <span class='ocrx_word' id='word_1_386' title='bbox 2181 2425 2532 2494; x_wconf 88' lang='lat' dir='ltr'>dissertaque</span> <span class='ocrx_word' id='word_1_387' title='bbox 2562 2424 2619 2476; x_wconf 92' lang='lat' dir='ltr'>in</span> <span class='ocrx_word' id='word_1_388' title='bbox 2652 2423 2819 2475; x_wconf 83' lang='lat' dir='ltr'>rebus</span> <span class='ocrx_word' id='word_1_389' title='bbox 2857 2422 3127 2491; x_wconf 86' lang='lat' dir='ltr'>perituris</span> <span class='ocrx_word' id='word_1_390' title='bbox 3154 2428 3211 2474; x_wconf 91' lang='lat' dir='ltr'>et</span> <span class='ocrx_word' id='word_1_391' title='bbox 3242 2421 3566 2473; x_wconf 83' lang='lat' dir='ltr'>labentibus</span> 
     </span>
    </p>
   </div>
   <div class='ocr_carea' id='block_1_40' title="bbox 1880 2508 3566 2576">
    <p class='ocr_par' dir='ltr' id='par_1_40' title="bbox 1880 2508 3566 2576">
     <span class='ocr_line' id='line_1_41' title="bbox 1880 2508 3566 2576; baseline -0.005 -11"><span class='ocrx_word' id='word_1_392' title='bbox 1880 2514 1992 2565; x_wconf 83' lang='lat' dir='ltr'>ﬁne</span> <span class='ocrx_word' id='word_1_393' title='bbox 2042 2513 2327 2576; x_wconf 88' lang='lat' dir='ltr'>facundia,</span> <span class='ocrx_word' id='word_1_394' title='bbox 2373 2514 2460 2564; x_wconf 86' lang='lat' dir='ltr'>vel</span> <span class='ocrx_word' id='word_1_395' title='bbox 2510 2512 2569 2564; x_wconf 92' lang='lat' dir='ltr'>in</span> <span class='ocrx_word' id='word_1_396' title='bbox 2625 2510 3016 2563; x_wconf 87' lang='lat' dir='ltr'>mundialibus</span> <span class='ocrx_word' id='word_1_397' title='bbox 3060 2515 3117 2561; x_wconf 89' lang='lat' dir='ltr'>et</span> <span class='ocrx_word' id='word_1_398' title='bbox 3146 2508 3277 2561; x_wconf 72' lang='lat' dir='ltr'>fidei</span> <span class='ocrx_word' id='word_1_399' title='bbox 3317 2509 3566 2561; x_wconf 78' lang='lat' dir='ltr'>adversis</span> 
     </span>
    </p>
   </div>
   <div class='ocr_carea' id='block_1_41' title="bbox 1879 2597 3567 2671">
    <p class='ocr_par' dir='ltr' id='par_1_41' title="bbox 1879 2597 3567 2671">
     <span class='ocr_line' id='line_1_42' title="bbox 1879 2597 3567 2671; baseline -0.002 -18"><span class='ocrx_word' id='word_1_400' title='bbox 1879 2602 2128 2671; x_wconf 79' lang='lat' dir='ltr'>eloquia,</span> <span class='ocrx_word' id='word_1_401' title='bbox 2201 2602 2438 2671; x_wconf 80' lang='lat' dir='ltr'>polluta,</span> <span class='ocrx_word' id='word_1_402' title='bbox 2490 2598 2903 2658; x_wconf 83' lang='lat' dir='ltr'>incircumcisa,</span> <span class='ocrx_word' id='word_1_403' title='bbox 2959 2604 3015 2651; x_wconf 90' lang='lat' dir='ltr'>et</span> <span class='ocrx_word' id='word_1_404' title='bbox 3071 2597 3567 2671; x_wconf 86' lang='lat' dir='ltr'>immunditiarum</span> 
     </span>
    </p>
   </div>
   <div class='ocr_carea' id='block_1_42' title="bbox 1883 2670 3566 2757">
    <p class='ocr_par' dir='ltr' id='par_1_42' title="bbox 1883 2670 3566 2757">
     <span class='ocr_line' id='line_1_43' title="bbox 1883 2670 3566 2757; baseline -0.003 -17"><span class='ocrx_word' id='word_1_405' title='bbox 1883 2689 2144 2741; x_wconf 88' lang='lat' dir='ltr'>sordibus</span> <span class='ocrx_word' id='word_1_406' title='bbox 2176 2693 2308 2741; x_wconf 89' lang='lat' dir='ltr'>sunt</span> <span class='ocrx_word' id='word_1_407' title='bbox 2338 2687 2657 2757; x_wconf 89' lang='lat' dir='ltr'>inquinata.</span> <span class='ocrx_word' id='word_1_408' title='bbox 2693 2686 3001 2740; x_wconf 80' lang='lat' dir='ltr'>Rusticitas</span> <span class='ocrx_word' id='word_1_409' title='bbox 3032 2690 3221 2737; x_wconf 86' lang='lat' dir='ltr'>autem</span> <span class='ocrx_word' id='word_1_410' title='bbox 3255 2670 3566 2753; x_wconf 80' lang='lat' dir='ltr'>fructuosa,</span> 
     </span>
    </p>
   </div>
   <div class='ocr_carea' id='block_1_43' title="bbox 1879 2774 3569 2846">
    <p class='ocr_par' dir='ltr' id='par_1_43' title="bbox 1879 2774 3569 2846">
     <span class='ocr_line' id='line_1_44' title="bbox 1879 2774 3569 2846; baseline -0.002 -18"><span class='ocrx_word' id='word_1_411' title='bbox 1879 2781 1933 2828; x_wconf 89' lang='lat' dir='ltr'>et</span> <span class='ocrx_word' id='word_1_412' title='bbox 1980 2777 2269 2846; x_wconf 88' lang='lat' dir='ltr'>imperitia</span> <span class='ocrx_word' id='word_1_413' title='bbox 2300 2777 2359 2829; x_wconf 91' lang='lat' dir='ltr'>in</span> <span class='ocrx_word' id='word_1_414' title='bbox 2410 2776 2581 2828; x_wconf 87' lang='lat' dir='ltr'>sacris</span> <span class='ocrx_word' id='word_1_415' title='bbox 2622 2774 2956 2827; x_wconf 83' lang='lat' dir='ltr'>extollendis</span> <span class='ocrx_word' id='word_1_416' title='bbox 3004 2774 3284 2843; x_wconf 85' lang='lat' dir='ltr'>mysteriis</span> <span class='ocrx_word' id='word_1_417' title='bbox 3317 2790 3431 2825; x_wconf 90' lang='lat' dir='ltr'>non</span> <span class='ocrx_word' id='word_1_418' title='bbox 3481 2789 3569 2825; x_wconf 77' lang='lat' dir='ltr'>ve-</span> 
     </span>
    </p>
   </div>
   <div class='ocr_carea' id='block_1_44' title="bbox 1879 2860 3565 2930">
    <p class='ocr_par' dir='ltr' id='par_1_44' title="bbox 1879 2860 3565 2930">
     <span class='ocr_line' id='line_1_45' title="bbox 1879 2860 3565 2930; baseline -0.003 -14"><span class='ocrx_word' id='word_1_419' title='bbox 1879 2870 2066 2928; x_wconf 90' lang='lat' dir='ltr'>nusta,</span> <span class='ocrx_word' id='word_1_420' title='bbox 2118 2882 2233 2917; x_wconf 91' lang='lat' dir='ltr'>non</span> <span class='ocrx_word' id='word_1_421' title='bbox 2279 2880 2440 2917; x_wconf 62' lang='lat' dir='ltr'>caeno</span> <span class='ocrx_word' id='word_1_422' title='bbox 2498 2862 2847 2915; x_wconf 71' lang='lat' dir='ltr'>infidelitatis</span> <span class='ocrx_word' id='word_1_423' title='bbox 2887 2868 2945 2914; x_wconf 88' lang='lat' dir='ltr'>et</span> <span class='ocrx_word' id='word_1_424' title='bbox 2995 2860 3229 2913; x_wconf 79' lang='lat' dir='ltr'>salebris</span> <span class='ocrx_word' id='word_1_425' title='bbox 3275 2860 3565 2930; x_wconf 79' lang='lat' dir='ltr'>voragini-</span> 
     </span>
    </p>
   </div>
   <div class='ocr_carea' id='block_1_45' title="bbox 65 2948 3567 3023">
    <p class='ocr_par' dir='ltr' id='par_1_45' title="bbox 65 2948 3567 3023">
     <span class='ocr_line' id='line_1_46' title="bbox 65 2948 3567 3023; baseline -0.001 -22"><span class='ocrx_word' id='word_1_426' title='bbox 65 2949 205 3002; x_wconf 88' lang='lat' dir='ltr'>itlud</span> <span class='ocrx_word' id='word_1_427' title='bbox 240 2951 506 3003; x_wconf 66' lang='lat' dir='ltr'>Jeremiee</span> <span class='ocrx_word' id='word_1_428' title='bbox 538 2951 838 3003; x_wconf 86' lang='lat' dir='ltr'>conveniat</span> <span class='ocrx_word' id='word_1_429' title='bbox 870 2952 1084 3005; x_wconf 91' lang='lat' dir='ltr'>dictum</span> <span class='ocrx_word' id='word_1_430' title='bbox 1119 2968 1130 3005; x_wconf 91' lang='lat'>:</span> <span class='ocrx_word' id='word_1_431' title='bbox 1168 2955 1423 3017; x_wconf 79' lang='lat' dir='ltr'>Interfeci</span> <span class='ocrx_word' id='word_1_432' title='bbox 1461 2958 1509 3005; x_wconf 81' lang='lat' dir='ltr'>et</span> <span class='ocrx_word' id='word_1_433' title='bbox 1547 2952 1770 3019; x_wconf 74' lang='lat' dir='ltr'>perdidi</span> <span class='ocrx_word' id='word_1_434' title='bbox 1806 2967 1848 3022; x_wconf 71' lang='grc' dir='ltr'>α</span> <span class='ocrx_word' id='word_1_435' title='bbox 1875 2952 2097 3023; x_wconf 90' lang='lat' dir='ltr'>busque</span> <span class='ocrx_word' id='word_1_436' title='bbox 2146 2952 2392 3015; x_wconf 89' lang='lat' dir='ltr'>sordida,</span> <span class='ocrx_word' id='word_1_437' title='bbox 2447 2957 2660 3020; x_wconf 86' lang='lat' dir='ltr'>turget;</span> <span class='ocrx_word' id='word_1_438' title='bbox 2716 2952 2815 3003; x_wconf 83' lang='lat' dir='ltr'>sed</span> <span class='ocrx_word' id='word_1_439' title='bbox 2857 2950 3178 3003; x_wconf 91' lang='lat' dir='ltr'>humilitate</span> <span class='ocrx_word' id='word_1_440' title='bbox 3215 2954 3269 3001; x_wconf 91' lang='lat' dir='ltr'>et</span> <span class='ocrx_word' id='word_1_441' title='bbox 3316 2948 3567 3001; x_wconf 87' lang='lat' dir='ltr'>veritatis</span> 
     </span>
    </p>
   </div>
   <div class='ocr_carea' id='block_1_46' title="bbox 68 3040 1757 3107">
    <p class='ocr_par' dir='ltr' id='par_1_46' title="bbox 68 3040 1757 3107">
     <span class='ocr_line' id='line_1_47' title="bbox 68 3040 1757 3107; baseline 0.002 -16"><span class='ocrx_word' id='word_1_442' title='bbox 68 3040 333 3106; x_wconf 78' lang='lat' dir='ltr'>populum</span> <span class='ocrx_word' id='word_1_443' title='bbox 376 3055 568 3101; x_wconf 82' lang='lat' dir='ltr'>meum,</span> <span class='ocrx_word' id='word_1_444' title='bbox 622 3045 672 3092; x_wconf 81' lang='lat' dir='ltr'>et</span> <span class='ocrx_word' id='word_1_445' title='bbox 712 3056 743 3092; x_wconf 89' lang='lat' dir='ltr'>a</span> <span class='ocrx_word' id='word_1_446' title='bbox 782 3042 884 3093; x_wconf 71' lang='lat' dir='ltr'>viis</span> <span class='ocrx_word' id='word_1_447' title='bbox 922 3044 1035 3095; x_wconf 82' lang='lat' dir='ltr'>suis</span> <span class='ocrx_word' id='word_1_448' title='bbox 1078 3057 1184 3095; x_wconf 84' lang='lat' dir='ltr'>non</span> <span class='ocrx_word' id='word_1_449' title='bbox 1226 3047 1352 3094; x_wconf 80' lang='lat' dir='ltr'>sunt</span> <span class='ocrx_word' id='word_1_450' title='bbox 1390 3043 1593 3093; x_wconf 79' lang='lat' dir='ltr'>reversi</span> <span class='ocrx_word' id='word_1_451' title='bbox 1620 3042 1757 3107; x_wconf 86' lang='lat' dir='ltr'>(Jer.</span> 
     </span>
    </p>
   </div>
   <div class='ocr_carea' id='block_1_47' title="bbox 72 3127 1768 3194">
    <p class='ocr_par' dir='ltr' id='par_1_47' title="bbox 72 3127 1768 3194">
     <span class='ocr_line' id='line_1_48' title="bbox 72 3127 1768 3194; baseline 0.004 -18"><span class='ocrx_word' id='word_1_452' title='bbox 72 3143 151 3188; x_wconf 76' lang='lat' dir='ltr'>xv,</span> <span class='ocrx_word' id='word_1_453' title='bbox 204 3127 293 3194; x_wconf 79' lang='lat'>7).</span> <span class='ocrx_word' id='word_1_454' title='bbox 358 3128 418 3180; x_wconf 84' lang='lat' dir='ltr'>Et</span> <span class='ocrx_word' id='word_1_455' title='bbox 474 3128 733 3182; x_wconf 89' lang='lat' dir='ltr'>iterum:</span> <span class='ocrx_word' id='word_1_456' title='bbox 795 3130 974 3181; x_wconf 80' lang='lat' dir='ltr'>Multo</span> <span class='ocrx_word' id='word_1_457' title='bbox 1027 3130 1206 3183; x_wconf 83' lang='lat' dir='ltr'>labore</span> <span class='ocrx_word' id='word_1_458' title='bbox 1253 3129 1511 3182; x_wconf 79' lang='lat' dir='ltr'>sudatum</span> <span class='ocrx_word' id='word_1_459' title='bbox 1558 3133 1655 3191; x_wconf 77' lang='lat' dir='ltr'>est,</span> <span class='ocrx_word' id='word_1_460' title='bbox 1718 3133 1768 3182; x_wconf 83' lang='lat' dir='ltr'>et</span> 
     </span>
    </p>
   </div>
   <div class='ocr_carea' id='block_1_48' title="bbox 72 3216 1767 3286">
    <p class='ocr_par' dir='ltr' id='par_1_48' title="bbox 72 3216 1767 3286">
     <span class='ocr_line' id='line_1_49' title="bbox 72 3216 1767 3286; baseline 0.002 -21"><span class='ocrx_word' id='word_1_461' title='bbox 72 3231 171 3266; x_wconf 82' lang='lat' dir='ltr'>non</span> <span class='ocrx_word' id='word_1_462' title='bbox 200 3216 380 3267; x_wconf 72' lang='lat' dir='ltr'>exivit</span> <span class='ocrx_word' id='word_1_463' title='bbox 422 3216 488 3267; x_wconf 84' lang='lat' dir='ltr'>ab</span> <span class='ocrx_word' id='word_1_464' title='bbox 520 3232 583 3268; x_wconf 86' lang='lat' dir='ltr'>ea</span> <span class='ocrx_word' id='word_1_465' title='bbox 630 3219 804 3269; x_wconf 78' lang='lat' dir='ltr'>nimia</span> <span class='ocrx_word' id='word_1_466' title='bbox 849 3218 1040 3283; x_wconf 75' lang='lat' dir='ltr'>rubigo</span> <span class='ocrx_word' id='word_1_467' title='bbox 1071 3217 1205 3286; x_wconf 73' lang='lat' dir='ltr'>ejus,</span> <span class='ocrx_word' id='word_1_468' title='bbox 1238 3233 1407 3284; x_wconf 80' lang='lat' dir='ltr'>neque</span> <span class='ocrx_word' id='word_1_469' title='bbox 1448 3232 1548 3284; x_wconf 80' lang='lat' dir='ltr'>per</span> <span class='ocrx_word' id='word_1_470' title='bbox 1591 3218 1767 3281; x_wconf 79' lang='lat' dir='ltr'>ignem</span> 
     </span>
    </p>
   </div>
   <div class='ocr_carea' id='block_1_49' title="bbox 74 3302 1763 3371">
    <p class='ocr_par' dir='ltr' id='par_1_49' title="bbox 74 3302 1763 3371">
     <span class='ocr_line' id='line_1_50' title="bbox 74 3302 1763 3371; baseline 0.002 -19"><span class='ocrx_word' id='word_1_471' title='bbox 74 3302 424 3355; x_wconf 74' lang='lat' dir='ltr'>immunditiu</span> <span class='ocrx_word' id='word_1_472' title='bbox 467 3309 563 3356; x_wconf 82' lang='lat' dir='ltr'>tua</span> <span class='ocrx_word' id='word_1_473' title='bbox 601 3304 971 3363; x_wconf 67' lang='lat' dir='ltr'>exsecrabilis.</span> <span class='ocrx_word' id='word_1_474' title='bbox 1016 3321 1147 3371; x_wconf 80' lang='lat' dir='ltr'>qum</span> <span class='ocrx_word' id='word_1_475' title='bbox 1192 3305 1457 3357; x_wconf 81' lang='lat' dir='ltr'>mundare</span> <span class='ocrx_word' id='word_1_476' title='bbox 1501 3311 1550 3357; x_wconf 81' lang='lat' dir='ltr'>te</span> <span class='ocrx_word' id='word_1_477' title='bbox 1596 3304 1763 3363; x_wconf 74' lang='lat' dir='ltr'>volui,</span> 
     </span>
    </p>
   </div>
   <div class='ocr_carea' id='block_1_50' title="bbox 74 3392 1762 3463">
    <p class='ocr_par' dir='ltr' id='par_1_50' title="bbox 74 3392 1762 3463">
     <span class='ocr_line' id='line_1_51' title="bbox 74 3392 1762 3463; baseline 0.002 -23"><span class='ocrx_word' id='word_1_478' title='bbox 74 3394 119 3440; x_wconf 78' lang='lat' dir='ltr'>et</span> <span class='ocrx_word' id='word_1_479' title='bbox 163 3406 275 3443; x_wconf 83' lang='lat' dir='ltr'>non</span> <span class='ocrx_word' id='word_1_480' title='bbox 310 3405 361 3443; x_wconf 84' lang='lat' dir='ltr'>es</span> <span class='ocrx_word' id='word_1_481' title='bbox 400 3392 663 3444; x_wconf 82' lang='lat' dir='ltr'>mundata</span> <span class='ocrx_word' id='word_1_482' title='bbox 708 3409 741 3444; x_wconf 90' lang='lat' dir='ltr'>a</span> <span class='ocrx_word' id='word_1_483' title='bbox 775 3392 1027 3446; x_wconf 77' lang='lat' dir='ltr'>sordibus</span> <span class='ocrx_word' id='word_1_484' title='bbox 1066 3396 1175 3446; x_wconf 79' lang='lat' dir='ltr'>tuis</span> <span class='ocrx_word' id='word_1_485' title='bbox 1206 3393 1419 3463; x_wconf 80' lang='lat' dir='ltr'>(Ezech.</span> <span class='ocrx_word' id='word_1_486' title='bbox 1470 3408 1616 3456; x_wconf 81' lang='lat' dir='ltr'>xxw,</span> <span class='ocrx_word' id='word_1_487' title='bbox 1656 3393 1762 3457; x_wconf 83' lang='grc'>12).</span> 
     </span>
    </p>
   </div>
   <div class='ocr_carea' id='block_1_51' title="bbox 80 3478 1766 3543">
    <p class='ocr_par' dir='ltr' id='par_1_51' title="bbox 80 3478 1766 3543">
     <span class='ocr_line' id='line_1_52' title="bbox 80 3478 1766 3543; baseline 0.001 -13"><span class='ocrx_word' id='word_1_488' title='bbox 80 3479 200 3530; x_wconf 65' lang='lat' dir='ltr'>Haec</span> <span class='ocrx_word' id='word_1_489' title='bbox 259 3483 320 3530; x_wconf 86' lang='lat' dir='ltr'>et</span> <span class='ocrx_word' id='word_1_490' title='bbox 362 3478 448 3531; x_wconf 90' lang='lat' dir='ltr'>his</span> <span class='ocrx_word' id='word_1_491' title='bbox 479 3479 691 3532; x_wconf 88' lang='lat' dir='ltr'>similia</span> <span class='ocrx_word' id='word_1_492' title='bbox 739 3480 1048 3543; x_wconf 89' lang='lat' dir='ltr'>intuentes,</span> <span class='ocrx_word' id='word_1_493' title='bbox 1085 3486 1140 3533; x_wconf 87' lang='lat' dir='ltr'>et</span> <span class='ocrx_word' id='word_1_494' title='bbox 1178 3485 1501 3533; x_wconf 90' lang='lat' dir='ltr'>sanctorum</span> <span class='ocrx_word' id='word_1_495' title='bbox 1554 3480 1766 3531; x_wconf 90' lang='lat' dir='ltr'>multo—</span> 
     </span>
    </p>
   </div>
   <div class='ocr_carea' id='block_1_52' title="bbox 74 3566 1765 3637">
    <p class='ocr_par' dir='ltr' id='par_1_52' title="bbox 74 3566 1765 3637">
     <span class='ocr_line' id='line_1_53' title="bbox 74 3566 1765 3637; baseline 0.002 -23"><span class='ocrx_word' id='word_1_496' title='bbox 74 3581 190 3616; x_wconf 87' lang='lat' dir='ltr'>rum</span> <span class='ocrx_word' id='word_1_497' title='bbox 245 3582 425 3633; x_wconf 88' lang='lat' dir='ltr'>opera</span> <span class='ocrx_word' id='word_1_498' title='bbox 454 3573 907 3636; x_wconf 88' lang='lat' dir='ltr'>compensantes,</span> <span class='ocrx_word' id='word_1_499' title='bbox 960 3568 1333 3637; x_wconf 84' lang='lat' dir='ltr'>victoriasque</span> <span class='ocrx_word' id='word_1_500' title='bbox 1371 3566 1630 3620; x_wconf 78' lang='lat' dir='ltr'>ﬁdelium</span> <span class='ocrx_word' id='word_1_501' title='bbox 1664 3582 1765 3618; x_wconf 85' lang='lat' dir='ltr'>ex—</span> 
     </span>
    </p>
   </div>
   <div class='ocr_carea' id='block_1_53' title="bbox 72 3654 1765 3725">
    <p class='ocr_par' dir='ltr' id='par_1_53' title="bbox 72 3654 1765 3725">
     <span class='ocr_line' id='line_1_54' title="bbox 72 3654 1765 3725; baseline 0.003 -24"><span class='ocrx_word' id='word_1_502' title='bbox 72 3654 354 3716; x_wconf 83' lang='lat' dir='ltr'>tollentes,</span> <span class='ocrx_word' id='word_1_503' title='bbox 390 3656 778 3724; x_wconf 82' lang='lat' dir='ltr'>gloriﬁcemus</span> <span class='ocrx_word' id='word_1_504' title='bbox 820 3658 1149 3719; x_wconf 89' lang='lat' dir='ltr'>Dominum,</span> <span class='ocrx_word' id='word_1_505' title='bbox 1193 3661 1250 3709; x_wconf 87' lang='lat' dir='ltr'>et</span> <span class='ocrx_word' id='word_1_506' title='bbox 1280 3657 1491 3711; x_wconf 90' lang='lat' dir='ltr'>nodum</span> <span class='ocrx_word' id='word_1_507' title='bbox 1526 3656 1765 3725; x_wconf 82' lang='lat' dir='ltr'>ﬁgamus</span> 
     </span>
    </p>
   </div>
   <div class='ocr_carea' id='block_1_54' title="bbox 74 3743 1764 3814">
    <p class='ocr_par' dir='ltr' id='par_1_54' title="bbox 74 3743 1764 3814">
     <span class='ocr_line' id='line_1_55' title="bbox 74 3743 1764 3814; baseline 0.002 -21"><span class='ocrx_word' id='word_1_508' title='bbox 74 3743 426 3808; x_wconf 85' lang='lat' dir='ltr'>criminibus,</span> <span class='ocrx_word' id='word_1_509' title='bbox 461 3752 517 3796; x_wconf 91' lang='lat' dir='ltr'>et</span> <span class='ocrx_word' id='word_1_510' title='bbox 549 3744 717 3797; x_wconf 90' lang='lat' dir='ltr'>dente</span> <span class='ocrx_word' id='word_1_511' title='bbox 750 3745 940 3798; x_wconf 88' lang='lat' dir='ltr'>ravido</span> <span class='ocrx_word' id='word_1_512' title='bbox 974 3745 1157 3799; x_wconf 89' lang='lat' dir='ltr'>nostri</span> <span class='ocrx_word' id='word_1_513' title='bbox 1188 3745 1576 3807; x_wconf 87' lang='lat' dir='ltr'>immemores,</span> <span class='ocrx_word' id='word_1_514' title='bbox 1610 3744 1764 3814; x_wconf 89' lang='lat' dir='ltr'>quie-</span> 
     </span>
    </p>
   </div>
   <div class='ocr_carea' id='block_1_55' title="bbox 76 3819 1764 3903">
    <p class='ocr_par' dir='ltr' id='par_1_55' title="bbox 76 3819 1764 3903">
     <span class='ocr_line' id='line_1_56' title="bbox 76 3819 1764 3903; baseline 0.004 -24"><span class='ocrx_word' id='word_1_515' title='bbox 76 3831 270 3883; x_wconf 87' lang='lat' dir='ltr'>tudine</span> <span class='ocrx_word' id='word_1_516' title='bbox 314 3832 430 3901; x_wconf 88' lang='lat' dir='ltr'>jam</span> <span class='ocrx_word' id='word_1_517' title='bbox 465 3834 722 3886; x_wconf 68' lang='lat' dir='ltr'>ltrtantes</span> <span class='ocrx_word' id='word_1_518' title='bbox 752 3839 987 3899; x_wconf 63' lang='lat' dir='ltr'>interna,</span> <span class='ocrx_word' id='word_1_519' title='bbox 1025 3819 1092 3887; x_wconf 85' lang='lat' dir='ltr'>et</span> <span class='ocrx_word' id='word_1_520' title='bbox 1122 3835 1242 3903; x_wconf 81' lang='lat' dir='ltr'>regi</span> <span class='ocrx_word' id='word_1_521' title='bbox 1278 3851 1380 3886; x_wconf 91' lang='lat' dir='ltr'>suo</span> <span class='ocrx_word' id='word_1_522' title='bbox 1415 3833 1555 3887; x_wconf 88' lang='lat' dir='ltr'>facie</span> <span class='ocrx_word' id='word_1_523' title='bbox 1596 3839 1764 3887; x_wconf 84' lang='lat' dir='ltr'>tenus</span> 
     </span>
    </p>
   </div>
   <div class='ocr_carea' id='block_1_56' title="bbox 78 3920 1568 3991">
    <p class='ocr_par' dir='ltr' id='par_1_56' title="bbox 78 3920 1568 3991">
     <span class='ocr_line' id='line_1_57' title="bbox 78 3920 1568 3991; baseline 0.006 -24"><span class='ocrx_word' id='word_1_524' title='bbox 78 3920 401 3977; x_wconf 78' lang='lat' dir='ltr'>servientes.</span> <span class='ocrx_word' id='word_1_525' title='bbox 435 3920 707 3974; x_wconf 88' lang='lat' dir='ltr'>belluinis</span> <span class='ocrx_word' id='word_1_526' title='bbox 740 3923 1024 3974; x_wconf 90' lang='lat' dir='ltr'>morsibus</span> <span class='ocrx_word' id='word_1_527' title='bbox 1057 3938 1173 3975; x_wconf 89' lang='lat' dir='ltr'>non</span> <span class='ocrx_word' id='word_1_528' title='bbox 1206 3926 1568 3991; x_wconf 82' lang='lat' dir='ltr'>impetamus.</span> 
     </span>
    </p>
   </div>
   <div class='ocr_carea' id='block_1_57' title="bbox 142 4008 1760 4079">
    <p class='ocr_par' dir='ltr' id='par_1_57' title="bbox 142 4008 1760 4079">
     <span class='ocr_line' id='line_1_58' title="bbox 142 4008 1760 4079; baseline 0.002 -21"><span class='ocrx_word' id='word_1_529' title='bbox 142 4009 226 4060; x_wconf 79' lang='lat'>‘20.</span> <span class='ocrx_word' id='word_1_530' title='bbox 282 4008 391 4061; x_wconf 85' lang='lat' dir='ltr'>Sed</span> <span class='ocrx_word' id='word_1_531' title='bbox 450 4010 495 4060; x_wconf 90' lang='lat' dir='ltr'>si</span> <span class='ocrx_word' id='word_1_532' title='bbox 549 4008 720 4062; x_wconf 82' lang='lat' dir='ltr'>fidem</span> <span class='ocrx_word' id='word_1_533' title='bbox 774 4010 1002 4063; x_wconf 92' lang='lat' dir='ltr'>Domini</span> <span class='ocrx_word' id='word_1_534' title='bbox 1044 4010 1187 4063; x_wconf 89' lang='lat' dir='ltr'>sicut</span> <span class='ocrx_word' id='word_1_535' title='bbox 1233 4010 1472 4079; x_wconf 89' lang='lat' dir='ltr'>dignum</span> <span class='ocrx_word' id='word_1_536' title='bbox 1521 4015 1605 4062; x_wconf 91' lang='lat' dir='ltr'>est</span> <span class='ocrx_word' id='word_1_537' title='bbox 1648 4025 1760 4062; x_wconf 89' lang='lat' dir='ltr'>non</span> 
     </span>
    </p>
   </div>
   <div class='ocr_carea' id='block_1_58' title="bbox 84 4095 1763 4167">
    <p class='ocr_par' dir='ltr' id='par_1_58' title="bbox 84 4095 1763 4167">
     <span class='ocr_line' id='line_1_59' title="bbox 84 4095 1763 4167; baseline 0.002 -22"><span class='ocrx_word' id='word_1_538' title='bbox 84 4095 470 4160; x_wconf 66' lang='lat' dir='ltr'>prazdicamus,</span> <span class='ocrx_word' id='word_1_539' title='bbox 549 4096 737 4149; x_wconf 88' lang='lat' dir='ltr'>saltim</span> <span class='ocrx_word' id='word_1_540' title='bbox 813 4098 1030 4150; x_wconf 81' lang='lat' dir='ltr'>occulte</span> <span class='ocrx_word' id='word_1_541' title='bbox 1104 4098 1478 4167; x_wconf 63' lang='lat' dir='ltr'>praedicantes</span> <span class='ocrx_word' id='word_1_542' title='bbox 1541 4098 1763 4150; x_wconf 83' lang='lat' dir='ltr'>dextras</span> 
     </span>
    </p>
   </div>
   <div class='ocr_carea' id='block_1_59' title="bbox 86 4182 1759 4253">
    <p class='ocr_par' dir='ltr' id='par_1_59' title="bbox 86 4182 1759 4253">
     <span class='ocr_line' id='line_1_60' title="bbox 86 4182 1759 4253; baseline 0.002 -24"><span class='ocrx_word' id='word_1_543' title='bbox 86 4182 266 4233; x_wconf 80' lang='lat' dir='ltr'>auxilii</span> <span class='ocrx_word' id='word_1_544' title='bbox 301 4182 518 4236; x_wconf 88' lang='lat' dir='ltr'>demus.</span> <span class='ocrx_word' id='word_1_545' title='bbox 564 4184 851 4253; x_wconf 81' lang='lat' dir='ltr'>Rogantes</span> <span class='ocrx_word' id='word_1_546' title='bbox 893 4185 1399 4238; x_wconf 87' lang='lat' dir='ltr'>clementissimum</span> <span class='ocrx_word' id='word_1_547' title='bbox 1452 4183 1759 4239; x_wconf 91' lang='lat' dir='ltr'>Dominum</span> 
     </span>
    </p>
   </div>
   <div class='ocr_carea' id='block_1_60' title="bbox 86 4259 1843 4342">
    <p class='ocr_par' dir='ltr' id='par_1_60' title="bbox 86 4259 1843 4342">
     <span class='ocr_line' id='line_1_61' title="bbox 86 4259 1843 4342; baseline 0.005 -27"><span class='ocrx_word' id='word_1_548' title='bbox 86 4268 234 4320; x_wconf 86' lang='lat' dir='ltr'>solite</span> <span class='ocrx_word' id='word_1_549' title='bbox 266 4270 699 4325; x_wconf 87' lang='lat' dir='ltr'>subvenientem</span> <span class='ocrx_word' id='word_1_550' title='bbox 734 4272 1201 4342; x_wconf 90' lang='lat' dir='ltr'>delinquentibus</span> <span class='ocrx_word' id='word_1_551' title='bbox 1226 4273 1417 4326; x_wconf 83' lang='lat' dir='ltr'>Jesum</span> <span class='ocrx_word' id='word_1_552' title='bbox 1449 4272 1757 4335; x_wconf 89' lang='lat' dir='ltr'>Christum,</span> <span class='ocrx_word' id='word_1_553' title='bbox 1799 4259 1843 4311; x_wconf 81' lang='grc' dir='ltr'>Ῑ)</span> 
     </span>
    </p>
   </div>
   <div class='ocr_carea' id='block_1_61' title="bbox 90 4358 1762 4425">
    <p class='ocr_par' dir='ltr' id='par_1_61' title="bbox 90 4358 1762 4425">
     <span class='ocr_line' id='line_1_62' title="bbox 90 4358 1762 4425; baseline 0.001 -16"><span class='ocrx_word' id='word_1_554' title='bbox 90 4358 176 4425; x_wconf 88' lang='lat' dir='ltr'>qui</span> <span class='ocrx_word' id='word_1_555' title='bbox 221 4364 277 4411; x_wconf 88' lang='lat' dir='ltr'>et</span> <span class='ocrx_word' id='word_1_556' title='bbox 326 4364 607 4413; x_wconf 84' lang='lat' dir='ltr'>retroacta</span> <span class='ocrx_word' id='word_1_557' title='bbox 660 4366 718 4414; x_wconf 91' lang='lat' dir='ltr'>et</span> <span class='ocrx_word' id='word_1_558' title='bbox 748 4377 899 4413; x_wconf 90' lang='lat' dir='ltr'>nunc</span> <span class='ocrx_word' id='word_1_559' title='bbox 939 4363 1223 4414; x_wconf 85' lang='lat' dir='ltr'>multoties</span> <span class='ocrx_word' id='word_1_560' title='bbox 1268 4364 1543 4413; x_wconf 89' lang='lat' dir='ltr'>intentata</span> <span class='ocrx_word' id='word_1_561' title='bbox 1575 4360 1762 4412; x_wconf 89' lang='lat' dir='ltr'>indul-</span> 
     </span>
    </p>
   </div>
   <div class='ocr_carea' id='block_1_62' title="bbox 90 4447 1761 4516">
    <p class='ocr_par' dir='ltr' id='par_1_62' title="bbox 90 4447 1761 4516">
     <span class='ocr_line' id='line_1_63' title="bbox 90 4447 1761 4516; baseline 0.002 -20"><span class='ocrx_word' id='word_1_562' title='bbox 90 4450 203 4513; x_wconf 84' lang='lat' dir='ltr'>geat</span> <span class='ocrx_word' id='word_1_563' title='bbox 234 4462 247 4498; x_wconf 91' lang='lat'>:</span> <span class='ocrx_word' id='word_1_564' title='bbox 282 4462 345 4499; x_wconf 88' lang='lat' dir='ltr'>ac</span> <span class='ocrx_word' id='word_1_565' title='bbox 392 4463 462 4500; x_wconf 89' lang='lat' dir='ltr'>ne</span> <span class='ocrx_word' id='word_1_566' title='bbox 513 4447 782 4516; x_wconf 88' lang='lat' dir='ltr'>deinceps</span> <span class='ocrx_word' id='word_1_567' title='bbox 827 4463 1081 4516; x_wconf 62' lang='lat' dir='ltr'>praeceps</span> <span class='ocrx_word' id='word_1_568' title='bbox 1122 4448 1265 4500; x_wconf 90' lang='lat' dir='ltr'>actio</span> <span class='ocrx_word' id='word_1_569' title='bbox 1312 4452 1578 4500; x_wconf 88' lang='lat' dir='ltr'>consuete</span> <span class='ocrx_word' id='word_1_570' title='bbox 1628 4464 1761 4516; x_wconf 88' lang='lat' dir='ltr'>pro-</span> 
     </span>
    </p>
   </div>
   <div class='ocr_carea' id='block_1_63' title="bbox 92 4532 1764 4603">
    <p class='ocr_par' dir='ltr' id='par_1_63' title="bbox 92 4532 1764 4603">
     <span class='ocr_line' id='line_1_64' title="bbox 92 4532 1764 4603; baseline 0.004 -21"><span class='ocrx_word' id='word_1_571' title='bbox 92 4546 241 4584; x_wconf 88' lang='lat' dir='ltr'>ruens</span> <span class='ocrx_word' id='word_1_572' title='bbox 272 4533 456 4598; x_wconf 88' lang='lat' dir='ltr'>cadat,</span> <span class='ocrx_word' id='word_1_573' title='bbox 506 4549 606 4585; x_wconf 90' lang='lat' dir='ltr'>sua</span> <span class='ocrx_word' id='word_1_574' title='bbox 646 4532 853 4585; x_wconf 89' lang='lat' dir='ltr'>invicta</span> <span class='ocrx_word' id='word_1_575' title='bbox 883 4534 1245 4587; x_wconf 88' lang='lat' dir='ltr'>intirmorum</span> <span class='ocrx_word' id='word_1_576' title='bbox 1292 4535 1465 4587; x_wconf 91' lang='lat' dir='ltr'>corda</span> <span class='ocrx_word' id='word_1_577' title='bbox 1507 4534 1764 4603; x_wconf 86' lang='lat' dir='ltr'>potentia</span> 
     </span>
    </p>
   </div>
   <div class='ocr_carea' id='block_1_64' title="bbox 92 4621 1759 4692">
    <p class='ocr_par' dir='ltr' id='par_1_64' title="bbox 92 4621 1759 4692">
     <span class='ocr_line' id='line_1_65' title="bbox 92 4621 1759 4692; baseline 0.004 -24"><span class='ocrx_word' id='word_1_578' title='bbox 92 4624 281 4673; x_wconf 86' lang='lat' dir='ltr'>teneat.</span> <span class='ocrx_word' id='word_1_579' title='bbox 328 4622 458 4674; x_wconf 72' lang='lat' dir='ltr'>Haec</span> <span class='ocrx_word' id='word_1_580' title='bbox 494 4621 707 4673; x_wconf 90' lang='lat' dir='ltr'>nostris</span> <span class='ocrx_word' id='word_1_581' title='bbox 740 4636 855 4672; x_wconf 90' lang='lat' dir='ltr'>non</span> <span class='ocrx_word' id='word_1_582' title='bbox 896 4622 1185 4687; x_wconf 83' lang='lat' dir='ltr'>malivole,</span> <span class='ocrx_word' id='word_1_583' title='bbox 1216 4622 1310 4675; x_wconf 89' lang='lat' dir='ltr'>sed</span> <span class='ocrx_word' id='word_1_584' title='bbox 1346 4623 1575 4692; x_wconf 88' lang='lat' dir='ltr'>pacitice</span> <span class='ocrx_word' id='word_1_585' title='bbox 1620 4623 1759 4675; x_wconf 89' lang='lat' dir='ltr'>dixi-</span> 
     </span>
    </p>
   </div>
   <div class='ocr_carea' id='block_1_65' title="bbox 92 4707 1762 4774">
    <p class='ocr_par' dir='ltr' id='par_1_65' title="bbox 92 4707 1762 4774">
     <span class='ocr_line' id='line_1_66' title="bbox 92 4707 1762 4774; baseline 0.005 -17"><span class='ocrx_word' id='word_1_586' title='bbox 92 4720 238 4760; x_wconf 86' lang='lat' dir='ltr'>mus:</span> <span class='ocrx_word' id='word_1_587' title='bbox 296 4707 549 4761; x_wconf 89' lang='lat' dir='ltr'>adversis</span> <span class='ocrx_word' id='word_1_588' title='bbox 601 4724 734 4761; x_wconf 89' lang='lat' dir='ltr'>vero</span> <span class='ocrx_word' id='word_1_589' title='bbox 794 4714 1121 4763; x_wconf 85' lang='lat' dir='ltr'>constanter</span> <span class='ocrx_word' id='word_1_590' title='bbox 1169 4715 1224 4763; x_wconf 92' lang='lat' dir='ltr'>et</span> <span class='ocrx_word' id='word_1_591' title='bbox 1268 4713 1435 4774; x_wconf 88' lang='lat' dir='ltr'>elate,</span> <span class='ocrx_word' id='word_1_592' title='bbox 1486 4711 1762 4765; x_wconf 87' lang='lat' dir='ltr'>catholice</span> 
     </span>
    </p>
   </div>
   <div class='ocr_carea' id='block_1_66' title="bbox 93 4792 1764 4869">
    <p class='ocr_par' dir='ltr' id='par_1_66' title="bbox 93 4792 1764 4869">
     <span class='ocr_line' id='line_1_67' title="bbox 93 4792 1764 4869; baseline 0.004 -22"><span class='ocrx_word' id='word_1_593' title='bbox 93 4792 108 4825; x_wconf 66' lang='grc' dir='ltr'><em>τ</em></span> <span class='ocrx_word' id='word_1_594' title='bbox 149 4800 205 4848; x_wconf 88' lang='lat' dir='ltr'>ut</span> <span class='ocrx_word' id='word_1_595' title='bbox 249 4796 574 4865; x_wconf 86' lang='lat' dir='ltr'>injunctum</span> <span class='ocrx_word' id='word_1_596' title='bbox 607 4801 691 4850; x_wconf 91' lang='lat' dir='ltr'>est</span> <span class='ocrx_word' id='word_1_597' title='bbox 741 4798 998 4851; x_wconf 60' lang='lat' dir='ltr'>Ecclesia:</span> <span class='ocrx_word' id='word_1_598' title='bbox 1031 4798 1184 4865; x_wconf 84' lang='lat' dir='ltr'>ﬁliis,</span> <span class='ocrx_word' id='word_1_599' title='bbox 1236 4800 1625 4869; x_wconf 89' lang='lat' dir='ltr'>prompsimus</span> <span class='ocrx_word' id='word_1_600' title='bbox 1658 4817 1672 4853; x_wconf 92' lang='lat'>:</span> <span class='ocrx_word' id='word_1_601' title='bbox 1707 4806 1764 4855; x_wconf 91' lang='lat' dir='ltr'>et</span> 
     </span>
    </p>
   </div>
   <div class='ocr_carea' id='block_1_67' title="bbox 94 4881 1764 4956">
    <p class='ocr_par' dir='ltr' id='par_1_67' title="bbox 94 4881 1764 4956">
     <span class='ocr_line' id='line_1_68' title="bbox 94 4881 1764 4956; baseline 0.005 -22"><span class='ocrx_word' id='word_1_602' title='bbox 94 4881 362 4939; x_wconf 89' lang='lat' dir='ltr'>incondito</span> <span class='ocrx_word' id='word_1_603' title='bbox 404 4885 638 4955; x_wconf 90' lang='lat' dir='ltr'>eloquio</span> <span class='ocrx_word' id='word_1_604' title='bbox 671 4901 798 4956; x_wconf 77' lang='lat' dir='ltr'>quae</span> <span class='ocrx_word' id='word_1_605' title='bbox 842 4891 976 4939; x_wconf 86' lang='lat' dir='ltr'>sunt</span> <span class='ocrx_word' id='word_1_606' title='bbox 1006 4891 1218 4940; x_wconf 54' lang='lat' dir='ltr'>nostra</span> <span class='ocrx_word' id='word_1_607' title='bbox 1249 4888 1369 4941; x_wconf 90' lang='lat' dir='ltr'>visa</span> <span class='ocrx_word' id='word_1_608' title='bbox 1397 4888 1658 4955; x_wconf 67' lang='lat' dir='ltr'>inscitiae,</span> <span class='ocrx_word' id='word_1_609' title='bbox 1704 4894 1764 4942; x_wconf 90' lang='lat' dir='ltr'>ut</span> 
     </span>
    </p>
   </div>
   <div class='ocr_carea' id='block_1_68' title="bbox 155 5054 1219 5122">
    <p class='ocr_par' dir='ltr' id='par_1_68' title="bbox 155 5054 1219 5122">
     <span class='ocr_line' id='line_1_69' title="bbox 155 5054 1219 5122; baseline 0.004 -17"><span class='ocrx_word' id='word_1_610' title='bbox 155 5062 175 5085; x_wconf 77' lang='grc'><strong><em>³</em></strong></span> <span class='ocrx_word' id='word_1_611' title='bbox 202 5054 396 5117; x_wconf 87' lang='lat' dir='ltr'>Bravo,</span> <span class='ocrx_word' id='word_1_612' title='bbox 423 5070 556 5122; x_wconf 79' lang='lat' dir='ltr'>pag.</span> <span class='ocrx_word' id='word_1_613' title='bbox 595 5056 713 5115; x_wconf 86' lang='grc'>130,</span> <span class='ocrx_word' id='word_1_614' title='bbox 749 5056 927 5109; x_wconf 84' lang='lat' dir='ltr'>lectas.</span> <span class='ocrx_word' id='word_1_615' title='bbox 967 5055 1023 5109; x_wconf 87' lang='lat' dir='ltr'>F.</span> <span class='ocrx_word' id='word_1_616' title='bbox 1059 5056 1219 5109; x_wconf 80' lang='lat' dir='ltr'>latas.</span> 
     </span>
    </p>
   </div>
   <div class='ocr_carea' id='block_1_69' title="bbox 154 5125 1759 5194">
    <p class='ocr_par' dir='ltr' id='par_1_69' title="bbox 154 5125 1759 5194">
     <span class='ocr_line' id='line_1_70' title="bbox 154 5125 1759 5194; baseline 0.001 -16"><span class='ocrx_word' id='word_1_617' title='bbox 154 5125 401 5187; x_wconf 65' lang='lat' dir='ltr'>bBravo,</span> <span class='ocrx_word' id='word_1_618' title='bbox 489 5141 621 5194; x_wconf 81' lang='lat' dir='ltr'>pag.</span> <span class='ocrx_word' id='word_1_619' title='bbox 706 5128 825 5189; x_wconf 86' lang='grc'>131,</span> <span class='ocrx_word' id='word_1_620' title='bbox 911 5126 1277 5194; x_wconf 63' lang='lat' dir='ltr'>praetermisit</span> <span class='ocrx_word' id='word_1_621' title='bbox 1357 5125 1759 5180; x_wconf 82' lang='lat' dir='ltr'>conlaudantes.</span> 
     </span>
    </p>
   </div>
   <div class='ocr_carea' id='block_1_70' title="bbox 99 5191 1764 5266">
    <p class='ocr_par' dir='ltr' id='par_1_70' title="bbox 99 5191 1764 5266">
     <span class='ocr_line' id='line_1_71' title="bbox 99 5191 1764 5266; baseline 0.003 -22"><span class='ocrx_word' id='word_1_622' title='bbox 99 5191 283 5266; x_wconf 56' lang='lat' dir='ltr'>sensus</span> <span class='ocrx_word' id='word_1_623' title='bbox 312 5191 506 5248; x_wconf 82' lang='lat' dir='ltr'>tamen</span> <span class='ocrx_word' id='word_1_624' title='bbox 543 5191 646 5255; x_wconf 82' lang='lat' dir='ltr'>est,</span> <span class='ocrx_word' id='word_1_625' title='bbox 683 5212 780 5247; x_wconf 90' lang='lat' dir='ltr'>eos</span> <span class='ocrx_word' id='word_1_626' title='bbox 810 5191 1074 5248; x_wconf 79' lang='lat' dir='ltr'>adversus</span> <span class='ocrx_word' id='word_1_627' title='bbox 1108 5213 1250 5265; x_wconf 88' lang='lat' dir='ltr'>quos</span> <span class='ocrx_word' id='word_1_628' title='bbox 1287 5201 1483 5250; x_wconf 89' lang='lat' dir='ltr'>auctor</span> <span class='ocrx_word' id='word_1_629' title='bbox 1516 5197 1764 5266; x_wconf 79' lang='lat' dir='ltr'>insurgit</span> 
     </span>
    </p>
   </div>
   <div class='ocr_carea' id='block_1_71' title="bbox 99 5262 1354 5334">
    <p class='ocr_par' dir='ltr' id='par_1_71' title="bbox 99 5262 1354 5334">
     <span class='ocr_line' id='line_1_72' title="bbox 99 5262 1354 5334; baseline 0.006 -22"><span class='ocrx_word' id='word_1_630' title='bbox 99 5262 333 5317; x_wconf 79' lang='lat' dir='ltr'>damnare</span> <span class='ocrx_word' id='word_1_631' title='bbox 363 5267 502 5318; x_wconf 81' lang='lat' dir='ltr'>alios</span> <span class='ocrx_word' id='word_1_632' title='bbox 524 5268 620 5333; x_wconf 82' lang='lat' dir='ltr'>qui</span> <span class='ocrx_word' id='word_1_633' title='bbox 640 5268 910 5334; x_wconf 81' lang='lat' dir='ltr'>Martyres</span> <span class='ocrx_word' id='word_1_634' title='bbox 937 5262 1354 5321; x_wconf 67' lang='lat' dir='ltr'>conlaudabant.</span> 
     </span>
    </p>
   </div>
   <div class='ocr_carea' id='block_1_72' title="bbox 159 5336 1759 5406">
    <p class='ocr_par' dir='ltr' id='par_1_72' title="bbox 159 5336 1759 5406">
     <span class='ocr_line' id='line_1_73' title="bbox 159 5336 1759 5406; baseline 0.003 -18"><span class='ocrx_word' id='word_1_635' title='bbox 159 5343 175 5365; x_wconf 74' lang='grc' dir='ltr'>ε</span> <span class='ocrx_word' id='word_1_636' title='bbox 201 5336 274 5388; x_wconf 89' lang='lat' dir='ltr'>De</span> <span class='ocrx_word' id='word_1_637' title='bbox 300 5337 622 5389; x_wconf 71' lang='lat' dir='ltr'>Biothenato</span> <span class='ocrx_word' id='word_1_638' title='bbox 670 5336 795 5390; x_wconf 88' lang='lat' dir='ltr'>vide</span> <span class='ocrx_word' id='word_1_639' title='bbox 824 5342 981 5390; x_wconf 90' lang='lat' dir='ltr'>tomo</span> <span class='ocrx_word' id='word_1_640' title='bbox 1010 5339 1072 5402; x_wconf 88' lang='grc' dir='ltr'>Χ,</span> <span class='ocrx_word' id='word_1_641' title='bbox 1098 5343 1262 5393; x_wconf 87' lang='lat' dir='ltr'>tract.</span> <span class='ocrx_word' id='word_1_642' title='bbox 1295 5354 1483 5402; x_wconf 78' lang='lat' dir='ltr'>xxxm,</span> <span class='ocrx_word' id='word_1_643' title='bbox 1528 5353 1651 5406; x_wconf 90' lang='lat' dir='ltr'>cap.</span> <span class='ocrx_word' id='word_1_644' title='bbox 1706 5340 1759 5401; x_wconf 91' lang='lat'>8,</span> 
     </span>
    </p>
   </div>
   <div class='ocr_carea' id='block_1_73' title="bbox 102 5409 316 5459">
    <p class='ocr_par' dir='ltr' id='par_1_73' title="bbox 102 5409 316 5459">
     <span class='ocr_line' id='line_1_74' title="bbox 102 5409 316 5459; baseline 0.028 -6"><span class='ocrx_word' id='word_1_645' title='bbox 102 5417 235 5458; x_wconf 86' lang='lat' dir='ltr'>num.</span> <span class='ocrx_word' id='word_1_646' title='bbox 267 5409 316 5459; x_wconf 90' lang='lat'>8.</span> 
     </span>
    </p>
   </div>
   <div class='ocr_carea' id='block_1_74' title="bbox 158 5476 492 5541">
    <p class='ocr_par' dir='ltr' id='par_1_74' title="bbox 158 5476 492 5541">
     <span class='ocr_line' id='line_1_75' title="bbox 158 5476 492 5541; baseline 0 -13"><span class='ocrx_word' id='word_1_647' title='bbox 158 5476 180 5515; x_wconf 72' lang='grc' dir='ltr'><em>ά</em></span> <span class='ocrx_word' id='word_1_648' title='bbox 209 5478 323 5541; x_wconf 78' lang='lat' dir='ltr'>Ms.,</span> <span class='ocrx_word' id='word_1_649' title='bbox 349 5491 492 5529; x_wconf 82' lang='lat' dir='ltr'>vero.</span> 
     </span>
    </p>
   </div>
   <div class='ocr_carea' id='block_1_75' title="bbox 1877 3036 3565 3109">
    <p class='ocr_par' dir='ltr' id='par_1_75' title="bbox 1877 3036 3565 3109">
     <span class='ocr_line' id='line_1_76' title="bbox 1877 3036 3565 3109; baseline -0.004 -16"><span class='ocrx_word' id='word_1_650' title='bbox 1877 3041 2081 3093; x_wconf 87' lang='lat' dir='ltr'>decore</span> <span class='ocrx_word' id='word_1_651' title='bbox 2126 3056 2228 3109; x_wconf 89' lang='lat' dir='ltr'>per</span> <span class='ocrx_word' id='word_1_652' title='bbox 2263 3056 2319 3091; x_wconf 91' lang='lat' dir='ltr'>se</span> <span class='ocrx_word' id='word_1_653' title='bbox 2368 3040 2628 3107; x_wconf 88' lang='lat' dir='ltr'>specitice</span> <span class='ocrx_word' id='word_1_654' title='bbox 2667 3039 2863 3107; x_wconf 79' lang='lat' dir='ltr'>fulget.</span> <span class='ocrx_word' id='word_1_655' title='bbox 2911 3040 2977 3091; x_wconf 88' lang='lat' dir='ltr'>Et</span> <span class='ocrx_word' id='word_1_656' title='bbox 3019 3038 3148 3090; x_wconf 91' lang='lat' dir='ltr'>ideo</span> <span class='ocrx_word' id='word_1_657' title='bbox 3186 3038 3231 3089; x_wconf 88' lang='lat' dir='ltr'>si</span> <span class='ocrx_word' id='word_1_658' title='bbox 3263 3053 3375 3106; x_wconf 89' lang='lat' dir='ltr'>qua</span> <span class='ocrx_word' id='word_1_659' title='bbox 3422 3036 3565 3088; x_wconf 87' lang='lat' dir='ltr'>forte</span> 
     </span>
    </p>
   </div>
   <div class='ocr_carea' id='block_1_76' title="bbox 1877 3125 3564 3197">
    <p class='ocr_par' dir='ltr' id='par_1_76' title="bbox 1877 3125 3564 3197">
     <span class='ocr_line' id='line_1_77' title="bbox 1877 3125 3564 3197; baseline -0.002 -16"><span class='ocrx_word' id='word_1_660' title='bbox 1877 3129 2232 3182; x_wconf 88' lang='lat' dir='ltr'>adversantia</span> <span class='ocrx_word' id='word_1_661' title='bbox 2288 3127 2568 3180; x_wconf 84' lang='lat' dir='ltr'>catholico</span> <span class='ocrx_word' id='word_1_662' title='bbox 2625 3127 2881 3197; x_wconf 84' lang='lat' dir='ltr'>dogmati</span> <span class='ocrx_word' id='word_1_663' title='bbox 2931 3128 3287 3194; x_wconf 77' lang='lat' dir='ltr'>negligenter</span> <span class='ocrx_word' id='word_1_664' title='bbox 3335 3126 3347 3158; x_wconf 80' lang='grc' dir='ltr'><strong>ί</strong></span> <span class='ocrx_word' id='word_1_665' title='bbox 3395 3125 3564 3178; x_wconf 55' lang='lat' dir='ltr'>disse-</span> 
     </span>
    </p>
   </div>
   <div class='ocr_carea' id='block_1_77' title="bbox 1874 3214 3561 3284">
    <p class='ocr_par' dir='ltr' id='par_1_77' title="bbox 1874 3214 3561 3284">
     <span class='ocr_line' id='line_1_78' title="bbox 1874 3214 3561 3284; baseline -0.003 -15"><span class='ocrx_word' id='word_1_666' title='bbox 1874 3217 1993 3281; x_wconf 89' lang='lat' dir='ltr'>rui;</span> <span class='ocrx_word' id='word_1_667' title='bbox 2027 3232 2142 3269; x_wconf 92' lang='lat' dir='ltr'>non</span> <span class='ocrx_word' id='word_1_668' title='bbox 2173 3222 2326 3281; x_wconf 89' lang='lat' dir='ltr'>voto,</span> <span class='ocrx_word' id='word_1_669' title='bbox 2353 3216 2448 3268; x_wconf 89' lang='lat' dir='ltr'>sed</span> <span class='ocrx_word' id='word_1_670' title='bbox 2480 3218 2731 3269; x_wconf 80' lang='lat' dir='ltr'>caecitate</span> <span class='ocrx_word' id='word_1_671' title='bbox 2761 3214 2969 3268; x_wconf 89' lang='lat' dir='ltr'>mentis</span> <span class='ocrx_word' id='word_1_672' title='bbox 2999 3218 3269 3284; x_wconf 88' lang='lat' dir='ltr'>urgente;</span> <span class='ocrx_word' id='word_1_673' title='bbox 3305 3230 3371 3265; x_wconf 91' lang='lat' dir='ltr'>ea</span> <span class='ocrx_word' id='word_1_674' title='bbox 3401 3230 3561 3281; x_wconf 87' lang='lat' dir='ltr'>rogo,</span> 
     </span>
    </p>
   </div>
   <div class='ocr_carea' id='block_1_78' title="bbox 1874 3304 3567 3373">
    <p class='ocr_par' dir='ltr' id='par_1_78' title="bbox 1874 3304 3567 3373">
     <span class='ocr_line' id='line_1_79' title="bbox 1874 3304 3567 3373; baseline -0.004 -15"><span class='ocrx_word' id='word_1_675' title='bbox 1874 3307 2114 3358; x_wconf 85' lang='lat' dir='ltr'>lectores</span> <span class='ocrx_word' id='word_1_676' title='bbox 2156 3304 2291 3368; x_wconf 78' lang='lat' dir='ltr'>mei,</span> <span class='ocrx_word' id='word_1_677' title='bbox 2324 3305 2553 3357; x_wconf 83' lang='lat' dir='ltr'>ﬂetibus</span> <span class='ocrx_word' id='word_1_678' title='bbox 2592 3304 2831 3369; x_wconf 88' lang='lat' dir='ltr'>diluant,</span> <span class='ocrx_word' id='word_1_679' title='bbox 2874 3304 3135 3373; x_wconf 87' lang='lat' dir='ltr'>precibus</span> <span class='ocrx_word' id='word_1_680' title='bbox 3168 3308 3411 3371; x_wconf 88' lang='lat' dir='ltr'>tergant,</span> <span class='ocrx_word' id='word_1_681' title='bbox 3446 3318 3567 3354; x_wconf 86' lang='lat' dir='ltr'>ora-</span> 
     </span>
    </p>
   </div>
   <div class='ocr_carea' id='block_1_79' title="bbox 1874 3390 3564 3447">
    <p class='ocr_par' dir='ltr' id='par_1_79' title="bbox 1874 3390 3564 3447">
     <span class='ocr_line' id='line_1_80' title="bbox 1874 3390 3564 3447; baseline -0.005 0"><span class='ocrx_word' id='word_1_682' title='bbox 1874 3393 2125 3447; x_wconf 86' lang='lat' dir='ltr'>tionibus</span> <span class='ocrx_word' id='word_1_683' title='bbox 2174 3393 2453 3445; x_wconf 88' lang='lat' dir='ltr'>mundent</span> <span class='ocrx_word' id='word_1_684' title='bbox 2500 3410 2511 3445; x_wconf 92' lang='lat'>:</span> <span class='ocrx_word' id='word_1_685' title='bbox 2560 3409 2888 3445; x_wconf 86' lang='lat' dir='ltr'>sermonum</span> <span class='ocrx_word' id='word_1_686' title='bbox 2945 3408 3076 3443; x_wconf 90' lang='lat' dir='ltr'>vero</span> <span class='ocrx_word' id='word_1_687' title='bbox 3120 3390 3259 3442; x_wconf 85' lang='lat' dir='ltr'>vitia</span> <span class='ocrx_word' id='word_1_688' title='bbox 3303 3395 3419 3441; x_wconf 89' lang='lat' dir='ltr'>tota</span> <span class='ocrx_word' id='word_1_689' title='bbox 3465 3406 3564 3440; x_wconf 92' lang='lat' dir='ltr'>oro</span> 
     </span>
    </p>
   </div>
   <div class='ocr_carea' id='block_1_80' title="bbox 1874 3477 3565 3549">
    <p class='ocr_par' dir='ltr' id='par_1_80' title="bbox 1874 3477 3565 3549">
     <span class='ocr_line' id='line_1_81' title="bbox 1874 3477 3565 3549; baseline -0.004 -15"><span class='ocrx_word' id='word_1_690' title='bbox 1874 3482 2214 3534; x_wconf 90' lang='lat' dir='ltr'>intemerata</span> <span class='ocrx_word' id='word_1_691' title='bbox 2274 3480 2621 3549; x_wconf 83' lang='lat' dir='ltr'>relinquant.</span> <span class='ocrx_word' id='word_1_692' title='bbox 2684 3481 2865 3533; x_wconf 82' lang='lat' dir='ltr'>Judex</span> <span class='ocrx_word' id='word_1_693' title='bbox 2921 3480 3074 3531; x_wconf 88' lang='lat' dir='ltr'>enim</span> <span class='ocrx_word' id='word_1_694' title='bbox 3137 3479 3232 3531; x_wconf 90' lang='lat' dir='ltr'>ille</span> <span class='ocrx_word' id='word_1_695' title='bbox 3283 3477 3371 3530; x_wconf 91' lang='lat' dir='ltr'>cui</span> <span class='ocrx_word' id='word_1_696' title='bbox 3420 3477 3565 3529; x_wconf 87' lang='lat' dir='ltr'>hanc</span> 
     </span>
    </p>
   </div>
   <div class='ocr_carea' id='block_1_81' title="bbox 1873 3564 3560 3633">
    <p class='ocr_par' dir='ltr' id='par_1_81' title="bbox 1873 3564 3560 3633">
     <span class='ocr_line' id='line_1_82' title="bbox 1873 3564 3560 3633; baseline -0.005 -11"><span class='ocrx_word' id='word_1_697' title='bbox 1873 3569 2248 3622; x_wconf 87' lang='lat' dir='ltr'>intentionem</span> <span class='ocrx_word' id='word_1_698' title='bbox 2300 3569 2622 3621; x_wconf 83' lang='lat' dir='ltr'>devotionis</span> <span class='ocrx_word' id='word_1_699' title='bbox 2663 3568 2855 3633; x_wconf 90' lang='lat' dir='ltr'>libavi,</span> <span class='ocrx_word' id='word_1_700' title='bbox 2896 3583 3013 3619; x_wconf 89' lang='lat' dir='ltr'>non</span> <span class='ocrx_word' id='word_1_701' title='bbox 3053 3568 3358 3618; x_wconf 83' lang='lat' dir='ltr'>verborum</span> <span class='ocrx_word' id='word_1_702' title='bbox 3403 3564 3560 3625; x_wconf 74' lang='lat' dir='ltr'>folia,</span> 
     </span>
    </p>
   </div>
   <div class='ocr_carea' id='block_1_82' title="bbox 1872 3653 3561 3711">
    <p class='ocr_par' dir='ltr' id='par_1_82' title="bbox 1872 3653 3561 3711">
     <span class='ocr_line' id='line_1_83' title="bbox 1872 3653 3561 3711; baseline -0.004 -1"><span class='ocrx_word' id='word_1_703' title='bbox 1872 3658 1968 3711; x_wconf 90' lang='lat' dir='ltr'>sed</span> <span class='ocrx_word' id='word_1_704' title='bbox 2018 3657 2264 3710; x_wconf 89' lang='lat' dir='ltr'>radicem</span> <span class='ocrx_word' id='word_1_705' title='bbox 2325 3657 2512 3709; x_wconf 88' lang='lat' dir='ltr'>cordis</span> <span class='ocrx_word' id='word_1_706' title='bbox 2564 3656 2870 3708; x_wconf 88' lang='lat' dir='ltr'>discernit:</span> <span class='ocrx_word' id='word_1_707' title='bbox 2926 3670 3028 3707; x_wconf 86' lang='lat' dir='ltr'>nec</span> <span class='ocrx_word' id='word_1_708' title='bbox 3086 3654 3152 3706; x_wconf 91' lang='lat' dir='ltr'>ad</span> <span class='ocrx_word' id='word_1_709' title='bbox 3206 3653 3561 3706; x_wconf 81' lang='lat' dir='ltr'>curationem</span> 
     </span>
    </p>
   </div>
   <div class='ocr_carea' id='block_1_83' title="bbox 1872 3740 3563 3814">
    <p class='ocr_par' dir='ltr' id='par_1_83' title="bbox 1872 3740 3563 3814">
     <span class='ocr_line' id='line_1_84' title="bbox 1872 3740 3563 3814; baseline -0.005 -15"><span class='ocrx_word' id='word_1_710' title='bbox 1872 3761 2160 3799; x_wconf 87' lang='lat' dir='ltr'>coruscam</span> <span class='ocrx_word' id='word_1_711' title='bbox 2198 3761 2403 3814; x_wconf 72' lang='lat' dir='ltr'>prosm,</span> <span class='ocrx_word' id='word_1_712' title='bbox 2463 3744 2558 3796; x_wconf 87' lang='lat' dir='ltr'>sed</span> <span class='ocrx_word' id='word_1_713' title='bbox 2604 3743 2791 3812; x_wconf 89' lang='lat' dir='ltr'>operis</span> <span class='ocrx_word' id='word_1_714' title='bbox 2835 3742 3007 3794; x_wconf 81' lang='lat' dir='ltr'>tinem</span> <span class='ocrx_word' id='word_1_715' title='bbox 3056 3740 3319 3793; x_wconf 88' lang='lat' dir='ltr'>intendit.</span> <span class='ocrx_word' id='word_1_716' title='bbox 3378 3742 3563 3808; x_wconf 62' lang='lat' dir='ltr'>Agnut</span> 
     </span>
    </p>
   </div>
   <div class='ocr_carea' id='block_1_84' title="bbox 1872 3828 3558 3902">
    <p class='ocr_par' dir='ltr' id='par_1_84' title="bbox 1872 3828 3558 3902">
     <span class='ocr_line' id='line_1_85' title="bbox 1872 3828 3558 3902; baseline -0.007 -14"><span class='ocrx_word' id='word_1_717' title='bbox 1872 3839 2198 3888; x_wconf 87' lang='lat' dir='ltr'>eructuosas</span> <span class='ocrx_word' id='word_1_718' title='bbox 2271 3833 2616 3902; x_wconf 74' lang='lat' dir='ltr'>qumstiones</span> <span class='ocrx_word' id='word_1_719' title='bbox 2689 3830 3040 3899; x_wconf 87' lang='lat' dir='ltr'>philosophi,</span> <span class='ocrx_word' id='word_1_720' title='bbox 3105 3835 3161 3881; x_wconf 90' lang='lat' dir='ltr'>et</span> <span class='ocrx_word' id='word_1_721' title='bbox 3232 3828 3558 3885; x_wconf 74' lang='lat' dir='ltr'>Donatistae,</span> 
     </span>
    </p>
   </div>
   <div class='ocr_carea' id='block_1_85' title="bbox 1871 3917 3559 3993">
    <p class='ocr_par' dir='ltr' id='par_1_85' title="bbox 1871 3917 3559 3993">
     <span class='ocr_line' id='line_1_86' title="bbox 1871 3917 3559 3993; baseline -0.005 -18"><span class='ocrx_word' id='word_1_722' title='bbox 1871 3923 2033 3993; x_wconf 90' lang='lat' dir='ltr'>genis</span> <span class='ocrx_word' id='word_1_723' title='bbox 2077 3921 2309 3990; x_wconf 89' lang='lat' dir='ltr'>impuri,</span> <span class='ocrx_word' id='word_1_724' title='bbox 2360 3922 2586 3985; x_wconf 91' lang='lat' dir='ltr'>latratu,</span> <span class='ocrx_word' id='word_1_725' title='bbox 2638 3935 2869 3985; x_wconf 89' lang='lat' dir='ltr'>cauum,</span> <span class='ocrx_word' id='word_1_726' title='bbox 2919 3917 3195 3987; x_wconf 87' lang='lat' dir='ltr'>grunnitu</span> <span class='ocrx_word' id='word_1_727' title='bbox 3253 3931 3559 3986; x_wconf 87' lang='lat' dir='ltr'>porcorum</span> 
     </span>
    </p>
   </div>
   <div class='ocr_carea' id='block_1_86' title="bbox 1871 4003 3560 4073">
    <p class='ocr_par' dir='ltr' id='par_1_86' title="bbox 1871 4003 3560 4073">
     <span class='ocr_line' id='line_1_87' title="bbox 1871 4003 3560 4073; baseline -0.006 -9"><span class='ocrx_word' id='word_1_728' title='bbox 1871 4011 2031 4064; x_wconf 89' lang='lat' dir='ltr'>fauce</span> <span class='ocrx_word' id='word_1_729' title='bbox 2089 4026 2233 4073; x_wconf 84' lang='lat' dir='ltr'>rasa,</span> <span class='ocrx_word' id='word_1_730' title='bbox 2295 4013 2349 4061; x_wconf 90' lang='lat' dir='ltr'>et</span> <span class='ocrx_word' id='word_1_731' title='bbox 2398 4008 2663 4060; x_wconf 89' lang='lat' dir='ltr'>dentibus</span> <span class='ocrx_word' id='word_1_732' title='bbox 2720 4006 3044 4070; x_wconf 87' lang='lat' dir='ltr'>stridentes,</span> <span class='ocrx_word' id='word_1_733' title='bbox 3092 4006 3265 4057; x_wconf 90' lang='lat' dir='ltr'>saliva</span> <span class='ocrx_word' id='word_1_734' title='bbox 3306 4003 3560 4073; x_wconf 73' lang='lat' dir='ltr'>spumosi</span> 
     </span>
    </p>
   </div>
   <div class='ocr_carea' id='block_1_87' title="bbox 1869 4092 3555 4167">
    <p class='ocr_par' dir='ltr' id='par_1_87' title="bbox 1869 4092 3555 4167">
     <span class='ocr_line' id='line_1_88' title="bbox 1869 4092 3555 4167; baseline -0.005 -17"><span class='ocrx_word' id='word_1_735' title='bbox 1869 4097 2228 4167; x_wconf 87' lang='lat' dir='ltr'>grammatici</span> <span class='ocrx_word' id='word_1_736' title='bbox 2303 4101 2541 4148; x_wconf 89' lang='lat' dir='ltr'>ructent.</span> <span class='ocrx_word' id='word_1_737' title='bbox 2624 4096 2734 4148; x_wconf 81' lang='lat' dir='ltr'>Nos</span> <span class='ocrx_word' id='word_1_738' title='bbox 2794 4110 2926 4145; x_wconf 85' lang='lat' dir='ltr'>vero</span> <span class='ocrx_word' id='word_1_739' title='bbox 2997 4092 3311 4162; x_wconf 87' lang='lat' dir='ltr'>evangelici</span> <span class='ocrx_word' id='word_1_740' title='bbox 3389 4092 3555 4155; x_wconf 77' lang='lat' dir='ltr'>servi,</span> 
     </span>
    </p>
   </div>
   <div class='ocr_carea' id='block_1_88' title="bbox 1874 4177 3559 4251">
    <p class='ocr_par' dir='ltr' id='par_1_88' title="bbox 1874 4177 3559 4251">
     <span class='ocr_line' id='line_1_89' title="bbox 1874 4177 3559 4251; baseline -0.008 -12"><span class='ocrx_word' id='word_1_741' title='bbox 1874 4183 2079 4239; x_wconf 85' lang='lat' dir='ltr'>Christi</span> <span class='ocrx_word' id='word_1_742' title='bbox 2138 4182 2423 4251; x_wconf 89' lang='lat' dir='ltr'>discipuli,</span> <span class='ocrx_word' id='word_1_743' title='bbox 2485 4181 2906 4233; x_wconf 90' lang='lat' dir='ltr'>rusticanorum</span> <span class='ocrx_word' id='word_1_744' title='bbox 2970 4177 3290 4248; x_wconf 85' lang='lat' dir='ltr'>sequipedi,</span> <span class='ocrx_word' id='word_1_745' title='bbox 3353 4177 3559 4246; x_wconf 89' lang='lat' dir='ltr'>quibus</span> 
     </span>
    </p>
   </div>
   <div class='ocr_carea' id='block_1_89' title="bbox 1872 4265 3561 4342">
    <p class='ocr_par' dir='ltr' id='par_1_89' title="bbox 1872 4265 3561 4342">
     <span class='ocr_line' id='line_1_90' title="bbox 1872 4265 3561 4342; baseline -0.006 -17"><span class='ocrx_word' id='word_1_746' title='bbox 1872 4274 2257 4342; x_wconf 80' lang='lat' dir='ltr'>injunguntur</span> <span class='ocrx_word' id='word_1_747' title='bbox 2303 4272 2494 4339; x_wconf 86' lang='lat' dir='ltr'>plena,</span> <span class='ocrx_word' id='word_1_748' title='bbox 2554 4269 2760 4339; x_wconf 91' lang='lat' dir='ltr'>quibus</span> <span class='ocrx_word' id='word_1_749' title='bbox 2808 4267 3223 4337; x_wconf 67' lang='lat' dir='ltr'>praecipiuntur</span> <span class='ocrx_word' id='word_1_750' title='bbox 3266 4265 3454 4329; x_wconf 87' lang='lat' dir='ltr'>fortia,</span> <span class='ocrx_word' id='word_1_751' title='bbox 3508 4270 3561 4315; x_wconf 91' lang='lat' dir='ltr'>et</span> 
     </span>
    </p>
   </div>
   <div class='ocr_carea' id='block_1_90' title="bbox 1873 4352 3558 4423">
    <p class='ocr_par' dir='ltr' id='par_1_90' title="bbox 1873 4352 3558 4423">
     <span class='ocr_line' id='line_1_91' title="bbox 1873 4352 3558 4423; baseline -0.007 -9"><span class='ocrx_word' id='word_1_752' title='bbox 1873 4378 1990 4414; x_wconf 91' lang='lat' dir='ltr'>non</span> <span class='ocrx_word' id='word_1_753' title='bbox 2021 4377 2175 4423; x_wconf 89' lang='lat' dir='ltr'>cava,</span> <span class='ocrx_word' id='word_1_754' title='bbox 2214 4359 2380 4417; x_wconf 87' lang='lat' dir='ltr'>levia,</span> <span class='ocrx_word' id='word_1_755' title='bbox 2418 4362 2472 4409; x_wconf 91' lang='lat' dir='ltr'>et</span> <span class='ocrx_word' id='word_1_756' title='bbox 2506 4356 2721 4422; x_wconf 83' lang='lat' dir='ltr'>inﬂata,</span> <span class='ocrx_word' id='word_1_757' title='bbox 2757 4356 2851 4409; x_wconf 90' lang='lat' dir='ltr'>sed</span> <span class='ocrx_word' id='word_1_758' title='bbox 2883 4356 3338 4408; x_wconf 88' lang='lat' dir='ltr'>holocautomata</span> <span class='ocrx_word' id='word_1_759' title='bbox 3368 4352 3558 4422; x_wconf 77' lang='lat' dir='ltr'>injun~</span> 
     </span>
    </p>
   </div>
   <div class='ocr_carea' id='block_1_91' title="bbox 1873 4443 3557 4510">
    <p class='ocr_par' dir='ltr' id='par_1_91' title="bbox 1873 4443 3557 4510">
     <span class='ocr_line' id='line_1_92' title="bbox 1873 4443 3557 4510; baseline -0.007 -8"><span class='ocrx_word' id='word_1_760' title='bbox 1873 4454 1962 4503; x_wconf 87' lang='lat' dir='ltr'>cta</span> <span class='ocrx_word' id='word_1_761' title='bbox 2020 4452 2152 4500; x_wconf 90' lang='lat' dir='ltr'>sunt</span> <span class='ocrx_word' id='word_1_762' title='bbox 2206 4446 2523 4510; x_wconf 86' lang='lat' dir='ltr'>medulata;</span> <span class='ocrx_word' id='word_1_763' title='bbox 2600 4450 2882 4498; x_wconf 86' lang='lat' dir='ltr'>sectemur</span> <span class='ocrx_word' id='word_1_764' title='bbox 2941 4443 3138 4504; x_wconf 84' lang='lat' dir='ltr'>solida,</span> <span class='ocrx_word' id='word_1_765' title='bbox 3212 4446 3268 4494; x_wconf 88' lang='lat' dir='ltr'>et</span> <span class='ocrx_word' id='word_1_766' title='bbox 3331 4445 3557 4493; x_wconf 81' lang='lat' dir='ltr'>senten-</span> 
     </span>
    </p>
   </div>
   <div class='ocr_carea' id='block_1_92' title="bbox 1874 4530 3561 4603">
    <p class='ocr_par' dir='ltr' id='par_1_92' title="bbox 1874 4530 3561 4603">
     <span class='ocr_line' id='line_1_93' title="bbox 1874 4530 3561 4603; baseline -0.007 -14"><span class='ocrx_word' id='word_1_767' title='bbox 1874 4537 2085 4589; x_wconf 90' lang='lat' dir='ltr'>tiarum</span> <span class='ocrx_word' id='word_1_768' title='bbox 2134 4534 2435 4587; x_wconf 87' lang='lat' dir='ltr'>vivacitate</span> <span class='ocrx_word' id='word_1_769' title='bbox 2482 4534 2800 4603; x_wconf 88' lang='lat' dir='ltr'>perspicua,</span> <span class='ocrx_word' id='word_1_770' title='bbox 2838 4549 2973 4597; x_wconf 91' lang='lat' dir='ltr'>non,</span> <span class='ocrx_word' id='word_1_771' title='bbox 3008 4531 3154 4600; x_wconf 90' lang='lat' dir='ltr'>quod</span> <span class='ocrx_word' id='word_1_772' title='bbox 3187 4530 3353 4595; x_wconf 87' lang='lat' dir='ltr'>absit,</span> <span class='ocrx_word' id='word_1_773' title='bbox 3384 4543 3561 4579; x_wconf 87' lang='lat' dir='ltr'>vacua</span> 
     </span>
    </p>
   </div>
   <div class='ocr_carea' id='block_1_93' title="bbox 1873 4619 3558 4693">
    <p class='ocr_par' dir='ltr' id='par_1_93' title="bbox 1873 4619 3558 4693">
     <span class='ocr_line' id='line_1_94' title="bbox 1873 4619 3558 4693; baseline -0.007 -14"><span class='ocrx_word' id='word_1_774' title='bbox 1873 4632 1930 4680; x_wconf 90' lang='lat' dir='ltr'>et</span> <span class='ocrx_word' id='word_1_775' title='bbox 1984 4624 2182 4678; x_wconf 88' lang='lat' dir='ltr'>lethali</span> <span class='ocrx_word' id='word_1_776' title='bbox 2239 4629 2399 4693; x_wconf 89' lang='lat' dir='ltr'>peste</span> <span class='ocrx_word' id='word_1_777' title='bbox 2454 4623 2765 4693; x_wconf 86' lang='lat' dir='ltr'>turgentia,</span> <span class='ocrx_word' id='word_1_778' title='bbox 2826 4628 2996 4692; x_wconf 88' lang='lat' dir='ltr'>atque</span> <span class='ocrx_word' id='word_1_779' title='bbox 3054 4619 3237 4673; x_wconf 90' lang='lat' dir='ltr'>laudis</span> <span class='ocrx_word' id='word_1_780' title='bbox 3294 4619 3558 4671; x_wconf 69' lang='lat' dir='ltr'>humanm</span> 
     </span>
    </p>
   </div>
   <div class='ocr_carea' id='block_1_94' title="bbox 1871 4706 3557 4782">
    <p class='ocr_par' dir='ltr' id='par_1_94' title="bbox 1871 4706 3557 4782">
     <span class='ocr_line' id='line_1_95' title="bbox 1871 4706 3557 4782; baseline -0.009 -13"><span class='ocrx_word' id='word_1_781' title='bbox 1871 4716 2024 4769; x_wconf 90' lang='lat' dir='ltr'>ultro</span> <span class='ocrx_word' id='word_1_782' title='bbox 2056 4714 2317 4782; x_wconf 88' lang='lat' dir='ltr'>citroque</span> <span class='ocrx_word' id='word_1_783' title='bbox 2362 4711 2603 4774; x_wconf 85' lang='lat' dir='ltr'>fumosa,</span> <span class='ocrx_word' id='word_1_784' title='bbox 2635 4727 2763 4780; x_wconf 81' lang='lat' dir='ltr'>quae</span> <span class='ocrx_word' id='word_1_785' title='bbox 2796 4710 2978 4779; x_wconf 87' lang='lat' dir='ltr'>magis</span> <span class='ocrx_word' id='word_1_786' title='bbox 3009 4714 3259 4761; x_wconf 89' lang='lat' dir='ltr'>mentem</span> <span class='ocrx_word' id='word_1_787' title='bbox 3311 4706 3557 4759; x_wconf 88' lang='lat' dir='ltr'>auctoris</span> 
     </span>
    </p>
   </div>
   <div class='ocr_carea' id='block_1_95' title="bbox 1873 4793 3559 4867">
    <p class='ocr_par' dir='ltr' id='par_1_95' title="bbox 1873 4793 3559 4867">
     <span class='ocr_line' id='line_1_96' title="bbox 1873 4793 3559 4867; baseline -0.005 -14"><span class='ocrx_word' id='word_1_788' title='bbox 1873 4806 1929 4855; x_wconf 85' lang='lat' dir='ltr'>et</span> <span class='ocrx_word' id='word_1_789' title='bbox 1972 4801 2341 4855; x_wconf 88' lang='lat' dir='ltr'>tractantium</span> <span class='ocrx_word' id='word_1_790' title='bbox 2397 4802 2666 4863; x_wconf 87' lang='lat' dir='ltr'>macerat,</span> <span class='ocrx_word' id='word_1_791' title='bbox 2738 4814 2912 4867; x_wconf 89' lang='lat' dir='ltr'>quam</span> <span class='ocrx_word' id='word_1_792' title='bbox 2968 4802 3185 4849; x_wconf 80' lang='lat' dir='ltr'>textum</span> <span class='ocrx_word' id='word_1_793' title='bbox 3253 4793 3559 4864; x_wconf 89' lang='lat' dir='ltr'>aperiendo</span> 
     </span>
    </p>
   </div>
   <div class='ocr_carea' id='block_1_96' title="bbox 1872 4881 3557 4952">
    <p class='ocr_par' dir='ltr' id='par_1_96' title="bbox 1872 4881 3557 4952">
     <span class='ocr_line' id='line_1_97' title="bbox 1872 4881 3557 4952; baseline -0.007 -9"><span class='ocrx_word' id='word_1_794' title='bbox 1872 4889 2131 4943; x_wconf 88' lang='lat' dir='ltr'>lectionis</span> <span class='ocrx_word' id='word_1_795' title='bbox 2210 4888 2437 4939; x_wconf 87' lang='lat' dir='ltr'>animos</span> <span class='ocrx_word' id='word_1_796' title='bbox 2503 4886 2639 4938; x_wconf 82' lang='lat' dir='ltr'>faece</span> <span class='ocrx_word' id='word_1_797' title='bbox 2713 4890 3049 4952; x_wconf 64' lang='lat' dir='ltr'>conturna,</span> <span class='ocrx_word' id='word_1_798' title='bbox 3105 4883 3345 4936; x_wconf 85' lang='lat' dir='ltr'>infectos</span> <span class='ocrx_word' id='word_1_799' title='bbox 3409 4881 3557 4933; x_wconf 91' lang='lat' dir='ltr'>inlu-</span> 
     </span>
    </p>
   </div>
   <div class='ocr_carea' id='block_1_97' title="bbox 1941 5052 2330 5115">
    <p class='ocr_par' dir='ltr' id='par_1_97' title="bbox 1941 5052 2330 5115">
     <span class='ocr_line' id='line_1_98' title="bbox 1941 5052 2330 5115; baseline -0.015 -7"><span class='ocrx_word' id='word_1_800' title='bbox 1941 5065 1963 5090; x_wconf 73' lang='grc' dir='ltr'><strong>ο</strong></span> <span class='ocrx_word' id='word_1_801' title='bbox 1995 5056 2109 5115; x_wconf 88' lang='lat' dir='ltr'>Ms.,</span> <span class='ocrx_word' id='word_1_802' title='bbox 2143 5052 2330 5106; x_wconf 79' lang='lat' dir='ltr'>oculis.</span> 
     </span>
    </p>
   </div>
   <div class='ocr_carea' id='block_1_98' title="bbox 1942 5122 2426 5187">
    <p class='ocr_par' dir='ltr' id='par_1_98' title="bbox 1942 5122 2426 5187">
     <span class='ocr_line' id='line_1_99' title="bbox 1942 5122 2426 5187; baseline -0.01 -8"><span class='ocrx_word' id='word_1_803' title='bbox 1942 5127 1961 5161; x_wconf 68' lang='grc' dir='ltr'>ί</span> <span class='ocrx_word' id='word_1_804' title='bbox 1992 5127 2088 5179; x_wconf 87' lang='lat' dir='ltr'>Ms.</span> <span class='ocrx_word' id='word_1_805' title='bbox 2102 5166 2114 5187; x_wconf 94' lang='lat'>,</span> <span class='ocrx_word' id='word_1_806' title='bbox 2145 5122 2426 5175; x_wconf 74' lang='lat' dir='ltr'>catholica.</span> 
     </span>
    </p>
   </div>
   <div class='ocr_carea' id='block_1_99' title="bbox 1944 5192 2387 5257">
    <p class='ocr_par' dir='ltr' id='par_1_99' title="bbox 1944 5192 2387 5257">
     <span class='ocr_line' id='line_1_100' title="bbox 1944 5192 2387 5257; baseline -0.018 -6"><span class='ocrx_word' id='word_1_807' title='bbox 1944 5210 1973 5251; x_wconf 69' lang='grc' dir='ltr'>ιν</span> <span class='ocrx_word' id='word_1_808' title='bbox 2004 5197 2119 5255; x_wconf 70' lang='lat' dir='ltr'>Ms,</span> <span class='ocrx_word' id='word_1_809' title='bbox 2152 5192 2387 5257; x_wconf 81' lang='lat' dir='ltr'>aliquid.</span> 
     </span>
    </p>
   </div>
   <div class='ocr_carea' id='block_1_100' title="bbox 1942 5262 2553 5323">
    <p class='ocr_par' dir='ltr' id='par_1_100' title="bbox 1942 5262 2553 5323">
     <span class='ocr_line' id='line_1_101' title="bbox 1942 5262 2553 5323; baseline -0.011 -4"><span class='ocrx_word' id='word_1_810' title='bbox 1942 5269 1969 5308; x_wconf 81' lang='lat' dir='ltr'>h</span> <span class='ocrx_word' id='word_1_811' title='bbox 2002 5267 2058 5318; x_wconf 86' lang='lat' dir='ltr'>F.</span> <span class='ocrx_word' id='word_1_812' title='bbox 2092 5266 2239 5323; x_wconf 71' lang='lat' dir='ltr'>rima,</span> <span class='ocrx_word' id='word_1_813' title='bbox 2270 5262 2553 5313; x_wconf 79' lang='lat' dir='ltr'>contentio.</span> 
     </span>
    </p>
   </div>
   <div class='ocr_carea' id='block_1_101' title="bbox 1943 5331 2779 5399">
    <p class='ocr_par' dir='ltr' id='par_1_101' title="bbox 1943 5331 2779 5399">
     <span class='ocr_line' id='line_1_102' title="bbox 1943 5331 2779 5399; baseline -0.007 -11"><span class='ocrx_word' id='word_1_814' title='bbox 1943 5336 1954 5370; x_wconf 85' lang='grc'><strong>¹</strong></span> <span class='ocrx_word' id='word_1_815' title='bbox 1987 5336 2110 5399; x_wconf 85' lang='lat' dir='ltr'>Ms.,</span> <span class='ocrx_word' id='word_1_816' title='bbox 2142 5333 2389 5395; x_wconf 76' lang='lat' dir='ltr'>dogmate</span> <span class='ocrx_word' id='word_1_817' title='bbox 2416 5331 2779 5395; x_wconf 78' lang='lat' dir='ltr'>neglegentur.</span> 
     </span>
    </p>
   </div>
   <div class='ocr_carea' id='block_1_102' title="bbox 1948 5397 3552 5474">
    <p class='ocr_par' dir='ltr' id='par_1_102' title="bbox 1948 5397 3552 5474">
     <span class='ocr_line' id='line_1_103' title="bbox 1948 5397 3552 5474; baseline -0.006 -15"><span class='ocrx_word' id='word_1_818' title='bbox 1948 5432 1960 5474; x_wconf 57' lang='grc' dir='ltr'><strong>ί</strong></span> <span class='ocrx_word' id='word_1_819' title='bbox 2003 5397 2303 5460; x_wconf 82' lang='lat' dir='ltr'>Contumus</span> <span class='ocrx_word' id='word_1_820' title='bbox 2345 5401 2651 5474; x_wconf 26' lang='lat' dir='ltr'>pro‘ﬂexu,</span> <span class='ocrx_word' id='word_1_821' title='bbox 2702 5399 2943 5466; x_wconf 82' lang='lat' dir='ltr'>deﬂexa,</span> <span class='ocrx_word' id='word_1_822' title='bbox 2983 5397 3242 5464; x_wconf 89' lang='lat' dir='ltr'>circuitu,</span> <span class='ocrx_word' id='word_1_823' title='bbox 3276 5397 3552 5467; x_wconf 87' lang='lat' dir='ltr'>accipitur</span> 
     </span>
    </p>
   </div>
   <div class='ocr_carea' id='block_1_103' title="bbox 1873 5471 2645 5546">
    <p class='ocr_par' dir='ltr' id='par_1_103' title="bbox 1873 5471 2645 5546">
     <span class='ocr_line' id='line_1_104' title="bbox 1873 5471 2645 5546; baseline -0.008 -17"><span class='ocrx_word' id='word_1_824' title='bbox 1873 5471 2218 5546; x_wconf 81' lang='lat' dir='ltr'>quandoque</span> <span class='ocrx_word' id='word_1_825' title='bbox 2249 5472 2403 5542; x_wconf 87' lang='lat' dir='ltr'>apud</span> <span class='ocrx_word' id='word_1_826' title='bbox 2435 5471 2645 5540; x_wconf 86' lang='lat' dir='ltr'>Cange.</span> 
     </span>
    </p>
   </div>
  </div>
